2111 3157
120 171 168 197 An.
192 172 220 199 c.
240 171 308 198 icse
353 162 418 196 676

125 2278 142 2377 ···-·2:·.

139 2362 163 2382 οἳ
143 2248 168 2327 {en

194 2362 198 2374 -
177 2254 204 2321 32„

169 2255 180 2265 Λ
198 2247 265 2267 nostin
279 2247 309 2267 lu-

195 2277 279 2294 ctui-itu<
290 2277 310 2293 vt

143 2333 202 2347 μιν),
212 2329 238 2348 ad
247 2329 311 2348 instar

314 231 380 262 res,
407 221 551 254 actiones
576 224 607 253 et
631 220 700 252 iura
732 226 954 261 quaecumque
986 221 1048 247 tam

315 285 375 318 per
398 285 456 308 nos
480 275 528 308 vel
554 281 757 306 successores
783 276 912 304 nostros
938 269 1051 301 Roma-

316 338 376 361 nos
400 327 580 364 Pontifices,
600 335 695 367 quam
714 333 772 366 per
790 323 907 356 dietum
928 322 1050 355 Livium

316 381 429 413 ducem
464 385 496 412 et
526 379 604 411 alias
636 377 794 420 quaslibet
829 386 984 420 personas
1018 375 1050 407 in

316 434 456 466 futurum
494 431 765 474 quandocumque
803 435 836 462 et
871 428 1051 472 quomodo-

316 496 454 529 cumque
478 484 584 517 eidem
603 493 705 517 novae
723 476 892 522 ecclesiae,
917 482 1051 525 eiusque

316 539 456 572 fabricae
482 543 514 570 et
531 536 703 575 sacristiae,
726 536 820 569 etiam
840 546 900 579 per
918 535 1050 568 modum

316 593 553 636 eleemosynae,
587 591 748 629 donanda,
781 590 985 633 assignanda,
1017 600 1054 621 u-

315 646 448 685 nienda,
474 644 655 684 offerenda,
681 644 906 682 concedenda,
931 643 981 676 vel
1006 653 1054 675 re-

315 698 492 742 linquenda
530 698 633 741 (itaut
671 699 767 732 liceat
805 707 865 741 pro
904 702 1052 740 tempore

316 752 467 786 existenti
493 761 596 785 novae
621 751 778 785 ecclesiae
797 750 982 783 huiusmodi
1001 760 1054 793 pa-

316 810 413 839 trono
428 805 560 838 nomine
585 804 728 837 eiusdem
744 804 911 844 ecclesiae,
929 814 989 846 per
1009 813 1052 841 se,

315 859 364 891 vel
389 858 499 897 aliurn.
525 868 582 891 seu
607 857 688 891 alios
714 867 772 900 per
795 867 867 890 eum
903 866 962 899 pro
998 865 1054 888 suo

316 912 450 945 arbitrio
476 911 678 954 deputandos
705 916 737 943 et
759 910 965 950 amovendos,
984 910 1055 942 illo-

316 975 387 997 rum
413 965 555 997 omnium
581 970 613 997 et
630 963 832 1006 singulorum
852 973 970 1002 veram,
990 972 1056 994 rea-

316 1019 392 1058 lem,
416 1017 618 1061 corporalem
643 1022 675 1050 et
699 1017 856 1049 actualem
876 1015 1056 1059 possessio-

316 1081 417 1112 nem,
441 1071 562 1114 absque
598 1070 694 1113 spolii
734 1071 784 1103 vel
823 1074 1055 1102 attentatorum

316 1125 413 1165 vitio,
440 1129 472 1157 et
496 1125 566 1157 sine
591 1124 825 1166 cuiuscumque
857 1122 974 1155 iudicis
1000 1122 1056 1154 de-

317 1184 416 1217 creto,
442 1177 651 1220 ministerio),
678 1177 780 1210 libere
805 1175 1055 1220 apprehendere

317 1238 350 1265 et
373 1231 613 1275 apprehensam
639 1235 799 1274 perpetuo
834 1230 986 1269 retinere,
1018 1229 1056 1261 il-

317 1286 412 1328 laque
438 1286 566 1324 locare,
592 1284 772 1324 dislocare,
799 1293 914 1326 regere
940 1287 971 1315 et
1001 1282 1056 1314 ad-

317 1339 513 1377 ministrare,
537 1348 574 1370 ac
599 1338 727 1371 illorum
754 1337 886 1376 fructus,
908 1335 1056 1369 redditus

319 1397 350 1424 et
374 1397 558 1434 proventus,
585 1391 666 1430 iura,
687 1390 902 1423 obventiones
921 1395 953 1422 et
972 1399 1057 1422 emo-

318 1445 464 1478 lumenta
481 1454 704 1488 quaecumque
724 1443 907 1486 percipere,
927 1442 1056 1485 exigere

319 1503 351 1531 et
376 1499 496 1538 levare,
523 1508 559 1530 ac
583 1497 614 1529 in
639 1498 803 1540 praefatae
829 1506 928 1529 novae
955 1497 1057 1529 eccle-

319 1552 396 1591 siae,
421 1551 556 1593 eiusque
590 1551 729 1583 fabricae
761 1556 792 1582 et
817 1550 993 1588 sacristiae,
1027 1556 1057 1582 et

319 1616 384 1639 non
404 1605 435 1637 in
454 1605 543 1641 alios,
557 1615 635 1636 usus
650 1610 680 1636 et
699 1603 909 1636 necessitates
925 1613 1057 1636 conver-

319 1665 385 1692 tere
410 1665 441 1691 et
466 1668 610 1699 erogare,
636 1659 745 1690 nostra
770 1663 801 1690 et
826 1667 884 1700 pro
912 1663 1056 1698 tempore

319 1711 484 1743 existentiS
511 1710 646 1743 [tomani
673 1710 848 1749 Pontilieis,
872 1709 1054 1742 dioecesani

319 1763 380 1797 loci
398 1791 405 1803 ,
432 1765 533 1797 almae
561 1764 654 1797 t'rbis
680 1763 811 1801 vicarii,
837 1764 887 1796 vel
919 1762 1056 1795 cuiusvis

319 1818 460 1855 alterius,
480 1817 610 1851 licentia
636 1818 777 1860 desuper
802 1816 936 1849 minime
954 1815 1057 1857 requi-

319 1872 389 1908 sita,
408 1877 506 1908 motu,
525 1870 670 1907 scientia,
688 1870 925 1903 deliberatione
945 1875 976 1902 et
999 1880 1057 1912 po-

320 1925 445 1958 testatis
481 1923 685 1967 plenitudine
718 1934 754 1956 ac
787 1929 899 1957 tenore
931 1923 1057 1965 praedi-

320 1980 388 2016 ctis,
414 1978 525 2010 itidem
551 1983 719 2020 perpetuo,
739 1988 775 2010 cx
794 1987 879 2009 nunc
897 1981 994 2020 prout
1019 1986 1054 2008 ex

320 2038 394 2064 tunc
420 2037 589 2074 postquam
616 2031 743 2067 donata,
763 2030 936 2071 assignata,
955 2029 1055 2068 unita,

321 2085 437 2123 oblata,
463 2095 616 2117 concessa
634 2089 666 2117 et
686 2084 797 2116 relicta
823 2083 955 2123 fuerint,
983 2087 1016 2116 et
1040 2092 1056 2114 e

321 2144 442 2177 contra,
467 2138 676 2180 applicamus,
702 2137 915 2177 assignamus,
941 2146 1059 2169 conce-

321 2191 440 2228 dimus,
467 2190 684 2233 approbamus
710 2195 741 2221 et
766 2189 1024 2231 incorporamus.

364 2245 378 2285 ζξ
402 2243 434 2275 lt.
461 2243 561 2275 Porro
583 2243 727 2285 praefato
744 2242 830 2275 Livio
850 2241 933 2281 duci,
953 2252 1060 2284 quam-

275 2296 374 2329 nediu
402 2296 526 2333 vixerit,
546 2301 577 2327 et
602 2301 676 2338 post
708 2295 793 2327 illius
830 2294 964 2333 obitum,
992 2293 1059 2326 eius

323 2348 593 2381 descendentibus
626 2359 662 2380 ac
696 2347 891 2380 haeredibus
924 2351 956 2379 et
988 2356 1060 2378 snc-

323 2402 504 2434 cessoribus
530 2401 800 2443 quibuscumque,
821 2411 856 2433 ex
884 2401 980 2432 causa
1003 2400 1060 2431 do-

323 2455 451 2488 tationis
467 2460 497 2487 ct
517 2455 621 2487 totalis
639 2466 655 2486 a
673 2455 892 2487 fundamen-tis
917 2459 1061 2486 constru-

324 2508 439 2540 etionis
464 2507 565 2539 dictae
592 2517 689 2539 novae
717 2507 869 2539 ecclesiae
887 2507 917 2539 S.
939 2506 1058 2545 Gallae,

325 2571 363 2596 ex
387 2571 472 2594 nunc
498 2565 593 2605 prout
618 2571 654 2593 ex
681 2566 754 2593 tunc
783 2566 956 2604 postquam
978 2570 1060 2592 nova

897 167 1077 192 BULLARIUM
1100 166 1252 190 ROMANUM

1092 214 1232 247 ecclesia
1266 212 1451 246 huiusmodi
1488 212 1587 255 ipsius
1623 211 1703 245 Livii
1739 210 1830 245 ducis

1093 266 1249 309 impensa,
1274 271 1308 298 ut
1332 266 1524 309 praefertur,
1551 266 1696 309 perfecta
1717 270 1750 298 et
1775 265 1832 298 ab·

1094 320 1199 353 soluta
1224 320 1327 358 fuerit,
1350 325 1381 353 et
1405 330 1421 352 e
1446 324 1567 359 contra,
1587 319 1831 361 iuspatronatus

1095 373 1194 416 ipsius
1219 383 1320 406 novae
1347 373 1505 406 ecclesiae
1530 372 1562 406 S.
1589 371 1708 409 Gallae,
1728 370 1832 404 acius

1095 426 1272 469 deputandi
1311 430 1343 458 et
1382 425 1602 459 constituendi
1648 424 1833 468 praefatum

1095 481 1324 524 cappellanum
1349 479 1497 522 aliosque
1522 478 1678 512 officiales
1711 483 1743 511 et
1774 476 1834 510 mi-

1096 533 1214 566 nistros
1240 542 1461 576 quoscumque
1485 531 1629 565 eiusdem
1655 541 1755 565 novae
1780 539 1834 564 ec-

1096 586 1224 626 clesiae,
1248 596 1369 629 eosque
1393 585 1439 618 sic
1464 585 1636 628 deputatos
1661 589 1694 618 et
1716 583 1836 618 consti-

1097 645 1190 679 tutos,
1225 644 1256 672 et
1285 649 1397 672 eorum
1433 638 1635 682 quemlibet,
1660 648 1720 682 pro
1745 638 1836 683 mera

1097 695 1154 726 sua
1176 694 1350 732 voluntate,
1382 692 1529 731 arbitrio,
1561 697 1640 724 nutu
1665 697 1697 725 et
1726 690 1833 732 libitu,

1097 758 1134 780 ac
1159 746 1255 779 etiam
1279 748 1403 779 semota
1427 751 1460 778 et
1483 746 1610 779 seclusa
1634 750 1667 779 et
1689 754 1755 778 non
1783 744 1837 778 oh-

1097 806 1201 833 stante
1237 810 1438 843 quacumque
1474 799 1671 843 allegatione
1707 797 1774 832 odii
1805 802 1838 831 et

1098 853 1356 893 malevolentiae,
1383 853 1478 886 toties
1503 853 1630 896 quoties
1664 850 1836 891 voluerint,

1098 907 1279 944 amovendi,
1294 912 1326 940 et
1350 907 1432 940 alios
1457 907 1490 940 in
1514 908 1622 940 locum
1655 911 1838 940 amotorum

1099 961 1274 1004 deputandi
1300 966 1331 994 et
1355 960 1574 994 constituendi
1601 960 1696 1002 (itaut
1715 958 1761 992 sic
1776 968 1837 1003 pro

1100 1019 1244 1056 tempore
1255 1013 1417 1056 deputatis
1436 1019 1468 1046 et
1488 1012 1669 1046 constitutis
1686 1011 1838 1055 spolium,

1098 1066 1310 1106 manutentio‚
1347 1077 1404 1099 seu
1439 1066 1604 1109 quaelibet
1642 1065 1704 1098 alia
1740 1063 1838 1106 actio,

1099 1119 1256 1159 defensio,
1281 1119 1433 1162 allegatio
1449 1119 1498 1152 vel
1517 1119 1664 1163 exceptio
1685 1118 1838 1152 adversus

1098 1173 1278 1206 amotiones
1315 1171 1522 1206 huiusmodi¹
1557 1182 1724 1216 nunqnam
1751 1182 1840 1205 com·

1099 1228 1212 1270 petat),
1237 1232 1337 1267 motu,
1364 1227 1510 1267 scientia,
1530 1226 1779 1266 deliberatione,
1803 1235 1840 1259 ac

1099 1281 1269 1324 potestatis
1308 1281 1514 1324 plenitudine
1553 1281 1686 1324 paribus
1722 1280 1840 1313 harum

1100 1335 1186 1367 serie
1227 1334 1376 1367 similiter
1415 1339 1576 1377 perpetuo
1615 1343 1836 1373 reservamus,

1100 1387 1310 1420 concedimus
1332 1392 1363 1420 et
1382 1387 1597 1430 assignamus.
1619 1387 1840 1420 Decernentes

1101 1446 1132 1473 et
1156 1440 1360 1473 declarantes
1385 1440 1626 1483 iuspatronatus
1651 1445 1683 1473 et
1707 1440 1755 1472 ius
1784 1439 1840 1473 de-

1100 1493 1235 1535 putandi
1261 1494 1499 1536 cappellanum,
1517 1493 1665 1536 aliosque
1683 1492 1838 1526 officiales

1101 1552 1131 1578 et
1160 1546 1326 1579 ministros
1353 1546 1551 1587 huiusmodi,
1578 1547 1748 1586 laicorum,
1781 1555 1841 1579 no-

1100 1599 1215 1632 bilium
1241 1605 1272 1632 et
1303 1600 1475 1633 illustrium
1500 1610 1535 1632 ac
1568 1600 1775 1643 principum,
1807 1603 1841 1632 et

1102 1653 1132 1685 in
1158 1653 1310 1685 omnibus
1336 1658 1367 1686 et
1390 1663 1448 1696 per
1470 1653 1580 1686 omnia
1605 1653 1643 1686 ad
1669 1653 1771 1686 instar
1794 1662 1841 1685 re·

1101 1717 1174 1747 gum
1203 1717 1276 1739 vere
1302 1706 1448 1745 existere,
1470 1717 1506 1739 ac
1531 1706 1618 1739 Livio
1644 1706 1729 1746 duci,
1754 1706 1841 1739 aliis-

1101 1770 1162 1802 que
1189 1759 1303 1792 futuris
1328 1759 1476 1802 patronis
1507 1759 1681 1802 praedictis
1705 1769 1770 1792 non
1801 1769 1839 1792 ex

1101 1812 1282 1855 privilegio,
1309 1814 1367 1846 sed
1393 1823 1430 1844 ex
1457 1816 1542 1850 vera,
1570 1812 1648 1845 reali
1670 1818 1702 1845 et
1721 1813 1839 1846 actuali

1101 1866 1276 1903 dotatione.
1303 1876 1339 1898 ac
1363 1866 1451 1899 totali
1477 1871 1510 1898 et
1533 1866 1659 1908 integra
1685 1877 1701 1898 a
1728 1865 1841 1899 funda·

1101 1919 1218 1952 mentis
1260 1919 1484 1952 aedificatione
1525 1926 1556 1952 et
1594 1919 1840 1953 constructione

1100 1983 1199 2005 novae
1214 1973 1369 2006 ecclesiae
1388 1973 1572 2006 huiusmodi
1592 1979 1786 2016 competere,
1808 1977 1842 2007 et

1100 2026 1138 2058 ad
1164 2026 1238 2058 illos
1264 2032 1412 2070 spectare
1445 2032 1475 2059 et
1506 2026 1678 2069 pertinere,
1704 2038 1742 2060 ac
1765 2037 1842 2071 pro-

1101 2084 1215 2121 pterea
1232 2078 1337 2122 ipsum
1357 2079 1404 2111 ius
1419 2085 1615 2122 patronatus,
1633 2090 1669 2112 ac
1684 2079 1841 2123 deputan-

1102 2132 1132 2165 di
1159 2138 1190 2165 et
1213 2132 1435 2165 constituendi
1462 2132 1662 2173 huiusmodi,
1687 2143 1761 2167 vere
1782 2133 1841 2167 lai·

1101 2196 1225 2223 corum,
1249 2196 1303 2218 seu
1321 2185 1433 2218 laicale
1449 2186 1607 2219 nobilium
1622 2192 1652 2219 et
1666 2186 1840 2220 illustrium

1101 2250 1137 2271 ac
1162 2239 1347 2281 principum
1374 2244 1406 2272 et
1430 2239 1575 2272 adinstar
1609 2249 1722 2282 regum
1755 2249 1839 2280 esse,

1102 2303 1273 2335 rei-amque
1300 2298 1332 2325 et
1357 2293 1531 2336 propriam,
1570 2303 1606 2325 ac
1636 2302 1702 2326 non
1734 2291 1841 2326 fictam

1103 2350 1246 2377 naturam
1273 2344 1562 2388 iurispatronatus‚
1589 2356 1624 2377 ac
1649 2345 1839 2388 deputandi,

1102 2398 1320 2430 constituendi
1346 2403 1378 2430 et
1413 2398 1603 2438 amovendi,
1628 2397 1772 2431 laicalem
1805 2407 1841 2430 ac

1104 2452 1199 2483 talem
1227 2452 1418 2489 essentiam,
1444 2451 1678 2490 substantiam,
1705 2450 1843 2494 qualita-

1104 2509 1179 2542 tem,
1205 2504 1402 2538 validitatem
1428 2509 1460 2537 et
1493 2503 1621 2537 roboris
1647 2502 1847 2549 firmitatem,

1142 2568 1151 2594 1
1175 2566 1246 2594 Edit.
1267 2567 1350 2595 Maia.
1371 2567 1435 2603 tegit
1454 2567 1624 2594 liuiusmoclo
1641 2569 1679 2602 (n.
1696 2568 1745 2601 τ.).
1836 2550 1839 2555 ‹

1837 163 1887 190 An.
1903 162 1931 190 C.
1955 163 2022 192 ¹686
