2111 3157
214 256 263 281 An.
279 254 308 281 c,
331 253 398 281 loss
443 245 508 279 878

991 249 1169 275 nULLAmUM
1195 249 1346 274 nOnANL'M

450 314 478 336 v.
498 302 721 344 Quaecumque
746 310 887 344 persona
904 298 1032 332 Ordinis
1060 298 1144 330 falsi·
1162 295 1165 345 l
1184 297 1289 330 martii
1319 305 1494 337 Mnetxxxv,
1519 297 1751 341 praedictaque
1787 297 1920 331 facultas

406 355 545 389 ficaverit
584 355 728 397 sigillum
765 358 819 386 aut
853 353 976 386 litteras
1011 351 1141 395 capituli

406 408 591 450 generalis,
613 413 665 440 ant
697 404 870 439 reverendi
896 404 1006 449 patris,
1037 405 1142 448 poena

406 461 526 494 falsarii
551 466 583 493 et
603 460 851 493 criminosorum
870 459 1034 502 puniatur,
1054 463 1086 490 et
1102 458 1144 490 sit

404 520 566 557 perpetuo
587 512 741 545 inhabilis
762 512 799 544 ad
819 522 1041 555 quascumque
1067 512 1144 544 obe-

406 566 554 606 dientias,
574 565 641 598 sine
660 575 715 608 spe
734 564 869 597 alicuius
887 562 1118 596 restitutionis.

447 630 490 652 vi.
510 618 624 651 Nullus
650 618 792 651 scienter
808 618 858 650 vel
884 617 1068 660 opinanter,
1085 626 1144 659 per

403 682 436 705 se
461 673 510 704 vel
528 681 587 714 per
605 671 714 711 alium,
733 675 921 713 praesumat
946 670 1070 702 litteras
1095 680 1144 702 re-

403 724 525 768 cipere,
548 729 679 768 portare
705 724 754 756 vel
780 723 915 761 mittere,
936 728 990 755 aut
1014 722 1144 754 nuntia-

401 776 497 810 tionis
527 777 626 810 verbo
653 782 746 809 tenus
774 776 889 816 facere,
915 785 997 819 qnae
1023 775 1143 808 directe

399 831 449 862 vel
475 830 633 863 indirecte
651 840 723 863 esse
741 834 875 872 possent
891 833 1003 861 contra
1019 829 1142 861 bonnm

400 882 500 927 pacis,
519 888 550 916 et
567 882 732 926 principes
751 884 800 915 vel
820 891 1043 926 quoscumque
1062 882 1141 914 alios

399 940 565 979 magnates
595 941 651 968 aut
679 936 841 978 praelatos
873 935 912 968 ad
946 934 1141 977 indignatio-

400 1000 475 1022 nem
514 998 704 1032 provocare.
738 988 770 1021 Si
802 988 893 1031 prior
923 989 973 1020 vel
1005 987 1141 1019 vicarius

399 1042 578 1075 monalium
607 1041 848 1080 contrafecerit,
873 1041 913 1073 ab
942 1040 1056 1073 officiis
1086 1041 1141 1072 ab·

399 1096 586 1135 solvantur·,
607 1095 631 1127 si
650 1094 808 1134 subditus,
826 1103 967 1137 poenam
985 1093 1139 1126 crimino-

398 1158 507 1181 sorum
544 1147 702 1181 sustineat
738 1148 840 1180 donec
872 1157 930 1190 per
962 1146 1138 1190 capitulum

398 1203 552 1244 generale
578 1202 750 1234 relaxetur.

442 1266 497 1288 vn.
524 1254 617 1287 Nulla
651 1265 794 1298 persona
818 1250 947 1288 Ordinis
984 1254 1138 1287 infantem

399 1308 438 1341 de
474 1318 567 1340 sacro
604 1307 690 1341 sonte
724 1309 828 1341 levare
860 1312 1059 1350 praesumat,
1087 1312 1140 1339 ant

399 1362 553 1401 eum,nisi
572 1361 602 1394 in
621 1372 694 1394 casu
714 1361 909 1395 inevitabilis
926 1361 1137 1399 necessitatis,

398 1413 576 1456 baptizare.
596 1413 686 1451 Quod
706 1414 729 1446 si
749 1414 838 1457 prior
855 1419 910 1446 aut
927 1413 1032 1457 quivis
1058 1413 1139 1446 alius

399 1467 545 1499 officialis
581 1467 777 1499 contrarium
810 1467 933 1507 fecerit,
961 1467 1138 1500 absolutio-

399 1518 449 1552 nis
466 1530 483 1552 a
501 1519 567 1552 suis
586 1519 792 1559 obedientiis,
819 1520 918 1552 ceteri
944 1519 1138 1563 disciplinae

400 1573 575 1615 generalis,
603 1573 711 1606 donati
738 1582 813 1606 vero
844 1574 1045 1617 expulsionis
1064 1583 1140 1617 poe-

400 1635 474 1657 nam
500 1626 694 1658 sustineant.

444 1688 512 1711 vin.
533 1680 642 1711 Artem
664 1679 847 1719 alchimiae,
866 1690 920 1713 seu
940 1680 1071 1724 quintae
1093 1690 1140 1713 es-

400 1731 537 1771 sentiae,
551 1734 640 1765 nulla
658 1742 798 1775 persona
816 1731 945 1766 Ordinis
963 1744 1023 1777 per
1040 1744 1074 1767 se
1092 1735 1139 1766 vel

401 1795 461 1829 per
486 1786 583 1818 alium
601 1785 632 1817 in
653 1786 801 1818 domibus
825 1786 955 1819 Ordinis
984 1792 1037 1819 aut
1064 1787 1139 1820 alibi

402 1849 554 1872 exercere
588 1845 795 1881 praesumat,
829 1846 882 1872 ant
914 1841 1142 1874 exercentibus

403 1892 576 1925 consilium
604 1893 653 1925 vel
686 1892 837 1926 auxilium
867 1899 1054 1937 praestare,
1088 1899 1142 1926 ant

403 1946 458 1978 ubi
483 1946 571 1979 illam
596 1952 748 1978 exercent
765 1947 932 1987 interesse,
952 1957 1007 1979 seu
1027 1947 1143 1979 instru-

403 2004 513 2032 menta
538 1999 616 2032 artis
636 2009 736 2042 penes
755 2010 788 2032 se
806 2000 931 2032 habere
958 2005 989 2032 et.
1004 2000 1144 2033 custodi-

404 2063 449 2092 re,
471 2053 530 2085 sub
556 2055 671 2096 poena,
689 2053 796 2095 quoad
822 2053 948 2096 priores
968 2058 999 2086 et
1019 2058 1144 2086 ceteros

406 2107 569 2145 officiales
595 2106 810 2139 absolutionis
829 2118 846 2139 a
864 2107 929 2139 suis
949 2107 1143 2140 obedientiis

407 2165 439 2192 et
457 2165 634 2203 perpetuae
661 2159 874 2192 inhabilitatis
894 2160 932 2192 ad
954 2170 1019 2200 eas,
1037 2159 1143 2202 quoad

407 2213 597 2252 monachos,
620 2213 809 2255 disciplinae
835 2213 1018 2254 generalis,
1040 2213 1145 2256 quoad

408 2266 556 2305 donatos,
584 2266 784 2309 expulsionis
810 2266 948 2301 Ordinis.

453 2330 494 2353 lx.
532 2318 711 2362 Unicuique
744 2319 841 2352 liceat
873 2320 1147 2362 quandocumque

410 2373 597 2411 reclamare,
616 2373 781 2414 appellare
800 2377 832 2404 et
851 2373 995 2405 scribere
1014 2373 1052 2405 ad
1071 2373 1149 2405 San-

413 2429 496 2457 ctam
514 2424 638 2462 Sedem,
658 2425 744 2456 iuxta
762 2425 928 2457 decretum
948 2434 1056 2458 sacrae
1074 2424 1150 2457 Con-

414 2477 614 2519 gregationis
638 2478 840 2520 particularis
879 2477 1151 2510 eminentissimo-

414 2540 485 2562 rum
511 2531 713 2563 dominorum
738 2531 950 2564 cardinalium
977 2531 1015 2563 ad
1034 2531 1152 2563 exami-

416 2583 552 2616 nandam
571 2590 773 2625 praesentem
795 2584 1024 2617 collectionem
1052 2589 1152 2616 statu-

416 2641 523 2670 torum
550 2637 734 2680 deputatae,
754 2643 935 2670 emanatum
956 2637 1014 2670 sub
1035 2638 1085 2670 dic
1102 2647 1152 2670 xix

1184 361 1244 393 pro
1281 350 1420 393 repetita
1456 351 1614 383 habeatur
1647 351 1680 383 in
1716 361 1921 395 quacumque

1184 408 1275 446 parte
1300 403 1519 447 praesentium
1540 408 1741 445 statutorum,
1759 404 1791 437 in
1809 415 1873 448 qua
1888 405 1923 438 sit

1184 456 1306 490 mentio
1330 457 1370 490 de
1395 466 1526 489 recursu
1554 457 1592 490 ad
1618 457 1767 490 Sanctam
1791 457 1918 492 Sedem.

1184 509 1284 542 Nemo
1309 515 1418 543 tamen
1443 509 1550 553 possit
1574 510 1644 543 sine
1670 510 1802 543 lieentia
1831 520 1923 544 reve-

1184 562 1276 595 rendi
1302 563 1412 606 patris,
1441 567 1496 595 aut
1520 562 1651 606 capituli
1677 563 1849 607 generalis,
1868 568 1924 597 aut

1184 615 1274 648 Sedis
1301 615 1525 658 Apostolicae‚
1550 615 1670 648 curiam
1696 616 1807 657 adire;
1834 616 1923 660 quod

1184 667 1208 700 si
1236 667 1306 711 quis
1332 668 1553 701 contrafacere
1579 668 1848 713 praesumpserit,
1875 669 1924 703 in-

1185 726 1378 762 carceretur,
1407 727 1439 755 et
1462 732 1522 765 pro
1547 722 1644 756 modo
1669 723 1785 766 culpae
1809 722 1925 767 punia-

1185 778 1238 806 tur
1256 771 1296 813 (“)

1226 837 1255 859 x.
1281 826 1481 871 Quicumque
1508 828 1633 861 statutis
1658 828 1790 872 capituli
1815 828 1923 863 rebel-

1184 880 1230 919 lis,
1251 881 1301 913 vel
1320 890 1392 913 curn
1410 890 1546 914 munere
1564 881 1783 924 reprehensor
1810 881 1924 915 extite-

1185 933 1246 973 rit,
1270 938 1301 966 et
1326 933 1380 976 qui
1404 933 1505 977 priori
1531 934 1653 977 aliquid
1678 934 1802 967 iubenti
1825 934 1923 968 suerit

1183 986 1383 1027 inobediens,
1406 992 1458 1019 ant
1474 997 1630 1030 perverse
1655 987 1828 1028 obediens,
1847 993 1879 1021 et
1896 987 1922 1021 si

1184 1039 1243 1072 hoc
1257 1039 1361 1082 ipsum
1379 1049 1555 1072 conversus
1572 1040 1687 1074 fecerit
1702 1040 1920 1083 procuratori,

1182 1097 1213 1123 et
1237 1092 1453 1125 commonitus
1480 1093 1655 1126 emendare
1680 1093 1836 1133 noluerit,
1869 1102 1923 1126 or—

1182 1145 1290 1177 dinem
1316 1145 1347 1177 in
1374 1145 1565 1178 victualibus
1591 1150 1700 1179 teneat
1720 1146 1780 1189 (a),
1803 1151 1833 1179 et
1857 1147 1940 1183 cel-,

1182 1198 1242 1230 lam
1269 1198 1390 1231 habeat
1410 1208 1469 1241 pro
1494 1208 1637 1232 carcere.
1657 1197 1695 1231 Et
1719 1199 1745 1232 si
1771 1204 1843 1242 post
1865 1199 1923 1232 ad-

1182 1252 1392 1285 monitionem
1418 1252 1543 1285 tertiam
1570 1262 1629 1295 per
1652 1252 1821 1286 intervalla
1855 1252 1922 1286 die-

1183 1316 1251 1337 rum
1274 1305 1387 1337 factam
1412 1305 1595 1338 obstinatus
1617 1306 1841 1349 permanserit,
1859 1316 1920 1350 pro

1181 1359 1277 1392 modo
1303 1358 1411 1392 delicti
1436 1359 1557 1393 carceri
1583 1359 1789 1403 mancipetur
1813 1365 1844 1393 et
1869 1370 1922 1404 pu-

1182 1413 1299 1445 niatur.
1701 1441 1704 1443 Α

1224 1475 1266 1499 XI.
1294 1464 1325 1498 Si
1351 1465 1422 1508 quis
1440 1465 1530 1508 prior
1548 1465 1747 1499 sufficienter
1763 1471 1923 1499 monstra-

1183 1529 1214 1551 re
1247 1519 1390 1562 potuerit
1420 1518 1506 1561 quod
1532 1528 1570 1551 ex
1595 1518 1732 1551 subditis
1761 1519 1829 1552 suis
1858 1519 1921 1552 duo

1182 1573 1332 1614 pluresve
1359 1572 1446 1604 inter
1470 1581 1505 1604 se
1531 1572 1579 1604 vel
1605 1580 1675 1603 cam
1701 1571 1922 1604 saecularibus

1182 1624 1448 1668 conspiraverint,
1476 1624 1508 1656 id
1540 1629 1588 1656 cst
1621 1635 1656 1656 ex
1691 1623 1819 1663 invidia,
1846 1624 1922 1657 odio

1182 1679 1229 1710 vel
1263 1678 1386 1710 malitia
1410 1678 1449 1710 ad
1482 1676 1618 1709 invicem
1653 1676 1924 1710 concordaverint

1182 1731 1221 1763 ad
1248 1730 1470 1763 fabricandum
1495 1729 1626 1772 aliquod
1658 1730 1777 1763 malum
1810 1735 1923 1762 contra

1184 1785 1335 1826 aliquem,
1355 1793 1410 1816 seu
1429 1783 1466 1815 ad
1486 1783 1748 1826 persequendum
1766 1793 1839 1815 euin
1858 1793 1924 1815 tna·

1185 1837 1304 1875 litiose,
1322 1837 1401 1868 tales
1419 1835 1450 1867 in
1469 1836 1581 1868 eadem
1600 1836 1695 1868 domo
1714 1836 1890 1878 puniantur
1906 1845 1923 1867 a

1185 1889 1422 1922 visitatoribus:
1449 1889 1508 1928 vel,
1529 1888 1555 1920 si
1580 1888 1672 1931 prior
1688 1888 1808 1921 viderit
1825 1898 1925 1930 expe·

1185 1943 1265 1982 dire,
1282 1951 1409 1973 causam
1426 1940 1547 1973 scribat
1562 1940 1741 1974 reverendo
1758 1940 1852 1984 patri,
1870 1940 1923 1983 qni

1186 2006 1256 2027 cum
1279 1994 1326 2027 sui
1353 2000 1528 2026 conventus
1547 1994 1684 2027 consilio
1708 1993 1871 2027 rescribet
1895 1992 1925 2026 ei

1187 2048 1405 2091 disciplinam.

1222 2156 1245 2189 ')
1261 2150 1405 2182 Ordinatio
1423 2161 1492 2180 anm
1509 2159 1619 2180 innexui.
1634 2163 1645 2177 (ι
1660 2153 1820 2180 ordinamus
1831 2155 1859 2180 ut
1869 2152 1928 2189 qui·

1189 2208 1302 2234 cumque
1326 2199 1359 2225 ad
1384 2198 1553 2225 Gai-thasiam
1582 2205 1722 2225 romanam
1742 2197 1798 2225 sine
1818 2197 1928 2225 licentia

1188 2244 1340 2271 inordinate
1362 2243 1535 2275 accesserint,
1552 2249 1608 2269 non
1625 2242 1800 2277 recipiantur,
1820 2241 1871 2269 nisi
1893 2241 1926 2269 al

1190 2297 1324 2320 carceres,
1340 2288 1373 2314 ad
1390 2287 1502 2314 soi-mam
1522 2290 1695 2317 statutorum,
1710 2294 1760 2313 nec
1779 2285 1842 2313 inde
1862 2287 1929 2313 edn-

1191 2337 1285 2359 cantur
1301 2332 1450 2359 inconsulto
1471 2330 1618 2357 reverendo
1638 2334 1728 2366 patre:
1749 2333 1785 2363 et,
1806 2334 1835 2358 ut
1854 2338 1928 2357 vins-

1191 2379 1251 2405 dem
1267 2377 1425 2404 Cartliusiae
1446 2384 1572 2402 romanae
1592 2375 1759 2402 indemnitati
1779 2375 1928 2410 prospicui·

1192 2428 1253 2455 tur,
1278 2421 1457 2457 praecipimus
1482 2425 1510 2446 ut
1537 2428 1671 2454 expensae
1696 2423 1722 2446 et
1749 2419 1879 2446 alimenta
1902 2419 1935 2447 et'

1193 2468 1288 2493 viatica
1307 2474 1321 2492 a
1341 2466 1420 2491 domo
1441 2464 1615 2499 professionis
1638 2463 1811 2498 fugitivorum
1838 2463 1930 2490 nesun-

1193 2512 1270 2539 datur
1294 2510 1381 2537 eidem
1398 2509 1556 2535 Carthusiae
1578 2516 1723 2541 romanae;
1740 2512 1767 2534 et
1781 2509 1930 2543 praesentis

1193 2555 1293 2582 decreti
1323 2554 1506 2581 executionem
1528 2552 1709 2580 visitatoribus
1728 2552 1929 2587 provinciarum

1193 2599 1382 2627 committimus
1404 2609 1425 2623 ι).

1229 2646 1257 2676 ιι)
1273 2644 1339 2670 Vide
1355 2644 1420 2671 infra
1438 2651 1544 2671 sensum
1562 2650 1641 2670 ninus
1657 2649 1717 2677 ioci,
1733 2649 1807 2669 num.
1823 2649 1875 2669 xi..

1906 259 1918 269 *¹
1930 249 1979 276 An.
1997 246 2024 278 C,
2045 251 2108 281 {588
