2111 3157
135 175 185 203 Αη.
202 175 229 202 c.
255 174 322 202 icae
367 164 431 200 648
909 170 1089 195 nutrimen

132 218 136 224 ’
330 229 450 268 quanto
474 222 567 256 citius
599 220 752 266 possibile
777 219 854 261 erit,
887 219 1063 259 efficiatur,

331 287 441 311 eorum
462 275 616 319 singulari
642 284 737 308 curae
762 271 1003 306 committimus.

374 330 540 364 Praedicta
556 328 660 362 studia
677 327 791 360 suturis
811 325 1013 369 temporibus
1032 324 1065 358 in

331 384 440 426 aliquo
465 380 660 415 monasterio
697 379 841 413 indicere
871 379 921 412 vel
951 377 1067 412 dissol-

331 447 416 475 vere,
442 440 496 468 aut
525 435 624 467 etiam
656 434 718 467 alio
749 433 938 472 transferre,
964 431 1064 474 magi—

330 495 411 522 stros
435 494 467 521 et
490 488 629 521 lectores
655 486 824 519 instituere
856 491 888 519 et
918 495 1066 518 amovere

331 548 419 577 extra
445 546 573 584 tempus
597 540 743 584 capituli,
776 540 863 583 gravi
889 539 996 582 aliqua
1019 549 1067 572 ra-

331 595 418 629 tione
443 599 591 637 urgente,
618 594 719 638 possit
743 604 876 637 praeses
901 593 941 626 de
967 591 1067 625 consi-

330 648 374 682 lio
398 648 620 681 visitatorum:
652 647 691 680 ab
728 647 778 679 his
816 651 924 679 tamen
960 645 1065 678 minus

329 702 464 735 idoneos
491 712 657 735 removere
681 705 837 745 poterunt
856 699 1049 732 visitatores.

373 755 577 795 Scholastiei,
605 760 677 798 post
701 764 866 787 emensum
887 752 1067 786 studiorum

330 820 473 849 cursum,
494 809 526 842 in
551 807 712 842 exercitiis
737 807 953 850 regularibus,
972 806 1067 840 liberi

332 864 370 895 ab
386 862 538 896 omnibus
554 861 803 906 impedimentis,
827 860 1069 903 occupabuntur

330 927 391 960 per
415 926 546 956 annum,
584 916 642 947 sub
679 916 755 947 cura
790 919 821 947 et
846 913 1068 947 moderamine

332 970 469 1005 alicuius
489 969 534 1013 pii
559 973 591 1002 et
615 968 739 1011 experti
764 968 875 1011 patris.

375 1024 526 1057 Lectores
562 1026 670 1054 autem
704 1025 736 1054 et
759 1020 901 1063 magistri
934 1020 999 1053 sint
1034 1021 1069 1054 ea

330 1076 512 1120 prudentia,
538 1074 732 1114 maturitate,
750 1074 932 1113 devotione,
949 1074 1069 1117 pietate

331 1135 362 1163 et
397 1128 468 1163 aliis
505 1128 636 1161 dotibus
672 1127 828 1168 instructi,
860 1132 895 1159 ut
926 1127 1069 1160 scientiis

331 1192 402 1216 cum
427 1182 545 1225 pietate
571 1180 726 1214 docendis
741 1180 841 1213 verbo
859 1184 891 1213 et
920 1180 1071 1223 exemplo

330 1246 424 1280 pares
450 1235 535 1275 sint,
555 1244 654 1267 novas
679 1233 870 1277 opiniones,
897 1234 947 1267 vel
973 1233 1068 1267 etiam

330 1299 443 1332 parum
468 1295 668 1327 communes,
696 1297 751 1320 seu
781 1286 887 1319 minus
920 1291 1003 1320 tutas
1028 1297 1068 1319 ne

331 1342 480 1381 doceant,
506 1340 622 1373 Sacrae
647 1339 832 1383 Scripturae
866 1349 997 1372 sensum
1028 1350 1068 1373 ne

331 1396 553 1438 detorqueant,
568 1399 753 1427 sanctorum
772 1398 802 1426 et
818 1394 988 1426 doctorum
1006 1394 1069 1436 pla-

330 1449 391 1482 cita
415 1451 447 1482 in
474 1448 599 1480 honore
625 1447 775 1487 habeant,
794 1456 829 1479 ac
853 1447 885 1479 in
909 1446 1066 1486 omnibus,

330 1508 361 1536 et
384 1501 559 1545 praecipue
595 1500 627 1533 in
664 1501 729 1540 his,
761 1510 841 1543 quae
877 1500 917 1533 ad
952 1510 1068 1533 munus

330 1566 420 1589 suum
445 1555 619 1599 pertinent,
647 1553 807 1598 superiori
840 1563 896 1586 suo
929 1553 1066 1587 subiecti

330 1610 393 1643 sint
418 1613 450 1642 et
472 1608 674 1642 obedientes.
714 1606 827 1640 Nullus
860 1606 1066 1647 alchimiam,

329 1663 539 1706 astrologiam
564 1661 776 1701 iudiciariam,
807 1660 950 1704 aliasque
982 1661 1068 1704 peri-

329 1718 453 1750 culosas
475 1720 530 1748 aut
554 1714 737 1758 prohibitas
761 1719 847 1747 artes
872 1719 904 1747 et
928 1714 1069 1758 discipli-

328 1781 386 1804 nas
411 1770 588 1809 addiscere,
614 1769 715 1802 multo
740 1769 845 1801 minus
870 1768 985 1801 docere
1018 1769 1066 1801 vel

329 1834 482 1857 exercere
515 1823 642 1856 audeat.
670 1822 828 1862 Lectores,
855 1822 909 1864 qui
942 1832 1068 1855 morum

330 1876 509 1910 doctrinam
540 1876 679 1915 tradent,
713 1884 793 1914 eam,
824 1885 896 1907 cum
930 1875 974 1917 de,
1000 1875 1069 1917 ipsa

329 1929 449 1963 Christi
474 1930 547 1971 lege
573 1927 688 1970 agitur,
713 1938 750 1960 ex
771 1927 953 1970 Scripturis,
980 1928 1067 1960 iuxta

329 1988 456 2026 patrum
482 1992 679 2015 consensum
705 1980 871 2024 expositis,
898 1985 930 2013 et
954 1991 991 2013 ex
1017 1991 1069 2014 eo—

329 2036 478 2069 rumdem
514 2039 641 2078 patrum
680 2033 854 2066 traditione
891 2034 1066 2074 hauriant·,

330 2099 404 2122 cum
430 2093 537 2121 autem
562 2087 601 2120 de
623 2087 794 2130 disciplina
815 2092 846 2119 et
866 2087 993 2129 legibus
1010 2086 1068 2119 Ec-

330 2142 458 2180 clesiae,
485 2141 615 2174 decreta
639 2139 860 2179 conciliorum,
878 2140 1067 2183 praesertim

331 2194 533 2233 Tridentini,
573 2199 606 2226 et
640 2193 842 2226 Summorum
878 2192 1068 2225 Pontificum

332 2247 504 2280 consulent
520 2251 551 2279 et
568 2249 744 2289 sequantur
759 2257 765 2278 z
783 2245 836 2288 qui
855 2250 961 2278 autem
979 2245 1069 2278 theo-

332 2299 450 2341 logiam
468 2304 618 2339 tractant‚
638 2298 765 2331 omissis
784 2298 953 2331 inutilibus
971 2309 1068 2341 quae-

333 2352 502 2392 stionibus,
529 2352 679 2385 materias
697 2352 792 2385 utiles
818 2356 848 2385 et
872 2347 1091 2385 necessariasii

335 2416 370 2437 ex
392 2404 554 2447 Scriptura
576 2411 608 2437 et
631 2405 827 2438 Traditionis
852 2405 1069 2438 fundamentis

334 2457 497 2499 explicare
523 2458 684 2490 studeant.

377 2509 490 2541 Nullus
519 2510 614 2542 etiam
644 2510 781 2553 scripta⁴
802 2522 858 2543 sna
876 2511 924 2543 vel
950 2511 1066 2548 aliena,

371 2572 381 2600 1
404 2570 468 2597 Male
490 2570 552 2598 edit.
574 2571 656 2598 Main.
679 2571 759 2599 habet
779 2574 924 2601 scribtura
947 2573 984 2608 (n.
1001 2572 1048 2599 T.l.

1112 169 1263 195 nomnen
1482 186 1487 193 ,-

1106 228 1163 251 seu
1179 218 1281 251 libros
1298 228 1316 251 a
1330 227 1370 256 ‚se
1386 222 1443 251 aut
1459 218 1498 251 ab
1516 217 1587 252 aliis
1603 218 1712 261 factos,
1729 220 1841 264 praelo

1107 270 1309 305 committere
1326 276 1381 304 aut
1398 271 1576 315 publicare,
1593 273 1654 313 vel,
1673 282 1754 317 quae
1774 273 1843 307 sue-

1107 325 1171 357 rint
1194 335 1212 357 a
1234 335 1268 358 se
1287 325 1428 367 inventa,
1447 325 1481 359 in
1499 336 1574 359 aere
1591 325 1766 361 incidenda
1782 332 1843 361 tra-

1107 379 1195 419 dere,
1227 384 1282 412 aut
1314 379 1392 412 alias
1428 378 1462 412 in
1497 379 1661 423 pubIIcum
1692 381 1843 424 evulgare

1106 432 1215 476 possit,
1241 432 1310 466 siue
1336 434 1489 476 expressa
1511 433 1544 466 in
1569 433 1696 478 scriptis
1714 434 1846 468 licentia

1107 486 1233 530 proprii
1247 486 1372 520 abbatis
1392 491 1423 520 et
1439 487 1583 530 capituli,
1601 488 1651 521 vel
1671 487 1844 531 praesidis,

1108 544 1140 573 et
1163 550 1275 574 eorum
1300 540 1338 573 ad
1363 550 1442 583 quos
1467 545 1601 583 spectat.

1151 592 1318 626 Exercitiis
1343 593 1569 627 communibus
1604 594 1743 628 aderunt
1762 605 1847 629 sem·

1108 656 1167 689 per
1191 647 1365 686 scholares,
1384 646 1447 680 nisi
1465 657 1482 680 a
1499 647 1693 691 quibusdam
1717 648 1846 690 suerint,

1110 700 1196 742 quod
1221 699 1359 733 maxime
1385 699 1479 733 decet
1503 699 1535 732 in
1561 700 1702 733 savorem
1722 700 1848 735 studio-

1109 763 1190 792 rum,
1227 752 1388 795 exempti;
1421 752 1477 786 sed
1502 753 1541 785 ab
1578 752 1693 786 officiis
1729 753 1847 788 divinis

1111 816 1267 849 nusquam
1285 806 1401 839 diebus
1420 806 1590 839 dominicis
1607 811 1639 839 et
1656 806 1747 839 sestis
1773 817 1847 840 cum

1111 859 1156 892 eis
1192 858 1444 901 dispensabitur,
1479 869 1639 902 nusquam
1677 859 1773 893 etiam
1808 860 1848 894 ab

1111 911 1257 945 oratione
1275 912 1422 952 mentali,
1441 911 1554 945 maiori
1572 922 1671 953 sacro,
1687 917 1720 946 et
1736 923 1849 957 vespe·

1111 965 1177 997 ris:
1211 966 1256 998 sic
1287 965 1372 998 enim
1402 974 1535 1008 operam
1569 965 1694 998 dabunt
1718 976 1850 1010 compa-

1112 1017 1220 1051 randis
1253 1017 1407 1058 scientiis,
1433 1023 1469 1050 ut
1491 1018 1703 1061 praecipuum
1736 1028 1850 1052 eorum

1112 1071 1254 1105 studium
1279 1071 1320 1104 sit
1336 1071 1376 1104 ad
1397 1070 1546 1104 virtutem
1565 1076 1596 1104 et
1612 1071 1850 1115 perfectionem

1112 1130 1213 1157 status
1238 1124 1409 1157 monastici
1435 1125 1643 1158 contendere.

1199 1178 1303 1212 CAPUT
1336 1177 1386 1210 ΙΙΙ.
1412 1198 1455 1202 -—
1484 1177 1531 1211 De
1559 1177 1766 1222 particulari

1214 1231 1487 1265 mmmsleriorum
1500 1231 1745 1275 yubernatione.

1156 1285 1353 1319 Gubernatio
1382 1290 1414 1319 et
1442 1290 1595 1329 potestas,
1620 1295 1704 1329 quae
1729 1285 1852 1320 abbati·
1887 1298 1897 1324 ,ε
1918 1298 1934 1319 ι.
1956 1297 1986 1319 ne
2007 1297 2046 1318 n,-

1111 1340 1171 1372 bus
1196 1344 1262 1372 tum
1287 1349 1349 1383 per
1372 1348 1494 1372 sacram
1519 1340 1667 1382 regulam
1699 1343 1766 1374 tum
1801 1325 1930 1374 sa-Rtsslt-'a
1946 1328 2044 1371 ⁰²0i¹ss¹e³r3

1111 1403 1182 1426 cros
1207 1402 1348 1426 canones
1372 1397 1522 1436 respectu
1555 1403 1687 1426 suorum
1718 1378 1930 1437 religio·unda
1945 1380 1999 1399 ⁵¹¹⁰t'

1111 1457 1218 1479 sorum
1250 1445 1417 1490 ipsiusque
1442 1446 1631 1479 monasterii
1650 1446 1682 1479 in
1704 1447 1853 1491 spiritua-

1111 1501 1194 1533 libus
1221 1505 1252 1532 et
1276 1500 1512 1543 temporalibus
1539 1499 1656 1540 datur,
1683 1509 1744 1543 per
1767 1499 1850 1533 Con-

1111 1553 1308 1596 gregationis
1330 1553 1529 1586 erectionem
1555 1563 1621 1586 non
1654 1553 1851 1599 minuenda-‚

1110 1607 1204 1640 simul
1228 1612 1348 1640 *autem
1385 1606 1424 1639 eo
1456 1606 1693 1640 intendendum
1720 1606 1793 1646 erit,
1818 1611 1854 1640 ut

1111 1665 1306 1704 potestatem
1333 1670 1387 1692 seu
1410 1658 1550 1692 osticium
1579 1659 1639 1692 rite
1673 1659 1853 1693 secundum

1112 1724 1236 1746 sacram
1262 1714 1407 1755 regulam
1429 1718 1459 1745 et
1476 1723 1583 1745 sacros
1601 1722 1745 1746 canones
1763 1722 1853 1746 exer·

1112 1772 1203 1800 ceant
1233 1777 1292 1810 pro
1330 1768 1387 1799 sua
1423 1770 1454 1799 et
1489 1765 1691 1799 subditorum
1727 1766 1851 1807 salute,

1112 1819 1338 1862 commissique
1378 1818 1568 1852 monasterii
1608 1819 1848 1853 emolumento.

1111 1873 1295 1917 Suppositis
1332 1872 1438 1915 igitur,
1475 1883 1536 1906 nec
1571 1872 1730 1916 repetitis,
1769 1882 1851 1917 quae

1111 1931 1240 1959 sanctus
1264 1926 1358 1959 Pater
1382 1930 1493 1958 noster
1518 1925 1628 1968 (cuius
1652 1926 1797 1969 regulam
1818 1926 1850 1960 in

1110 1979 1260 2013 omnibus
1279 1980 1452 2013 observare
1470 1979 1685 2022 intendimus)
1704 1979 1737 2012 in
1758 1979 1851 2013 abba-

1111 2038 1140 2065 te
1166 2032 1310 2076 requirit,
1342 2043 1413 2076 cap.
1442 2042 1475 2073 11,
1512 2031 1627 2072 Qualis
1651 2031 1764 2065 debeat
1787 2042 1851 2065 esse

1110 2085 1216 2126 abbas,
1241 2091 1313 2125 etc.‚
1340 2086 1571 2119 attendendum
1588 2085 1621 2118 in
1639 2085 1751 2129 primis
1777 2086 1849 2128 erit,

1110 2145 1145 2171 ut
1169 2139 1285 2173 electio
1310 2139 1436 2172 abbatis
1460 2139 1606 2182 legitime
1638 2143 1670 2172 et
1693 2140 1849 2173 canonice

1110 2191 1164 2225 fiat
1180 2193 1267 2225 iuxta
1283 2193 1521 2236 praescriptum
1546 2192 1691 2225 eiusdem
1715 2193 1848 2235 regulae

1111 2252 1141 2280 et
1166 2246 1244 2279 iuris
1270 2246 1452 2279 communis
1479 2245 1740 2289 dispositionem,
1767 2256 1849 2290 quae

1112 2301 1142 2332 in
1166 2299 1326 2333 eiusmodi
1352 2298 1569 2333 electionibus
1595 2298 1746 2332 abbatum
1764 2299 1849 2333 dein-

1111 2348 1186 2396 ceps
1207 2353 1339 2386 omnino
1364 2353 1522 2386 servanda
1548 2352 1621 2385 erit.

1154 2405 1242 2443 Quod
1268 2405 1293 2438 si
1319 2405 1502 2438 innotescat
1525 2405 1666 2449 aliquem
1698 2404 1849 2448 precibus

1111 2464 1161 2491 aut
1190 2458 1459 2501 persuasionibus
1475 2469 1533 2501 per
1551 2458 1692 2502 seipsum
1717 2459 1766 2491 vel
1791 2469 1850 2502 per

1111 2511 1207 2543 alium
1223 2511 1378 2553 eligentes
1394 2511 1597 2551 sollicitasse,
1614 2510 1684 2544 talis
1701 2511 1763 2544 hoc
1778 2510 1848 2555 ipso

1112 2575 1171 2608 liro
1202 2564 1336 2608 indigno
1366 2563 1567 2605 iudicandus,
1601 2574 1705 2608 neque
1733 2565 1848 2597 electio

1847 170 1898 199 An.
1915 171 1944 199 C.
1967 172 2033 202 1686
