2111 3157
40 209 93 236 An.
113 206 141 234 C.
160 204 228 234 ¹088

814 201 1025 228 lNNOCENTlUS
1046 201 1077 225 XI
1100 201 1149 225 PP-

1633 189 1696 223 795

228 253 366 286 inveniri
392 253 507 297 aliquis
530 262 613 285 unus
639 252 711 286 talis
740 251 793 295 qui
826 255 909 284 esset
930 251 961 282 in
1003 259 1103 282 annos
1138 249 1308 290 integros;
1336 246 1390 291 qui
1426 251 1548 280 tantum
1583 246 1736 281 scientiae

227 311 364 350 utroque
388 311 470 338 statu
495 305 566 338 aliis
592 304 768 348 eligibilior
792 309 823 337 et
847 303 958 347 aptior,

227 359 282 392 sed
308 369 389 392 unus
414 359 578 392 videretur
602 364 694 402 aptus
722 368 781 402 pro
807 357 961 401 spiritua-

226 411 321 451 libus,
348 411 429 444 atius
452 422 526 444 vero
551 422 609 454 pro
635 412 732 444 rebus
764 415 795 443 et
818 409 960 452 negociis

227 464 470 507 temporalibus,
497 469 570 497 tunc
595 464 627 496 in
653 464 707 496 tali
729 473 801 495 casu
826 467 961 506 possent

225 516 321 549 istum
345 517 377 549 in
394 517 625 560 temporalibus
644 521 810 559 expertum
829 514 958 555 eligere,

227 569 253 602 si
281 575 389 602 tamen
414 569 491 602 duas
516 570 548 602 in
574 580 606 602 se
636 569 772 602 haberet
801 567 960 600 conditio-

226 631 299 654 nes:
326 621 466 665 primum
492 622 621 665 quidem
647 621 734 664 quod
767 624 851 652 esset
875 619 960 651 suffi-

225 674 350 707 cienter
373 673 508 707 idoneus
541 674 578 707 ad
605 673 807 717 spiritualem
843 672 960 705 anima-

224 736 296 759 rum
321 727 516 769 prosectum;
539 725 655 758 deinde
673 725 761 768 quod
786 726 871 757 ultra
896 724 958 756 lioc

223 779 319 812 etiam
342 780 476 812 multum
494 783 659 821 superaret
679 778 711 810 in
733 777 959 820 temporalium

226 831 505 864 administratione
531 831 667 864 alterum
688 830 742 873 qni
762 830 960 873 spiritualior

224 883 413 917 haberetur.
442 884 527 916 Alias
547 911 554 924 ‚
586 894 650 916 non
690 883 958 916 concurrentibus

223 935 292 969 istis
327 937 452 969 duabus
485 936 735 977 conditionibus,
771 942 960 968 tenerentur

222 988 314 1021 illum
347 989 448 1031 magis
478 989 599 1031 eligere
636 988 689 1031 qui
730 994 815 1021 esset
852 989 959 1031 aptior

222 1051 280 1085 pro
304 1042 406 1075 salute
431 1046 462 1074 et
486 1042 632 1084 proiectu
651 1041 853 1079 animarum3
881 1052 957 1083 quo-

223 1094 307 1127 niam
334 1095 396 1127 hoc
420 1099 467 1127 est
491 1095 592 1137 magis
627 1095 808 1137 principale
841 1100 872 1126 et
904 1105 958 1127 ne-

222 1147 396 1180 cessarium
421 1152 451 1179 et
476 1147 641 1190 proprium
658 1147 777 1190 prioris
803 1147 954 1187 officium,

223 1200 415 1242 temporalia
438 1210 515 1232 vero
542 1205 617 1232 sunt
641 1200 819 1232 accessoria
855 1205 884 1232 et
910 1210 958 1232 se-

222 1252 386 1293 cundaria,
420 1258 452 1285 et
477 1263 541 1286 non
567 1253 701 1296 proprie
727 1253 764 1285 ad
791 1253 956 1295 pastor-‘tle

223 1305 366 1338 officium
394 1305 598 1349 pertinentia,
625 1311 657 1338 et
689 1306 772 1338 ultra
798 1306 859 1338 ltoc
884 1316 957 1348 pos-

222 1364 297 1391 sunt
327 1358 423 1392 etiam
460 1369 518 1402 per
560 1359 693 1391 idoneos
730 1365 956 1401 procuratores

223 1411 398 1445 autetiam
429 1421 487 1456 per
514 1411 596 1445 alios
631 1412 776 1455 suppleri
810 1416 840 1443 et
872 1411 955 1444 bene

224 1464 408 1508 gubernari.

265 1527 304 1550 xt.
330 1517 384 1550 His
409 1517 506 1560 igitur
531 1522 563 1550 et
587 1517 657 1551 aliis
683 1517 873 1550 huiusmodi
900 1528 957 1560 per

221 1569 378 1602 vicariurn
403 1570 589 1613 propositis,
607 1578 844 1613 consequenter
861 1571 958 1603 debe-

222 1621 272 1655 bit
291 1628 485 1656 conventum
506 1633 647 1663 monere,
674 1623 726 1666 qui
745 1628 774 1655 et
797 1628 872 1666 quot
895 1623 959 1655 sint

224 1675 280 1718 qui
305 1675 380 1718 eligi
405 1675 560 1708 canonice
591 1685 656 1708 non
686 1675 823 1718 possint.
856 1675 899 1708 Ne.
932 1676 956 1707 si

225 1727 288 1760 ltoc
311 1727 357 1760 eis
381 1737 444 1760 non
469 1734 642 1771 proponat,
662 1738 720 1770 per
745 1728 957 1769 ignorantiam

224 1779 308 1814 sorte
344 1781 394 1814 vel
436 1791 496 1823 per
531 1780 795 1813 inadvertentiam
838 1781 957 1823 eligant

225 1834 365 1878 aliquem
390 1834 444 1877 qui
470 1834 622 1867 canonice
651 1834 726 1874 eligi
753 1844 818 1866 non
843 1835 956 1877 possit.

268 1896 325 1920 xii.
351 1886 428 1919 Nam
458 1886 484 1919 si
516 1887 656 1920 scienter
688 1887 827 1930 aliquem
866 1888 958 1919 talem

227 1939 393 1981 eligerent,
419 1944 527 1972 essent
550 1949 608 1982 pro
626 1942 662 1972 ea
680 1939 745 1971 vice
771 1939 887 1982 privati
909 1950 959 1982 po-

1003 313 1067 336 non
1105 303 1238 342 habent,
1277 307 1429 345 quantum
1465 301 1504 334 do
1544 301 1735 334 necessitate

1003 355 1141 399 requirit
1172 355 1310 388 officium
1342 355 1524 399 prioratus;
1562 365 1625 388 non
1660 365 1736 398 pro-

1003 408 1080 440 moti
1107 409 1144 441 ad
1171 409 1401 449 sacerdotium;
1429 408 1534 441 omnis
1559 408 1661 451 prior,
1682 408 1736 452 qui

1003 472 1065 493 non
1092 461 1133 493 sit
1157 462 1320 505 professus
1345 462 1457 495 domus
1483 461 1644 504 eligentis,
1663 472 1736 495 nam

1003 514 1054 556 qui
1081 519 1128 546 cst
1159 514 1320 557 professus
1345 519 1454 558 potest
1478 514 1561 556 eligi,
1598 514 1660 547 nisi
1695 515 1735 548 ab

1002 569 1038 598 ea
1064 566 1159 599 suerit
1183 567 1348 600 absolutus
1372 571 1430 600 sua
1447 569 1552 611 culpa,
1572 567 1647 601 licet
1671 578 1735 601 non

1001 619 1176 659 criminali;
1202 620 1380 653 visitatores
1399 621 1457 663 (a),
1479 620 1530 663 qui
1549 621 1581 654 in
1599 626 1671 654 actu
1691 621 1736 654 vi-

1001 672 1160 705 sitationis
1175 672 1345 705 absolvunt
1362 673 1503 715 priorem
1516 684 1573 716 pro
1591 676 1628 707 ea
1644 674 1732 716 vice;

1001 729 1031 755 et
1056 734 1167 757 omnes
1194 724 1247 767 qui
1274 724 1382 768 aliquo
1415 732 1573 768 perpetuo
1600 726 1736 770 impedi-

1001 782 1107 809 mento
1132 787 1196 809 non
1219 783 1358 820 possunt
1383 778 1558 811 ascendere
1583 779 1622 812 ad
1648 780 1736 823 capi-

1002 831 1100 862 tulum
1133 831 1296 872 generale.
1338 830 1510 864 Praeterea
1544 832 1734 875 ineligibilis

1001 887 1046 914 cst
1073 882 1168 915 etiam
1195 883 1298 916 omnis
1331 884 1385 926 qui
1419 883 1458 916 sit
1491 890 1600 927 aperte
1632 887 1735 919 malae

1003 935 1104 967 santae
1137 935 1309 969 autetiam
1344 936 1460 969 dubiae
1498 942 1529 970 et
1563 945 1734 980 suspectae

1001 989 1084 1031 apud
1110 990 1229 1032 probos
1255 995 1286 1022 et
1310 1000 1422 1032 graves
1458 990 1541 1023 viros
1568 993 1618 1025 vel
1643 990 1735 1025 Ordi-

1002 1043 1048 1073 nis
1068 1043 1116 1074 vel
1143 1043 1238 1074 etiam
1265 1048 1456 1084 extraneos3
1483 1044 1660 1085 criminosi,
1689 1046 1735 1078 su-

1001 1093 1099 1135 gitivi,
1113 1094 1208 1126 etiam
1229 1095 1267 1126 ab
1289 1095 1374 1127 omni
1393 1095 1566 1139 disciplina
1583 1098 1733 1137 absoluti,

1000 1146 1031 1178 in
1058 1146 1228 1189 disciplina
1246 1148 1388 1189 generali
1410 1149 1586 1188 constituti,
1607 1150 1734 1183 etiamsi

1001 1210 1063 1231 non
1090 1200 1154 1232 sint
1178 1201 1357 1240 criminosi,
1390 1202 1518 1244 leprosi,
1553 1213 1735 1236 excommu-

1000 1252 1107 1292 nicati,
1135 1253 1299 1296 suspensi,
1327 1254 1501 1293 interdicti,
1524 1255 1731 1298 irregulares.

1042 1315 1105 1337 Xtv.
1132 1305 1281 1348 Quisquis
1306 1306 1401 1338 etiam
1428 1307 1586 1340 dimiserit
1610 1309 1734 1351 priora-

1001 1362 1063 1390 tum
1090 1359 1203 1390 domus
1229 1359 1428 1399 Cartlutsiae,
1454 1361 1605 1403 quamdiu
1633 1362 1663 1394 in
1685 1365 1736 1395 ca—

1000 1411 1070 1443 dem
1097 1412 1192 1444 domo
1219 1410 1394 1452 mansoriis
1410 1414 1485 1446 lieet
1509 1415 1614 1457 possit
1638 1415 1732 1458 eligi,

1000 1474 1063 1496 non
1090 1465 1209 1507 poterit
1236 1472 1341 1498 [anien
1366 1466 1437 1508 cogi
1464 1467 1501 1499 ad
1528 1468 1736 1501 consentien-

999 1517 1073 1549 dum
1099 1518 1262 1557 electioni;
1286 1518 1397 1551 domus
1410 1512 1522 1552 'autem
1547 1519 1734 1553 Cartltusiae

1000 1581 1125 1603 omnem
1153 1571 1295 1613 priorem
1321 1571 1459 1603 cuiusvis
1494 1573 1608 1605 domus
1634 1573 1734 1606 nostri

999 1623 1125 1655 Ordinis
1150 1624 1267 1665 poterit
1293 1634 1358 1656 non
1389 1625 1492 1657 solum
1515 1625 1651 1667 eligere,
1679 1627 1736 1659 sed

1000 1675 1104 1714 etiam,
1123 1676 1147 1707 si
1175 1676 1203 1708 ei
1229 1676 1381 1719 expedire
1406 1676 1580 1717 videbitur,
1596 1678 1634 1710 ad
1661 1688 1736 1711 con-

1000 1728 1204 1760 sentiendum
1230 1728 1383 1761 electioni
1411 1729 1617 1762 obedientiae
1644 1741 1736 1773 prae-

1000 1786 1094 1823 cepto
1116 1782 1326 1823 compellere.
1354 1781 1405 1813 Isti
1425 1781 1522 1824 igitur
1542 1793 1665 1819 omnes,
1681 1784 1736 1827 qui

1001 1843 1099 1876 supra
1124 1834 1283 1866 numerati
1309 1840 1393 1874 sunt,
1420 1834 1619 1876 ineligibiles
1644 1842 1735 1869 sunt:

1001 1886 1054 1919 alii
1080 1897 1154 1918 vero
1179 1896 1290 1919 omncs
1316 1893 1452 1929 possunt
1476 1887 1565 1930 eligi.

1044 1950 1095 1972 xv.
1123 1939 1159 1971 Et
1185 1940 1337 1982 quoniam
1357 1947 1429 1973 sunt
1454 1942 1553 1984 aliqui
1573 1941 1737 1976 interdum

225 1997 343 2025 testate
357 1992 508 2034 eligendi,
527 1998 557 2024 et
574 1997 716 2034 potestas
735 1992 960 2025 devolveretur
980 2002 982 2030 t
1002 1993 1055 2035 qui
1082 2002 1147 2024 non
1172 1999 1374 2033 cognoscunt
1395 2004 1564 2036 personas,
1588 2000 1619 2027 et
1636 1996 1738 2028 liben-

228 2045 266 2078 ad
292 2045 466 2088 capitulum
493 2045 644 2087 generale
675 2045 723 2077 vel
750 2045 960 2077 reverendum

980 2032 982 2061 l

1004 2050 1050 2077 ter
1074 2045 1153 2077 alios
1171 2045 1434 2086 informarentur,
1457 2047 1513 2079 sed
1540 2054 1654 2090 putant
1672 2059 1736 2082 non

228 2104 354 2141 patrem
371 2098 433 2139 (a),
453 2096 506 2140 qui
526 2096 557 2129 in
575 2097 629 2129 tali
647 2107 722 2129 casu
740 2108 809 2130 cum
825 2097 961 2130 consilio
980 2111 983 2124 ι
1003 2097 1099 2129 licere
1120 2107 1127 2128 t
1164 2097 1363 2130 declaramus
1395 2099 1483 2141 quod*
1518 2109 1630 2134 omnes
1648 2127 1654 2139 ‚
1682 2101 1737 2143 qni

228 2151 277 2184 sui
302 2155 476 2183 conventus
498 2149 680 2192 provideret
700 2149 763 2182 illis
791 2150 828 2182 de
851 2150 960 2193 aliquo

228 2208 367 2246 pastore,
383 2207 439 2235 aut
455 2201 561 2241 etiam,
576 2201 600 2233 si
619 2201 646 2233 ei
665 2202 852 2234 benevisum
868 2208 960 2242 esset,

229 2255 424 2289 concederet
449 2254 488 2287 de
522 2254 653 2297 speciali
689 2255 790 2297 gratia
824 2260 859 2286 ut
889 2266 960 2297 pos-

229 2312 303 2341 sent
326 2307 442 2340 iterum
470 2307 602 2349 eligere.

273 2371 344 2394 xm.
363 2360 444 2393 Sunt
464 2359 562 2401 igitur
579 2359 631 2401 qui
654 2359 728 2402 eligi
748 2369 808 2392 non
828 2368 961 2403 possunt

232 2413 254 2446 ii
279 2423 390 2446 omnes
415 2413 468 2455 qui
494 2417 676 2455 sequuntur
711 2417 743 2444 et
773 2413 852 2445 nulli
888 2414 959 2446 alii:

1004 2150 1034 2182 in
1061 2151 1122 2183 hoc
1146 2150 1199 2192 pia
1229 2150 1411 2184 intentione
1443 2151 1625 2190 ducuntur,
1651 2154 1738 2187 licite

1004 2203 1140 2246 possint,
1165 2202 1229 2235 irno
1254 2203 1349 2236 etiam
1374 2204 1481 2246 potius
1501 2205 1619 2238 debent.
1639 2206 1738 2239 inter-

1004 2266 1121 2298 rogare
1147 2256 1218 2300 illos
1243 2255 1296 2298 qui
1329 2262 1359 2288 et
1391 2257 1505 2290 melius
1541 2254 1751 2301 cognoscunt‘

1006 2319 1170 2352 personas,
1189 2314 1220 2340 et
1243 2309 1392 2342 meliores
1417 2310 1512 2342 etiam
1538 2316 1568 2343 et
1598 2313 1738 2354 aptiores

1006 2366 1150 2404 pastores
1168 2362 1342 2395 secuntitm
1358 2362 1456 2395 Deum
1477 2363 1597 2397 habere
1617 2365 1740 2398 deside-

1007 2420 1088 2446 rant.
1116 2413 1205 2453 Nam,
1231 2414 1286 2456 qui
1312 2421 1509 2457 cognoscunt
1533 2417 1662 2460 quidem
1681 2428 1741 2450 me-

231 2465 395 2505 videlicet‚
422 2464 475 2508 qui
501 2466 576 2508 post
598 2464 711 2497 laetam
729 2465 963 2507 professionem
1007 2467 1117 2506 tiores,
1132 2466 1187 2499 scd
1203 2477 1258 2499 eos
1274 2468 1396 2507 nolunt,
1409 2469 1520 2501 volunt
1537 2475 1642 2502 autem
1658 2470 1741 2513 prio-

232 2528 297 2552 non
322 2523 479 2551 steterunt
499 2518 530 2550 in
554 2517 671 2550 Ordine
689 2519 801 2552 saltem
822 2529 882 2562 per
900 2524 964 2552 tres

267 2579 296 2617 a)
314 2579 382 2607 Vide
401 2587 428 2606 n.
448 2585 510 2606 xciv
529 2586 587 2615 cap.
608 2584 666 2606 xxti-

1042 2535 1069 2569 a)
1090 2535 1504 2571 intelligiturdecommissariis‚
1521 2547 1582 2565 nain
1594 2539 1743 2565 visitatores

1008 2580 1113 2608 Ordinis
1133 2588 1184 2608 non
1204 2581 1311 2609 visitant
1332 2581 1439 2609 domuin
1467 2591 1532 2610 stae
1558 2583 1731 2619 Irosesrionis

1740 199 1794 234 ,Am
1815 198 1845 226 C.
1862 198 1928 226 1688
