<?xml version="1.0" encoding="UTF-8"?>
<!DOCTYPE html PUBLIC "-//W3C//DTD XHTML 1.0 Transitional//EN"
    "http://www.w3.org/TR/xhtml1/DTD/xhtml1-transitional.dtd">
<html xmlns="http://www.w3.org/1999/xhtml" xml:lang="en" lang="en">
 <head>
  <title>
</title>
<meta http-equiv="Content-Type" content="text/html;charset=utf-8" />
  <meta name='ocr-system' content='tesseract 3.04.00' />
  <meta name='ocr-capabilities' content='ocr_page ocr_carea ocr_par ocr_line ocrx_word'/>
</head>
<body>
  <div class='ocr_page' id='page_1' title='image "./bullarumdiplomat19cath_0694.png"; bbox 0 0 2111 3157; ppageno 0'>
   <div class='ocr_carea' id='block_1_1' title="bbox 107 143 402 179">
    <p class='ocr_par' dir='ltr' id='par_1_1' title="bbox 107 143 402 179">
     <span class='ocr_line' id='line_1_1' title="bbox 107 143 402 179; baseline -0.01 0"><span class='ocrx_word' id='word_1_1' title='bbox 107 152 154 179; x_wconf 72' lang='lat' dir='ltr'>An.</span> <span class='ocrx_word' id='word_1_2' title='bbox 173 153 200 179; x_wconf 87' lang='lat' dir='ltr'>e.</span> <span class='ocrx_word' id='word_1_3' title='bbox 228 152 293 179; x_wconf 74' lang='lat' dir='ltr'>mse</span> <span class='ocrx_word' id='word_1_4' title='bbox 339 143 402 177; x_wconf 69' lang='grc'>653</span> 
     </span>
    </p>
   </div>
   <div class='ocr_carea' id='block_1_2' title="bbox 107 319 290 394">
    <p class='ocr_par' dir='ltr' id='par_1_2' title="bbox 107 319 290 394">
     <span class='ocr_line' id='line_1_2' title="bbox 132 319 290 345; baseline 0 -5"><span class='ocrx_word' id='word_1_5' title='bbox 132 319 142 345; x_wconf 64' lang='grc' dir='ltr'>ξ</span> <span class='ocrx_word' id='word_1_6' title='bbox 160 320 177 340; x_wconf 75' lang='lat' dir='ltr'>l.</span> <span class='ocrx_word' id='word_1_7' title='bbox 196 320 223 340; x_wconf 80' lang='lat' dir='ltr'>Do</span> <span class='ocrx_word' id='word_1_8' title='bbox 241 322 290 340; x_wconf 75' lang='lat' dir='ltr'>tem·</span> 
     </span>
     <span class='ocr_line' id='line_1_3' title="bbox 115 347 289 367; baseline 0.023 -4"><span class='ocrx_word' id='word_1_9' title='bbox 115 353 163 365; x_wconf 63' lang='lat' dir='ltr'>mm</span> <span class='ocrx_word' id='word_1_10' title='bbox 188 347 228 366; x_wconf 66' lang='lat' dir='ltr'>*imi</span> <span class='ocrx_word' id='word_1_11' title='bbox 258 347 289 367; x_wconf 81' lang='lat' dir='ltr'>dt·</span> 
     </span>
     <span class='ocr_line' id='line_1_4' title="bbox 107 374 240 394; baseline 0.008 -1"><span class='ocrx_word' id='word_1_12' title='bbox 107 374 240 394; x_wconf 63' lang='lat' dir='ltr'>initiatione.</span> 
     </span>
    </p>
   </div>
   <div class='ocr_carea' id='block_1_3' title="bbox 283 192 1052 2585">
    <p class='ocr_par' dir='ltr' id='par_1_3' title="bbox 299 192 1035 286">
     <span class='ocr_line' id='line_1_5' title="bbox 299 192 1035 242; baseline -0.007 -7"><span class='ocrx_word' id='word_1_13' title='bbox 299 201 413 236; x_wconf 59' lang='lat' dir='ltr'>CAPUT.</span> <span class='ocrx_word' id='word_1_14' title='bbox 428 201 476 234; x_wconf 76' lang='lat' dir='ltr'>vl.</span> <span class='ocrx_word' id='word_1_15' title='bbox 492 220 535 224; x_wconf 90' lang='lat'>—</span> <span class='ocrx_word' id='word_1_16' title='bbox 545 201 591 233; x_wconf 82' lang='lat' dir='ltr'>De</span> <span class='ocrx_word' id='word_1_17' title='bbox 610 201 760 242; x_wconf 77' lang='lat' dir='ltr'>temporis</span> <span class='ocrx_word' id='word_1_18' title='bbox 771 209 828 242; x_wconf 81' lang='lat' dir='ltr'>per</span> <span class='ocrx_word' id='word_1_19' title='bbox 839 192 937 231; x_wconf 61' lang='lat' dir='ltr'>tolum</span> <span class='ocrx_word' id='word_1_20' title='bbox 951 198 1035 230; x_wconf 78' lang='lat' dir='ltr'>diem</span> 
     </span>
     <span class='ocr_line' id='line_1_6' title="bbox 546 253 785 286; baseline -0.008 0"><span class='ocrx_word' id='word_1_21' title='bbox 546 253 785 286; x_wconf 75' lang='lat' dir='ltr'><em>distributione.</em></span> 
     </span>
    </p>

    <p class='ocr_par' dir='ltr' id='par_1_4' title="bbox 283 303 1036 773">
     <span class='ocr_line' id='line_1_7' title="bbox 344 303 1036 348; baseline -0.007 -8"><span class='ocrx_word' id='word_1_22' title='bbox 344 308 383 340; x_wconf 93' lang='lat' dir='ltr'>Ut</span> <span class='ocrx_word' id='word_1_23' title='bbox 408 307 566 345; x_wconf 77' lang='lat' dir='ltr'>otiositas,</span> <span class='ocrx_word' id='word_1_24' title='bbox 587 316 667 348; x_wconf 84' lang='lat' dir='ltr'>quae</span> <span class='ocrx_word' id='word_1_25' title='bbox 688 304 850 347; x_wconf 79' lang='lat' dir='ltr'>religiosis</span> <span class='ocrx_word' id='word_1_26' title='bbox 869 303 1036 337; x_wconf 77' lang='lat' dir='ltr'>animabus</span> 
     </span>
     <span class='ocr_line' id='line_1_8' title="bbox 300 357 1033 397; baseline -0.005 -4"><span class='ocrx_word' id='word_1_27' title='bbox 300 361 437 394; x_wconf 78' lang='lat' dir='ltr'>maxime</span> <span class='ocrx_word' id='word_1_28' title='bbox 462 359 592 392; x_wconf 87' lang='lat' dir='ltr'>inimica</span> <span class='ocrx_word' id='word_1_29' title='bbox 617 363 648 391; x_wconf 90' lang='lat' dir='ltr'>et</span> <span class='ocrx_word' id='word_1_30' title='bbox 673 358 790 391; x_wconf 79' lang='lat' dir='ltr'>infesta</span> <span class='ocrx_word' id='word_1_31' title='bbox 815 363 884 397; x_wconf 87' lang='lat' dir='ltr'>est,</span> <span class='ocrx_word' id='word_1_32' title='bbox 910 357 942 389; x_wconf 92' lang='lat' dir='ltr'>in</span> <span class='ocrx_word' id='word_1_33' title='bbox 967 367 1033 390; x_wconf 89' lang='lat' dir='ltr'>mo-</span> 
     </span>
     <span class='ocr_line' id='line_1_9' title="bbox 300 410 1035 453; baseline -0.005 -7"><span class='ocrx_word' id='word_1_34' title='bbox 300 413 448 447; x_wconf 83' lang='lat' dir='ltr'>nasteriis</span> <span class='ocrx_word' id='word_1_35' title='bbox 474 416 605 445; x_wconf 89' lang='lat' dir='ltr'>nostrae</span> <span class='ocrx_word' id='word_1_36' title='bbox 633 410 904 453; x_wconf 81' lang='lat' dir='ltr'>Congregationis</span> <span class='ocrx_word' id='word_1_37' title='bbox 930 410 1035 443; x_wconf 89' lang='lat' dir='ltr'>locum</span> 
     </span>
     <span class='ocr_line' id='line_1_10' title="bbox 285 462 1036 508; baseline -0.004 -9"><span class='ocrx_word' id='word_1_38' title='bbox 285 472 329 499; x_wconf 51' lang='lat' dir='ltr'>*et</span> <span class='ocrx_word' id='word_1_39' title='bbox 356 472 480 508; x_wconf 86' lang='lat' dir='ltr'>tempus</span> <span class='ocrx_word' id='word_1_40' title='bbox 504 464 628 497; x_wconf 90' lang='lat' dir='ltr'>nullum</span> <span class='ocrx_word' id='word_1_41' title='bbox 649 463 799 503; x_wconf 84' lang='lat' dir='ltr'>inveniat,</span> <span class='ocrx_word' id='word_1_42' title='bbox 824 462 960 505; x_wconf 78' lang='lat' dir='ltr'>singulis</span> <span class='ocrx_word' id='word_1_43' title='bbox 987 467 1036 496; x_wconf 91' lang='lat' dir='ltr'>to-</span> 
     </span>
     <span class='ocr_line' id='line_1_11' title="bbox 298 516 1036 561; baseline -0.004 -10"><span class='ocrx_word' id='word_1_44' title='bbox 298 519 359 551; x_wconf 81' lang='lat' dir='ltr'>tius</span> <span class='ocrx_word' id='word_1_45' title='bbox 385 518 446 551; x_wconf 90' lang='lat' dir='ltr'>diei</span> <span class='ocrx_word' id='word_1_46' title='bbox 474 517 563 550; x_wconf 84' lang='lat' dir='ltr'>horis</span> <span class='ocrx_word' id='word_1_47' title='bbox 589 522 694 550; x_wconf 88' lang='lat' dir='ltr'>certae</span> <span class='ocrx_word' id='word_1_48' title='bbox 727 516 960 561; x_wconf 76' lang='lat' dir='ltr'>occupationes</span> <span class='ocrx_word' id='word_1_49' title='bbox 986 526 1036 549; x_wconf 88' lang='lat' dir='ltr'>as-</span> 
     </span>
     <span class='ocr_line' id='line_1_12' title="bbox 283 570 1035 614; baseline -0.003 -10"><span class='ocrx_word' id='word_1_50' title='bbox 283 570 478 613; x_wconf 71' lang='lat' dir='ltr'>signantur,</span> <span class='ocrx_word' id='word_1_51' title='bbox 502 580 581 614; x_wconf 87' lang='lat' dir='ltr'>quas</span> <span class='ocrx_word' id='word_1_52' title='bbox 606 570 713 603; x_wconf 79' lang='lat' dir='ltr'>stricte</span> <span class='ocrx_word' id='word_1_53' title='bbox 739 570 917 610; x_wconf 89' lang='lat' dir='ltr'>observari,</span> <span class='ocrx_word' id='word_1_54' title='bbox 940 580 1035 602; x_wconf 88' lang='lat' dir='ltr'>curae</span> 
     </span>
     <span class='ocr_line' id='line_1_13' title="bbox 299 622 1035 667; baseline -0.001 -11"><span class='ocrx_word' id='word_1_55' title='bbox 299 623 524 666; x_wconf 86' lang='lat' dir='ltr'>superiorum,</span> <span class='ocrx_word' id='word_1_56' title='bbox 550 623 687 656; x_wconf 80' lang='lat' dir='ltr'>maxime</span> <span class='ocrx_word' id='word_1_57' title='bbox 723 624 823 667; x_wconf 88' lang='lat' dir='ltr'>patris</span> <span class='ocrx_word' id='word_1_58' title='bbox 853 623 971 666; x_wconf 90' lang='lat' dir='ltr'>prioris</span> <span class='ocrx_word' id='word_1_59' title='bbox 1002 622 1035 655; x_wconf 92' lang='lat' dir='ltr'>in</span> 
     </span>
     <span class='ocr_line' id='line_1_14' title="bbox 298 675 1036 720; baseline -0.001 -11"><span class='ocrx_word' id='word_1_60' title='bbox 298 682 455 710; x_wconf 83' lang='lat' dir='ltr'>conventu</span> <span class='ocrx_word' id='word_1_61' title='bbox 474 687 602 720; x_wconf 87' lang='lat' dir='ltr'>semper</span> <span class='ocrx_word' id='word_1_62' title='bbox 615 676 810 719; x_wconf 88' lang='lat' dir='ltr'>praesentis,</span> <span class='ocrx_word' id='word_1_63' title='bbox 827 675 1036 709; x_wconf 88' lang='lat' dir='ltr'>committitur</span> 
     </span>
     <span class='ocr_line' id='line_1_15' title="bbox 290 729 752 773; baseline -0.004 -9"><span class='ocrx_word' id='word_1_64' title='bbox 290 729 330 764; x_wconf 70' lang='lat' dir='ltr'>&#39;et</span> <span class='ocrx_word' id='word_1_65' title='bbox 355 730 553 773; x_wconf 78' lang='lat' dir='ltr'>iniungitur,</span> <span class='ocrx_word' id='word_1_66' title='bbox 582 730 752 762; x_wconf 87' lang='lat' dir='ltr'>nimirum:</span> 
     </span>
    </p>

    <p class='ocr_par' dir='ltr' id='par_1_5' title="bbox 291 783 1035 977">
     <span class='ocr_line' id='line_1_16' title="bbox 291 783 1034 816; baseline 0 0"><span class='ocrx_word' id='word_1_67' title='bbox 291 783 293 785; x_wconf 79' lang='grc'><strong>’</strong></span> <span class='ocrx_word' id='word_1_68' title='bbox 344 784 429 816; x_wconf 76' lang='lat' dir='ltr'>liora</span> <span class='ocrx_word' id='word_1_69' title='bbox 455 783 630 816; x_wconf 80' lang='lat' dir='ltr'>constituta</span> <span class='ocrx_word' id='word_1_70' title='bbox 654 783 837 816; x_wconf 77' lang='lat' dir='ltr'>excitentur</span> <span class='ocrx_word' id='word_1_71' title='bbox 857 783 971 816; x_wconf 79' lang='lat' dir='ltr'>fratres</span> <span class='ocrx_word' id='word_1_72' title='bbox 996 783 1034 816; x_wconf 89' lang='lat' dir='ltr'>ad</span> 
     </span>
     <span class='ocr_line' id='line_1_17' title="bbox 298 836 1035 870; baseline 0 0"><span class='ocrx_word' id='word_1_73' title='bbox 298 837 505 870; x_wconf 86' lang='lat' dir='ltr'>matutinum.</span> <span class='ocrx_word' id='word_1_74' title='bbox 527 836 585 870; x_wconf 88' lang='lat' dir='ltr'>Ubi</span> <span class='ocrx_word' id='word_1_75' title='bbox 611 837 803 870; x_wconf 88' lang='lat' dir='ltr'>matutinum</span> <span class='ocrx_word' id='word_1_76' title='bbox 822 836 928 870; x_wconf 76' lang='lat' dir='ltr'>media</span> <span class='ocrx_word' id='word_1_77' title='bbox 943 842 1035 870; x_wconf 87' lang='lat' dir='ltr'>noete</span> 
     </span>
     <span class='ocr_line' id='line_1_18' title="bbox 298 890 1034 934; baseline 0 -10"><span class='ocrx_word' id='word_1_78' title='bbox 298 890 531 924; x_wconf 87' lang='lat' dir='ltr'>celebrandum</span> <span class='ocrx_word' id='word_1_79' title='bbox 557 890 629 931; x_wconf 89' lang='lat' dir='ltr'>erit,</span> <span class='ocrx_word' id='word_1_80' title='bbox 649 890 729 924; x_wconf 79' lang='lat' dir='ltr'>hora</span> <span class='ocrx_word' id='word_1_81' title='bbox 754 891 865 934; x_wconf 76' lang='lat' dir='ltr'>quinta</span> <span class='ocrx_word' id='word_1_82' title='bbox 885 890 1034 924; x_wconf 81' lang='lat' dir='ltr'>excitatio</span> 
     </span>
     <span class='ocr_line' id='line_1_19' title="bbox 297 943 361 977; baseline 0 -1"><span class='ocrx_word' id='word_1_83' title='bbox 297 943 361 977; x_wconf 82' lang='lat' dir='ltr'>fiat.</span> 
     </span>
    </p>

    <p class='ocr_par' dir='ltr' id='par_1_6' title="bbox 285 994 1035 1253">
     <span class='ocr_line' id='line_1_20' title="bbox 285 994 1035 1041; baseline 0.003 -12"><span class='ocrx_word' id='word_1_84' title='bbox 285 994 297 1030; x_wconf 79' lang='grc'>,’</span> <span class='ocrx_word' id='word_1_85' title='bbox 341 997 442 1030; x_wconf 74' lang='lat' dir='ltr'>Media</span> <span class='ocrx_word' id='word_1_86' title='bbox 463 998 559 1037; x_wconf 78' lang='lat' dir='ltr'>sexta,</span> <span class='ocrx_word' id='word_1_87' title='bbox 576 1007 677 1040; x_wconf 89' lang='lat' dir='ltr'>usque</span> <span class='ocrx_word' id='word_1_88' title='bbox 693 997 731 1030; x_wconf 88' lang='lat' dir='ltr'>ad</span> <span class='ocrx_word' id='word_1_89' title='bbox 750 1001 871 1030; x_wconf 78' lang='lat' dir='ltr'>sextam</span> <span class='ocrx_word' id='word_1_90' title='bbox 892 998 1035 1041; x_wconf 91' lang='lat' dir='ltr'>comple-</span> 
     </span>
     <span class='ocr_line' id='line_1_21' title="bbox 297 1050 1034 1089; baseline 0.001 -7"><span class='ocrx_word' id='word_1_91' title='bbox 297 1056 371 1089; x_wconf 85' lang='lat' dir='ltr'>tam,</span> <span class='ocrx_word' id='word_1_92' title='bbox 386 1050 589 1083; x_wconf 82' lang='lat' dir='ltr'>meditationi</span> <span class='ocrx_word' id='word_1_93' title='bbox 606 1050 782 1083; x_wconf 88' lang='lat' dir='ltr'>matutinae</span> <span class='ocrx_word' id='word_1_94' title='bbox 797 1050 911 1084; x_wconf 90' lang='lat' dir='ltr'>sedulo</span> <span class='ocrx_word' id='word_1_95' title='bbox 921 1061 1034 1084; x_wconf 88' lang='lat' dir='ltr'>omnes</span> 
     </span>
     <span class='ocr_line' id='line_1_22' title="bbox 296 1102 1034 1146; baseline 0.001 -11"><span class='ocrx_word' id='word_1_96' title='bbox 296 1103 495 1136; x_wconf 83' lang='lat' dir='ltr'>incumbent.</span> <span class='ocrx_word' id='word_1_97' title='bbox 513 1102 698 1141; x_wconf 77' lang='lat' dir='ltr'>Quadrante</span> <span class='ocrx_word' id='word_1_98' title='bbox 716 1109 789 1146; x_wconf 87' lang='lat' dir='ltr'>post</span> <span class='ocrx_word' id='word_1_99' title='bbox 803 1107 937 1142; x_wconf 81' lang='lat' dir='ltr'>sextam,</span> <span class='ocrx_word' id='word_1_100' title='bbox 962 1104 1034 1136; x_wconf 90' lang='lat' dir='ltr'>dato</span> 
     </span>
     <span class='ocr_line' id='line_1_23' title="bbox 295 1156 1035 1200; baseline 0 -10"><span class='ocrx_word' id='word_1_101' title='bbox 295 1156 384 1190; x_wconf 84' lang='lat' dir='ltr'>brevi</span> <span class='ocrx_word' id='word_1_102' title='bbox 411 1156 503 1198; x_wconf 73' lang='lat' dir='ltr'>signo</span> <span class='ocrx_word' id='word_1_103' title='bbox 529 1166 715 1200; x_wconf 83' lang='lat' dir='ltr'>campanae,</span> <span class='ocrx_word' id='word_1_104' title='bbox 747 1156 778 1189; x_wconf 90' lang='lat' dir='ltr'>in</span> <span class='ocrx_word' id='word_1_105' title='bbox 804 1157 904 1190; x_wconf 89' lang='lat' dir='ltr'>choro</span> <span class='ocrx_word' id='word_1_106' title='bbox 929 1157 1035 1190; x_wconf 89' lang='lat' dir='ltr'>Prima</span> 
     </span>
     <span class='ocr_line' id='line_1_24' title="bbox 296 1210 610 1253; baseline 0.003 -12"><span class='ocrx_word' id='word_1_107' title='bbox 296 1210 512 1253; x_wconf 86' lang='lat' dir='ltr'>persolvenda</span> <span class='ocrx_word' id='word_1_108' title='bbox 537 1210 610 1243; x_wconf 89' lang='lat' dir='ltr'>erit.</span> 
     </span>
    </p>

    <p class='ocr_par' dir='ltr' id='par_1_7' title="bbox 288 1262 1036 1560">
     <span class='ocr_line' id='line_1_25' title="bbox 340 1262 1036 1307; baseline 0.003 -13"><span class='ocrx_word' id='word_1_109' title='bbox 340 1262 462 1295; x_wconf 81' lang='lat' dir='ltr'>Modica</span> <span class='ocrx_word' id='word_1_110' title='bbox 481 1263 637 1306; x_wconf 89' lang='lat' dir='ltr'>temporis</span> <span class='ocrx_word' id='word_1_111' title='bbox 655 1262 832 1303; x_wconf 86' lang='lat' dir='ltr'>intervalla,</span> <span class='ocrx_word' id='word_1_112' title='bbox 852 1274 933 1307; x_wconf 89' lang='lat' dir='ltr'>quae</span> <span class='ocrx_word' id='word_1_113' title='bbox 951 1263 1036 1296; x_wconf 89' lang='lat' dir='ltr'>inter</span> 
     </span>
     <span class='ocr_line' id='line_1_26' title="bbox 288 1306 1035 1356; baseline 0.001 -8"><span class='ocrx_word' id='word_1_114' title='bbox 288 1306 488 1348; x_wconf 55' lang='lat' dir='ltr'>‘matutinum</span> <span class='ocrx_word' id='word_1_115' title='bbox 517 1320 548 1348; x_wconf 86' lang='lat' dir='ltr'>et</span> <span class='ocrx_word' id='word_1_116' title='bbox 572 1316 827 1356; x_wconf 84' lang='lat' dir='ltr'>meditationem,</span> <span class='ocrx_word' id='word_1_117' title='bbox 853 1317 929 1350; x_wconf 89' lang='lat' dir='ltr'>item</span> <span class='ocrx_word' id='word_1_118' title='bbox 950 1317 1035 1349; x_wconf 84' lang='lat' dir='ltr'>inter</span> 
     </span>
     <span class='ocr_line' id='line_1_27' title="bbox 296 1368 1033 1413; baseline 0.003 -13"><span class='ocrx_word' id='word_1_119' title='bbox 296 1368 381 1401; x_wconf 90' lang='lat' dir='ltr'>hanc</span> <span class='ocrx_word' id='word_1_120' title='bbox 415 1374 447 1401; x_wconf 89' lang='lat' dir='ltr'>et</span> <span class='ocrx_word' id='word_1_121' title='bbox 473 1368 611 1401; x_wconf 83' lang='lat' dir='ltr'>Primam</span> <span class='ocrx_word' id='word_1_122' title='bbox 649 1368 880 1410; x_wconf 86' lang='lat' dir='ltr'>intercedunt,</span> <span class='ocrx_word' id='word_1_123' title='bbox 918 1370 1033 1413; x_wconf 86' lang='lat' dir='ltr'>partim</span> 
     </span>
     <span class='ocr_line' id='line_1_28' title="bbox 296 1421 1033 1465; baseline 0 -11"><span class='ocrx_word' id='word_1_124' title='bbox 296 1421 443 1465; x_wconf 89' lang='lat' dir='ltr'>corporis</span> <span class='ocrx_word' id='word_1_125' title='bbox 469 1421 723 1461; x_wconf 88' lang='lat' dir='ltr'>necessitatibus,</span> <span class='ocrx_word' id='word_1_126' title='bbox 742 1423 858 1465; x_wconf 91' lang='lat' dir='ltr'>partim</span> <span class='ocrx_word' id='word_1_127' title='bbox 879 1422 1033 1465; x_wconf 81' lang='lat' dir='ltr'>singulari</span> 
     </span>
     <span class='ocr_line' id='line_1_29' title="bbox 296 1474 1035 1518; baseline 0.001 -11"><span class='ocrx_word' id='word_1_128' title='bbox 296 1474 460 1508; x_wconf 81' lang='lat' dir='ltr'>devotioni</span> <span class='ocrx_word' id='word_1_129' title='bbox 497 1486 532 1507; x_wconf 88' lang='lat' dir='ltr'>ac</span> <span class='ocrx_word' id='word_1_130' title='bbox 570 1475 721 1518; x_wconf 89' lang='lat' dir='ltr'>precibus</span> <span class='ocrx_word' id='word_1_131' title='bbox 750 1475 912 1508; x_wconf 86' lang='lat' dir='ltr'>matutinis</span> <span class='ocrx_word' id='word_1_132' title='bbox 938 1475 1035 1508; x_wconf 83' lang='lat' dir='ltr'>desti-</span> 
     </span>
     <span class='ocr_line' id='line_1_30' title="bbox 296 1533 482 1560; baseline 0 0"><span class='ocrx_word' id='word_1_133' title='bbox 296 1533 372 1560; x_wconf 89' lang='lat' dir='ltr'>nata</span> <span class='ocrx_word' id='word_1_134' title='bbox 397 1533 482 1560; x_wconf 88' lang='lat' dir='ltr'>sunt.</span> 
     </span>
    </p>

    <p class='ocr_par' dir='ltr' id='par_1_8' title="bbox 294 1580 1035 2409">
     <span class='ocr_line' id='line_1_31' title="bbox 341 1580 1035 1625; baseline 0.001 -12"><span class='ocrx_word' id='word_1_135' title='bbox 341 1581 417 1614; x_wconf 90' lang='lat' dir='ltr'>Post</span> <span class='ocrx_word' id='word_1_136' title='bbox 441 1580 579 1613; x_wconf 83' lang='lat' dir='ltr'>Primam</span> <span class='ocrx_word' id='word_1_137' title='bbox 601 1581 632 1613; x_wconf 90' lang='lat' dir='ltr'>in</span> <span class='ocrx_word' id='word_1_138' title='bbox 658 1582 761 1615; x_wconf 89' lang='lat' dir='ltr'>choro</span> <span class='ocrx_word' id='word_1_139' title='bbox 786 1583 985 1625; x_wconf 85' lang='lat' dir='ltr'>persolutam</span> <span class='ocrx_word' id='word_1_140' title='bbox 1004 1587 1035 1614; x_wconf 88' lang='lat' dir='ltr'>et</span> 
     </span>
     <span class='ocr_line' id='line_1_32' title="bbox 296 1634 1033 1678; baseline 0.001 -12"><span class='ocrx_word' id='word_1_141' title='bbox 296 1634 473 1676; x_wconf 87' lang='lat' dir='ltr'>capitulum</span> <span class='ocrx_word' id='word_1_142' title='bbox 508 1634 652 1675; x_wconf 80' lang='lat' dir='ltr'>finitum,</span> <span class='ocrx_word' id='word_1_143' title='bbox 679 1645 783 1678; x_wconf 85' lang='lat' dir='ltr'>usque</span> <span class='ocrx_word' id='word_1_144' title='bbox 808 1636 847 1668; x_wconf 92' lang='lat' dir='ltr'>ad</span> <span class='ocrx_word' id='word_1_145' title='bbox 872 1646 1033 1668; x_wconf 87' lang='lat' dir='ltr'>summum</span> 
     </span>
     <span class='ocr_line' id='line_1_33' title="bbox 297 1687 1032 1730; baseline 0.003 -12"><span class='ocrx_word' id='word_1_146' title='bbox 297 1687 459 1726; x_wconf 83' lang='lat' dir='ltr'>officium,</span> <span class='ocrx_word' id='word_1_147' title='bbox 486 1693 594 1730; x_wconf 88' lang='lat' dir='ltr'>patres</span> <span class='ocrx_word' id='word_1_148' title='bbox 618 1698 673 1720; x_wconf 90' lang='lat' dir='ltr'>seu</span> <span class='ocrx_word' id='word_1_149' title='bbox 706 1689 894 1721; x_wconf 84' lang='lat' dir='ltr'>sacerdotes</span> <span class='ocrx_word' id='word_1_150' title='bbox 921 1688 1032 1721; x_wconf 87' lang='lat' dir='ltr'>missas</span> 
     </span>
     <span class='ocr_line' id='line_1_34' title="bbox 296 1739 1035 1783; baseline 0 -11"><span class='ocrx_word' id='word_1_151' title='bbox 296 1739 518 1772; x_wconf 84' lang='lat' dir='ltr'>celebrabunt.</span> <span class='ocrx_word' id='word_1_152' title='bbox 547 1740 581 1772; x_wconf 88' lang='lat' dir='ltr'>In</span> <span class='ocrx_word' id='word_1_153' title='bbox 607 1740 804 1773; x_wconf 84' lang='lat' dir='ltr'>celebrando</span> <span class='ocrx_word' id='word_1_154' title='bbox 829 1751 917 1779; x_wconf 91' lang='lat' dir='ltr'>vero,</span> <span class='ocrx_word' id='word_1_155' title='bbox 938 1751 1035 1783; x_wconf 86' lang='lat' dir='ltr'>quan·</span> 
     </span>
     <span class='ocr_line' id='line_1_35' title="bbox 295 1792 1034 1836; baseline 0.004 -12"><span class='ocrx_word' id='word_1_156' title='bbox 295 1798 360 1824; x_wconf 86' lang='lat' dir='ltr'>tum</span> <span class='ocrx_word' id='word_1_157' title='bbox 389 1792 455 1825; x_wconf 81' lang='lat' dir='ltr'>sieri</span> <span class='ocrx_word' id='word_1_158' title='bbox 483 1798 598 1836; x_wconf 88' lang='lat' dir='ltr'>potest,</span> <span class='ocrx_word' id='word_1_159' title='bbox 625 1799 772 1826; x_wconf 80' lang='lat' dir='ltr'>servetur</span> <span class='ocrx_word' id='word_1_160' title='bbox 796 1793 876 1827; x_wconf 86' lang='lat' dir='ltr'>ordo</span> <span class='ocrx_word' id='word_1_161' title='bbox 902 1804 962 1836; x_wconf 87' lang='lat' dir='ltr'>per</span> <span class='ocrx_word' id='word_1_162' title='bbox 979 1794 1034 1827; x_wconf 88' lang='lat' dir='ltr'>de-</span> 
     </span>
     <span class='ocr_line' id='line_1_36' title="bbox 296 1845 1033 1890; baseline 0.004 -13"><span class='ocrx_word' id='word_1_163' title='bbox 296 1845 556 1879; x_wconf 85' lang='lat' dir='ltr'>terminationem</span> <span class='ocrx_word' id='word_1_164' title='bbox 577 1847 676 1879; x_wconf 89' lang='lat' dir='ltr'>horae</span> <span class='ocrx_word' id='word_1_165' title='bbox 694 1848 742 1880; x_wconf 87' lang='lat' dir='ltr'>vel</span> <span class='ocrx_word' id='word_1_166' title='bbox 770 1847 925 1890; x_wconf 81' lang='lat' dir='ltr'>temporis</span> <span class='ocrx_word' id='word_1_167' title='bbox 944 1848 1033 1887; x_wconf 88' lang='lat' dir='ltr'>certi,</span> 
     </span>
     <span class='ocr_line' id='line_1_37' title="bbox 296 1898 1031 1942; baseline 0.003 -11"><span class='ocrx_word' id='word_1_168' title='bbox 296 1910 358 1942; x_wconf 87' lang='lat' dir='ltr'>quo</span> <span class='ocrx_word' id='word_1_169' title='bbox 384 1898 520 1942; x_wconf 82' lang='lat' dir='ltr'>quilibet</span> <span class='ocrx_word' id='word_1_170' title='bbox 544 1900 695 1933; x_wconf 83' lang='lat' dir='ltr'>sacerdos</span> <span class='ocrx_word' id='word_1_171' title='bbox 712 1900 877 1934; x_wconf 83' lang='lat' dir='ltr'>celebrare</span> <span class='ocrx_word' id='word_1_172' title='bbox 904 1900 1031 1941; x_wconf 88' lang='lat' dir='ltr'>debeat,</span> 
     </span>
     <span class='ocr_line' id='line_1_38' title="bbox 295 1952 1032 1996; baseline 0.004 -12"><span class='ocrx_word' id='word_1_173' title='bbox 295 1952 375 1985; x_wconf 88' lang='lat' dir='ltr'>itaut</span> <span class='ocrx_word' id='word_1_174' title='bbox 399 1963 462 1985; x_wconf 91' lang='lat' dir='ltr'>una</span> <span class='ocrx_word' id='word_1_175' title='bbox 486 1953 583 1986; x_wconf 88' lang='lat' dir='ltr'>missa</span> <span class='ocrx_word' id='word_1_176' title='bbox 608 1958 678 1996; x_wconf 90' lang='lat' dir='ltr'>post</span> <span class='ocrx_word' id='word_1_177' title='bbox 703 1955 836 1987; x_wconf 87' lang='lat' dir='ltr'>alteram</span> <span class='ocrx_word' id='word_1_178' title='bbox 863 1954 1032 1995; x_wconf 86' lang='lat' dir='ltr'>habeatur,</span> 
     </span>
     <span class='ocr_line' id='line_1_39' title="bbox 295 2005 1032 2048; baseline 0.004 -11"><span class='ocrx_word' id='word_1_179' title='bbox 295 2010 452 2048; x_wconf 86' lang='lat' dir='ltr'>quatenus</span> <span class='ocrx_word' id='word_1_180' title='bbox 479 2006 585 2038; x_wconf 75' lang='lat' dir='ltr'>devoti</span> <span class='ocrx_word' id='word_1_181' title='bbox 609 2005 720 2039; x_wconf 77' lang='lat' dir='ltr'>fideles</span> <span class='ocrx_word' id='word_1_182' title='bbox 741 2006 772 2039; x_wconf 89' lang='lat' dir='ltr'>in</span> <span class='ocrx_word' id='word_1_183' title='bbox 792 2007 963 2040; x_wconf 89' lang='lat' dir='ltr'>ecclesiam</span> <span class='ocrx_word' id='word_1_184' title='bbox 981 2017 1032 2040; x_wconf 88' lang='lat' dir='ltr'>ve-</span> 
     </span>
     <span class='ocr_line' id='line_1_40' title="bbox 294 2058 1031 2102; baseline 0.005 -13"><span class='ocrx_word' id='word_1_185' title='bbox 294 2058 440 2097; x_wconf 85' lang='lat' dir='ltr'>nientes,</span> <span class='ocrx_word' id='word_1_186' title='bbox 467 2058 553 2090; x_wconf 90' lang='lat' dir='ltr'>omni</span> <span class='ocrx_word' id='word_1_187' title='bbox 587 2064 733 2102; x_wconf 88' lang='lat' dir='ltr'>tempore</span> <span class='ocrx_word' id='word_1_188' title='bbox 767 2070 895 2092; x_wconf 79' lang='lat' dir='ltr'>sacrum</span> <span class='ocrx_word' id='word_1_189' title='bbox 921 2060 1031 2093; x_wconf 90' lang='lat' dir='ltr'>audire</span> 
     </span>
     <span class='ocr_line' id='line_1_41' title="bbox 294 2112 1032 2156; baseline 0.004 -13"><span class='ocrx_word' id='word_1_190' title='bbox 294 2112 438 2154; x_wconf 80' lang='lat' dir='ltr'>possint,</span> <span class='ocrx_word' id='word_1_191' title='bbox 464 2112 594 2154; x_wconf 80' lang='lat' dir='ltr'>praevia</span> <span class='ocrx_word' id='word_1_192' title='bbox 619 2118 651 2145; x_wconf 89' lang='lat' dir='ltr'>et</span> <span class='ocrx_word' id='word_1_193' title='bbox 676 2113 893 2156; x_wconf 83' lang='lat' dir='ltr'>subsequente</span> <span class='ocrx_word' id='word_1_194' title='bbox 924 2114 1032 2146; x_wconf 78' lang='lat' dir='ltr'>debita</span> 
     </span>
     <span class='ocr_line' id='line_1_42' title="bbox 295 2163 1032 2207; baseline 0.005 -12"><span class='ocrx_word' id='word_1_195' title='bbox 295 2163 544 2207; x_wconf 82' lang='lat' dir='ltr'>praeparatione</span> <span class='ocrx_word' id='word_1_196' title='bbox 571 2170 602 2197; x_wconf 87' lang='lat' dir='ltr'>et</span> <span class='ocrx_word' id='word_1_197' title='bbox 626 2166 871 2199; x_wconf 86' lang='lat' dir='ltr'>recollectione.</span> <span class='ocrx_word' id='word_1_198' title='bbox 899 2166 942 2199; x_wconf 90' lang='lat' dir='ltr'>De</span> <span class='ocrx_word' id='word_1_199' title='bbox 962 2167 1032 2199; x_wconf 87' lang='lat' dir='ltr'>reli-</span> 
     </span>
     <span class='ocr_line' id='line_1_43' title="bbox 296 2218 1031 2261; baseline 0.007 -15"><span class='ocrx_word' id='word_1_200' title='bbox 296 2227 369 2260; x_wconf 86' lang='lat' dir='ltr'>quo,</span> <span class='ocrx_word' id='word_1_201' title='bbox 388 2228 443 2249; x_wconf 83' lang='lat' dir='ltr'>seu</span> <span class='ocrx_word' id='word_1_202' title='bbox 464 2218 656 2261; x_wconf 76' lang='lat' dir='ltr'>theologicis</span> <span class='ocrx_word' id='word_1_203' title='bbox 682 2229 737 2251; x_wconf 86' lang='lat' dir='ltr'>seu</span> <span class='ocrx_word' id='word_1_204' title='bbox 759 2218 945 2258; x_wconf 82' lang='lat' dir='ltr'>casuisticis,</span> <span class='ocrx_word' id='word_1_205' title='bbox 965 2230 1031 2259; x_wconf 88' lang='lat' dir='ltr'>seu,</span> 
     </span>
     <span class='ocr_line' id='line_1_44' title="bbox 295 2270 1028 2314; baseline 0.007 -14"><span class='ocrx_word' id='word_1_206' title='bbox 295 2280 354 2312; x_wconf 85' lang='lat' dir='ltr'>pro</span> <span class='ocrx_word' id='word_1_207' title='bbox 381 2270 535 2313; x_wconf 84' lang='lat' dir='ltr'>qualitate</span> <span class='ocrx_word' id='word_1_208' title='bbox 563 2282 783 2314; x_wconf 87' lang='lat' dir='ltr'>personarum,</span> <span class='ocrx_word' id='word_1_209' title='bbox 799 2272 869 2305; x_wconf 90' lang='lat' dir='ltr'>aliis</span> <span class='ocrx_word' id='word_1_210' title='bbox 895 2272 1028 2313; x_wconf 89' lang='lat' dir='ltr'>studiis,</span> 
     </span>
     <span class='ocr_line' id='line_1_45' title="bbox 297 2324 1030 2369; baseline 0.008 -16"><span class='ocrx_word' id='word_1_211' title='bbox 297 2324 474 2355; x_wconf 80' lang='lat' dir='ltr'>secundum</span> <span class='ocrx_word' id='word_1_212' title='bbox 519 2324 766 2367; x_wconf 87' lang='lat' dir='ltr'>dispositionem</span> <span class='ocrx_word' id='word_1_213' title='bbox 806 2325 1030 2369; x_wconf 87' lang='lat' dir='ltr'>superiorum,</span> 
     </span>
     <span class='ocr_line' id='line_1_46' title="bbox 296 2376 571 2409; baseline 0.011 -3"><span class='ocrx_word' id='word_1_214' title='bbox 296 2376 473 2408; x_wconf 68' lang='lat' dir='ltr'>vacandum</span> <span class='ocrx_word' id='word_1_215' title='bbox 500 2377 571 2409; x_wconf 84' lang='lat' dir='ltr'>erit.</span> 
     </span>
    </p>

    <p class='ocr_par' dir='ltr' id='par_1_9' title="bbox 296 2428 1052 2585">
     <span class='ocr_line' id='line_1_47' title="bbox 341 2428 1031 2469; baseline 0.01 -10"><span class='ocrx_word' id='word_1_216' title='bbox 341 2428 439 2460; x_wconf 77' lang='lat' dir='ltr'>Media</span> <span class='ocrx_word' id='word_1_217' title='bbox 473 2432 572 2468; x_wconf 76' lang='lat' dir='ltr'>nona,</span> <span class='ocrx_word' id='word_1_218' title='bbox 599 2432 665 2469; x_wconf 85' lang='lat' dir='ltr'>vel,</span> <span class='ocrx_word' id='word_1_219' title='bbox 699 2431 728 2463; x_wconf 89' lang='lat' dir='ltr'>in</span> <span class='ocrx_word' id='word_1_220' title='bbox 755 2431 868 2465; x_wconf 88' lang='lat' dir='ltr'>diebus</span> <span class='ocrx_word' id='word_1_221' title='bbox 895 2431 1031 2466; x_wconf 88' lang='lat' dir='ltr'>ieiunio-</span> 
     </span>
     <span class='ocr_line' id='line_1_48' title="bbox 296 2482 1030 2525; baseline 0.007 -13"><span class='ocrx_word' id='word_1_222' title='bbox 296 2491 376 2518; x_wconf 86' lang='lat' dir='ltr'>rum,</span> <span class='ocrx_word' id='word_1_223' title='bbox 404 2482 482 2513; x_wconf 79' lang='lat' dir='ltr'>hora</span> <span class='ocrx_word' id='word_1_224' title='bbox 507 2485 591 2515; x_wconf 78' lang='lat' dir='ltr'>nona</span> <span class='ocrx_word' id='word_1_225' title='bbox 613 2483 736 2525; x_wconf 72' lang='lat' dir='ltr'>signum</span> <span class='ocrx_word' id='word_1_226' title='bbox 760 2485 887 2517; x_wconf 88' lang='lat' dir='ltr'>dabitur</span> <span class='ocrx_word' id='word_1_227' title='bbox 904 2486 942 2518; x_wconf 91' lang='lat' dir='ltr'>ad</span> <span class='ocrx_word' id='word_1_228' title='bbox 964 2486 1030 2519; x_wconf 79' lang='lat' dir='ltr'>ossi-</span> 
     </span>
     <span class='ocr_line' id='line_1_49' title="bbox 296 2534 1052 2585; baseline 0.005 -18"><span class='ocrx_word' id='word_1_229' title='bbox 296 2534 379 2569; x_wconf 86' lang='lat' dir='ltr'>cium</span> <span class='ocrx_word' id='word_1_230' title='bbox 402 2545 572 2576; x_wconf 87' lang='lat' dir='ltr'>summum,</span> <span class='ocrx_word' id='word_1_231' title='bbox 591 2541 622 2568; x_wconf 86' lang='lat' dir='ltr'>et</span> <span class='ocrx_word' id='word_1_232' title='bbox 639 2536 735 2569; x_wconf 88' lang='lat' dir='ltr'>horas</span> <span class='ocrx_word' id='word_1_233' title='bbox 756 2538 834 2570; x_wconf 85' lang='lat' dir='ltr'>duas</span> <span class='ocrx_word' id='word_1_234' title='bbox 859 2538 1028 2572; x_wconf 83' lang='lat' dir='ltr'>canonicas</span> <span class='ocrx_word' id='word_1_235' title='bbox 1048 2572 1052 2585; x_wconf 34' lang='lat'><em>¹</em></span> 
     </span>
    </p>
   </div>
   <div class='ocr_carea' id='block_1_4' title="bbox 882 150 1235 175">
    <p class='ocr_par' dir='ltr' id='par_1_10' title="bbox 882 150 1235 175">
     <span class='ocr_line' id='line_1_50' title="bbox 882 150 1235 175; baseline 0.003 -1"><span class='ocrx_word' id='word_1_236' title='bbox 882 151 1059 174; x_wconf 68' lang='lat' dir='ltr'>Dt&#39;LLxmt&#39;M</span> <span class='ocrx_word' id='word_1_237' title='bbox 1085 150 1235 175; x_wconf 55' lang='lat' dir='ltr'>ROMANL&#39;M</span> 
     </span>
    </p>
   </div>
   <div class='ocr_carea' id='block_1_5' title="bbox 1074 199 1817 2588">
    <p class='ocr_par' dir='ltr' id='par_1_11' title="bbox 1078 199 1814 285">
     <span class='ocr_line' id='line_1_51' title="bbox 1078 199 1814 246; baseline 0.008 -16"><span class='ocrx_word' id='word_1_238' title='bbox 1078 204 1152 231; x_wconf 88' lang='lat' dir='ltr'>ante</span> <span class='ocrx_word' id='word_1_239' title='bbox 1171 204 1202 231; x_wconf 88' lang='lat' dir='ltr'>et</span> <span class='ocrx_word' id='word_1_240' title='bbox 1225 204 1298 242; x_wconf 90' lang='lat' dir='ltr'>post</span> <span class='ocrx_word' id='word_1_241' title='bbox 1318 199 1407 240; x_wconf 87' lang='lat' dir='ltr'>illud,</span> <span class='ocrx_word' id='word_1_242' title='bbox 1425 199 1521 233; x_wconf 89' lang='lat' dir='ltr'>modo</span> <span class='ocrx_word' id='word_1_243' title='bbox 1540 204 1613 235; x_wconf 84' lang='lat' dir='ltr'>ante</span> <span class='ocrx_word' id='word_1_244' title='bbox 1631 201 1726 242; x_wconf 86' lang='lat' dir='ltr'>dicto,</span> <span class='ocrx_word' id='word_1_245' title='bbox 1743 212 1814 246; x_wconf 55' lang='lat' dir='ltr'>pero</span> 
     </span>
     <span class='ocr_line' id='line_1_52' title="bbox 1078 252 1264 285; baseline 0.011 -2"><span class='ocrx_word' id='word_1_246' title='bbox 1078 252 1264 285; x_wconf 89' lang='lat' dir='ltr'>solvendas.</span> 
     </span>
    </p>

    <p class='ocr_par' dir='ltr' id='par_1_12' title="bbox 1077 304 1814 933">
     <span class='ocr_line' id='line_1_53' title="bbox 1121 304 1813 348; baseline 0.01 -12"><span class='ocrx_word' id='word_1_247' title='bbox 1121 304 1227 338; x_wconf 90' lang='lat' dir='ltr'>Tertio</span> <span class='ocrx_word' id='word_1_248' title='bbox 1240 304 1432 348; x_wconf 72' lang='lat' dir='ltr'>quadrante¹</span> <span class='ocrx_word' id='word_1_249' title='bbox 1447 305 1614 348; x_wconf 88' lang='lat' dir='ltr'>decimam,</span> <span class='ocrx_word' id='word_1_250' title='bbox 1631 309 1691 347; x_wconf 87' lang='lat' dir='ltr'>vel,</span> <span class='ocrx_word' id='word_1_251' title='bbox 1707 308 1738 341; x_wconf 89' lang='lat' dir='ltr'>in</span> <span class='ocrx_word' id='word_1_252' title='bbox 1749 309 1813 343; x_wconf 88' lang='lat' dir='ltr'>die-</span> 
     </span>
     <span class='ocr_line' id='line_1_54' title="bbox 1077 357 1812 400; baseline 0.01 -11"><span class='ocrx_word' id='word_1_253' title='bbox 1077 357 1136 389; x_wconf 87' lang='lat' dir='ltr'>bus</span> <span class='ocrx_word' id='word_1_254' title='bbox 1160 358 1283 398; x_wconf 90' lang='lat' dir='ltr'>ieiunii,</span> <span class='ocrx_word' id='word_1_255' title='bbox 1297 364 1371 392; x_wconf 90' lang='lat' dir='ltr'>ante</span> <span class='ocrx_word' id='word_1_256' title='bbox 1392 360 1610 400; x_wconf 82' lang='lat' dir='ltr'>undecimam,</span> <span class='ocrx_word' id='word_1_257' title='bbox 1623 362 1812 396; x_wconf 88' lang='lat' dir='ltr'>recollectio</span> 
     </span>
     <span class='ocr_line' id='line_1_55' title="bbox 1079 410 1813 458; baseline 0.008 -16"><span class='ocrx_word' id='word_1_258' title='bbox 1079 410 1293 452; x_wconf 86' lang='lat' dir='ltr'>particularis,</span> <span class='ocrx_word' id='word_1_259' title='bbox 1313 422 1378 451; x_wconf 88' lang='lat' dir='ltr'>seu,</span> <span class='ocrx_word' id='word_1_260' title='bbox 1398 417 1432 445; x_wconf 92' lang='lat' dir='ltr'>ut</span> <span class='ocrx_word' id='word_1_261' title='bbox 1448 418 1573 453; x_wconf 86' lang='lat' dir='ltr'>vocant,</span> <span class='ocrx_word' id='word_1_262' title='bbox 1592 424 1726 448; x_wconf 85' lang='lat' dir='ltr'>examen</span> <span class='ocrx_word' id='word_1_263' title='bbox 1743 425 1813 458; x_wconf 90' lang='lat' dir='ltr'>par-</span> 
     </span>
     <span class='ocr_line' id='line_1_56' title="bbox 1079 463 1812 508; baseline 0.01 -13"><span class='ocrx_word' id='word_1_264' title='bbox 1079 463 1221 504; x_wconf 89' lang='lat' dir='ltr'>ticulare,</span> <span class='ocrx_word' id='word_1_265' title='bbox 1238 464 1312 497; x_wconf 90' lang='lat' dir='ltr'>dato</span> <span class='ocrx_word' id='word_1_266' title='bbox 1337 465 1399 498; x_wconf 88' lang='lat' dir='ltr'>hoc</span> <span class='ocrx_word' id='word_1_267' title='bbox 1424 465 1527 508; x_wconf 81' lang='lat' dir='ltr'>signo,</span> <span class='ocrx_word' id='word_1_268' title='bbox 1544 465 1609 499; x_wconf 83' lang='lat' dir='ltr'>fiet.</span> <span class='ocrx_word' id='word_1_269' title='bbox 1631 467 1754 501; x_wconf 86' lang='lat' dir='ltr'>Deinde</span> <span class='ocrx_word' id='word_1_270' title='bbox 1772 468 1812 502; x_wconf 87' lang='lat' dir='ltr'>ad</span> 
     </span>
     <span class='ocr_line' id='line_1_57' title="bbox 1077 518 1814 561; baseline 0.007 -12"><span class='ocrx_word' id='word_1_271' title='bbox 1077 527 1220 550; x_wconf 89' lang='lat' dir='ltr'>mensam</span> <span class='ocrx_word' id='word_1_272' title='bbox 1246 528 1302 551; x_wconf 90' lang='lat' dir='ltr'>seu</span> <span class='ocrx_word' id='word_1_273' title='bbox 1327 518 1533 551; x_wconf 77' lang='lat' dir='ltr'>refectorium</span> <span class='ocrx_word' id='word_1_274' title='bbox 1560 520 1720 561; x_wconf 86' lang='lat' dir='ltr'>eundum,</span> <span class='ocrx_word' id='word_1_275' title='bbox 1747 532 1814 554; x_wconf 88' lang='lat' dir='ltr'>ser-</span> 
     </span>
     <span class='ocr_line' id='line_1_58' title="bbox 1078 571 1814 618; baseline 0.008 -16"><span class='ocrx_word' id='word_1_276' title='bbox 1078 575 1149 604; x_wconf 91' lang='lat' dir='ltr'>vato</span> <span class='ocrx_word' id='word_1_277' title='bbox 1175 581 1302 615; x_wconf 87' lang='lat' dir='ltr'>semper</span> <span class='ocrx_word' id='word_1_278' title='bbox 1326 571 1455 605; x_wconf 89' lang='lat' dir='ltr'>silentio</span> <span class='ocrx_word' id='word_1_279' title='bbox 1472 577 1562 605; x_wconf 85' lang='lat' dir='ltr'>extra</span> <span class='ocrx_word' id='word_1_280' title='bbox 1580 573 1676 607; x_wconf 90' lang='lat' dir='ltr'>horas</span> <span class='ocrx_word' id='word_1_281' title='bbox 1693 575 1814 618; x_wconf 86' lang='lat' dir='ltr'>specia-</span> 
     </span>
     <span class='ocr_line' id='line_1_59' title="bbox 1078 624 1810 670; baseline 0.005 -13"><span class='ocrx_word' id='word_1_282' title='bbox 1078 624 1152 657; x_wconf 83' lang='lat' dir='ltr'>liter</span> <span class='ocrx_word' id='word_1_283' title='bbox 1175 625 1341 668; x_wconf 88' lang='lat' dir='ltr'>colloquio</span> <span class='ocrx_word' id='word_1_284' title='bbox 1360 630 1392 658; x_wconf 86' lang='lat' dir='ltr'>et</span> <span class='ocrx_word' id='word_1_285' title='bbox 1415 625 1609 659; x_wconf 87' lang='lat' dir='ltr'>recreationi</span> <span class='ocrx_word' id='word_1_286' title='bbox 1629 627 1810 670; x_wconf 89' lang='lat' dir='ltr'>deputatas.</span> 
     </span>
     <span class='ocr_line' id='line_1_60' title="bbox 1078 677 1812 723; baseline 0.008 -14"><span class='ocrx_word' id='word_1_287' title='bbox 1078 677 1264 711; x_wconf 77' lang='lat' dir='ltr'>Resectione</span> <span class='ocrx_word' id='word_1_288' title='bbox 1282 678 1370 719; x_wconf 76' lang='lat' dir='ltr'>sacta,</span> <span class='ocrx_word' id='word_1_289' title='bbox 1391 683 1549 712; x_wconf 89' lang='lat' dir='ltr'>consueto</span> <span class='ocrx_word' id='word_1_290' title='bbox 1569 680 1668 712; x_wconf 91' lang='lat' dir='ltr'>modo</span> <span class='ocrx_word' id='word_1_291' title='bbox 1688 680 1812 723; x_wconf 89' lang='lat' dir='ltr'>psalmo</span> 
     </span>
     <span class='ocr_line' id='line_1_61' title="bbox 1077 731 1812 767; baseline 0.007 -5"><span class='ocrx_word' id='word_1_292' title='bbox 1077 731 1228 764; x_wconf 82' lang='lat' dir='ltr'>Miserere</span> <span class='ocrx_word' id='word_1_293' title='bbox 1251 742 1267 765; x_wconf 85' lang='lat' dir='ltr'>e</span> <span class='ocrx_word' id='word_1_294' title='bbox 1285 731 1460 765; x_wconf 74' lang='lat' dir='ltr'>refectorio</span> <span class='ocrx_word' id='word_1_295' title='bbox 1479 733 1664 765; x_wconf 87' lang='lat' dir='ltr'>exeundum</span> <span class='ocrx_word' id='word_1_296' title='bbox 1689 733 1755 767; x_wconf 90' lang='lat' dir='ltr'>sive</span> <span class='ocrx_word' id='word_1_297' title='bbox 1773 734 1812 767; x_wconf 90' lang='lat' dir='ltr'>ad</span> 
     </span>
     <span class='ocr_line' id='line_1_62' title="bbox 1077 784 1812 829; baseline 0.004 -13"><span class='ocrx_word' id='word_1_298' title='bbox 1077 784 1211 818; x_wconf 82' lang='lat' dir='ltr'>eliorum</span> <span class='ocrx_word' id='word_1_299' title='bbox 1236 785 1302 818; x_wconf 85' lang='lat' dir='ltr'>sive</span> <span class='ocrx_word' id='word_1_300' title='bbox 1327 786 1365 817; x_wconf 91' lang='lat' dir='ltr'>ad</span> <span class='ocrx_word' id='word_1_301' title='bbox 1390 786 1500 818; x_wconf 88' lang='lat' dir='ltr'>locum</span> <span class='ocrx_word' id='word_1_302' title='bbox 1518 786 1740 829; x_wconf 86' lang='lat' dir='ltr'>capitularem,</span> <span class='ocrx_word' id='word_1_303' title='bbox 1757 786 1812 820; x_wconf 88' lang='lat' dir='ltr'>ubi</span> 
     </span>
     <span class='ocr_line' id='line_1_63' title="bbox 1078 837 1813 882; baseline 0.004 -12"><span class='ocrx_word' id='word_1_304' title='bbox 1078 837 1250 879; x_wconf 81' lang='lat' dir='ltr'>gratiarum</span> <span class='ocrx_word' id='word_1_305' title='bbox 1282 838 1366 871; x_wconf 87' lang='lat' dir='ltr'>actio</span> <span class='ocrx_word' id='word_1_306' title='bbox 1391 839 1601 882; x_wconf 85' lang='lat' dir='ltr'>compleatur.</span> <span class='ocrx_word' id='word_1_307' title='bbox 1628 839 1698 872; x_wconf 84' lang='lat' dir='ltr'>Mox</span> <span class='ocrx_word' id='word_1_308' title='bbox 1721 839 1813 873; x_wconf 89' lang='lat' dir='ltr'>Nona</span> 
     </span>
     <span class='ocr_line' id='line_1_64' title="bbox 1077 891 1519 933; baseline 0.005 -11"><span class='ocrx_word' id='word_1_309' title='bbox 1077 891 1246 933; x_wconf 86' lang='lat' dir='ltr'>psallenda</span> <span class='ocrx_word' id='word_1_310' title='bbox 1263 891 1325 924; x_wconf 90' lang='lat' dir='ltr'>erit</span> <span class='ocrx_word' id='word_1_311' title='bbox 1348 891 1380 924; x_wconf 90' lang='lat' dir='ltr'>in</span> <span class='ocrx_word' id='word_1_312' title='bbox 1406 891 1519 925; x_wconf 86' lang='lat' dir='ltr'>choro.</span> 
     </span>
    </p>

    <p class='ocr_par' dir='ltr' id='par_1_13' title="bbox 1076 944 1815 1201">
     <span class='ocr_line' id='line_1_65' title="bbox 1120 944 1815 990; baseline 0.006 -14"><span class='ocrx_word' id='word_1_313' title='bbox 1120 944 1195 977; x_wconf 87' lang='lat' dir='ltr'>Post</span> <span class='ocrx_word' id='word_1_314' title='bbox 1225 945 1302 985; x_wconf 87' lang='lat' dir='ltr'>hoe,</span> <span class='ocrx_word' id='word_1_315' title='bbox 1331 944 1411 978; x_wconf 84' lang='lat' dir='ltr'>hora</span> <span class='ocrx_word' id='word_1_316' title='bbox 1435 945 1567 978; x_wconf 87' lang='lat' dir='ltr'>circiter</span> <span class='ocrx_word' id='word_1_317' title='bbox 1598 946 1764 990; x_wconf 86' lang='lat' dir='ltr'>colloquio</span> <span class='ocrx_word' id='word_1_318' title='bbox 1782 951 1815 980; x_wconf 87' lang='lat' dir='ltr'>et</span> 
     </span>
     <span class='ocr_line' id='line_1_66' title="bbox 1077 997 1815 1039; baseline 0.004 -10"><span class='ocrx_word' id='word_1_319' title='bbox 1077 997 1235 1030; x_wconf 87' lang='lat' dir='ltr'>honestae</span> <span class='ocrx_word' id='word_1_320' title='bbox 1252 997 1447 1031; x_wconf 85' lang='lat' dir='ltr'>recreationi</span> <span class='ocrx_word' id='word_1_321' title='bbox 1469 998 1678 1039; x_wconf 87' lang='lat' dir='ltr'>conceditur,</span> <span class='ocrx_word' id='word_1_322' title='bbox 1702 999 1815 1034; x_wconf 86' lang='lat' dir='ltr'>videli-</span> 
     </span>
     <span class='ocr_line' id='line_1_67' title="bbox 1076 1050 1812 1094; baseline 0.004 -11"><span class='ocrx_word' id='word_1_323' title='bbox 1076 1056 1128 1083; x_wconf 89' lang='lat' dir='ltr'>cet</span> <span class='ocrx_word' id='word_1_324' title='bbox 1155 1060 1259 1094; x_wconf 88' lang='lat' dir='ltr'>usque</span> <span class='ocrx_word' id='word_1_325' title='bbox 1284 1050 1324 1084; x_wconf 92' lang='lat' dir='ltr'>ad</span> <span class='ocrx_word' id='word_1_326' title='bbox 1348 1051 1489 1084; x_wconf 90' lang='lat' dir='ltr'>mediam</span> <span class='ocrx_word' id='word_1_327' title='bbox 1515 1051 1672 1094; x_wconf 87' lang='lat' dir='ltr'>primam,</span> <span class='ocrx_word' id='word_1_328' title='bbox 1700 1053 1762 1092; x_wconf 87' lang='lat' dir='ltr'>vel,</span> <span class='ocrx_word' id='word_1_329' title='bbox 1786 1053 1812 1086; x_wconf 88' lang='lat' dir='ltr'>si</span> 
     </span>
     <span class='ocr_line' id='line_1_68' title="bbox 1077 1102 1814 1150; baseline 0.004 -14"><span class='ocrx_word' id='word_1_330' title='bbox 1077 1102 1146 1136; x_wconf 88' lang='lat' dir='ltr'>dics</span> <span class='ocrx_word' id='word_1_331' title='bbox 1170 1103 1282 1136; x_wconf 89' lang='lat' dir='ltr'>ieiunii</span> <span class='ocrx_word' id='word_1_332' title='bbox 1307 1104 1357 1144; x_wconf 92' lang='lat' dir='ltr'>sit,</span> <span class='ocrx_word' id='word_1_333' title='bbox 1384 1115 1401 1137; x_wconf 93' lang='lat' dir='ltr'>a</span> <span class='ocrx_word' id='word_1_334' title='bbox 1425 1104 1617 1137; x_wconf 77' lang='lat' dir='ltr'>duodecima</span> <span class='ocrx_word' id='word_1_335' title='bbox 1641 1115 1743 1150; x_wconf 82' lang='lat' dir='ltr'>usque</span> <span class='ocrx_word' id='word_1_336' title='bbox 1774 1105 1814 1140; x_wconf 90' lang='lat' dir='ltr'>ad</span> 
     </span>
     <span class='ocr_line' id='line_1_69' title="bbox 1076 1157 1225 1201; baseline 0.007 -12"><span class='ocrx_word' id='word_1_337' title='bbox 1076 1157 1225 1201; x_wconf 87' lang='lat' dir='ltr'>primam.</span> 
     </span>
    </p>

    <p class='ocr_par' dir='ltr' id='par_1_14' title="bbox 1076 1209 1817 1934">
     <span class='ocr_line' id='line_1_70' title="bbox 1121 1209 1815 1252; baseline 0.004 -9"><span class='ocrx_word' id='word_1_338' title='bbox 1121 1209 1335 1244; x_wconf 83' lang='lat' dir='ltr'>Recreatione</span> <span class='ocrx_word' id='word_1_339' title='bbox 1361 1210 1541 1252; x_wconf 78' lang='lat' dir='ltr'>terminata,</span> <span class='ocrx_word' id='word_1_340' title='bbox 1566 1213 1616 1246; x_wconf 91' lang='lat' dir='ltr'>vel</span> <span class='ocrx_word' id='word_1_341' title='bbox 1643 1216 1710 1246; x_wconf 91' lang='lat' dir='ltr'>toto</span> <span class='ocrx_word' id='word_1_342' title='bbox 1734 1217 1815 1246; x_wconf 86' lang='lat' dir='ltr'>tem-</span> 
     </span>
     <span class='ocr_line' id='line_1_71' title="bbox 1077 1264 1815 1307; baseline 0.005 -12"><span class='ocrx_word' id='word_1_343' title='bbox 1077 1273 1156 1306; x_wconf 88' lang='lat' dir='ltr'>pore</span> <span class='ocrx_word' id='word_1_344' title='bbox 1181 1274 1284 1307; x_wconf 85' lang='lat' dir='ltr'>usque</span> <span class='ocrx_word' id='word_1_345' title='bbox 1309 1264 1347 1297; x_wconf 89' lang='lat' dir='ltr'>ad</span> <span class='ocrx_word' id='word_1_346' title='bbox 1371 1274 1523 1307; x_wconf 87' lang='lat' dir='ltr'>vesperas</span> <span class='ocrx_word' id='word_1_347' title='bbox 1551 1264 1666 1298; x_wconf 89' lang='lat' dir='ltr'>studiis</span> <span class='ocrx_word' id='word_1_348' title='bbox 1691 1264 1815 1299; x_wconf 89' lang='lat' dir='ltr'>incum-</span> 
     </span>
     <span class='ocr_line' id='line_1_72' title="bbox 1077 1316 1812 1361; baseline 0.005 -14"><span class='ocrx_word' id='word_1_349' title='bbox 1077 1316 1227 1356; x_wconf 87' lang='lat' dir='ltr'>bendum,</span> <span class='ocrx_word' id='word_1_350' title='bbox 1251 1317 1309 1355; x_wconf 92' lang='lat' dir='ltr'>vel,</span> <span class='ocrx_word' id='word_1_351' title='bbox 1331 1327 1391 1360; x_wconf 89' lang='lat' dir='ltr'>pro</span> <span class='ocrx_word' id='word_1_352' title='bbox 1417 1316 1570 1360; x_wconf 86' lang='lat' dir='ltr'>qualitate</span> <span class='ocrx_word' id='word_1_353' title='bbox 1584 1328 1812 1361; x_wconf 85' lang='lat' dir='ltr'>personarum,</span> 
     </span>
     <span class='ocr_line' id='line_1_73' title="bbox 1078 1369 1814 1412; baseline 0.005 -12"><span class='ocrx_word' id='word_1_354' title='bbox 1078 1373 1131 1401; x_wconf 86' lang='lat' dir='ltr'>aut</span> <span class='ocrx_word' id='word_1_355' title='bbox 1146 1369 1306 1412; x_wconf 78' lang='lat' dir='ltr'>exigentia</span> <span class='ocrx_word' id='word_1_356' title='bbox 1320 1369 1645 1410; x_wconf 87' lang='lat' dir='ltr'>circumstantiarum,</span> <span class='ocrx_word' id='word_1_357' title='bbox 1658 1370 1739 1404; x_wconf 84' lang='lat' dir='ltr'>hora</span> <span class='ocrx_word' id='word_1_358' title='bbox 1751 1381 1814 1404; x_wconf 88' lang='lat' dir='ltr'>una</span> 
     </span>
     <span class='ocr_line' id='line_1_74' title="bbox 1078 1422 1814 1467; baseline 0.004 -12"><span class='ocrx_word' id='word_1_359' title='bbox 1078 1422 1148 1456; x_wconf 87' lang='lat' dir='ltr'>aliis</span> <span class='ocrx_word' id='word_1_360' title='bbox 1174 1423 1355 1463; x_wconf 85' lang='lat' dir='ltr'>exercitiis,</span> <span class='ocrx_word' id='word_1_361' title='bbox 1383 1428 1541 1467; x_wconf 88' lang='lat' dir='ltr'>quatenus</span> <span class='ocrx_word' id='word_1_362' title='bbox 1567 1424 1744 1458; x_wconf 89' lang='lat' dir='ltr'>secundum</span> <span class='ocrx_word' id='word_1_363' title='bbox 1767 1424 1814 1458; x_wconf 90' lang='lat' dir='ltr'>iu-</span> 
     </span>
     <span class='ocr_line' id='line_1_75' title="bbox 1078 1475 1814 1519; baseline 0.004 -11"><span class='ocrx_word' id='word_1_364' title='bbox 1078 1475 1195 1508; x_wconf 86' lang='lat' dir='ltr'>dicium</span> <span class='ocrx_word' id='word_1_365' title='bbox 1210 1476 1414 1519; x_wconf 86' lang='lat' dir='ltr'>superiorum</span> <span class='ocrx_word' id='word_1_366' title='bbox 1433 1476 1570 1519; x_wconf 82' lang='lat' dir='ltr'>singulis</span> <span class='ocrx_word' id='word_1_367' title='bbox 1591 1477 1766 1511; x_wconf 89' lang='lat' dir='ltr'>convenire</span> <span class='ocrx_word' id='word_1_368' title='bbox 1781 1482 1814 1511; x_wconf 85' lang='lat' dir='ltr'>et</span> 
     </span>
     <span class='ocr_line' id='line_1_76' title="bbox 1078 1529 1812 1574; baseline 0.003 -12"><span class='ocrx_word' id='word_1_369' title='bbox 1078 1529 1230 1572; x_wconf 77' lang='lat' dir='ltr'>expedire</span> <span class='ocrx_word' id='word_1_370' title='bbox 1242 1529 1415 1569; x_wconf 90' lang='lat' dir='ltr'>videbitur,</span> <span class='ocrx_word' id='word_1_371' title='bbox 1427 1530 1573 1573; x_wconf 87' lang='lat' dir='ltr'>deputari</span> <span class='ocrx_word' id='word_1_372' title='bbox 1586 1534 1708 1574; x_wconf 89' lang='lat' dir='ltr'>potest;</span> <span class='ocrx_word' id='word_1_373' title='bbox 1723 1541 1752 1564; x_wconf 77' lang='lat' dir='ltr'>v,</span> <span class='ocrx_word' id='word_1_374' title='bbox 1769 1541 1812 1574; x_wconf 84' lang='lat' dir='ltr'>g.‚</span> 
     </span>
     <span class='ocr_line' id='line_1_77' title="bbox 1077 1581 1812 1625; baseline 0.004 -11"><span class='ocrx_word' id='word_1_375' title='bbox 1077 1592 1136 1625; x_wconf 90' lang='lat' dir='ltr'>pro</span> <span class='ocrx_word' id='word_1_376' title='bbox 1161 1581 1359 1615; x_wconf 86' lang='lat' dir='ltr'>addiscendo</span> <span class='ocrx_word' id='word_1_377' title='bbox 1385 1587 1480 1615; x_wconf 90' lang='lat' dir='ltr'>cantu</span> <span class='ocrx_word' id='word_1_378' title='bbox 1506 1582 1642 1616; x_wconf 81' lang='lat' dir='ltr'>maxime</span> <span class='ocrx_word' id='word_1_379' title='bbox 1668 1583 1812 1625; x_wconf 86' lang='lat' dir='ltr'>chorali,</span> 
     </span>
     <span class='ocr_line' id='line_1_78' title="bbox 1078 1634 1814 1680; baseline 0.004 -14"><span class='ocrx_word' id='word_1_380' title='bbox 1078 1644 1136 1677; x_wconf 89' lang='lat' dir='ltr'>pro</span> <span class='ocrx_word' id='word_1_381' title='bbox 1162 1634 1363 1668; x_wconf 79' lang='lat' dir='ltr'>conferentia</span> <span class='ocrx_word' id='word_1_382' title='bbox 1387 1635 1565 1668; x_wconf 89' lang='lat' dir='ltr'>casuisticis</span> <span class='ocrx_word' id='word_1_383' title='bbox 1600 1635 1738 1680; x_wconf 86' lang='lat' dir='ltr'>aliisque</span> <span class='ocrx_word' id='word_1_384' title='bbox 1763 1637 1814 1670; x_wconf 89' lang='lat' dir='ltr'>lit-</span> 
     </span>
     <span class='ocr_line' id='line_1_79' title="bbox 1078 1687 1814 1733; baseline 0.004 -13"><span class='ocrx_word' id='word_1_385' title='bbox 1078 1687 1206 1720; x_wconf 88' lang='lat' dir='ltr'>terariis</span> <span class='ocrx_word' id='word_1_386' title='bbox 1229 1688 1384 1729; x_wconf 88' lang='lat' dir='ltr'>materiis,</span> <span class='ocrx_word' id='word_1_387' title='bbox 1404 1689 1454 1722; x_wconf 91' lang='lat' dir='ltr'>vel</span> <span class='ocrx_word' id='word_1_388' title='bbox 1480 1688 1620 1732; x_wconf 87' lang='lat' dir='ltr'>denique</span> <span class='ocrx_word' id='word_1_389' title='bbox 1638 1699 1696 1733; x_wconf 90' lang='lat' dir='ltr'>pro</span> <span class='ocrx_word' id='word_1_390' title='bbox 1714 1700 1814 1733; x_wconf 85' lang='lat' dir='ltr'>opere</span> 
     </span>
     <span class='ocr_line' id='line_1_80' title="bbox 1077 1741 1815 1785; baseline 0.004 -12"><span class='ocrx_word' id='word_1_391' title='bbox 1077 1741 1227 1781; x_wconf 86' lang='lat' dir='ltr'>manuali,</span> <span class='ocrx_word' id='word_1_392' title='bbox 1246 1746 1328 1782; x_wconf 85' lang='lat' dir='ltr'>etc.;</span> <span class='ocrx_word' id='word_1_393' title='bbox 1349 1752 1411 1785; x_wconf 90' lang='lat' dir='ltr'>qua</span> <span class='ocrx_word' id='word_1_394' title='bbox 1443 1742 1540 1775; x_wconf 89' lang='lat' dir='ltr'>etiam</span> <span class='ocrx_word' id='word_1_395' title='bbox 1573 1742 1655 1776; x_wconf 78' lang='lat' dir='ltr'>hora</span> <span class='ocrx_word' id='word_1_396' title='bbox 1680 1743 1719 1776; x_wconf 88' lang='lat' dir='ltr'>ab</span> <span class='ocrx_word' id='word_1_397' title='bbox 1745 1743 1815 1776; x_wconf 75' lang='lat' dir='ltr'>off-</span> 
     </span>
     <span class='ocr_line' id='line_1_81' title="bbox 1076 1793 1814 1839; baseline 0.003 -12"><span class='ocrx_word' id='word_1_398' title='bbox 1076 1795 1224 1835; x_wconf 87' lang='lat' dir='ltr'>cialihus‚</span> <span class='ocrx_word' id='word_1_399' title='bbox 1249 1794 1419 1838; x_wconf 78' lang='lat' dir='ltr'>opificibus</span> <span class='ocrx_word' id='word_1_400' title='bbox 1444 1800 1498 1828; x_wconf 87' lang='lat' dir='ltr'>aut</span> <span class='ocrx_word' id='word_1_401' title='bbox 1523 1794 1678 1829; x_wconf 88' lang='lat' dir='ltr'>ministris</span> <span class='ocrx_word' id='word_1_402' title='bbox 1702 1793 1814 1839; x_wconf 86' lang='lat' dir='ltr'>petan-</span> 
     </span>
     <span class='ocr_line' id='line_1_82' title="bbox 1078 1848 1813 1893; baseline 0.005 -14"><span class='ocrx_word' id='word_1_403' title='bbox 1078 1853 1128 1880; x_wconf 87' lang='lat' dir='ltr'>tur</span> <span class='ocrx_word' id='word_1_404' title='bbox 1148 1858 1228 1892; x_wconf 89' lang='lat' dir='ltr'>quae</span> <span class='ocrx_word' id='word_1_405' title='bbox 1246 1848 1399 1891; x_wconf 87' lang='lat' dir='ltr'>petenda,</span> <span class='ocrx_word' id='word_1_406' title='bbox 1421 1852 1453 1881; x_wconf 87' lang='lat' dir='ltr'>et</span> <span class='ocrx_word' id='word_1_407' title='bbox 1469 1848 1587 1883; x_wconf 89' lang='lat' dir='ltr'>dentur</span> <span class='ocrx_word' id='word_1_408' title='bbox 1604 1859 1686 1893; x_wconf 88' lang='lat' dir='ltr'>quae</span> <span class='ocrx_word' id='word_1_409' title='bbox 1708 1848 1813 1884; x_wconf 88' lang='lat' dir='ltr'>danda</span> 
     </span>
     <span class='ocr_line' id='line_1_83' title="bbox 1076 1907 1817 1934; baseline 0.005 -1"><span class='ocrx_word' id='word_1_410' title='bbox 1076 1907 1159 1934; x_wconf 86' lang='lat' dir='ltr'>sunt.</span> <span class='ocrx_word' id='word_1_411' title='bbox 1815 1931 1817 1933; x_wconf 94' lang='lat'>.</span> 
     </span>
    </p>

    <p class='ocr_par' dir='ltr' id='par_1_15' title="bbox 1074 1955 1813 2321">
     <span class='ocr_line' id='line_1_84' title="bbox 1120 1955 1812 2000; baseline 0.007 -13"><span class='ocrx_word' id='word_1_412' title='bbox 1120 1955 1163 1988; x_wconf 88' lang='lat' dir='ltr'>De</span> <span class='ocrx_word' id='word_1_413' title='bbox 1199 1955 1349 1999; x_wconf 90' lang='lat' dir='ltr'>reliquo,</span> <span class='ocrx_word' id='word_1_414' title='bbox 1389 1961 1514 1999; x_wconf 88' lang='lat' dir='ltr'>tempus</span> <span class='ocrx_word' id='word_1_415' title='bbox 1550 1957 1812 2000; x_wconf 88' lang='lat' dir='ltr'>pomeridianum</span> 
     </span>
     <span class='ocr_line' id='line_1_85' title="bbox 1076 2009 1813 2052; baseline 0.008 -14"><span class='ocrx_word' id='word_1_416' title='bbox 1076 2017 1178 2051; x_wconf 76' lang='lat' dir='ltr'>usque</span> <span class='ocrx_word' id='word_1_417' title='bbox 1203 2009 1243 2041; x_wconf 89' lang='lat' dir='ltr'>ad</span> <span class='ocrx_word' id='word_1_418' title='bbox 1270 2019 1421 2052; x_wconf 90' lang='lat' dir='ltr'>vesperas</span> <span class='ocrx_word' id='word_1_419' title='bbox 1441 2009 1555 2041; x_wconf 89' lang='lat' dir='ltr'>studiis</span> <span class='ocrx_word' id='word_1_420' title='bbox 1578 2013 1610 2042; x_wconf 89' lang='lat' dir='ltr'>et</span> <span class='ocrx_word' id='word_1_421' title='bbox 1626 2010 1758 2043; x_wconf 87' lang='lat' dir='ltr'>lectioni</span> <span class='ocrx_word' id='word_1_422' title='bbox 1776 2010 1813 2044; x_wconf 85' lang='lat' dir='ltr'>li·</span> 
     </span>
     <span class='ocr_line' id='line_1_86' title="bbox 1075 2061 1813 2105; baseline 0.005 -12"><span class='ocrx_word' id='word_1_423' title='bbox 1075 2062 1208 2094; x_wconf 90' lang='lat' dir='ltr'>brorum</span> <span class='ocrx_word' id='word_1_424' title='bbox 1238 2061 1454 2105; x_wconf 86' lang='lat' dir='ltr'>spiritualium</span> <span class='ocrx_word' id='word_1_425' title='bbox 1482 2062 1697 2105; x_wconf 87' lang='lat' dir='ltr'>impendatur.</span> <span class='ocrx_word' id='word_1_426' title='bbox 1723 2064 1813 2097; x_wconf 90' lang='lat' dir='ltr'>Lice-</span> 
     </span>
     <span class='ocr_line' id='line_1_87' title="bbox 1075 2113 1811 2160; baseline 0.007 -15"><span class='ocrx_word' id='word_1_427' title='bbox 1075 2113 1121 2145; x_wconf 92' lang='lat' dir='ltr'>bit</span> <span class='ocrx_word' id='word_1_428' title='bbox 1138 2119 1245 2147; x_wconf 88' lang='lat' dir='ltr'>tamen</span> <span class='ocrx_word' id='word_1_429' title='bbox 1272 2115 1436 2148; x_wconf 86' lang='lat' dir='ltr'>ordinarie</span> <span class='ocrx_word' id='word_1_430' title='bbox 1462 2115 1597 2158; x_wconf 84' lang='lat' dir='ltr'>singulis</span> <span class='ocrx_word' id='word_1_431' title='bbox 1623 2116 1811 2160; x_wconf 87' lang='lat' dir='ltr'>septimanis</span> 
     </span>
     <span class='ocr_line' id='line_1_88' title="bbox 1075 2168 1812 2213; baseline 0.008 -15"><span class='ocrx_word' id='word_1_432' title='bbox 1075 2168 1186 2207; x_wconf 83' lang='lat' dir='ltr'>semel,</span> <span class='ocrx_word' id='word_1_433' title='bbox 1212 2173 1274 2208; x_wconf 85' lang='lat' dir='ltr'>aut,</span> <span class='ocrx_word' id='word_1_434' title='bbox 1293 2179 1353 2212; x_wconf 88' lang='lat' dir='ltr'>pro</span> <span class='ocrx_word' id='word_1_435' title='bbox 1378 2169 1505 2202; x_wconf 90' lang='lat' dir='ltr'>ratione</span> <span class='ocrx_word' id='word_1_436' title='bbox 1523 2170 1735 2213; x_wconf 86' lang='lat' dir='ltr'>tempestatis,</span> <span class='ocrx_word' id='word_1_437' title='bbox 1757 2170 1812 2204; x_wconf 88' lang='lat' dir='ltr'>ali-</span> 
     </span>
     <span class='ocr_line' id='line_1_89' title="bbox 1075 2221 1810 2266; baseline 0.007 -14"><span class='ocrx_word' id='word_1_438' title='bbox 1075 2221 1204 2264; x_wconf 87' lang='lat' dir='ltr'>quando</span> <span class='ocrx_word' id='word_1_439' title='bbox 1230 2221 1326 2254; x_wconf 88' lang='lat' dir='ltr'>etiam</span> <span class='ocrx_word' id='word_1_440' title='bbox 1345 2222 1403 2263; x_wconf 88' lang='lat' dir='ltr'>bis,</span> <span class='ocrx_word' id='word_1_441' title='bbox 1418 2222 1456 2255; x_wconf 87' lang='lat' dir='ltr'>ad</span> <span class='ocrx_word' id='word_1_442' title='bbox 1483 2233 1613 2266; x_wconf 90' lang='lat' dir='ltr'>campos</span> <span class='ocrx_word' id='word_1_443' title='bbox 1634 2224 1810 2264; x_wconf 86' lang='lat' dir='ltr'>ambulare,</span> 
     </span>
     <span class='ocr_line' id='line_1_90' title="bbox 1074 2274 1783 2321; baseline 0.006 -15"><span class='ocrx_word' id='word_1_444' title='bbox 1074 2274 1174 2317; x_wconf 76' lang='lat' dir='ltr'>petita</span> <span class='ocrx_word' id='word_1_445' title='bbox 1200 2279 1232 2308; x_wconf 89' lang='lat' dir='ltr'>et</span> <span class='ocrx_word' id='word_1_446' title='bbox 1257 2275 1390 2308; x_wconf 74' lang='lat' dir='ltr'>obtenta</span> <span class='ocrx_word' id='word_1_447' title='bbox 1414 2275 1545 2309; x_wconf 77' lang='lat' dir='ltr'>licentia</span> <span class='ocrx_word' id='word_1_448' title='bbox 1568 2276 1783 2321; x_wconf 88' lang='lat' dir='ltr'>superiorum.</span> 
     </span>
    </p>

    <p class='ocr_par' dir='ltr' id='par_1_16' title="bbox 1074 2327 1809 2477">
     <span class='ocr_line' id='line_1_91' title="bbox 1117 2327 1809 2373; baseline 0.006 -14"><span class='ocrx_word' id='word_1_449' title='bbox 1117 2327 1204 2360; x_wconf 80' lang='lat' dir='ltr'>Hora</span> <span class='ocrx_word' id='word_1_450' title='bbox 1229 2328 1321 2361; x_wconf 82' lang='lat' dir='ltr'>tertia</span> <span class='ocrx_word' id='word_1_451' title='bbox 1347 2339 1498 2372; x_wconf 86' lang='lat' dir='ltr'>vesperae</span> <span class='ocrx_word' id='word_1_452' title='bbox 1516 2330 1715 2370; x_wconf 87' lang='lat' dir='ltr'>cantandae,</span> <span class='ocrx_word' id='word_1_453' title='bbox 1737 2335 1809 2373; x_wconf 88' lang='lat' dir='ltr'>post</span> 
     </span>
     <span class='ocr_line' id='line_1_92' title="bbox 1074 2380 1807 2425; baseline 0.005 -14"><span class='ocrx_word' id='word_1_454' title='bbox 1074 2390 1152 2422; x_wconf 71' lang='lat' dir='ltr'>&lt;luas</span> <span class='ocrx_word' id='word_1_455' title='bbox 1177 2380 1216 2413; x_wconf 87' lang='lat' dir='ltr'>ab</span> <span class='ocrx_word' id='word_1_456' title='bbox 1242 2381 1320 2414; x_wconf 80' lang='lat' dir='ltr'>hora</span> <span class='ocrx_word' id='word_1_457' title='bbox 1346 2383 1459 2425; x_wconf 73' lang='lat' dir='ltr'>quarta</span> <span class='ocrx_word' id='word_1_458' title='bbox 1477 2392 1579 2425; x_wconf 87' lang='lat' dir='ltr'>usque</span> <span class='ocrx_word' id='word_1_459' title='bbox 1598 2382 1636 2415; x_wconf 93' lang='lat' dir='ltr'>ad</span> <span class='ocrx_word' id='word_1_460' title='bbox 1662 2382 1807 2425; x_wconf 90' lang='lat' dir='ltr'>quintam</span> 
     </span>
     <span class='ocr_line' id='line_1_93' title="bbox 1074 2433 1804 2477; baseline 0.004 -12"><span class='ocrx_word' id='word_1_461' title='bbox 1074 2433 1168 2466; x_wconf 88' lang='lat' dir='ltr'>lectio</span> <span class='ocrx_word' id='word_1_462' title='bbox 1186 2434 1361 2477; x_wconf 87' lang='lat' dir='ltr'>spiritualis</span> <span class='ocrx_word' id='word_1_463' title='bbox 1379 2434 1449 2474; x_wconf 87' lang='lat' dir='ltr'>erit,</span> <span class='ocrx_word' id='word_1_464' title='bbox 1466 2440 1500 2467; x_wconf 93' lang='lat' dir='ltr'>ut</span> <span class='ocrx_word' id='word_1_465' title='bbox 1513 2440 1585 2468; x_wconf 89' lang='lat' dir='ltr'>ante</span> <span class='ocrx_word' id='word_1_466' title='bbox 1604 2435 1725 2467; x_wconf 88' lang='lat' dir='ltr'>dictum</span> <span class='ocrx_word' id='word_1_467' title='bbox 1744 2440 1804 2468; x_wconf 89' lang='lat' dir='ltr'>est.</span> 
     </span>
    </p>

    <p class='ocr_par' dir='ltr' id='par_1_17' title="bbox 1123 2486 1807 2531">
     <span class='ocr_line' id='line_1_94' title="bbox 1123 2486 1807 2531; baseline 0.004 -13"><span class='ocrx_word' id='word_1_468' title='bbox 1123 2486 1229 2519; x_wconf 80' lang='lat' dir='ltr'>Coena</span> <span class='ocrx_word' id='word_1_469' title='bbox 1264 2486 1354 2519; x_wconf 76' lang='lat' dir='ltr'>finita</span> <span class='ocrx_word' id='word_1_470' title='bbox 1373 2514 1379 2526; x_wconf 93' lang='lat'>,</span> <span class='ocrx_word' id='word_1_471' title='bbox 1418 2497 1476 2531; x_wconf 87' lang='lat' dir='ltr'>per</span> <span class='ocrx_word' id='word_1_472' title='bbox 1516 2488 1654 2520; x_wconf 89' lang='lat' dir='ltr'>mediam</span> <span class='ocrx_word' id='word_1_473' title='bbox 1691 2488 1807 2522; x_wconf 88' lang='lat' dir='ltr'>horam</span> 
     </span>
    </p>

    <p class='ocr_par' dir='ltr' id='par_1_18' title="bbox 1108 2547 1633 2588">
     <span class='ocr_line' id='line_1_95' title="bbox 1108 2547 1633 2588; baseline 0.004 -14"><span class='ocrx_word' id='word_1_474' title='bbox 1108 2547 1118 2574; x_wconf 86' lang='lat'>1</span> <span class='ocrx_word' id='word_1_475' title='bbox 1140 2547 1249 2575; x_wconf 87' lang='lat' dir='ltr'>Videtur</span> <span class='ocrx_word' id='word_1_476' title='bbox 1269 2548 1423 2577; x_wconf 85' lang='lat' dir='ltr'>addendum</span> <span class='ocrx_word' id='word_1_477' title='bbox 1444 2551 1511 2577; x_wconf 80' lang='lat' dir='ltr'>ante</span> <span class='ocrx_word' id='word_1_478' title='bbox 1529 2549 1568 2588; x_wconf 75' lang='lat' dir='ltr'>(a.</span> <span class='ocrx_word' id='word_1_479' title='bbox 1585 2549 1633 2584; x_wconf 87' lang='grc' dir='ltr'><strong>τ.).</strong></span> 
     </span>
    </p>
   </div>
   <div class='ocr_carea' id='block_1_6' title="bbox 1821 152 2003 182">
    <p class='ocr_par' dir='ltr' id='par_1_19' title="bbox 1821 152 2003 182">
     <span class='ocr_line' id='line_1_96' title="bbox 1821 152 2003 182; baseline 0.022 -4"><span class='ocrx_word' id='word_1_480' title='bbox 1821 152 1870 179; x_wconf 80' lang='lat' dir='ltr'>An.</span> <span class='ocrx_word' id='word_1_481' title='bbox 1891 152 1918 181; x_wconf 90' lang='lat' dir='ltr'>C.</span> <span class='ocrx_word' id='word_1_482' title='bbox 1939 153 2003 182; x_wconf 70' lang='lat'>1686</span> 
     </span>
    </p>
   </div>
  </div>
 </body>
</html>
