2111 3157
0 250 44 304 An.
61 274 87 302 C.
111 273 176 300 1683

772 272 984 297 rnnocnnrms
1006 273 1038 296 xr
1062 258 1112 296 pp,

499 329 606 351 1Ux1Us.

222 369 270 398 Die
292 379 321 399 xr
343 369 444 406 liuius,
469 371 555 399 missa
578 372 691 399 cantata
717 368 857 398 solemnis
883 368 918 397 de

181 416 210 446 S.
234 417 364 447 Barnaba
387 418 525 456 apostolo.

221 465 271 494 Die
293 475 356 503 xni,
381 466 468 495 missa
491 465 629 495 solemnis
644 465 678 495 de
696 465 724 495 S.
743 464 868 494 Antonio
883 464 917 494 de

181 513 276 543 Padua
299 519 420 553 patrono
442 518 469 543 et
491 513 601 543 titulari
624 513 774 542 ecclesiae.

219 562 270 592 Die
291 571 351 600 xiv,
376 562 462 592 missa
495 565 607 591 cantata
640 569 706 590 cum
737 560 858 590 diacono
889 563 917 590 et

182 610 358 640 subdiacono
379 610 413 640 de
442 609 642 639 anniversario
675 617 727 647 pro
750 609 847 638 anima
868 609 917 638 do-

181 659 252 688 mini
275 658 393 688 Antonii
415 658 450 687 de
472 658 566 687 Bivar.

220 707 270 736 Die
291 715 339 736 vni
357 707 376 741 ¹,
393 706 422 736 S.
439 706 557 735 Antonii
572 705 606 735 de
624 705 731 743 Padua,
748 705 833 734 missa
850 713 917 733 can-

180 759 237 785 tata
269 754 304 784 de
341 753 539 783 anniversario
578 762 630 792 pro
666 753 765 782 anima
798 752 916 782 Antonii

180 803 281 839 Pinto3
319 802 479 842 cappellani
511 801 619 831 habent
650 810 701 841 pro
734 801 917 839 eleemosyna.

181 855 295 881 scutum
317 859 420 880 unum.

220 895 270 925 Die
291 903 372 933 xxiv,
396 895 482 924 missa
507 898 620 924 cantata
647 894 785 924 solemnis
807 893 842 923 de
864 903 915 923 na-

181 943 291 973 tivitate
311 943 341 974 S.
364 943 480 973 Ioannis
502 943 658 982 Baptistae.

220 992 269 1021 Die
291 1000 374 1026 xxix,
388 991 475 1021 missa
498 995 611 1021 cantata
633 991 770 1021 solemnis
783 991 817 1020 de
829 990 913 1021 Ss.a-

181 1040 299 1080 postolis
321 1040 407 1070 Petro
430 1044 458 1070 et
479 1040 579 1070 Paulo.

496 1097 601 1118 imas.

219 1137 270 1168 Die
292 1146 318 1168 ιν
340 1138 427 1168 huius
454 1137 581 1174 mensis,
605 1137 691 1168 missa
723 1136 912 1176 pontificalis,

180 1196 253 1226 quae
274 1186 384 1216 solebat
404 1186 544 1216 celebrari
567 1194 633 1215 cum
659 1185 772 1224 capella
804 1185 863 1214 ΕΕ.
887 1188 915 1214 et

180 1235 248 1265 ΒΗ.
272 1235 474 1271 cardinalium,
497 1234 581 1264 modo
603 1243 670 1264 vero
692 1233 779 1263 missa
801 1236 914 1262 cantata

180 1284 319 1314 solemnis
350 1283 386 1313 de
417 1283 446 1313 S.
479 1282 641 1312 Elisabetha
677 1282 780 1319 regina
813 1281 915 1310 Portu-

180 1331 295 1370 galliae.
433 1324 435 1327 ¹

219 1380 269 1410 Die
284 1389 362 1418 xxn,
379 1380 466 1410 missa
481 1383 593 1409 cantata
611 1378 748 1408 solemnis
763 1378 798 1407 de
812 1377 841 1408 S.
858 1377 915 1406 Ma-

180 1429 312 1467 gdalena.

220 1477 269 1507 Die
290 1485 362 1515 xxv,
386 1477 473 1507 missa
495 1480 609 1506 cantata
624 1475 762 1506 solemnis
777 1474 811 1504 de
826 1474 855 1505 S.
872 1474 915 1504 la-

181 1525 253 1556 cobo
274 1525 414 1565 apostolo,
431 1529 459 1555 et
473 1524 668 1564 applicabitur
683 1533 734 1563 pro
752 1523 850 1553 anima.
868 1522 915 1553 do-

181 1574 253 1604 mini
276 1574 394 1604 Antonii
415 1574 450 1604 de
465 1573 560 1604 Bivar.

467 1630 628 1652 AUGUSTUS.

220 1669 270 1701 Die
291 1679 309 1700 v
330 1670 417 1700 huius
439 1671 559 1707 mensis,
591 1669 678 1699 missa
700 1672 813 1698 cantata
844 1668 917 1697 sole-

182 1719 258 1748 mnis
278 1718 313 1748 de
334 1718 516 1748 dedicatione
538 1717 640 1747 Beatae
662 1716 766 1746 Mariae
791 1715 916 1754 Virginis

182 1767 217 1796 ad
239 1766 335 1797 Nives.

220 1814 270 1844 Die
291 1823 320 1853 x,
344 1814 431 1844 missa
452 1817 564 1844 cantata
586 1812 724 1843 solemnis
745 1812 774 1842 S.
791 1811 917 1841 Lauren-

183 1862 218 1892 tii
239 1863 386 1902 martyris.

221 1911 271 1941 Die
292 1919 342 1949 xv,
365 1911 452 1941 missa
474 1914 588 1940 cantata
621 1909 758 1940 solemnis
789 1909 824 1938 de
856 1908 917 1946 glo-

183 1959 343 1990 riosissirna
364 1959 568 1999 Assumptione
595 1959 698 1988 Beatae
727 1957 832 1987 Mariae
854 1956 917 1986 Vir-

183 2008 270 2047 ginis.

223 2056 272 2086 Die
286 2064 356 2095 xxv,
373 2056 458 2086 missa
475 2059 588 2086 cantata
604 2054 740 2086 solemnis
755 2055 789 2085 de
804 2053 833 2084 S.
850 2053 918 2084 Bar-

184 2104 344 2135 tholomaeo
365 2104 505 2144 apostolo.

458 2160 639 2183 snpranssnn.

223 2200 273 2231 Die
293 2209 353 2238 vm,
377 2201 464 2231 missa
486 2204 601 2230 cantata
627 2198 767 2230 solemnis
788 2198 822 2228 de
844 2197 918 2228 nati-

185 2250 272 2280 vitate
294 2251 324 2281 B.
348 2251 454 2281 Mariae
477 2249 616 2287 Virginis.

225 2297 273 2326 llie
295 2304 354 2333 xxv,
372 2297 458 2326 missa
480 2299 593 2326 cantata
616 2294 756 2325 solemnis
778 2293 813 2324 de
835 2293 919 2323 Exal-

188 2345 293 2374 tatione
315 2346 343 2375 S.
368 2345 478 2375 Crucis.

227 2394 275 2423 llie
307 2402 365 2430 xvi,
395 2394 481 2423 missa
510 2397 621 2423 cantata
653 2392 689 2422 de
720 2390 918 2421 anniversario

189 2451 240 2480 pro
262 2443 358 2471 anima
380 2442 495 2471 Antonii
511 2442 546 2471 de
563 2441 691 2471 Almeida
708 2440 830 2478 Borges3
847 2439 919 2468 obiit

190 2490 242 2519 hac
263 2491 320 2519 nie.

230 2538 277 2567 llie
293 2547 355 2572 xxi,
373 2539 457 2568 missa
475 2542 587 2568 cantata
603 2537 741 2567 solemnis
756 2536 789 2566 de
804 2535 833 2566 S.
851 2535 919 2565 Mat-

191 2587 275 2616 thaeo
297 2587 435 2625 apostolo.

225 2645 238 2670 1
261 2644 359 2670 Forsan
382 2648 458 2669 xvm.
480 2644 518 2669 vel
540 2645 575 2668 „rx
593 2644 732 2671 octavam.
748 2644 796 2675 τ.).

1000 319 1048 348 Die
1063 327 1148 356 xxix,
1166 317 1253 347 missa
1269 319 1381 346 cantata
1397 314 1535 345 solemnis
1552 313 1586 344 de
1601 313 1628 343 S.
1645 313 1688 343 Mi

960 367 1058 396 cliaele
1079 365 1263 403 archangelo.

1254 422 1396 443 ocrossan.

999 464 1048 493 Die
1060 471 1141 501 xvnr,
1158 463 1244 492 missa
1261 466 1373 492 cantata
1389 460 1527 491 solemnis
1542 460 1578 490 de
1594 459 1623 490 S.
1639 459 1692 489 Lu-

959 520 991 540 ca
1014 511 1201 548 evangelista.

998 560 1048 589 Die
1074 569 1127 596 xx,
1161 559 1247 588 missa
1280 562 1393 588 cantata
1425 566 1490 587 cum
1518 556 1639 586 diacono
1665 560 1694 586 et

959 608 1135 638 subdiacono
1157 608 1193 637 de
1213 607 1242 637 S.
1266 607 1348 637 Irene
1370 607 1404 636 ad
1426 606 1519 645 ipsius
1536 606 1625 635 altare
1642 614 1692 644 pro

959 657 1058 686 anima
1079 656 1188 685 domini
1209 656 1307 685 Didaci
1329 656 1421 694 Lopez
1443 655 1477 684 de
1499 654 1630 684 Francia.

998 704 1047 734 Die
1068 713 1152 738 xxm,
1168 703 1254 733 missa
1268 707 1380 733 cantata
1393 702 1530 732 solemnis
1542 702 1576 731 de
1588 702 1631 732 Ss.
1652 701 1690 731 Si-

959 761 1061 782 meone
1083 756 1112 781 et
1134 751 1213 781 Iuda.

1244 807 1409 829 novatiana.

998 849 1047 879 Die
1069 858 1077 879 1
1100 849 1188 879 huius
1209 848 1330 885 mensis,
1354 848 1441 877 missa
1474 850 1588 877 cantata
1622 846 1680 876 sole

959 898 1034 927 mnis
1055 898 1090 927 de
1113 898 1184 927 festo
1206 897 1343 927 Omnium
1364 896 1548 926 Sanctorum.

998 946 1046 975 Die
1069 954 1104 983 11,
1129 946 1216 974 missa
1239 948 1353 974 cantata
1376 944 1514 974 solemnis
1538 952 1603 973 cum
1633 943 1696 972 osti-

959 994 1003 1023 cio
1025 1002 1127 1023 novem
1151 993 1307 1022 lectionum
1338 1001 1388 1031 pro
1420 991 1695 1021 commemoratione

960 1043 1087 1072 fidelium
1109 1042 1325 1071 defunctorum.

998 1091 1048 1120 Die
1070 1099 1111 1128 111,
1135 1090 1221 1119 missa
1245 1092 1357 1118 cantata
1380 1087 1517 1118 solemnis
1549 1096 1614 1117 cum
1637 1086 1694 1116 alio

958 1139 1053 1170 officio
1076 1147 1127 1177 pro
1154 1137 1307 1167 animabus
1337 1140 1576 1175 congregatorum
1606 1135 1694 1165 huius

958 1187 1097 1217 ecclesiae
1118 1190 1146 1216 et
1167 1185 1335 1225 hospitalis,
1351 1189 1380 1215 et
1395 1183 1602 1214 convocabitur
1624 1192 1693 1213 con-

958 1236 1085 1275 gregatio
1107 1238 1138 1265 ut
1160 1235 1286 1264 assistat.

998 1285 1075 1321 Item,
1098 1283 1172 1313 infra
1194 1286 1324 1312 octavam
1340 1281 1539 1311 defunctorum
1561 1280 1695 1310 dicentur

958 1333 1032 1362 duae
1053 1332 1158 1361 missae
1184 1334 1315 1361 cantatae
1343 1330 1377 1359 de
1409 1328 1610 1359 anniversario
1642 1337 1694 1367 pro

957 1381 1056 1410 anima
1077 1379 1209 1417 Gregorii
1231 1379 1360 1408 Peixotto
1381 1378 1416 1407 de
1437 1377 1559 1407 Guerra.

998 1429 1079 1467 Item,
1108 1428 1137 1458 in
1168 1428 1269 1457 octava.
1294 1427 1496 1456 defunctorum
1527 1434 1583 1455 una
1608 1425 1694 1455 missa

958 1480 1071 1507 cantata
1093 1476 1127 1506 de
1149 1474 1349 1505 anniversario
1380 1483 1431 1512 pro
1463 1473 1562 1503 anima.
1583 1472 1693 1503 domini

958 1526 1055 1556 Didaci
1076 1525 1168 1564 Lopez
1189 1524 1224 1553 de
1245 1522 1377 1553 Francia.

963 1600 969 1607 ,
998 1574 1075 1611 Item,
1089 1573 1119 1603 in
1140 1573 1205 1612 ipsa
1226 1571 1272 1601 die
1294 1574 1411 1600 octavae
1433 1569 1505 1599 duae
1527 1568 1601 1598 aliae
1624 1567 1694 1598 mis-

959 1633 1007 1654 sae
1029 1632 1080 1662 pro
1102 1621 1199 1651 anima
1220 1619 1330 1650 domini
1349 1618 1524 1648 Ferdinandi
1546 1617 1654 1647 Nunez.

999 1671 1074 1705 Item,
1098 1673 1163 1709 post
1184 1673 1313 1699 octavam
1336 1667 1463 1696 fidelium
1489 1666 1694 1696 defunctorum

959 1724 1018 1749 tres
1039 1719 1144 1748 missae
1176 1720 1307 1747 cantatae
1333 1715 1369 1745 de
1401 1713 1598 1744 anniversario
1628 1721 1694 1742 cum

959 1765 1052 1795 tribus
1073 1764 1177 1794 officiis
1199 1763 1288 1792 trium
1310 1761 1480 1797 lectionum,
1504 1768 1561 1788 una
1581 1767 1632 1797 pro
1647 1758 1696 1787 de-

960 1815 1068 1850 functa,
1084 1813 1214 1851 reliquae
1233 1820 1285 1850 pro
1300 1810 1446 1847 defuncto,
1463 1809 1542 1838 iuxta
1559 1807 1696 1837 intentio-

960 1872 1027 1893 nem
1048 1861 1193 1901 quondam
1215 1859 1326 1889 domini
1348 1857 1483 1888 Roderici
1502 1856 1622 1886 Alvarez
1644 1854 1696 1885 Ca-

960 1910 1124 1941 stelbranco
1145 1910 1175 1939 in
1197 1907 1300 1937 diebus
1322 1916 1379 1936 non
1402 1904 1559 1944 impeditis.

999 1960 1048 1990 Die
1070 1967 1111 1989 x11
1132 1958 1230 1995 huius,
1255 1957 1341 1986 missa
1364 1958 1476 1985 cantata
1499 1952 1638 1983 solemnis
1660 1952 1695 1981 de

960 2008 988 2039 S.
1012 2008 1133 2038 Martino
1155 2006 1302 2045 episcopo;
1316 2003 1508 2043 applicabitur
1531 2010 1582 2040 pro
1598 2001 1695 2030 anima

960 2056 1071 2087 domini
1093 2055 1220 2086 doctoris
1242 2052 1357 2083 Martini
1385 2052 1512 2082 Navarro
1539 2050 1574 2080 de
1600 2048 1696 2088 Aspil-

961 2110 1059 2145 queta,
1083 2113 1148 2134 cum
1170 2112 1228 2133 uno
1250 2100 1446 2140 responsorio.

1000 2153 1051 2184 Die
1066 2162 1130 2189 xxr,
1144 2152 1231 2182 missa
1245 2152 1358 2179 cantata
1372 2148 1407 2178 de
1422 2145 1623 2176 anniversario
1644 2154 1695 2184 pro

961 2201 1059 2232 anima
1080 2199 1186 2230 Iuliani
1200 2197 1333 2236 Georgii3
1351 2195 1422 2226 obiit
1439 2196 1492 2225 hac
1506 2195 1571 2224 die:
1588 2193 1695 2223 habent

961 2249 1123 2289 cappellani
1144 2257 1196 2288 pro
1218 2246 1401 2284 eleemosyna.
1423 2248 1537 2274 scutum
1560 2251 1663 2272 unum.

1000 2299 1050 2328 Die
1070 2306 1155 2335 xxm,
1179 2296 1266 2326 missa
1289 2297 1400 2324 cantata
1432 2292 1467 2322 de
1495 2289 1694 2321 anniversario

963 2356 1013 2386 pro
1035 2345 1133 2375 anima
1155 2343 1266 2374 domini
1287 2341 1414 2372 doctoris
1436 2339 1572 2379 Gasparis
1593 2338 1627 2368 de
1642 2337 1696 2368 Sil-

963 2395 1056 2431 veira;
1080 2393 1152 2423 obiit
1167 2393 1220 2421 hac
1241 2391 1298 2420 die.

1001 2443 1051 2472 Die
1072 2449 1144 2479 xxv,
1168 2441 1254 2469 missa
1282 2437 1421 2468 solemnis
1451 2437 1485 2466 de
1514 2439 1612 2466 sancta
1644 2435 1696 2466 Ca·

963 2492 1077 2521 tliarina
1095 2489 1207 2528 virgine
1229 2492 1257 2518 et
1278 2490 1418 2527 martyre3
1435 2484 1627 2525 applicabitur
1643 2493 1694 2524 pro

962 2540 1059 2569 anima
1081 2538 1189 2568 domini
1212 2537 1329 2567 Antonii
1351 2536 1386 2565 de
1407 2535 1502 2565 Bivar.

1002 2588 1050 2617 Die
1066 2597 1141 2624 xxx,
1159 2586 1246 2615 missa
1262 2587 1375 2614 cantata
1390 2583 1530 2613 solemnis
1545 2581 1579 2612 de
1594 2581 1623 2611 S.
1637 2581 1695 2610 An-

962 2637 1030 2666 drea
1053 2634 1192 2669 apostolo.

1586 257 1650 289 477
1697 265 1735 290 An
1767 264 1795 291 c.
1817 265 1885 292 losa
