2111 3157
11 291 62 318 An.
78 289 106 317 C.
129 288 194 317 1680

62 2018 190 2040 muniuntur

11 2043 74 2066 horae
108 2048 179 2066 matun

12 2076 88 2094 noritur,
98 2072 189 2096 laudum,

12 2100 31 2118 οι
39 2098 180 2119 meditationi-

783 287 992 312 INNOCENTIUS
1015 287 1045 309 XI
1072 286 1119 309 1³1².

200 337 270 370 lans
296 339 345 371 vel
369 342 467 377 stanS,
494 337 647 370 inclinato
671 337 712 369 sit
736 345 864 379 semper
880 345 930 367 ca-

201 389 278 432 pite,
300 390 412 423 defixis
430 390 462 422 in
492 395 609 423 terram
627 389 822 432 aspectibus,
841 397 930 420 reum

201 452 234 474 se
259 442 346 474 omni
371 443 451 475 hora
483 443 521 475 de
552 442 692 485 peccatis
723 441 789 472 suis
822 439 931 472 existi-

201 505 290 527 mans
306 521 313 534 ,
348 495 410 527 iam
446 505 479 527 se
516 494 686 527 tremendo
721 493 776 525 Dei
812 492 931 524 iudicio

201 546 400 590 praesentari
426 546 592 585 existimet,
608 545 717 578 dicens
741 545 799 576 sibi
817 544 848 576 in
863 554 932 576 cor-

201 600 240 632 de
272 609 398 642 semper
428 599 506 632 illud
539 599 624 641 quod
656 597 845 640 publicanus
876 597 931 629 ille

201 652 405 694 evangelicus
424 651 492 683 fixis
517 651 548 683 in
575 656 692 683 terram
714 650 816 683 oculis
835 649 929 681 dix-it:

200 704 354 743 Domine,
381 714 444 736 non
467 714 537 735 sum
564 703 682 745 d1'9nus
712 713 766 745 eqo
789 708 932 745 peccalor

202 755 306 788 levare
328 756 433 788 oculos
457 766 540 788 meos
564 755 606 787 ad
630 755 774 788 caelum:
802 761 832 787 et
858 755 930 788 item

201 819 273 841 cum
305 808 481 852 Propheta:
506 809 700 842 Incurvalus
723 819 794 840 sum
820 812 847 840 el
873 808 930 840 Ιιιι-

200 861 350 893 milialus
373 871 442 893 sum
469 872 711 904 usquequaque.

244 914 327 956 Ergo
342 914 392 946 his
408 915 556 947 omnibus
576 914 763 946 humilitatis
782 914 932 956 gradibus

201 967 353 1006 ascensis,
380 968 559 1000 monachus
584 977 655 1000 mox
679 968 717 999 ad
743 968 931 1000 charitatem

201 1019 255 1052 Dei
274 1019 438 1061 perveniet
459 1020 557 1059 illam,
579 1030 660 1062 quae
686 1020 827 1062 perfecta
848 1020 931 1052 foras

202 1071 299 1104 mittit
316 1071 477 1111 timorem,
494 1083 551 1114 per
565 1083 659 1115 quam
673 1072 831 1111 universa,
851 1082 931 1114 quac

202 1123 290 1167 prius
304 1134 369 1156 non
384 1125 451 1157 sine
467 1124 637 1157 formidine
651 1125 847 1164 observabat,
863 1125 933 1157 abs-

203 1186 264 1218 que
282 1176 348 1208 utto
369 1176 480 1209 labore
497 1177 583 1209 velut
600 1176 788 1209 naturaliter
805 1188 840 1209 cx
859 1187 934 1209 con-

203 1229 374 1261 suetudine
399 1228 512 1272 incipit
531 1230 702 1268 custodire,
721 1239 785 1261 non
810 1230 871 1261 iam
898 1230 934 1261 ti-

202 1291 292 1313 more
327 1281 511 1323 gehennae,
538 1282 592 1314 sed
624 1292 732 1314 amore
764 1282 879 1314 Christi
905 1287 935 1314 et

204 1334 437 1366 consuetudine
463 1334 533 1377 ipsa
558 1334 641 1367 bona
665 1339 697 1366 et
721 1335 934 1367 delectatione

205 1386 366 1426 virtutum,
393 1387 476 1429 quod
502 1387 651 1419 Dominus
676 1387 737 1419 iam
764 1387 794 1419 in
820 1398 934 1429 opera-

204 1439 252 1471 rio
277 1448 334 1471 suo
359 1439 479 1472 mundo
503 1449 521 1471 a
544 1439 628 1471 vitiis
654 1445 685 1472 et
709 1440 847 1482 peccatis
867 1439 935 1482 Spi—

204 1491 266 1524 ritu
291 1491 407 1524 Sancto
433 1491 618 1534 dignabitur
643 1492 876 1524 demonstrare.

472 1557 665 1578 DECLARATIO.

242 1600 371 1639 Magistri
394 1601 570 1631 novitiorum
591 1601 815 1639 diligentissime
831 1606 933 1632 curent

204 1653 236 1678 ut
257 1653 351 1678 totum
373 1649 426 1679 hoc
448 1653 534 1688 caput
556 1649 591 1678 de
613 1649 787 1685 humilitate,
810 1649 885 1679 sicut
907 1654 934 1679 et

203 1700 290 1734 caput
311 1704 339 1725 1v
360 1696 395 1726 de
417 1696 618 1726 instrumentis
640 1696 781 1726 bonorum
801 1706 932 1736 operum,

204 1752 219 1773 a
241 1744 301 1773 suis
317 1744 434 1774 novitiis
453 1744 621 1774 memoriter
636 1748 783 1781 teneatur3
801 1746 850 1784 qui
871 1746 933 1784 qui-

203 1791 268 1821 dem
290 1792 391 1822 novitii
410 1801 467 1821 non
489 1796 573 1821 erunt
588 1792 759 1822 admittendi
775 1793 809 1822 ad
826 1794 933 1832 profes-

202 1840 313 1870 sionem
327 1864 335 1878 ,
359 1840 413 1870 nisi
430 1849 529 1869 eorum
553 1840 694 1879 profectus
716 1841 745 1870 in
768 1841 821 1870 liae
836 1842 931 1871 schola

201 1887 375 1918 humilitatis
396 1892 543 1927 appareat.

200 1953 296 1984 cim
311 1954 384 1983 vlu.
402 1972 436 1976 —-
456 1956 499 1983 De
515 1949 615 1983 divinis
631 1954 729 1992 officiis
749 1956 774 1983 in
801 1956 928 1984 noctibus.

244 2007 363 2040 Iliemis
396 2013 562 2050 tempore,
589 2007 619 2039 id
652 2013 701 2039 est
737 2019 754 2040 a
785 2009 930 2041 kalendis

200 2061 384 2094 novembris
404 2070 507 2102 usque
533 2060 571 2092 ad
597 2060 729 2099 Pascha,
747 2060 833 2093 iuxta
853 2072 928 2093 con-

199 2113 428 2146 siderationem
460 2113 593 2145 rationis
625 2114 671 2154 (a)
706 2115 816 2145 octava
847 2113 929 2146 liora

198 2166 303 2198 noctis
333 2165 529 2207 surgendum
555 2170 620 2203 est,
647 2170 681 2196 ut
712 2165 837 2198 modice
862 2177 929 2198 am-

198 2219 283 2262 plius
314 2219 353 2251 de
378 2218 484 2250 media
508 2222 601 2249 nocte
627 2218 784 2259 pulsetur,
811 2223 842 2250 et
866 2218 927 2251 iam

198 2271 314 2313 digesti
345 2275 497 2311 surgant,
526 2270 609 2312 quod
635 2280 708 2302 vero
734 2275 831 2302 restat
856 2277 929 2313 post

195 2324 331 2365 vigilias,
349 2334 366 2354 a
387 2322 549 2360 fratribus,
568 2321 621 2364 qui
640 2322 781 2364 psalterii
807 2324 856 2355 vel
882 2325 926 2356 le-

196 2378 339 2410 ctionum
368 2376 489 2419 aliquid
527 2374 692 2415 indigent,
724 2375 925 2408 meditationi

196 2428 406 2462 inserviatur:
437 2428 483 2469 (b)
509 2437 526 2458 a
550 2426 673 2458 Pascha
696 2431 800 2458 autem
824 2437 925 2468 usque

197 2482 235 2514 ad
260 2481 458 2524 supradictas
485 2479 638 2512 kalendas
672 2479 853 2511 novembris
882 2480 926 2511 sic

196 2539 395 2576 temperetur
420 2533 501 2565 hora
525 2531 704 2574 vigiliarum
729 2530 866 2571 agenda,
892 2537 926 2563 ut

197 2585 384 2628 parvissimo
402 2585 582 2623 intervallo,
601 2593 663 2626 quo
681 2583 794 2615 fratres
814 2582 851 2614 ad
872 2593 926 2616 ne-

197 2638 333 2673 cessaria
356 2648 488 2670 naturae
515 2642 639 2677 exeant,
659 2635 827 2676 custodito,
853 2645 924 2668 mox

1605 267 1667 301 287

973 332 1141 372 matutini,
1174 331 1227 374 qui
1268 329 1443 373 incipiente
1481 327 1551 361 luce
1586 324 1704 368 agendi

973 391 1058 425 sunt,
1080 385 1331 427 subsequantur⁴

1238 464 1431 486 DECLARATIO.

1012 523 1054 561 (a)
1083 531 1101 551 1.
1134 522 1234 552 Octauii
1267 522 1333 550 horst
1364 520 1528 557 surgendum
1556 521 1603 548 est.
1630 516 1703 553 Quia

972 570 1108 599 discretio
1137 571 1213 599 inter
1239 570 1403 608 potissimas
1430 569 1549 598 virtutes
1580 566 1704 596 maxime

972 618 1212 654 commendatur,
1243 622 1394 656 propterea
1426 616 1605 645 arbitramur
1635 614 1704 644 satis

974 666 1115 705 provideri
1138 665 1225 694 variis
1253 669 1421 694 naturarum
1443 663 1703 702 complexionibus,

972 715 996 744 si
1016 725 1031 743 a
1059 714 1114 743 fine
1143 713 1329 742 comestionis
1354 712 1497 742 secundae
1519 720 1635 741 mensae
1657 721 1705 740 us-

972 771 1028 801 que
1050 765 1084 791 att
1107 762 1206 790 horam
1236 760 1407 789 matutinam
1439 763 1502 788 octo
1534 759 1622 788 horae
1654 768 1704 797 pro

972 820 1072 840 somno
1090 810 1301 840 concedantur:
1320 814 1347 838 at
1365 808 1500 848 quoniam
1519 817 1619 837 omnes
1647 809 1704 837 fere

973 859 1110 888 ecclesiae
1133 858 1375 887 monasteriorum
1398 860 1572 892 nostrorum,
1592 859 1620 884 et
1642 864 1705 894 par-

974 907 1022 936 tim
1049 916 1121 945 quae
1143 907 1172 935 in
1195 905 1361 935 civitatibus
1383 905 1453 934 sitae
1475 908 1554 941 sunt,
1577 912 1592 932 a
1615 903 1706 932 fideli-

973 955 1026 984 bus
1055 955 1166 993 populis
1196 955 1436 993 frequentantur,
1461 952 1567 991 quibus
1593 951 1706 980 satisfa-

973 1012 1037 1031 cere
1069 1002 1269 1041 quoquomodo
1301 1006 1467 1031 teneremur
1488 1000 1517 1029 in
1539 999 1705 1029 divinorum

974 1051 1135 1080 officiorum
1165 1055 1192 1080 et
1214 1051 1367 1080 missarum
1390 1048 1596 1085 celebratione,
1619 1052 1705 1086 atque

974 1099 1009 1128 ob
1031 1099 1059 1128 id
1082 1108 1166 1138 saepe
1189 1108 1245 1128 non
1273 1098 1362 1137 possit
1387 1096 1570 1126 dormitionis
1591 1095 1705 1133 signum

975 1147 1084 1186 pulsari
1107 1148 1176 1177 horai
1191 1148 1281 1186 prima
1303 1147 1405 1183 noctis,
1426 1155 1479 1175 nec
1494 1144 1614 1184 proinde
1628 1153 1705 1173 com-

976 1196 1057 1225 mode
1083 1205 1201 1233 surgere
1236 1195 1369 1225 monachi
1401 1195 1468 1223 liora
1496 1195 1594 1222 octava
1625 1193 1704 1222 iuxta

975 1245 1104 1282 regulam
1139 1244 1269 1279 valeant,
1300 1248 1331 1273 ut
1362 1243 1458 1272 minus
1486 1250 1572 1280 quam
1604 1250 1705 1280 possu-

976 1302 1040 1321 nrus
1066 1292 1100 1321 al)
1122 1294 1153 1321 ea
1186 1293 1372 1328 recedamus,
1396 1290 1569 1320 declarando
1591 1290 1705 1319 ordina-

976 1350 1050 1375 mus,
1075 1344 1106 1370 ut
1128 1350 1142 1369 a
1167 1341 1223 1369 fine
1246 1349 1364 1369 mensae
1386 1338 1542 1375 secundae,
1559 1338 1618 1367 sive
1640 1347 1705 1368 coe-

976 1398 1024 1425 na,
1047 1389 1106 1417 sive
1129 1388 1336 1418 refectiuncula
1364 1387 1419 1423 sit,
1444 1386 1479 1415 ad
1506 1386 1601 1415 minus
1624 1395 1706 1425 prae-

975 1437 1116 1466 dictarum
1133 1441 1196 1466 octo
1222 1437 1359 1466 horarum
1381 1435 1506 1474 spatium
1530 1434 1705 1464 concedatur

976 1494 1067 1522 usque
1089 1484 1123 1513 ad
1147 1485 1316 1513 matutinam
1346 1483 1494 1522 synaxim3
1518 1483 1557 1512 ita
1573 1485 1615 1519 ut,
1638 1491 1704 1511 cum

975 1536 1122 1566 coenatur,
1143 1536 1287 1561 transacto
1311 1532 1396 1560 unius
1418 1532 1504 1560 horae
1526 1531 1628 1569 spatio,
1642 1530 1705 1569 pul-

974 1585 1054 1609 setur
1086 1589 1137 1619 pro
1168 1580 1288 1617 cubitu,
1325 1579 1531 1617 residuumque
1561 1579 1704 1608 dictarum

974 1629 1112 1657 horarum
1135 1629 1258 1667 spatium
1281 1628 1317 1657 sit
1339 1637 1391 1666 pro
1412 1627 1598 1657 dormitione.

1014 1686 1042 1705 n.
1067 1676 1136 1706 Cum
1161 1685 1227 1705 vero
1243 1676 1399 1713 ieiunatur,
1418 1679 1448 1705 ut
1466 1685 1480 1704 a
1497 1675 1703 1705 refectiuncula

975 1729 1127 1762 surgentes
1150 1724 1274 1753 habeant
1297 1724 1396 1753 itidem
1419 1724 1632 1762 praedictarum
1654 1724 1705 1753 lio-

975 1782 1072 1803 rarum
1105 1778 1169 1803 octo
1201 1775 1326 1812 spatium
1357 1782 1446 1812 usque
1475 1773 1509 1802 ad
1532 1773 1703 1802 matutinam

974 1822 1117 1860 synaxim,
1134 1822 1195 1850 sive
1217 1822 1394 1857 immediate,
1415 1822 1474 1850 sive
1496 1821 1593 1859 aliquo
1614 1821 1705 1850 inter-

975 1871 1068 1908 posito
1098 1870 1236 1908 temporis
1258 1870 1360 1908 spatio,
1375 1879 1426 1908 pro
1448 1869 1621 1899 dormitione
1644 1869 1704 1907 pul-

973 1923 1070 1953 setur,
1098 1918 1140 1946 sic
1166 1917 1243 1946 enlm
1266 1917 1403 1947 docemur
1428 1918 1527 1946 octava
1550 1917 1618 1946 liora
1641 1925 1704 1945 sur-

972 1975 1049 2003 gere,
1072 1965 1149 1994 iuxta
1172 1964 1311 2001 regulam.

1011 2022 1051 2042 tn.
1075 2012 1264 2051 Reliquorum
1292 2021 1359 2042 vero
1386 2012 1523 2042 horarum
1551 2012 1702 2051 dispositio

971 2062 1000 2091 in
1023 2061 1143 2090 arbitrio
1174 2061 1367 2099 praelatorum
1394 2060 1452 2098 sit,
1482 2060 1578 2090 habita
1606 2065 1701 2090 tamen

971 2109 1083 2138 ratione
1106 2109 1247 2145 locorum,
1265 2117 1455 2147 personarum
1478 2113 1505 2137 et
1526 2113 1699 2146 temporum,

970 2158 1086 2196 sintque
1108 2157 1222 2186 solliciti
1246 2157 1376 2195 praelati,
1401 2157 1511 2195 priores
1537 2161 1566 2186 et
1587 2156 1700 2194 decani,

970 2211 1000 2236 ut
1022 2206 1100 2242 (dato
1123 2205 1306 2234 dormitionis
1324 2205 1419 2242 signo)
1443 2214 1541 2234 omnes
1562 2205 1637 2234 infra
1659 2205 1702 2234 di-

970 2254 1074 2283 midiae
1097 2254 1184 2283 horae
1198 2254 1323 2291 spatium
1346 2253 1380 2281 ad
1399 2253 1486 2282 cellas
1501 2262 1531 2282 sc
1547 2252 1698 2291 recipiant,

968 2312 1000 2332 ac
1013 2302 1171 2332 dormitum
1185 2305 1262 2337 cant,
1277 2301 1416 2339 alioquin,
1431 2301 1558 2339 legitimo
1570 2306 1700 2330 cessante

968 2351 1188 2389 impedimento,
1205 2349 1293 2378 semel
1316 2353 1343 2378 et
1365 2349 1470 2378 iterum
1492 2349 1697 2388 corripiantur,

967 2399 1071 2429 deinde
1087 2398 1183 2433 etiam,
1203 2399 1292 2436 poena
1316 2397 1425 2433 addita,
1443 2397 1583 2426 severiori
1604 2406 1700 2426 corre-

967 2447 1054 2477 ctioni
1077 2445 1248 2481 subdantur,
1272 2445 1320 2484 qui
1344 2445 1579 2474 contrafecerint.

1007 2496 1049 2534 (b)
1071 2503 1109 2524 lv.
1134 2495 1156 2523 A
1181 2494 1285 2523 Pascha
1307 2499 1404 2523 autem.
1428 2494 1650 2532 Praeterquam,
1673 2493 1698 2522 si

967 2543 1130 2582 praedictus
1147 2542 1209 2571 dies
1225 2542 1313 2571 festus
1332 2546 1497 2571 occurreret
1510 2550 1608 2571 mense
1623 2540 1699 2579 apri-

967 2591 1016 2627 lis,
1040 2600 1096 2629 que
1119 2595 1262 2629 tempore,
1286 2590 1498 2628 dispensando,
1518 2588 1698 2618 declaramus

967 2639 1142 2669 meridianae
1175 2642 1287 2678 tempus
1315 2637 1498 2667 dormitionis
1528 2636 1656 2676 incipere
1680 2644 1697 2667 a

1713 276 1766 302 Ant
1787 274 1814 302 C.
1835 274 1901 300 1050
