2111 3157
221 168 268 196 Λιι.
290 168 319 196 c.
343 167 408 195 toas
454 160 518 193 κοῦ

411 218 616 252 introducere
642 218 672 250 in
691 216 760 249 aliis
777 219 906 258 posset,
929 215 1015 258 quod
1041 220 1147 248 tamen

411 271 631 306 necessarium
657 275 704 303 est
723 269 900 311 unicuique
926 268 1042 311 priori.

454 335 556 358 xxxix.
575 323 606 356 Si
631 328 737 355 autem
763 321 1006 354 confirmatores
1032 331 1068 353 ex
1094 322 1146 354 ali-

410 381 473 422 qua
496 375 680 411 rationabili
716 376 810 407 eausa
844 373 1057 406 iudicaverint
1079 384 1145 406 non

409 441 481 465 esse
517 428 773 463 confirmandum
809 428 970 466 electum,
1003 426 1145 459 scribent

408 490 470 518 tam
497 483 558 527 ipsi
584 492 679 527 quam
706 481 938 514 conventuales
964 481 1143 513 reverendo

405 537 488 581 patri
508 547 579 570 cum
601 536 697 579 plena
716 534 946 567 informatione
965 534 1062 566 totius
1088 544 1144 566 ne-

405 591 501 633 gocii,
527 590 579 633 qui
605 599 664 632 pro
686 590 740 620 sua
765 587 938 631 prudentia
963 591 994 619 et
1017 592 1143 620 maturo

405 643 543 676 consilio
569 640 773 675 confirmabit
796 642 845 674 vel
870 640 1046 673 infirmabit
1078 642 1142 674 ele-

404 696 554 734 ctionem,
579 700 634 728 aut
658 694 753 728 aliter
776 694 907 727 orbatae
933 693 1041 726 domui
1067 704 1142 737 pro-

401 749 533 788 videbit,
544 748 629 781 sicut
642 747 703 780 sibi
718 746 833 780 melius
848 746 1027 779 secundum
1042 746 1140 780 Deum

401 801 564 835 videbitur
584 800 748 844 expedire.

444 865 494 888 xi„
526 854 616 893 Quod
652 853 678 886 si
713 853 837 886 nullum
873 853 1141 896 impedimentum

401 907 585 941 invenerint
608 907 640 940 in
659 908 800 950 persona
820 907 933 946 electa,
952 916 1012 938 nec
1030 906 1061 938 in
1081 906 1140 938 tor-

399 963 451 994 ma
475 960 655 1000 electionis,
682 959 820 992 termino
842 959 881 992 ad
907 959 1138 1002 opponendum

400 1019 525 1054 exacto,
552 1013 791 1047 confirmabunt
814 1013 905 1045 illum
938 1012 969 1044 in
996 1012 1047 1044 die
1072 1023 1137 1045 non

400 1068 481 1101 sesto
495 1067 540 1099 sic
554 1067 608 1109 (‘):
631 1066 761 1099 dicente
779 1065 952 1108 principali
970 1064 1139 1098 confirma-

399 1125 488 1154 tore:
516 1131 528 1149 <z
547 1119 608 1152 Nos
634 1119 706 1152 talis
730 1124 762 1151 et
785 1118 858 1151 talis
884 1118 1024 1150 humiles
1050 1119 1137 1161 prio-

397 1183 451 1207 res
470 1173 638 1206 domorum
652 1172 688 1204 N.
706 1171 797 1211 etN.,
813 1170 909 1204 electi
927 1181 986 1214 per
1006 1181 1061 1203 vos
1087 1172 1136 1204 vel

398 1226 543 1269 deputati
578 1236 636 1269 per
671 1225 886 1258 reverendum
916 1229 1042 1267 patrem
1066 1224 1138 1257 Car-

398 1279 524 1312 thusiae
556 1279 595 1312 ad
630 1278 883 1322 praesidendum
914 1283 1039 1310 vestrae
1071 1278 1137 1310 ele-

398 1332 710 1370 ctioni,auctoritate
729 1336 923 1364 statutorum
941 1336 1135 1371 nostrorum,

397 1384 623 1418 confirmamus
640 1385 730 1417 vobis
749 1384 780 1417 in
799 1385 944 1428 priorem
966 1384 1061 1416 huius
1079 1385 1136 1416 do-

396 1448 467 1470 mus
499 1438 718 1471 venerandum
750 1443 875 1480 patrem
906 1437 1071 1470 dominum
1096 1437 1132 1470 N.

396 1490 579 1535 professum
604 1491 651 1523 vel
676 1491 830 1523 vicarium
855 1490 927 1523 talis
953 1490 1081 1529 domus,
1101 1491 1133 1523 ln

397 1544 527 1577 nomine
553 1544 670 1583 Patris,
690 1550 720 1576 et
744 1544 826 1583 Filii,
847 1548 880 1576 et
903 1543 1041 1586 Spiritus
1058 1543 1135 1576 San-

398 1596 439 1630 oti
458 1608 489 1629 i.
508 1596 546 1629 Et
573 1597 773 1639 respondeat
799 1601 986 1635 conventus,
1015 1596 1131 1629 Amen.

396 1649 567 1683 Sciendum
585 1655 634 1682 est
651 1655 767 1689 autem,
788 1650 882 1692 quod,
901 1649 1047 1692 quamvis
1071 1650 1135 1682 ele-

396 1702 521 1736 ctiones
547 1702 659 1735 diebus
685 1703 774 1735 sestis
800 1703 958 1735 Ecclesiae
982 1704 1031 1736 vel
1049 1702 1135 1735 Ordi-

395 1756 446 1788 nis
466 1756 552 1789 licite
570 1755 640 1789 fieri
665 1755 805 1797 valeant,
825 1756 1064 1799 assignationes
1090 1761 1135 1788 ta-

395 1819 470 1842 men
490 1810 712 1849 terminorum,
733 1820 816 1852 quae
837 1810 918 1842 siunt
934 1820 992 1852 per
1009 1809 1134 1852 priores

395 1869 540 1902 vocatos,
560 1864 597 1896 ad
620 1863 853 1906 opponendum
872 1869 984 1896 contra
1004 1863 1136 1896 electio-

398 1916 447 1949 nis
474 1917 606 1949 formam
633 1921 665 1948 et
688 1927 861 1959 personam
887 1917 991 1955 electi,
1015 1916 1135 1949 debent

397 1969 515 2002 cadere
536 1969 568 2002 in
595 1969 678 2002 diem
702 1980 765 2002 non
793 1969 946 2009 festivam,
973 1974 1005 2001 et
1022 1969 1072 2001 die
1091 1969 1136 2001 se-

396 2021 466 2055 riali
494 2022 695 2055 confirmatio
713 2023 784 2066 ipsa
800 2022 882 2062 fieri,
902 2033 972 2055 cum
991 2022 1031 2054 sit
1047 2028 1134 2054 actus

397 2075 570 2108 iudicialis.

441 2138 505 2162 κω.
533 2129 628 2161 Facta
653 2129 751 2171 igitur
777 2128 1136 2171 confit·matione‚pote-

397 2187 472 2214 runt
496 2182 752 2221 confirmatores,
774 2182 838 2215 imo
856 2182 951 2214 etiam
970 2181 1136 2214 debebunt

432 2252 455 2285 ·)
470 2252 618 2279 Ordinatio
633 2253 705 2279 anni
720 2259 854 2279 MDCxLth,
868 2262 878 2277 «
892 2251 1002 2283 Quando
1014 2260 1045 2278 ex
1057 2259 1135 2286 prae·

397 2294 548 2322 sidentibus
559 2297 684 2322 electioni
697 2297 757 2323 novi
771 2296 867 2330 prioris
879 2305 947 2322 unus
964 2296 1085 2329 moritur,
1097 2296 1136 2322 vel

398 2339 424 2366 iu
450 2341 566 2374 priorem
591 2340 717 2375 eligitur,
744 2341 812 2367 alter
837 2349 888 2368 non
911 2344 1065 2376 praesumat
1079 2340 1136 2366 siue

399 2384 470 2410 sorio
486 2384 602 2411 electum
618 2385 792 2418 confirmare3
808 2386 853 2412 sed
876 2390 998 2412 teneatur
1017 2385 1048 2411 ad
1065 2384 1136 2411 hunc

400 2431 489 2454 actum
510 2436 658 2455 convocare
679 2429 795 2464 priorem
816 2430 953 2456 vicinioris
968 2429 1135 2459 Carthusiae,

401 2471 452 2500 vel.
465 2479 497 2498 eo
512 2472 650 2506 impedito,
666 2475 827 2500 monachum
840 2474 1018 2509 antiquiorem
1033 2473 1136 2507 profes-

401 2515 474 2542 sione
490 2516 609 2543 eiusdem
631 2518 765 2544 vicinioris
789 2519 957 2553 Cartliusme,
978 2522 1005 2545 ut
1029 2518 1136 2545 insimul

400 2560 432 2587 ad
454 2560 683 2587 confirmationem
704 2562 782 2589 electi
803 2562 957 2590 deveniant.
981 2572 993 2588 ι)

993 167 1170 191 ΒἩΗᾹΠΗΜ
1197 167 1348 192 ΠΟῚΗΝΓΜ

1189 216 1221 249 in
1237 216 1353 249 virtute
1370 220 1498 248 sanctae
1516 216 1722 250 obedientiae
1738 217 1926 261 praecipere

1189 269 1289 312 priori
1314 270 1430 308 electo,
1452 274 1489 301 ut
1509 269 1660 302 electioni
1685 271 1877 311 consentiat,
1894 276 1926 304 et

1187 323 1275 356 illam
1301 328 1490 366 exequatur.
1509 322 1743 365 significabunt
1767 327 1875 356 tamen
1895 325 1924 357 ei

1187 376 1442 416 confirmatores,
1463 375 1488 408 si
1515 376 1631 408 absens
1656 375 1709 415 sit,
1731 380 1837 409 utrum
1854 376 1924 419 ipse

1187 431 1243 462 sua
1267 434 1383 472 sponte
1409 428 1564 462 accedere
1589 428 1705 461 debeat
1728 428 1767 461 ad
1793 428 1922 465 domum

1187 482 1218 515 in
1244 493 1307 526 qua
1333 483 1392 519 fuit
1416 483 1560 515 electus:
1582 492 1621 515 an
1647 487 1796 525 expectet
1819 482 1924 516 donec

1186 535 1300 579 aliquis
1318 536 1357 569 ab
1376 535 1455 580 ipsis
1474 535 1693 578 designandus
1718 535 1864 568 mittatur
1881 535 1920 569 ad

1185 600 1268 629 eum,
1286 590 1339 633 qui
1366 600 1438 622 eum
1465 589 1562 621 ducat
1588 594 1620 622 et
1645 588 1799 630 associet;
1825 599 1923 632 super

1185 653 1247 685 qua
1271 653 1305 675 re
1330 642 1390 686 ipsi
1418 641 1608 674 iudicabunt
1625 647 1655 674 et
1680 641 1808 682 facient,
1825 647 1923 685 prout

1184 695 1230 729 eis
1254 696 1369 729 melius
1396 700 1428 728 et
1452 695 1606 737 expedire
1632 694 1807 728 videbitur.

1226 759 1302 783 xm.
1322 749 1412 787 Quod
1437 749 1461 781 si
1487 748 1568 781 forte
1590 748 1662 782 talis
1688 748 1811 781 electus
1836 753 1922 782 esset

1183 813 1338 846 praesens
1365 802 1396 835 in
1418 803 1514 836 domo
1540 813 1556 835 a
1582 813 1643 845 qua
1664 802 1818 844 eligitur,
1844 801 1921 845 ipsi-

1183 861 1249 889 met
1273 855 1527 895 confirmatores,
1554 855 1709 898 alioquin,
1731 865 1803 887 cum
1824 855 1920 888 adve-

1182 909 1274 948 nerit,
1303 908 1440 942 vicarius
1471 919 1543 941 cum
1576 908 1781 952 antiquiore,
1813 908 1919 941 eundo

1182 961 1213 993 in
1245 961 1423 999 ecclesiam,
1450 960 1557 1005 ipsum
1589 961 1622 993 in
1658 960 1919 1004 praedecessoris

1182 1015 1381 1047 transferunt
1405 1015 1531 1047 locum:
1558 1014 1679 1057 ibique,
1700 1014 1779 1046 sacta
1800 1013 1919 1047 oratio-

1180 1077 1232 1107 ne,
1259 1073 1291 1100 et
1310 1067 1396 1100 dicto
1426 1067 1519 1100 Pater
1540 1071 1646 1099 noster
1670 1072 1701 1099 et
1725 1067 1792 1100 Ave
1808 1067 1917 1099 Maria

1179 1131 1195 1153 a
1217 1121 1366 1164 quolibet
1403 1121 1434 1152 in
1471 1121 1542 1153 loco
1576 1130 1635 1152 suo
1661 1129 1758 1162 super
1783 1120 1916 1152 formam

1179 1173 1316 1215 genibus
1351 1172 1440 1206 fieris
1476 1178 1507 1205 et
1542 1172 1646 1216 capite
1682 1172 1917 1216 discooperto.

1177 1226 1311 1258 veniunt
1336 1225 1367 1258 in
1394 1226 1569 1258 claustrum
1590 1225 1760 1265 ecclesiae,
1778 1230 1810 1258 et
1827 1235 1918 1258 acce-

1179 1280 1258 1312 dens
1273 1279 1411 1312 vicarius
1429 1279 1467 1311 ad
1487 1278 1638 1321 priorem,
1658 1278 1798 1320 genibus
1817 1278 1916 1318 flexis,

1178 1333 1301 1365 iunctas
1328 1343 1441 1365 manus
1466 1331 1566 1364 infert
1589 1331 1619 1363 in
1647 1341 1759 1363 manus
1777 1330 1916 1374 prioris,

1179 1391 1209 1418 et
1233 1386 1453 1427 interrogatus
1479 1385 1517 1417 ab
1542 1385 1625 1427 ipso,
1657 1383 1823 1416 Promittis
1846 1383 1917 1416 obe-

1177 1438 1361 1471 dientiam?
1392 1438 1579 1480 respondit,
1605 1437 1791 1477 Promitlo;
1817 1442 1850 1469 et
1881 1447 1916 1469 o-

1177 1493 1300 1524 sculata
1322 1501 1417 1523 manu
1443 1491 1511 1523 eius
1528 1517 1535 1529 ,
1560 1500 1696 1533 surgens
1727 1489 1852 1523 recedit
1875 1490 1915 1522 ad

1177 1555 1267 1577 suum
1292 1545 1420 1584 locum3
1448 1544 1599 1577 similiter
1627 1543 1703 1576 facit
1734 1548 1809 1586 post
1831 1542 1916 1576 vica-

1176 1598 1259 1631 rium
1285 1597 1460 1641 antiquior,
1487 1603 1518 1630 et
1542 1596 1641 1630 ceteri
1666 1596 1719 1629 alii
1743 1606 1803 1640 per
1821 1595 1914 1630 tordi-

1177 1662 1261 1691 nem,
1279 1651 1375 1684 etiam
1401 1651 1551 1695 hospites
1576 1651 1602 1683 si
1627 1650 1673 1683 ibi
1699 1649 1776 1690 sint,
1802 1654 1835 1684 et
1857 1660 1915 1693 po-

1176 1710 1245 1737 stea
1269 1704 1414 1737 conversi
1440 1704 1472 1736 in
1497 1704 1641 1747 capitulo
1666 1704 1823 1746 ipsorum.

1219 1767 1309 1791 xtin.
1347 1757 1524 1800 Totamque
1552 1757 1636 1790 diem
1672 1757 1760 1791 illam
1795 1757 1913 1800 gaudio

1178 1810 1377 1849 dedicantes,
1410 1816 1441 1843 et
1476 1810 1602 1843 Sextam
1627 1810 1690 1843 diei
1716 1810 1748 1842 in
1775 1810 1914 1843 eeclesia

1178 1864 1336 1896 submissa
1360 1873 1437 1896 voce
1463 1863 1617 1901 dicentes,
1644 1862 1692 1895 bis
1719 1862 1751 1895 in
1778 1862 1914 1895 refecto-

1178 1917 1226 1949 rio
1250 1916 1445 1949 comedunt:
1471 1915 1533 1948 nisi
1556 1916 1618 1948 tale
1638 1915 1734 1948 suerit
1757 1915 1913 1948 ieiunium

1178 1969 1265 2011 quod
1290 1979 1348 2011 pro
1374 1969 1454 2001 festo
1478 1968 1611 2011 capituli
1632 1968 1763 2001 minime
1787 1968 1915 2010 frange-

1177 2029 1278 2056 retur.
1310 2023 1348 2056 Et
1375 2022 1669 2062 hebdomadarius,
1703 2027 1776 2061 aut,
1805 2021 1831 2054 si
1859 2021 1915 2055 itta

1178 2077 1228 2109 die
1248 2086 1312 2108 non
1328 2075 1554 2113 celebraverit,
1573 2075 1710 2107 vicarius
1729 2074 1809 2113 eius,
1826 2084 1916 2107 men-

1178 2140 1227 2161 sas
1254 2129 1429 2161 benedicit.
1454 2129 1532 2162 Post
1559 2128 1730 2171 prandium
1754 2127 1860 2167 etiam,
1874 2126 1914 2159 ab

1178 2181 1377 2215 Exaltatione
1403 2181 1434 2214 S.
1462 2181 1570 2214 Crucis
1595 2192 1697 2224 usque
1722 2181 1760 2214 ad
1789 2181 1915 2213 Adven-

1179 2242 1254 2274 tum,
1281 2241 1313 2268 et
1337 2246 1353 2268 a
1378 2235 1545 2268 Nativitate
1576 2234 1702 2267 Domini
1736 2244 1840 2277 usque
1875 2234 1912 2266 ad

1178 2288 1480 2331 Quadragesimam,
1508 2292 1674 2331 utramque
1692 2287 1815 2320 Nonam
1839 2287 1916 2319 sub-

1179 2344 1327 2386 iungunt.
1355 2343 1389 2375 ln
1416 2347 1536 2375 aestate
1561 2352 1637 2375 vero
1654 2341 1775 2374 Nonam
1797 2340 1837 2374 de
1862 2340 1914 2373 dic

1180 2401 1302 2428 tantum
1328 2396 1424 2439 paulo
1450 2400 1523 2437 post
1548 2394 1718 2428 meridiem
1749 2393 1781 2426 in
1811 2393 1916 2426 eecle-

1179 2449 1223 2481 sia
1245 2449 1366 2488 dicant,
1393 2449 1570 2492 praemissa
1595 2448 1626 2480 in
1652 2446 1743 2480 cellis
1759 2445 1849 2479 Nona
1875 2445 1914 2478 de

1181 2502 1271 2534 beata
1290 2502 1410 2542 Maria;
1437 2507 1468 2535 et
1493 2502 1524 2534 in
1547 2501 1658 2544 gratiis
1684 2500 1818 2543 agendis
1843 2503 1915 2542 post

1179 2554 1349 2597 prandium
1376 2560 1407 2588 ct
1431 2565 1576 2595 coenam,
1598 2553 1724 2587 veniam
1749 2562 1815 2586 non
1839 2550 1916 2586 aeci-

1929 169 1975 196 Αιι.
1995 168 2026 196 C.
2048 169 2111 198 ¹688
