2111 3157
132 213 228 240 amc.
249 213 316 241 lose
362 204 425 239 708

325 263 469 297 dinarios
500 268 531 297 et
559 264 737 306 delegatos,
768 261 865 294 etiam
892 269 1063 293 causarum

325 317 437 361 palatii
462 316 634 360 apostolici
659 314 833 354 auditores,
863 312 997 347 iudicari
1033 317 1065 345 et

326 370 453 403 definiri
480 370 610 409 debere,
636 379 671 401 ae
699 367 823 400 irritum
854 372 885 400 et
909 366 1005 399 inane
1038 365 1062 398 si

325 434 416 456 secus
443 433 542 466 super
567 422 616 454 liis
643 433 660 454 a
677 430 851 464 quoquam,
871 419 980 463 quavis
1008 428 1064 451 au-

325 476 481 514 ctoritate,
505 475 644 507 scienter
668 474 716 506 vel
741 473 942 516 ignoranter,
961 471 1064 505 conti-

325 529 409 571 gerit
425 527 589 560 attentari.

368 582 381 624 ς
406 580 436 613 5.
464 580 531 613 Non
551 580 756 613 obstantibus
774 577 1063 613 constitutionibus

325 640 357 668 et
382 634 643 668 ordinationibus
676 632 864 676 apostolicis
880 660 887 673 ,
916 642 962 670 ac,
987 641 1064 674 qua-

324 694 417 722 tenus
443 699 525 732 opus
550 688 600 727 sit,
628 687 703 720 dicti
728 686 868 726 Ordinis,
894 686 988 718 etiam
1016 685 1064 716 iu-

323 747 480 781 ramento,
512 741 759 775 confirmatione
792 739 979 782 apostolica,
1015 739 1063 770 vel

325 795 436 839 quavis
461 794 611 827 firmitate
644 794 707 826 alia
732 792 905 831 roboratis,
938 790 1063 823 statutis

324 854 356 881 et
380 847 682 887 consuetudinibus,
711 844 892 889 privilegiis
919 854 1060 887 quoque,

323 901 458 935 indultis
484 907 515 934 et
540 901 656 934 litteris
681 898 871 942 apostolicis
893 898 924 929 in
942 903 1064 929 contra-

323 955 407 988 rium
434 954 687 998 praemissorum
714 950 964 996 quomodolibet
988 960 1064 983 con-

323 1008 426 1042 cessis
453 1007 653 1041 contirmatis
679 1011 710 1038 et
734 1004 920 1044 innovatis,
948 1003 1064 1046 quibus

323 1062 474 1095 omnibus
507 1066 538 1094 et
571 1060 721 1103 singulis,
761 1059 893 1091 illorum
933 1061 1064 1089 tenores

322 1114 550 1159 praesentibus
576 1124 636 1156 pro
671 1114 768 1156 plene
802 1116 833 1145 et
865 1110 1065 1143 sufficienter

323 1167 485 1211 expressis
507 1178 542 1200 ac
562 1166 692 1199 insertis
712 1165 885 1204 habentes,
906 1163 970 1196 illis
987 1158 1064 1194 alias

322 1221 355 1254 in
381 1232 437 1254 suo
471 1221 590 1253 robore
625 1218 870 1263 permansuris,
900 1216 939 1249 ad
972 1225 1065 1259 prae-

322 1275 495 1308 missorum
522 1273 681 1312 ellectum,
708 1273 768 1305 hac
794 1272 861 1305 vice
888 1271 1062 1308 dumtaxat,

323 1328 510 1372 specialiter
535 1332 566 1360 et
591 1337 744 1370 expresse
770 1326 986 1368 derogamus3
1013 1333 1065 1355 cc-

323 1381 468 1424 terisque
494 1380 664 1413 contrariis
690 1379 960 1422 quibuscumque.

368 1434 382 1477 g
410 1433 441 1465 6.
475 1433 625 1465 volumus
666 1437 774 1464 autem
811 1436 845 1462 ut
877 1428 1062 1462 earumdem

324 1486 545 1531 praesentium
570 1485 751 1518 litterarum
771 1481 990 1525 transumptis,
1008 1491 1062 1512 scu

327 1539 496 1582 exemplis,
522 1538 618 1571 etiam
646 1537 825 1580 impressis
852 1546 948 1568 manu
970 1533 1066 1566 alicu-

325 1593 374 1626 ius
395 1592 511 1626 notarii
536 1591 659 1635 publici
683 1589 888 1632 subscriptis,
906 1594 938 1621 et
957 1587 1065 1629 sigillo

326 1655 487 1690 personae
510 1645 541 1677 in
569 1643 787 1677 ecclesiastica
810 1642 966 1684 dignitate
991 1650 1067 1672 con·

327 1701 459 1733 stitutae
491 1697 645 1737 munitis,
671 1697 784 1729 eadem
819 1705 952 1739 prorsus
985 1692 1065 1725 sides

326 1753 448 1796 ubique
474 1753 619 1785 locorum
653 1755 716 1782 tam
751 1749 783 1781 in
817 1747 936 1781 iudicio
970 1755 1066 1789 quam

329 1813 423 1841 extra
449 1806 529 1839 illud
556 1805 725 1844 habeatur,
759 1814 839 1847 quae
869 1802 947 1845 ipsis
979 1811 1070 1844 prac-

329 1860 478 1893 sentibus
504 1858 681 1891 haberetur
718 1856 744 1889 si
771 1857 877 1889 forent
902 1853 1068 1887 exhibitae

327 1914 379 1946 vel
402 1917 564 1945 ostensae.

372 1966 487 1999 Datum
514 1965 652 2005 nomae,
681 1964 767 2007 apud
795 1963 823 1996 S.
851 1962 981 1995 Mariam
1007 1960 1067 1993 Ma-

328 2019 430 2054 iorem
456 2019 514 2051 sub
540 2019 661 2050 annulo
696 2016 892 2055 Piscatoris‚
931 2015 982 2048 die
1007 2024 1068 2048 xvtt

329 2072 456 2115 angusti
485 2081 687 2111 nnetxxxvt,
714 2068 923 2114 pontificatus
964 2067 1068 2101 nostri

330 2136 416 2158 anno
440 2136 470 2159 x.

365 2187 424 2214 Dat.
442 2187 484 2214 die
504 2187 531 2215 17
548 2187 653 2222 augusti
673 2187 749 2221 1686,
769 2185 863 2222 pontif.
885 2192 955 2211 anno
971 2191 997 2211 x.

157 593 313 614 Contrariorum

131 620 247 645 dero-,atim

170 1440 232 1461 Fiat-2
257 1442 312 1461 tran·

129 1471 266 1493 nun-ptumus.

639 2322 765 2355 CLXIII.

910 210 1090 236 BULLAmUM
1114 210 1264 234 ROMANUM

1851 204 1901 232 An.
1922 204 1950 232 C.
1967 205 2034 234 1686

1287 256 1484 284 Innocentius
1504 256 1583 289 Papa
1602 256 1652 286 xt.

1246 302 1282 328 ad
1302 302 1435 328 futuram
1455 300 1500 327 rei
1520 299 1700 326 memoriam.

1150 364 1164 407 ἓ
1184 363 1215 396 t.
1234 361 1357 406 Exponi
1373 361 1466 394 nobis
1492 371 1597 404 nuper
1620 359 1843 393 secitdilectus
1879 372 1968 401 Species
1979 372 2035 395 taen.

1106 416 1189 450 iilius
1203 415 1426 459 Sigismundus
1442 426 1458 448 a
1472 415 1502 448 S.
1516 414 1671 458 Sylverio,
1686 414 1842 447 assistens

1106 475 1138 503 et
1162 474 1432 512 comprocurator
1463 466 1624 510 generalis
1656 466 1843 509 Congrega-

1106 523 1202 556 tionis
1227 522 1419 556 clericorum
1440 521 1637 563 regularium
1662 520 1846 563 Pauperum

1106 576 1212 609 Matris
1226 575 1281 608 Dei
1299 575 1492 608 Scholarum
1505 573 1640 613 piarum,
1660 573 1755 616 quod,
1774 582 1845 605 cum

1106 631 1191 664 dicta
1215 630 1431 673 Congregatio
1458 634 1532 672 post
1556 628 1691 662 Concilii
1713 627 1846 661 Triden-

1108 684 1164 716 tini
1189 684 1443 716 celebrationem
1468 686 1575 715 erecta
1600 681 1709 721 suerit,
1736 680 1843 714 dilecti

1106 738 1230 780 pariter
1248 737 1303 770 filii
1328 737 1436 769 clerici
1463 737 1629 779 regulares
1646 734 1748 778 ipsius
1764 734 1846 768 Con-

1106 790 1313 833 gregafionis,
1333 790 1366 822 in
1389 799 1501 822 eorum
1527 789 1667 832 capitulo
1684 787 1844 831 generali,

1106 844 1193 886 quod
1219 844 1281 876 hoc
1316 853 1400 876 anno
1431 852 1610 876 nnccxxxvr
1647 842 1846 874 celebratum

1108 897 1173 937 suit,
1193 896 1392 938 congregati,
1414 896 1646 935 decreverunt,
1671 893 1847 938 petendam

1107 960 1178 982 esse
1196 960 1213 981 a
1230 949 1323 982 nobis
1342 954 1374 981 et
1391 948 1451 981 liae
1472 948 1589 981 Sancta
1605 947 1685 980 Sede
1704 947 1847 980 declara-

1109 1004 1237 1042 tionem,
1254 1002 1340 1044 quod
1358 1001 1496 1034 essentia
1515 1011 1625 1034 eorum
1644 1000 1846 1044 paupertatis

1107 1056 1307 1098 intelligatur
1324 1055 1411 1087 iuxta
1429 1055 1563 1087 sormam
1579 1065 1595 1086 a
1610 1054 1758 1097 praefato
1771 1052 1849 1086 Con-

1107 1109 1180 1142 cilio
1205 1107 1441 1151 praescriptam
1463 1117 1534 1150 cap.
1558 1117 1594 1140 111
1619 1117 1704 1139 sess.
1722 1116 1778 1139 xxv
1806 1104 1848 1138 De

1106 1162 1282 1205 Reyular.;
1302 1171 1400 1205 qnare
1426 1161 1530 1194 dictus
1555 1159 1781 1203 Sigismundus
1799 1169 1849 1192 as-

1107 1216 1225 1249 sistens
1253 1220 1285 1248 et
1309 1219 1576 1257 comprocurator
1600 1212 1773 1256 generalis,
1800 1217 1847 1245 to-

1108 1269 1170 1302 tins
1182 1268 1452 1311 Congr-egationis
1461 1267 1626 1310 praefatae
1641 1265 1783 1306 nomine,
1796 1275 1847 1298 no-

1107 1323 1156 1355 bis
1181 1332 1280 1366 super
1302 1322 1362 1354 boc
1385 1321 1553 1354 humiliter
1577 1319 1753 1364 supplicari
1773 1318 1847 1352 fecit

1106 1380 1140 1406 ut
1159 1374 1190 1406 in
1209 1374 1396 1418 praemissis
1415 1379 1597 1417 opportune
1614 1372 1786 1416 providere
1804 1371 1843 1404 de

1105 1428 1306 1470 benignitate
1332 1427 1509 1468 apostolica
1534 1427 1751 1469 dignaremur.

1150 1483 1164 1525 ἓ
1190 1481 1220 1513 9.
1239 1481 1303 1513 Nos
1323 1481 1430 1523 igitur,
1451 1480 1594 1512 eamdem
1617 1478 1845 1522 Congregatio-
1880 1485 2038 1507 Dostaratnrut

1855 1513 1875 1533 ln
1886 1513 1977 1537 rubrica,
1986 1514 2043 1535 iuxta

1107 1545 1180 1567 nem
1195 1533 1391 1577 specialibus
1411 1533 1573 1565 favoribus
1595 1538 1626 1565 et
1644 1532 1755 1575 gratiis
1772 1541 1847 1574 pro·
1857 1539 2041 1573 emesena-053

1107 1587 1199 1630 sequi
1226 1588 1378 1625 volentes,
1396 1585 1548 1628 illiusque
1575 1585 1753 1627 singulares
1775 1594 1848 1628 per·
1858 1566 2042 1617 ¹0'.¹ni.fs{‚'s¹¹sf''x'>i'2}

1109 1650 1204 1673 sonas
1237 1651 1253 1672 a
1283 1638 1448 1682 quibusvis
1478 1637 1820 1671 excommunicationis
1839 1663 1847 1678 ,

1109 1692 1332 1735 suspensionis
1351 1697 1382 1724 et
1397 1691 1571 1730 interdicti,
1589 1690 1726 1733 aliisque
1745 1689 1849 1722 eccle-

1110 1745 1246 1778 siasticis
1269 1745 1451 1784 sententiis,
1472 1744 1617 1777 censuris
1635 1748 1668 1776 et
1685 1743 1812 1786 poenis,
1831 1752 1849 1775 a

1111 1800 1179 1832 iure
1194 1800 1241 1832 vel
1261 1800 1299 1831 ab
1314 1798 1456 1837 homine,
1480 1797 1588 1840 quavis
1611 1796 1782 1830 occasione
1800 1796 1849 1829 vel

1111 1854 1206 1885 cansa
1230 1852 1315 1891 latis,
1336 1851 1361 1883 si
1388 1851 1504 1894 quibus
1531 1849 1779 1893 quomodolibet
1802 1848 1851 1881 in-

1112 1906 1250 1938 nodatae
1277 1904 1428 1942 existunt⁷
1447 1904 1484 1936 ad
1519 1903 1668 1936 etl'ectnm
1696 1911 1850 1945 praesen-

1113 1959 1189 1992 tium
1221 1959 1386 1991 dumtaxat
1417 1957 1706 1999 consequendum,
1734 1955 1851 1988 harum

1111 2013 1195 2046 serie
1220 2012 1426 2045 absolventes
1453 2017 1483 2043 et
1501 2011 1664 2043 absolutas
1689 2010 1758 2042 fore
1776 2018 1851 2042 cen-

1112 2071 1241 2106 sentes,
1269 2064 1457 2098 huiusmodi
1483 2062 1779 2106 supplicationibus
1804 2061 1852 2094 in-

1112 2119 1232 2159 clinati,
1254 2120 1292 2151 de
1313 2117 1544 2151 venerabilium
1571 2117 1703 2149 fratrum
1729 2119 1851 2148 nostro-

1113 2184 1181 2205 rum
1207 2174 1236 2206 S.
1266 2173 1302 2205 R.
1330 2172 1364 2204 E.
1400 2170 1612 2204 cardinalium
1645 2168 1787 2212 negotiis
1819 2172 1852 2201 et

1112 2226 1403 2260 consultationibus
1432 2225 1663 2268 episcoporum
1695 2228 1726 2256 et
1758 2232 1851 2265 regu-

1113 2280 1225 2313 larium
1258 2279 1516 2323 praepositorum
1540 2276 1696 2317 consilio,
1723 2275 1852 2319 praedi-

1112 2339 1194 2366 ctam
1233 2332 1424 2375 rcligionem
1454 2332 1520 2365 sive
1557 2329 1851 2372 Congregationem

331 2392 524 2428 Declaratur
549 2393 677 2426 clericos
694 2392 859 2435 rf‘qulares
880 2391 1068 2433 Pauper-um
1089 2403 1091 2433 Ι
1112 2388 1301 2420 Scliolarum
1326 2386 1454 2419 Piarnm
1492 2395 1562 2418 esse
1600 2393 1751 2426 capacem
1776 2391 1851 2424 pos-

375 2448 492 2480 Mulris
511 2447 568 2479 Dei
592 2446 783 2479 &stolarum
809 2446 948 2478 Pan-nm
974 2436 1091 2486 capa-1
1112 2440 1237 2473 sidvndi
1272 2440 1310 2472 ad
1342 2439 1477 2472 sormam
1511 2437 1591 2470 sacri
1623 2435 1757 2469 Concilii
1783 2434 1851 2467 Tri-

376 2511 422 2533 ces
449 2511 511 2533 esse
535 2499 758 2543 possidendi&

371 2574 381 2596 t
406 2571 462 2597 Alia
482 2570 627 2596 declaratio
647 2570 718 2595 circa
738 2568 937 2603 exemptionem
958 2575 973 2594 a
992 2567 1068 2594 iuris-

1112 2494 1258 2533 dentini,
1284 2492 1478 2527 auctoritate
1508 2489 1703 2534 apostolica,
1737 2493 1850 2521 tenore

1110 2565 1151 2592 ius
1163 2565 1297 2591 Pontifieis
1314 2560 1420 2592 constit.
1438 2562 1481 2591 ed.
1499 2568 1661 2595 ninctxxxiv,
1678 2559 1720 2588 die
1737 2559 1768 2588 13
1782 2566 1851 2586 mar-

333 2615 449 2644 dietione
470 2615 675 2642 Ordinariorum
696 2618 721 2641 et
743 2614 881 2649 pririhgia
896 2617 968 2641 extat
980 2613 1005 2640 in
1019 2612 1068 2639 liu-
1110 2611 1150 2646 tii,
1172 2609 1264 2645 pontif.
1287 2616 1321 2636 lv.
