2111 3157
213 176 253 202 ltu
283 176 310 202 ci,
332 176 393 203 §1181
443 167 506 199 1¹:055

401 231 603 258 assereretur
618 224 764 258 eumdem
779 222 987 256 Verissimum
1012 221 1134 253 archie-

401 279 570 322 piscopum
588 278 664 311 olim
685 276 907 319 inquisitorem
933 273 1134 316 generalem,

402 337 594 373 ceterosque
614 330 690 363 olim
709 328 919 371 inquisitores
938 326 1133 369 praedictos,

402 394 458 416 seu
481 394 590 415 eorum
616 382 750 424 aliquos,
776 384 850 423 post
874 379 1039 411 incursum
1065 387 1135 409 sus-

401 434 569 478 pensionis
594 432 790 472 huiusmodi,
816 430 1077 464 iurisdictionem
1101 429 1134 461 in

401 488 543 521 materiis
578 487 616 519 ad
649 491 796 518 sanctum
820 482 1042 527 Inquisitionis
1066 481 1136 514 offi-

401 541 485 573 cium
516 539 716 582 praedictum
751 536 971 580 spectantibus
1002 534 1136 567 nulliter

402 599 432 627 et
458 594 497 626 de
522 593 604 625 facto
630 601 782 624 exercere
806 587 1083 633 praesumpsisse,
1104 590 1135 618 et

402 646 509 678 forsan
535 645 639 677 adhuc
659 652 878 686 praesumere,
899 650 1022 684 poenas
1038 639 1070 671 in
1088 638 1135 670 lit-

402 698 477 731 teris
502 697 622 730 nostris
647 695 819 739 praedictis
844 703 1020 737 expressas,
1046 691 1135 724 alias-

402 761 465 794 que
490 761 507 782 a
531 749 630 782 sacris
656 748 834 781 canonibus
853 752 885 779 ct
900 744 1136 778 constitutioni-

402 804 461 835 bus
479 802 665 846 apostolicis
686 806 797 833 contra
813 798 930 831 similia
947 802 1136 841 perpetran-

403 863 449 889 tes
471 855 644 898 impositas,
675 852 901 886 damnabiliter
918 850 1132 883 incurrendo:

402 919 481 947 nos,
506 907 666 939 eiusmodi
691 915 844 938 excessus
868 904 1000 936 minime
1030 902 1136 944 impu-

402 962 487 994 nitos
512 969 692 997 remanere,
719 958 775 991 sed
801 957 910 990 debita
934 955 1134 988 animadver-

402 1014 491 1047 sione
517 1011 677 1055 castigari,
699 1011 839 1053 ideoque
863 1015 1006 1042 exactam
1030 1013 1062 1040 et
1085 1017 1136 1040 ac-

403 1071 545 1100 curatam
588 1065 728 1107 desuper
767 1061 1029 1095 informationem
1064 1059 1134 1102 capi

401 1120 558 1158 volentes,
576 1123 674 1156 motu,
692 1116 839 1155 scientia,
854 1113 1088 1148 deliberatione
1106 1117 1138 1146 et

403 1171 570 1215 potestatis
583 1169 788 1214 plenitudine
803 1167 972 1205 similibus,
987 1177 1046 1210 per
1057 1166 1136 1199 alias

404 1230 528 1257 nostras
559 1223 671 1256 itidem
697 1222 729 1254 in
754 1222 856 1253 forma
881 1219 988 1253 Brevis
1024 1219 1136 1252 eadem

404 1278 455 1310 die
472 1285 556 1309 xxvii
580 1275 653 1307 maii
678 1282 838 1308 MDchxlx
863 1271 1029 1315 expeditas
1053 1271 1137 1303 litte-

403 1340 464 1369 raS,
485 1333 662 1361 memorato
681 1327 830 1359 Marcello
845 1324 1092 1367 archiepiscopo
1107 1329 1139 1356 et

404 1382 522 1415 nuncio
546 1390 674 1414 causam
693 1384 724 1412 et
748 1388 858 1411 causas
883 1377 1070 1410 eorumdem
1087 1386 1139 1408 ex-

405 1445 555 1468 cessuum
574 1441 629 1467 seu
647 1432 841 1466 delictorum
859 1436 993 1464 eatenus
1006 1430 1038 1463 in
1052 1440 1140 1473 prae·

406 1487 512 1521 missis
549 1486 663 1529 quovis
686 1485 781 1517 modo
806 1484 1051 1516 commissorum
1067 1510 1075 1523 ,
1109 1488 1140 1515 et

408 1550 530 1579 eorum,
550 1548 630 1581 quos
648 1542 680 1570 et
697 1547 780 1580 quae
799 1537 905 1569 forsan
923 1536 954 1569 in
971 1541 1139 1579 posterum

407 1592 565 1626 committi
581 1591 795 1632 contingeret,
811 1594 922 1623 contra
939 1589 1139 1631 praedictum

406 1645 610 1678 Verissimum
635 1642 914 1686 archiepiscopum
939 1641 1016 1675 olim
1036 1640 1140 1684 inqui-

407 1698 539 1730 sitorem
565 1695 773 1738 generalem,
807 1700 998 1737 ceterosque
1028 1704 1140 1726 omnes

407 1756 438 1784 et
455 1749 600 1792 singulos
617 1748 693 1781 olim
712 1746 920 1790 inquisitores
945 1746 1140 1789 praedictos,

407 1813 480 1836 cum
491 1802 577 1835 illius
591 1811 647 1834 seu
661 1801 789 1833 illarum
802 1799 1032 1838 incidentibus,
1044 1810 1141 1831 emcr-

408 1854 571 1898 gentibus,
591 1853 724 1886 annexis
749 1858 779 1886 et
800 1852 967 1891 connexis,
983 1862 1085 1894 usque
1103 1852 1141 1884 ad

408 1906 602 1941 sententiam
633 1905 829 1939 definitivam
863 1905 1025 1938 exclusive
1056 1915 1143 1938 com-

407 1960 552 1993 misimus
584 1965 616 1992 et
640 1958 925 1998 demandavimus;
951 1959 1142 1991 mandantes

408 2014 471 2057 ipsi
495 2013 645 2046 Marcello
675 2011 925 2054 archiepiscopo
950 2016 982 2044 et
1004 2011 1142 2051 nuncio,

409 2072 444 2100 ut
468 2066 555 2099 omni
581 2065 750 2108 diligentia
774 2074 962 2108 processum
987 2073 1044 2097 seu
1070 2074 1145 2107 pro-

410 2129 518 2153 cessus
547 2119 691 2162 desuper
721 2117 969 2161 quomodolibet
997 2126 1146 2150 necessa-

410 2173 476 2206 rios
508 2177 539 2205 et
571 2176 771 2215 opportunos
808 2169 1000 2203 auctoritate
1034 2169 1146 2202 nostra

413 2225 568 2258 formaret
592 2229 623 2257 et
646 2223 844 2262 conticeret,
870 2232 925 2256 seu
955 2221 1088 2255 formari
1114 2226 1146 2254 et

412 2276 525 2310 confici
557 2281 700 2316 curaret·,
726 2276 751 2308 si
784 2275 862 2319 quid
895 2279 1002 2308 autem
1035 2279 1147 2307 contra

414 2329 489 2362 illos
515 2330 707 2368 resultaret,
733 2327 979 2361 informationes
1004 2337 1041 2359 ac
1065 2337 1144 2370 pro-

414 2391 539 2414 cessum
571 2391 628 2414 seu
661 2390 837 2424 processus
872 2379 1057 2413 huiusmodi
1089 2380 1146 2412 sub

414 2444 472 2466 suo
498 2433 606 2475 sigillo
631 2433 758 2465 clausos
775 2433 813 2465 ad
835 2443 892 2466 nos
910 2432 1147 2476 quamprimum

415 2486 657 2523 transmitteret,
679 2490 712 2515 ut
736 2485 820 2527 quod
847 2485 988 2527 desuper
1005 2489 1148 2517 statuen-

416 2539 489 2571 dum
518 2538 620 2578 foret,
647 2538 770 2568 matura
796 2536 1034 2569 deliberatione
1058 2536 1170 2576 adhe,

979 170 1160 197 virtutium
1182 169 1335 194 1201thle

1920 165 1970 194 Αιι.
1988 164 2016 191 C.
2035 165 2100 194 ¹081

1178 218 1252 257 bita,
1269 219 1527 256 decerneremus,
1545 221 1576 248 et
1590 216 1667 248 alias
1688 221 1785 259 prout
1801 217 1834 248 in
1848 216 1911 248 sin-

1178 270 1260 312 gulis
1278 270 1399 303 nostris
1412 275 1443 302 et
1456 269 1623 302 memorati
1634 269 1808 302 Clementis
1822 279 1912 311 prae·

1177 322 1359 355 decessoris
1394 321 1511 355 litteris
1545 321 1741 364 praedictis,
1775 332 1909 363 quarum

1177 379 1307 406 tenores
1332 373 1558 416 praesentibus
1583 383 1643 416 pro
1665 373 1760 415 plene
1778 378 1810 405 et
1826 373 1912 404 suffi-

1177 425 1302 458 cienter
1325 425 1487 469 expressis
1509 430 1542 458 et
1565 425 1692 458 insertis
1718 425 1832 458 haberi
1858 435 1912 458 vo-

1177 478 1299 517 lumus,
1323 477 1456 510 uberius
1482 477 1678 510 continetur.

1221 530 1236 572 ἓ
1259 529 1291 563 3.
1317 529 1394 563 Cum
1410 534 1517 562 autem
1541 530 1671 563 tandem
1689 530 1751 563 duo
1765 541 1802 563 ex
1820 541 1914 573 prae·
1948 549 2051 570 mmm,
2067 556 2104 571 „„

1178 581 1272 614 dictis
1295 582 1509 625 processibus,
1528 593 1608 625 quos
1632 582 1665 614 in
1689 582 1838 616 manibus
1861 576 2021 622 εῑι-ξξῗξξζῇῖζ,
2037 577 2103 625 ζ’,φζζ

1177 634 1313 676 pradicti
1327 634 1469 668 Marcelli
1486 635 1725 678 archiepiscopi
1743 641 1774 667 et
1790 635 1910 675 nuncii,
1922 629 2016 650 ‘mmm'

1177 687 1260 719 sicut
1284 686 1503 730 praemittitur
1521 714 1528 727 ,
1564 687 1749 730 consignari
1773 698 1907 731 praece-

1177 750 1327 783 peramus
1344 767 1352 780 ,
1386 750 1422 772 ex
1448 740 1610 773 Lusitania
1633 741 1673 773 ad
1697 747 1910 774 memoratu-m

1178 793 1373 825 Ludovicum
1404 792 1686 836 archiepiscopum
1719 793 1794 826 dicti
1826 794 1911 827 Petri

1178 845 1333 888 principis
1350 850 1383 878 et
1398 846 1624 887 gubernatoris
1646 850 1808 878 oratorem
1825 847 1910 888 apud

1178 908 1237 930 nos
1251 898 1404 931 etSedem
1418 897 1615 941 praedictam
1633 898 1798 930 residente
1811 903 1912 931 trans-

1178 951 1288 991 missi,
1314 956 1347 984 et
1371 951 1623 994 Congregationi
1648 952 1911 995 supradictorum

1178 1004 1393 1038 cardinalium
1438 1003 1639 1046 generalium
1684 1003 1911 1047 inquisitorum

1178 1056 1264 1089 iussu
1289 1061 1401 1090 nostro
1425 1055 1546 1096 traditi,
1571 1066 1608 1088 ac
1632 1055 1671 1088 ab
1695 1056 1750 1089 illa
1774 1056 1913 1099 inspecti

1179 1113 1212 1141 et
1242 1108 1377 1141 discussi
1413 1108 1553 1148 fuerint,
1577 1108 1718 1151 indeque
1752 1107 1914 1141 sufficiens

1180 1160 1290 1193 habita
1306 1160 1403 1193 fucrit
1421 1160 1537 1194 notitia
1561 1169 1616 1193 seu
1641 1160 1828 1193 informatio
1842 1161 1914 1193 illo-

1180 1224 1271 1253 rum,
1297 1213 1337 1246 de
1369 1213 1484 1256 quibus
1516 1212 1644 1246 edoceri
1676 1213 1912 1256 cupiebamus;

1180 1265 1242 1308 ipsi
1274 1275 1352 1298 vero
1385 1264 1586 1305 cardinales,
1618 1265 1737 1297 habitis
1771 1266 1857 1298 inter
1880 1275 1914 1298 sc

1180 1317 1290 1350 multis
1315 1317 1545 1360 congressibus
1575 1327 1673 1361 super
1697 1317 1840 1360 querelis
1863 1328 1915 1350 su-

1181 1370 1399 1412 pradictorum
1417 1369 1677 1403 Christianorum
1696 1369 1860 1403 Novorum
1884 1375 1916 1403 et

1182 1423 1437 1465 gravaminibus,
1462 1433 1545 1466 quae
1569 1423 1629 1455 sibi
1654 1422 1767 1455 inferri
1792 1433 1916 1456 assere-

1180 1476 1269 1516 bant,
1282 1477 1452 1520 quaerelas
1469 1481 1501 1508 et
1517 1476 1702 1518 gravamina
1719 1476 1915 1516 huiusmodi,

1183 1529 1351 1572 variasque
1373 1529 1549 1571 scripturas
1567 1539 1583 1561 a
1600 1529 1754 1571 partibus,
1773 1534 1805 1562 et
1824 1539 1917 1572 prae-

1182 1582 1291 1615 sertim
1308 1592 1324 1614 a
1340 1582 1456 1616 dilecto
1480 1581 1548 1614 filio
1573 1582 1766 1625 Hieronymo
1787 1582 1917 1623 Suarez,

1182 1647 1245 1670 uno
1271 1647 1307 1670 ex
1332 1634 1512 1667 minoribus
1546 1637 1793 1680 inquisitoribus
1818 1639 1920 1673 dicto-

1183 1702 1253 1723 rum
1279 1700 1466 1733 regnorum,
1485 1690 1538 1733 qui
1561 1701 1620 1733 pro
1646 1692 1775 1724 tuendis
1796 1692 1919 1726 iuribus

1183 1750 1213 1779 et
1237 1745 1326 1788 stylis
1350 1743 1518 1776 tribunalis
1543 1749 1671 1777 sanctae
1694 1746 1919 1789 Inquisitionis

1183 1798 1371 1832 eorumdem
1402 1807 1579 1839 regnorum
1614 1798 1653 1830 ad
1686 1799 1769 1832 lianc
1800 1800 1919 1833 almam

1184 1852 1302 1885 Urbem
1326 1851 1422 1890 venit,
1439 1850 1472 1882 in
1493 1851 1596 1893 eaque
1621 1851 1661 1884 de
1686 1853 1848 1895 praesenti
1874 1865 1922 1887 re-

1185 1906 1278 1945 sidet,
1296 1911 1474 1948 porrectas,
1501 1905 1750 1948 diligentissime
1776 1911 1808 1940 ct
1832 1918 1922 1941 accu-

1185 1958 1345 1991 ratissime
1363 1957 1578 1990 discusserint
1597 1962 1627 1990 et
1646 1959 1920 2000 examinaverint;

1186 2011 1240 2044 sed
1258 2011 1390 2049 interea,
1408 2015 1557 2043 cessante
1581 2016 1716 2054 propter
1739 2012 1922 2055 suspensio-

1187 2074 1262 2096 nem
1287 2063 1503 2106 supradictam
1527 2063 1758 2101 iurisdictione
1776 2064 1922 2098 eiusdem

1188 2116 1371 2156 tribunalis,
1389 2116 1535 2149 locorum
1550 2115 1719 2157 Ordinarii‚
1734 2117 1849 2160 quibus
1867 2119 1924 2151 du-

1187 2174 1278 2202 rante
1302 2168 1518 2212 suspensione
1545 2169 1728 2203 huiusmodi
1754 2170 1787 2203 in
1818 2171 1923 2205 causis

1189 2222 1227 2254 ad
1245 2222 1443 2265 praedictum
1456 2221 1681 2266 Inquisitionis
1699 2222 1841 2256 officium
1858 2235 1926 2270 spe-

1189 2274 1350 2308 ctantibus
1374 2274 1574 2318 procedendi
1607 2275 1812 2317 facultatem,
1843 2277 1927 2311 sicut

1190 2338 1286 2371 supra
1310 2338 1501 2372 expressum
1523 2333 1581 2369 est,
1597 2328 1825 2370 tribueramus,
1842 2330 1928 2363 eius-

1189 2380 1276 2413 modi
1308 2380 1462 2414 facultate
1496 2385 1632 2425 propter
1666 2381 1753 2414 varia
1783 2382 1928 2426 impedi-

1190 2438 1299 2466 menta
1322 2433 1373 2466 usi
1398 2444 1463 2466 non
1489 2433 1625 2474 suerint;
1652 2434 1728 2467 inde
1753 2445 1829 2468 vero
1857 2446 1930 2477 gra-

1190 2485 1353 2518 vissimum
1385 2486 1518 2529 puritati
1552 2487 1734 2519 catholicae
1760 2487 1929 2530 religionis

1190 2537 1222 2569 in
1248 2537 1356 2581 regnis
1386 2538 1564 2582 praedictis
1599 2539 1830 2573 detrimentum
1863 2541 1930 2579 sive
