2111 3157
0 198 18 218 t.
38 187 68 217 C.
85 186 152 215 1679

0 831 6 846 s
16 826 142 847 auctoritate

0 852 100 873 esurientis
122 854 143 872 et.

0 884 53 899 teum
67 884 142 900 eausa-

0 911 14 927 ι.

156 241 193 269 ut
228 234 460 270 inviolabiliter
496 234 683 268 observetur
721 234 889 278 praedicta

157 289 345 322 constitutio
360 288 450 322 Pauli
463 288 498 328 V,
513 288 625 331 Nuper
642 299 661 320 a
678 287 780 327 nobis,
799 287 843 319 ita
855 292 890 318 ut

156 343 263 375 solum
279 352 338 385 per
354 341 542 374 scrutinium
567 347 727 374 secretum
752 339 889 372 schedu-

155 395 277 434 larum,
301 394 397 428 toties
427 394 626 433 iterandum,
652 393 737 425 intra
762 398 888 434 tempus

156 458 349 480 concessum
384 447 578 480 electoribus
609 446 647 478 ad
680 444 886 487 eligendum,

155 501 283 543 quoties
309 510 390 542 opus
417 498 533 537 fuerit,
559 497 746 530 huiusmodi
772 497 887 529 electio

154 553 204 585 vel
231 552 406 584 electiones
432 551 470 583 de
495 555 602 582 cetero
627 550 727 582 fiant:
760 549 886 581 irritum

154 615 190 637 ac
207 605 302 638 inane
326 605 396 647 ipso
418 604 499 636 facto
518 609 549 635 et
569 603 690 645 absque
708 603 769 634 alia
787 603 887 634 deela-

153 657 280 690 ratione
310 657 520 688 decernentes
547 654 573 686 si
598 664 688 687 secus
715 665 813 696 super
838 654 886 685 liis

153 709 265 752 quovis
296 708 393 741 modo
424 707 493 739 fieri
526 708 575 740 vel
603 707 753 739 attentari
778 706 883 739 conti-

154 762 250 804 gerit.

197 824 240 847 lv.
267 813 306 846 Ut
330 813 402 847 lites
427 818 458 846 et
483 812 675 851 discordiae,
696 822 777 855 quae
803 812 885 844 circa

154 867 378 899 auctoritatem
418 870 449 898 et
489 864 744 897 iurisdictionem
784 864 884 906 patris

153 918 366 962 praesidentis
398 923 430 950 et
457 917 600 950 iudicum
631 927 798 949 causarum
826 917 885 948 frc-

153 978 292 1015 quenter
309 970 386 1004 oriri
412 971 528 1010 solent,
547 969 676 1012 penitus
702 980 885 1001 removean-

152 1029 225 1063 tur,
253 1024 454 1056 declaramus
478 1022 663 1065 praedictos
688 1027 795 1064 patres
820 1023 885 1054 nul-

152 1079 215 1110 lam
233 1077 355 1109 habere
380 1075 600 1108 auctoritatem
618 1085 672 1107 seu
694 1074 886 1106 iurisdictio-

152 1140 227 1162 nem
259 1139 335 1162 voce
368 1128 469 1160 activa
500 1129 549 1160 vel
586 1127 714 1170 passiva
747 1127 884 1169 aliquem

152 1182 308 1226 privandi,
339 1187 392 1214 aut
416 1182 454 1213 ab
480 1181 641 1213 electione
667 1180 882 1218 excludendi,

152 1245 258 1278 neque
284 1244 382 1267 novos
408 1243 578 1277 processus
604 1233 643 1265 ad
668 1233 728 1265 hos
755 1231 885 1264 effectus

152 1288 202 1319 vel
220 1287 258 1319 ad
275 1286 416 1329 aliquem
435 1295 545 1318 eorum
562 1283 808 1319 conficiendum.
826 1284 883 1315 nisi

153 1341 256 1372 solum
272 1344 408 1382 propter
424 1347 514 1369 casus
539 1337 685 1369 notorios
702 1337 784 1368 intra
806 1337 884 1368 duos

152 1401 282 1425 menses
313 1396 385 1423 ante
416 1389 609 1423 electionem
635 1389 735 1431 patris
761 1389 885 1431 proxin-

153 1443 243 1477 cialis
269 1448 481 1485 emergentes,
501 1447 532 1475 et
549 1447 707 1485 quatenus
726 1452 781 1473 reo
799 1442 885 1473 nulla

154 1497 299 1530 defensio
326 1496 420 1528 etiam
446 1495 622 1538 probabilis
649 1495 687 1527 de
712 1494 782 1525 iure
800 1504 886 1526 com-

153 1555 253 1594 petat,
284 1559 320 1582 ac
344 1548 529 1581 huiusmodi
555 1558 661 1590 poena
689 1547 736 1579 vel
762 1556 885 1589 poenae

153 1603 224 1646 ipso
251 1603 331 1635 facto
356 1601 560 1633 incurrantur
577 1601 626 1632 vel
650 1600 800 1632 incursae
821 1599 885 1631 fuc-

153 1655 231 1687 rint.
259 1654 387 1686 Priores
410 1658 517 1685 antem
541 1663 730 1694 suspensos,
752 1657 784 1683 et
807 1651 887 1683 alios

155 1716 376 1750 quoscumque
408 1715 490 1744 reos,
516 1705 568 1747 qui
595 1715 612 1736 a
636 1710 726 1746 patre
752 1703 884 1746 provin-

155 1759 227 1791 ciali
242 1764 275 1791 et
288 1757 512 1791 definitoribus
526 1762 597 1789 ante
611 1757 795 1799 praedictos
809 1757 888 1787 duos

155 1822 282 1845 menses
317 1811 452 1844 iudicari
493 1810 655 1843 definitive
681 1820 745 1841 non
771 1815 885 1851 potue-

157 1870 242 1903 runt,
257 1863 390 1896 servatis
405 1862 579 1898 servandis,
591 1862 717 1904 privare
728 1866 887 1903 poterunt,

157 1917 334 1950 dummodo
361 1922 466 1948 tamen
491 1926 582 1947 casus
608 1914 796 1957 privationis
826 1914 889 1945 siut

157 1969 190 2002 in
207 1968 492 2002 constitutionibus
509 1967 663 2010 expressi,
682 1972 713 1999 et
730 1976 825 1999 causa
841 1968 889 1998 vel

743 185 955 211 INNOCENTIUS
978 186 1008 209 Xl
1034 187 1082 209 1²1³.

1556 174 1611 209 151

931 234 1014 275 gerit
1037 235 1131 276 (cum,
1158 238 1304 277 tempore
1323 232 1501 273 electionis,
1529 234 1663 266 dolosae

931 296 965 317 ac
1002 286 1180 320 malitiosae
1215 284 1483 329 praesumantur,
1517 291 1548 318 et
1580 285 1664 318 infra

930 339 1155 372 brevissimum
1190 340 1341 373 horarum
1378 339 1550 372 terminum
1587 339 1662 371 novi

930 402 1102 434 processus
1135 397 1231 434 prout
1256 392 1294 424 de
1320 391 1406 430 iure,
1431 396 1461 424 et
1490 391 1662 434 praecipue

930 444 1014 475 circa
1030 444 1214 476 huiusmodi
1240 454 1360 485 causas,
1380 448 1491 486 utpote
1516 442 1661 475 altiorem

930 496 1132 538 requirentes
1158 496 1354 538 indaginem,
1375 496 1569 528 iudicialiter
1589 496 1662 528 sul]-

930 547 1092 586 stantiari,
1122 548 1302 590 assertique
1328 548 1373 580 rei
1395 549 1462 580 sinc
1487 559 1598 581 corum
1627 560 1661 581 a:

930 600 1024 632 etiam
1049 600 1216 632 electionis
1240 600 1440 642 praeiudicio
1465 601 1595 644 privari,
1612 603 1662 635 vel

929 652 968 684 ab
993 653 1153 684 electione
1179 652 1312 690 excludi,
1332 658 1385 684 aut
1409 653 1521 695 privati
1543 655 1592 686 vel
1614 665 1662 686 ex-

929 705 1010 737 clusi
1036 705 1194 738 declarari
1220 715 1283 737 non
1310 706 1459 748 possint),
1475 717 1528 738 eas
1549 717 1660 739 omnes

929 763 961 789 ct
985 757 1137 799 singulas,
1152 758 1189 789 ad
1216 757 1454 800 praescriptum
1479 764 1661 791 nostrarum

929 811 1358 852 constitutionum‚part.111,
1376 821 1446 853 cap.
1466 821 1519 849 v11,
1536 822 1609 842 num
1628 821 1660 851 u,

928 864 942 905 ς’
965 862 993 901 9,
1008 863 1190 904 defim'lorio
1212 863 1335 895 scilicet
1358 863 1484 896 noviter
1509 864 1661 905 eligendo

928 916 1084 957 reseram3
1112 920 1142 947 et
1167 915 1378 947 nibilominus
1401 916 1440 947 ad
1466 916 1662 949 electionem

928 976 957 1001 et
982 968 1159 1001 electiones
1189 969 1247 999 sub
1282 968 1516 1011 protestatione
1551 969 1663 1001 admit-

930 1026 1030 1053 tatur:
1064 1021 1188 1053 irritum
1221 1032 1257 1053 ac
1289 1021 1384 1054 inane
1418 1021 1490 1065 ipso
1524 1022 1606 1054 facto
1631 1029 1663 1055 et

928 1074 1050 1116 absque
1086 1073 1147 1106 alia
1189 1072 1405 1105 declaratione
1448 1074 1662 1106 decernentes

929 1125 1084 1168 quidquid
1110 1136 1204 1157 secus
1230 1135 1329 1167 super
1354 1125 1404 1157 his
1429 1125 1540 1168 quovis
1566 1125 1661 1158 modo

929 1178 996 1210 lieri
1013 1179 1061 1210 vel
1080 1178 1229 1210 attentari
1248 1177 1430 1219 contigerit.
1451 1177 1540 1210 Unde
1563 1179 1663 1210 verba

928 1230 981 1262 illa
994 1230 1230 1272 praedictarum
1246 1230 1520 1269 constitutionum,
1532 1230 1662 1264 ibidem:

928 1284 974 1315 ,tr
1000 1283 1038 1314 de
1062 1283 1254 1314 habentibus
1285 1293 1388 1314 vocem
1425 1287 1490 1314 tam
1522 1283 1662 1315 activam

928 1345 1023 1376 misem
1055 1336 1218 1376 passivam
1248 1344 1374 1366 onmem
1410 1337 1662 1367 controversiam

928 1387 1108 1419 dirimant:
1136 1393 1167 1419 et
1191 1387 1246 1419 illa
1271 1388 1285 1430 ξ
1310 1387 1330 1419 li
1351 1387 1494 1420 eiusdem
1520 1388 1659 1430 capitis:

928 1440 965 1471 Si
988 1441 1061 1482 quis
1084 1440 1207 1471 noverit
1232 1451 1376 1479 causam,
1401 1445 1532 1483 propter
1561 1451 1663 1483 quam

930 1504 1029 1525 rocem
1050 1494 1124 1536 quis
1148 1493 1286 1525 activum
1306 1493 1351 1525 rel
1365 1494 1528 1536 passivum
1548 1494 1664 1525 habere

931 1556 989 1577 uon
1016 1545 1124 1577 debeat
1149 1546 1182 1577 in
1208 1547 1370 1588 praesenti
1393 1546 1536 1588 capitulo
1551 1573 1559 1584 ‚
1593 1556 1663 1578 eam

931 1598 1045 1639 referat
1063 1597 1225 1629 iudicibus
1242 1608 1437 1635 camaracum
1455 1598 1664 1630 conformiter

931 1651 968 1681 ad
989 1650 1070 1681 lianc
1090 1650 1340 1682 declarationem
1362 1649 1576 1691 intelligenda
1592 1660 1663 1682 esse

932 1703 1139 1739 declaramus,
1165 1707 1466 1744 consequenterque
1496 1712 1606 1734 omnes
1632 1707 1664 1734 et

932 1755 1074 1796 singulas
1101 1755 1285 1792 electiones,
1303 1764 1385 1796 quae
1403 1754 1461 1785 sub
1480 1754 1664 1787 huiusmodi

933 1807 1147 1840 declaratione
1165 1818 1201 1839 ac
1220 1807 1426 1840 ordinatione
1448 1808 1479 1839 in
1497 1813 1664 1850 posterum

932 1860 1111 1892 celebratae
1137 1860 1263 1898 fuerint,
1286 1859 1373 1892 iuxta
1398 1861 1495 1892 verba
1521 1860 1666 1892 eiusdem

934 1919 1044 1949 textus,
1063 1912 1132 1945 sine
1153 1912 1229 1945 vitio
1247 1918 1278 1945 et
1294 1913 1441 1945 nullitate
1458 1913 1562 1955 quoad
1582 1913 1665 1944 hanc

934 1970 1056 2007 partein
1083 1965 1280 2007 pertransire
1309 1964 1403 1996 etiarn
1429 1965 1641 1997 declaramus.

1663 172 1713 211 tin.
1730 182 1760 210 c.
1785 182 1852 210 teis

978 2028 1006 2049 v.
1027 2016 1070 2049 Ne
1088 2017 1242 2049 canonica
1259 2017 1359 2059 patris
1378 2016 1585 2059 provincialis
1604 2018 1864 2075 ele-‘'iffigcijlssogffij

935 2071 996 2104 ctio
1022 2072 1062 2104 ob
1088 2071 1350 2112 incertitudinem
1383 2070 1454 2103 facti
1480 2070 1581 2112 possit
1612 2070 1669 2102 ali·
1680 2077 1747 2097 ⁶¹³¹*-

159 2032 275 2054 causae
290 2027 401 2053 contra
415 2031 470 2052 eos
486 2019 679 2052 iudicialiter
691 2024 722 2051 et
739 2019 889 2061 legitime,

159 2075 196 2107 ad
213 2073 445 2116 praescriptum
461 2072 580 2106 decreti
598 2072 655 2104 sub
674 2082 809 2104 numero
822 2081 892 2104 xxiv

159 2125 352 2169 infrapositi,
370 2136 429 2168 per
446 2130 570 2167 patrem
588 2124 829 2166 provincialem,
843 2125 892 2156 vel

159 2189 218 2222 per
243 2179 335 2210 aliam
368 2177 544 2219 legitimam
576 2177 798 2208 auctoritatem
831 2177 888 2208 ha-

160 2231 304 2269 bentem,
333 2229 481 2262 actitatae
503 2234 534 2261 et
558 2229 730 2261 conclusae
755 2229 792 2261 ad
825 2239 894 2260 sen-

161 2284 294 2316 tentiam
321 2282 403 2314 sint:
425 2281 512 2319 alias,
533 2281 558 2312 si
580 2281 731 2313 adversus
757 2281 893 2324 aliquem

163 2346 199 2368 ex
218 2335 361 2378 patribus
378 2344 489 2366 vocem
507 2334 639 2365 activam
663 2334 710 2365 vel
735 2334 893 2376 passivam

164 2388 360 2421 habentibus
391 2396 611 2429 qtiaecumque
638 2386 717 2418 aliae
749 2396 861 2418 causae
876 2385 894 2425 ¹,

164 2441 416 2480 informationes,
450 2440 730 2479 denunciatione&
763 2450 896 2472 accusa-

165 2495 271 2528 tiones
298 2495 344 2526 vel
371 2493 618 2535 protestationes
655 2491 768 2524 deduci
792 2492 894 2524 conti-

201 2557 214 2582 ¹
231 2554 322 2581 Potius
337 2562 529 2588 quascumque
544 2559 620 2580 altas
635 2561 735 2579 causas
751 2559 788 2586 itt.
804 2556 852 2586 T.).

935 2124 1064 2166 quando
1089 2123 1120 2155 in
1138 2123 1269 2156 dubium
1290 2123 1448 2162 revocari,
1471 2124 1617 2155 volumus
1638 2128 1670 2154 et

936 2176 1151 2219 praecipimus
1176 2176 1322 2218 patribus
1355 2175 1531 2208 definitorii
1557 2180 1592 2206 ut
1612 2185 1670 2207 nu-

937 2239 1057 2261 merum
1072 2228 1237 2267 vocalium,
1251 2228 1303 2271 qui
1314 2228 1351 2260 ad
1363 2228 1553 2261 electionem
1568 2228 1670 2260 active

937 2287 1179 2321 concurrerunt,
1199 2287 1229 2314 et
1249 2286 1327 2324 quot
1352 2280 1540 2314 favorabilia
1563 2280 1673 2312 sutfra-

937 2334 987 2375 gia
1013 2334 1151 2376 quisque
1176 2333 1301 2376 passive
1320 2334 1359 2365 ad
1381 2343 1450 2365 eam
1472 2343 1673 2365 concurrens

940 2397 997 2429 pro
1023 2397 1056 2419 se
1082 2386 1241 2425 babuerit,
1261 2386 1344 2418 clare
1363 2390 1394 2418 et
1415 2384 1554 2418 fideliter
1573 2384 1674 2427 expri-

939 2444 1026 2472 mant
1049 2438 1080 2471 in
1107 2438 1184 2470 actis
1209 2437 1352 2480 capituli,
1388 2448 1468 2480 quae
1493 2438 1532 2470 ad
1558 2447 1614 2470 nos
1644 2441 1676 2469 et

940 2502 1140 2524 successores
1177 2496 1304 2522 nostros
1335 2500 1393 2532 pro
1431 2490 1674 2522 confirmatume

941 2545 1116 2578 obtinenda
1149 2545 1340 2585 mittuntur·‚
1374 2543 1406 2575 in
1438 2543 1554 2586 quibus
1580 2550 1678 2577 etiam
