2111 3157
119 214 170 238 An.
197 211 225 239 c.
242 212 310 240 1086
356 204 420 238 092

158 1068 185 1087 Da
203 1067 300 1093 {tt—togato

117 1094 260 1120 subdi-legatis
281 1097 300 1116 cl

117 1123 172 1142 auis.

313 262 390 295 dum
416 262 665 305 incorporatos,
693 271 774 305 quos
807 260 970 295 inhabiles
999 261 1049 294 vel

312 315 417 348 minus
444 315 578 348 idoneos
596 315 635 348 ad
652 314 843 348 missionum
861 325 976 347 munus
993 325 1050 357 pe·
1066 353 1068 355 ‚

311 369 491 411 ragenduin
525 368 771 410 recognoveris,
805 372 837 400 et
868 367 1049 411 recipiendi

300 421 393 454 ‘alios
419 423 491 455 loco
516 421 664 463 illorum,
690 421 961 465 praememoratis
987 427 1050 454 sta-

312 475 390 507 tutis
409 474 613 508 inhaerendo
628 480 660 507 et
678 485 791 508 eorum
809 474 1048 508 observantiam

312 527 582 567 commendando,
598 528 746 571 plenarie
772 527 987 571 impartimur.
1014 527 1052 559 Et

311 580 336 612 si
362 580 478 623 aliquis
504 591 520 613 c
547 581 643 614 'sociis
668 581 740 622 tuis,
766 583 815 614 vel
842 592 859 614 e
884 581 1049 614 missiona-

310 634 366 666 riis
398 633 590 667 missionum
622 634 776 668 exercitio
801 634 997 673 vacantibus,
1017 634 1049 666 in

309 685 531 720 infirmitatem
556 692 646 720 extra
674 688 845 730 collegium
871 687 1047 728 ceciderit,

311 751 347 773 ac
361 740 393 773 in
411 740 521 784 aliquo
542 751 580 773 ex
599 740 812 774 conventibus
830 746 958 774 nostrae
974 741 1050 773 obe-

311 794 454 828 dientiae
491 794 646 827 subiectis
676 794 837 827 demorari
867 793 1049 836 eontigerit,

310 847 468 891 praedicti
499 852 680 880 conventus
706 847 855 890 superior
887 857 923 879 ac
951 846 1050 880 ceteri

310 900 459 943 religiosi
485 900 578 934 illum
603 910 707 944 usque
733 900 772 933 ad
798 900 976 943 perfectam
1001 910 1052 932 va-

311 954 493 987 letudinem
523 964 648 994 curare,
674 959 706 986 et
731 953 759 987 ei
794 953 881 986 iuxta
904 954 1051 995 regulam

311 1007 468 1040 inservire
490 1008 624 1040 omnino
650 1008 714 1040 sint
737 1006 893 1040 adstricti.

356 1060 491 1104 Insuper
519 1060 576 1093 tibi
601 1060 821 1103 permittimus
841 1087 849 1100 ,
883 1059 970 1103 quod
991 1086 998 1099 ,
1025 1059 1051 1091 si

312 1119 448 1157 propter
461 1124 612 1156 magnam
626 1113 821 1153 distantiam,
841 1119 896 1145 aut
911 1113 1050 1155 aliquam

313 1167 408 1200 aliam
434 1177 576 1206 causam,
594 1167 633 1200 ad
652 1167 775 1210 aliquas
801 1177 838 1200 ex
863 1166 1051 1210 praelibatis

314 1220 565 1253 ultramontanis
583 1225 616 1252 et
631 1219 775 1252 Indianis
793 1219 966 1263 provinciis
984 1229 1053 1262 per-

314 1273 470 1306 sonaliter
494 1273 541 1305 ire
567 1283 633 1306 non
650 1272 810 1316 potueris,
828 1272 1053 1305 auctoritatem

314 1328 353 1360 ad
378 1327 487 1360 omnia
519 1326 576 1359 illa
600 1327 806 1369 peragenda,
833 1336 915 1370 quae
948 1325 1054 1358 imme-

315 1380 399 1413 diate
425 1380 548 1413 faceres
575 1380 601 1412 si
629 1379 894 1422 praesentialiter
914 1379 1052 1418 adesses,

314 1433 410 1466 alicui
436 1433 485 1465 vel
510 1432 674 1475 aliquibus
691 1443 707 1465 e
734 1432 827 1464 sociis
854 1432 925 1473 tuis,
944 1438 998 1464 aut
1015 1433 1053 1464 al-

315 1487 377 1519 teri
407 1496 423 1518 e
455 1485 556 1518 nostri
582 1484 710 1518 Ordinis
736 1485 955 1523 missionariis,
982 1495 1053 1517 cum

315 1540 541 1583 superioritate
557 1544 589 1571 et
609 1539 813 1571 facultatibus
833 1539 890 1571 tibi
913 1538 943 1571 in
963 1549 1055 1582 prae-

315 1593 460 1626 sentibus
484 1592 602 1625 litteris
628 1592 787 1625 concessis
803 1618 810 1632 ,
841 1592 874 1624 in
904 1592 1054 1624 omnibus

317 1653 349 1679 et
373 1657 431 1690 per
455 1646 563 1679 omnia
588 1645 802 1688 subdelcgare
821 1656 857 1678 ac
881 1645 1054 1678 communi-

316 1710 389 1732 care
415 1701 541 1732 valeas:
568 1699 622 1732 ille
659 1704 766 1731 autem
803 1700 852 1732 vel
887 1698 933 1731 illi
960 1698 1053 1731 alteri

316 1753 529 1794 subdelcgare
560 1753 746 1784 nullatenus
783 1757 948 1795 poterunt.
985 1751 1053 1789 Quo

315 1816 392 1838 vero
425 1806 464 1838 ad
498 1805 677 1844 facultates,
702 1806 850 1838 volumus
881 1811 913 1837 et
939 1809 1053 1837 tenore

316 1859 537 1903 praesentium
552 1859 773 1899 concedimus,
789 1859 875 1901 quod
894 1863 934 1899 tu,
953 1865 984 1891 et
1000 1859 1054 1891 fra-

317 1918 382 1945 tres
407 1911 578 1955 praedicti,
600 1912 652 1955 qui
679 1913 717 1947 ad
735 1912 913 1955 praefatam
936 1912 1055 1944 subde-

316 1965 510 2007 legationem
536 1965 568 1997 in
590 1964 858 2008 praememoratis
881 1964 1054 2007 Hispaniae

318 2024 350 2051 et
375 2019 534 2051 indiarum
552 2018 727 2061 provinciis
745 2017 900 2061 assumpti
920 2018 1051 2057 suerint,

318 2072 430 2104 eadem
453 2072 656 2111 absolvendi,
679 2072 898 2115 dispensandi,
915 2081 1054 2104 commu-

318 2125 419 2163 tandi,
438 2130 510 2164 etc.,
530 2125 719 2157 auctoritate
741 2130 774 2157 et
792 2125 940 2157 facultate
958 2135 1055 2167 super

318 2177 453 2217 fratres,
474 2177 632 2210 moniales
658 2183 689 2210 et
713 2179 894 2210 saeculares
920 2177 952 2209 in
985 2178 1054 2210 soro

318 2231 535 2263 conscientiae
562 2231 733 2273 gaudeant,
753 2242 814 2274 qua
839 2231 985 2264 minister
1006 2241 1054 2273 ge·

319 2283 447 2323 nei-alis,
474 2284 498 2315 si
518 2284 560 2316 ibi
587 2290 683 2323 esset,
706 2285 751 2316 uti
773 2295 810 2317 ac
836 2284 895 2316 frui
920 2285 1051 2317 valeret.

318 2337 421 2379 L'tque
440 2338 623 2379 praedictae
642 2338 852 2370 auctoritates
875 2343 906 2370 et
927 2338 1055 2370 faculta-

319 2395 366 2421 tes
389 2390 504 2421 effectu
528 2402 590 2423 non
610 2396 751 2431 careant,
769 2391 921 2423 omnibus
940 2396 971 2422 et
991 2390 1055 2423 sin-

319 2442 403 2483 gulis
429 2443 596 2485 utriusque
617 2455 712 2476 sexus
732 2444 880 2486 personis
905 2444 936 2475 in
963 2454 1054 2486 prae-

318 2494 389 2526 fatis
409 2495 583 2537 provinciis
601 2497 807 2529 obedientiae
832 2502 963 2529 nostrae
986 2497 1054 2529 sub-

318 2546 430 2583 iectis,
458 2548 688 2591 cuiuscumque
725 2550 862 2591 gradus,
888 2550 1054 2592 dignitatis

319 2609 356 2632 ae
381 2600 616 2644 superioritatis
642 2601 715 2642 sint,
733 2613 791 2645 per
816 2608 957 2636 sanctam
983 2603 1055 2636 obe-

895 213 1074 238 BULLARIUM
1098 213 1248 237 ROMANuM

1093 260 1256 301 dientiam,
1276 270 1312 294 ac
1336 259 1395 293 sub
1417 262 1523 302 poena
1547 260 1678 293 maioris
1704 270 1827 293 excom-

1093 313 1322 346 municationis
1343 312 1413 356 ipso
1429 313 1511 345 facto
1525 313 1732 353 incurrenda,
1745 324 1823 347 nec-

1094 377 1158 400 non
1182 366 1374 411 privationis
1392 366 1477 399 vocis
1495 366 1612 399 activae
1635 371 1666 398 et
1681 367 1827 410 passivae

1093 430 1152 462 per
1176 419 1361 460 triennium,
1394 418 1610 462 praecipimus
1635 424 1666 452 et
1701 419 1829 453 manda-

1092 483 1185 513 mus,
1210 478 1246 505 ut
1270 470 1335 513 se¹,
1361 478 1394 505 et
1417 472 1522 505 socios
1548 478 1619 506 tuos
1640 473 1700 506 sub
1724 473 1828 506 forma

1092 526 1257 569 praedicta
1292 526 1521 568 subdelegatos
1557 525 1619 558 tuis
1658 525 1829 559 desideriis

1093 584 1316 623 cooperantes,
1340 579 1372 612 in
1399 579 1463 612 suis
1488 579 1577 619 locis,
1604 578 1826 621 conventibus,

1093 633 1250 676 capellis,
1276 632 1426 666 oratoriis
1451 637 1481 665 et
1512 631 1676 672 ecclesiis,
1702 631 1830 675 quoties

1093 696 1152 729 pro
1173 686 1297 729 privata
1317 713 1324 726 ,
1351 688 1476 718 secreta
1510 696 1546 718 ac
1571 685 1737 718 fraternali
1762 684 1831 718 col-

1094 739 1227 779 latione,
1245 740 1294 772 vel
1308 750 1366 782 pro
1388 739 1518 782 publica
1539 749 1556 771 a
1572 738 1663 772 vobis
1682 737 1831 772 facienda

1094 793 1351 836 praedicatione,
1378 792 1706 836 confessionibusque
1733 792 1772 825 de
1798 790 1832 825 li-

1095 846 1201 878 centia
1226 844 1469 879 Ordinariorum
1496 844 1689 886 audiendis,
1714 855 1732 878 a
1756 854 1832 888 quo·

1095 898 1174 931 libet
1199 903 1340 931 vestrum
1366 898 1514 941 requisiti
1540 897 1668 938 fuerint,
1689 896 1831 940 benigne

1095 957 1127 984 et
1151 951 1341 984 charitative
1370 962 1406 984 ac
1430 951 1499 984 sine
1525 952 1592 984 ulla
1616 949 1832 994 repugnantia

1096 1004 1265 1047 recipiant.
1284 1004 1322 1037 Et
1339 1004 1364 1037 si
1385 1015 1443 1047 pro
1466 1004 1600 1037 alicuius
1621 1003 1771 1036 monialis
1787 1002 1833 1035 in-

1095 1057 1217 1098 firmae,
1244 1068 1299 1091 seu
1320 1058 1353 1090 in
1379 1058 1513 1091 articulo
1539 1057 1653 1090 mortis
1678 1056 1833 1090 constitu·

1097 1117 1156 1153 tae,
1174 1110 1399 1144 sacramentali
1417 1110 1547 1151 solatio,
1567 1115 1623 1143 aut
1639 1110 1677 1143 ad
1696 1110 1834 1143 morien-

1097 1165 1172 1198 dum
1196 1164 1229 1197 in
1254 1164 1392 1198 Domino
1417 1164 1572 1207 religiosa
1596 1163 1777 1197 assistentia
1800 1162 1834 1195 in

1096 1218 1229 1261 aliquod
1265 1218 1498 1252 monasterium
1531 1217 1659 1261 ingredi
1691 1226 1835 1250 necessa·

1097 1271 1179 1304 rium
1205 1271 1310 1312 fuerit,
1329 1271 1515 1316 supradicta
1538 1270 1719 1304 iurisdictio
1744 1269 1835 1314 spiri-

1098 1325 1193 1358 tualis
1227 1325 1322 1358 etiam
1355 1335 1415 1368 pro
1451 1325 1502 1358 his
1528 1324 1655 1360 casibus
1680 1333 1836 1357 concessa

1097 1388 1132 1410 ac
1157 1377 1311 1421 praestita
1345 1378 1558 1420 intelligatur.
1593 1377 1728 1416 Quando
1757 1387 1834 1410 vero

1098 1432 1135 1464 ad
1162 1432 1296 1475 aliquod
1321 1441 1358 1464 ex
1383 1431 1664 1464 missionariorum
1694 1430 1853 1464 semina-·

1098 1485 1154 1516 riis
1178 1495 1235 1517 seu
1260 1483 1407 1526 collegiis
1434 1484 1464 1515 in
1491 1483 1653 1516 indiarum
1678 1489 1710 1516 et
1734 1483 1835 1516 ultra-

1097 1543 1270 1571 montanae
1305 1537 1443 1570 familiae
1481 1536 1628 1580 partibus
1664 1537 1835 1579 hucusque

1098 1591 1213 1624 erectis
1249 1596 1281 1624 et
1312 1590 1344 1623 in
1376 1596 1542 1634 posterum
1575 1589 1739 1632 erigendis
1777 1599 1835 1622 seu

1099 1645 1273 1678 fundandis
1292 1644 1476 1683 accesseris,
1492 1654 1527 1676 ac
1545 1643 1619 1676 dum
1639 1643 1671 1675 in
1689 1643 1745 1676 illo
1763 1652 1835 1675 cum

1098 1698 1195 1731 sociis
1221 1697 1374 1741 praefatis
1399 1703 1541 1730 moratus
1566 1696 1676 1737 fueris,
1698 1706 1752 1729 seu
1774 1695 1836 1739 ipsi

1097 1752 1177 1785 socii
1202 1751 1405 1794 subdelegati
1438 1750 1518 1783 inibi
1555 1755 1735 1793 separatam
1761 1760 1835 1783 mo-

1098 1816 1164 1838 ram
1190 1805 1329 1845 trahant,
1350 1805 1418 1837 sola
1435 1803 1626 1836 auctoritate
1652 1809 1683 1836 et
1709 1803 1836 1835 faculta-

1099 1860 1183 1891 tibus
1209 1859 1247 1891 ad
1273 1859 1503 1891 sacramentale
1530 1858 1631 1890 forum
1657 1856 1836 1899 spectanti-

1097 1912 1155 1945 bus
1180 1922 1235 1945 vos
1260 1912 1320 1944 frui
1345 1922 1442 1954 posse
1467 1910 1682 1949 decernimus,
1697 1916 1728 1943 et
1745 1909 1833 1943 omni

1098 1966 1160 1998 alia
1195 1965 1433 2005 iurisdictione,
1458 1964 1591 1997 alterius
1628 1964 1836 2007 praelaturae

1098 2019 1189 2052 titulo
1206 2029 1273 2051 non
1291 2018 1432 2057 obtenta,
1444 2018 1602 2062 spoliatos
1617 2018 1833 2057 declaramus;

1097 2083 1133 2105 ex
1160 2073 1222 2105 hoc
1242 2078 1345 2105 tamen
1364 2071 1512 2105 effectum
1530 2072 1708 2105 litterarum
1726 2075 1836 2114 paten-

1099 2126 1177 2158 tium
1203 2130 1235 2158 et
1260 2125 1537 2166 commissionum,
1563 2135 1641 2168 quas
1666 2129 1761 2157 antea
1786 2123 1838 2156 de·

1098 2179 1194 2218 deris,
1221 2189 1287 2211 non
1313 2178 1550 2221 suspendimus,
1568 2177 1631 2211 imo
1652 2177 1743 2210 illum
1765 2186 1836 2210 sor-

1098 2231 1148 2263 tiri
1167 2236 1397 2274 peroptamus3
1418 2236 1449 2263 et
1462 2231 1521 2263 sub
1536 2230 1649 2274 poenis
1663 2229 1835 2273 praedictis

1098 2285 1205 2317 stricte
1231 2284 1469 2328 praecipimuS,
1500 2284 1557 2316 tibi
1582 2294 1619 2316 ac
1652 2283 1747 2316 sociis
1772 2281 1835 2315 tuis

1097 2337 1282 2380 ceterisque
1304 2337 1523 2380 subdelegatis
1547 2336 1640 2369 simul
1666 2336 1853 2378 inningen--

1098 2396 1153 2429 tes,
1174 2396 1215 2430 ut,
1235 2390 1309 2423 licet
1327 2391 1365 2423 de
1387 2390 1506 2423 familia
1524 2390 1599 2422 dicti
1621 2388 1749 2432 collegii
1767 2397 1835 2421 non

1097 2443 1189 2484 sitis,
1216 2443 1303 2476 illius
1333 2444 1521 2486 guardiano,
1544 2443 1632 2475 iuxta
1656 2441 1836 2486 praescrip*

1098 2502 1162 2528 tuin
1188 2497 1428 2540 praedictorum
1460 2502 1649 2530 statutorum
1679 2507 1696 2528 a
1720 2495 1836 2529 Sancta

1097 2549 1178 2582 Sede
1211 2555 1245 2582 ut
1280 2552 1463 2594 praefertur
1495 2547 1836 2595 approbatorumfin

1134 2613 1144 2638 1
1167 2612 1260 2640 Potius
1279 2612 1337 2649 lege
1357 2616 1382 2642 le
1402 2620 1438 2648 (a.
1456 2615 1504 2648 Τ.).

1833 211 1882 239 An.
1903 210 1933 240 C.
1950 211 2017 240 1686
