2111 3157
21 236 70 264 An.
87 235 115 262 C.
139 235 208 263 ¹680

213 284 253 317 ad
268 285 443 328 capitulum
455 285 606 327 generale
619 284 875 317 minime'venire
888 294 947 326 po-

215 337 301 377 terit,
317 347 375 380 per
391 338 514 370 litteras
532 336 712 379 significare
731 341 882 368 teneatur
898 346 945 374 ea,

217 399 299 432 quae
325 390 433 432 gravia
455 395 484 422 et
502 389 598 432 digna
611 389 771 422 relatione
790 388 946 420 videbun-

215 446 263 474 tur
277 468 284 482 ,
311 452 458 486 quaeque
482 442 553 485 ipse
573 440 762 475 iudicaverit
779 440 943 483 expedire,

212 501 309 538 prout
332 495 451 528 dictum
473 500 520 527 est
542 499 624 537 part.
644 492 943 531 iconstitutionum,

213 557 282 590 cap.
310 558 346 587 ιι,
371 558 458 580 num.
486 558 534 580 111.

255 610 331 633 xxss.
357 600 441 642 Ergo
458 599 638 632 visitatores
662 598 864 637 auctoritate,
884 607 946 640 qua

212 652 349 684 maxima
372 652 498 694 pollent
521 651 553 683 in
578 661 735 683 canonum
761 655 792 682 et
816 649 946 691 privile-

213 703 341 745 giorum
364 707 551 735 nostrorum
586 707 780 744 nostraeque
805 700 946 742 Congre-

213 755 375 798 gationis,
402 755 538 788 viriliter
573 753 801 796 constantique
837 752 944 785 animo

212 811 413 850 exequantur
444 806 583 840 officium
613 816 724 846 suum,
751 805 945 847 corrigenda

212 860 385 902 corrigant,
405 859 577 891 mutandos
593 863 729 897 mutent,
747 857 945 900 suspenden-

212 912 270 944 dos
283 911 496 954 suspendant3
512 916 544 944 et
557 921 639 954 quae
656 910 776 943 leviora
790 914 873 950 sunt,
886 919 945 952 per

203 964 345 1000 ‘verbum
367 974 537 996 monemus
564 973 619 996 seu
644 963 835 1002 hortamur,
861 971 943 1005 quae

210 1026 287 1050 vero
318 1016 465 1059 graviora
495 1017 544 1049 vel
571 1026 652 1059 quae
678 1015 808 1058 expedit
830 1015 863 1047 in
887 1025 945 1057 po-

210 1075 335 1103 sterum
360 1069 532 1109 observari,
555 1079 613 1112 per
628 1067 780 1101 verbum¹
806 1067 945 1110 imponi-

210 1133 283 1156 mus
309 1133 363 1156 seu
388 1122 576 1155 mandamus
600 1128 631 1154 et
656 1121 863 1160 ordinamus;
890 1130 944 1152 an-

209 1180 321 1208 notata
337 1175 464 1216 singula
481 1174 631 1216 digerant
650 1173 683 1205 in
708 1173 830 1213 libello,
849 1182 944 1215 quem

205 1237 321 1259 usecum
346 1226 493 1258 deserant
516 1226 554 1257 ad
579 1225 755 1267 capitulum
779 1235 797 1256 a
820 1224 944 1257 cancel-

209 1279 290 1313 lario
316 1279 400 1311 inter
419 1278 482 1311 alia
499 1282 568 1311 acta
591 1282 719 1320 patrum
743 1276 876 1318 capituli
894 1276 942 1308 vcl

211 1331 376 1374 regiminis
409 1330 601 1369 reserenda,
626 1335 662 1361 ut
693 1328 881 1371 praesidens
913 1333 944 1360 et

211 1383 396 1417 definitores
425 1393 484 1426 per
508 1382 635 1424 singula
658 1381 851 1414 monasteria
875 1391 943 1413 exa-

208 1436 333 1470 minare
358 1440 391 1469 et
414 1435 575 1478 inquirere
600 1433 727 1477 possint
750 1437 856 1465 utrum
884 1442 944 1475 per

209 1500 265 1523 eos
285 1489 433 1522 ordinata
449 1487 597 1531 praelati,
617 1486 779 1520 cellerarii
797 1491 828 1518 et
844 1485 941 1518 ceteri

209 1542 423 1576 servaverint.
436 1540 532 1578 Quod
545 1540 572 1573 si
589 1539 710 1582 reperti
723 1539 943 1581 fuerintprae-

209 1595 282 1627 satis
306 1593 525 1627 visitatoribus
550 1592 789 1631 inobedientes,
808 1601 863 1623 seu
889 1600 942 1623 eo-

210 1657 290 1687 rum,
308 1656 390 1689 quae
407 1645 446 1678 ab
462 1645 526 1678 illis
544 1644 692 1677 ordinata
702 1643 830 1683 suerint,
843 1648 943 1675 trans-

209 1708 389 1742 gressoreS,
414 1697 563 1730 noverint
587 1707 619 1729 se
644 1707 703 1739 pro
725 1696 880 1738 qualitate
895 1706 942 1728 ex-

211 1761 320 1784 cessus
346 1756 378 1783 et
406 1750 649 1783 inobedientiae
666 1748 941 1792 puniendos.lpsi

207 1814 285 1838 vero
310 1809 420 1847 patres
444 1803 625 1836 visitatores
648 1802 723 1842 Dei,
751 1811 878 1843 semper
906 1801 943 1832 ti-

208 1866 334 1890 morem
359 1860 391 1888 et
419 1865 622 1888 communem
652 1854 844 1897 proiectum·
865 1863 942 1896 prae

210 1909 313 1943 oculis
338 1909 506 1948 habentes,
531 1908 575 1940 ita
598 1908 845 1949 circumspecte,
872 1916 943 1948 gra-

208 1963 291 1995 viter
307 1968 339 1995 et
362 1961 514 2004 religiose
540 1971 574 1994 se
599 1964 722 2003 gerant,
747 1964 783 1991 ut
806 1969 869 1992 non
892 1968 942 1991 so-

208 2015 278 2047 lum
304 2013 409 2046 verbis
425 2039 432 2052 ‚
456 2013 513 2046 sed
538 2013 633 2045 etiam
659 2012 749 2044 sactis
774 2011 944 2044 aedificent

209 2066 377 2106 visitatos;
405 2065 542 2108 ideoque
570 2065 750 2097 visitatores
785 2064 944 2106 eligantur

209 2123 320 2162 patres
346 2117 514 2160 gravitate,
534 2117 689 2156 doctrina,
707 2116 943 2159 prudentiaque

211 2170 397 2215 conspicui,
422 2176 458 2202 ut
488 2169 704 2202 reverentiam
734 2174 766 2203 et
789 2168 945 2202 obedien-

212 2224 300 2263 tiam,
325 2232 406 2266 quae
431 2221 569 2254 debetur
585 2221 704 2262 officio,
728 2221 843 2254 merito
869 2231 945 2264 quo-

211 2285 273 2318 que
308 2283 523 2317 personarum
560 2272 621 2305 sibi
657 2273 843 2306 concilient.
882 2273 945 2316 Ipsi

211 2337 287 2360 vero
304 2326 515 2359 meminerint
533 2326 692 2358 rationem
710 2325 807 2358 officii
828 2325 876 2358 sui
894 2325 947 2358 de-

211 2378 393 2412 finitoribus
418 2378 619 2411 exactissime
640 2388 673 2410 se
697 2377 892 2411 reddituros.
912 2378 946 2411 In

213 2440 349 2474 quorum
374 2429 582 2463 definitorum
595 2429 742 2462 manibus
766 2430 946 2464 visitatores

213 2483 321 2516 iurent
338 2483 377 2516 de
394 2483 529 2516 secretis
554 2483 700 2516 tenendis
723 2483 761 2515 iis
787 2483 947 2524 omnibus,

214 2545 296 2579 quae
320 2535 353 2568 in
377 2535 612 2568 visitationibus
638 2535 809 2578 accipient,
828 2536 948 2579 praeiu-

249 2598 262 2623 1
283 2596 392 2623 Videtur
411 2596 552 2632 legendum
572 2597 713 2631 scriptum
732 2597 771 2631 (R.
787 2597 836 2632 L).

305 2651 383 2684 Bull.
403 2651 485 2679 Rom.
505 2665 539 2671 -
563 2650 622 2680 Vol.
643 2651 711 2678 XIX
850 2651 884 2679 48

791 235 1003 260 INNOCENTIUS
1026 236 1056 259 xl
1082 236 1130 259 PP.

991 283 1110 315 dicium
1148 283 1283 316 alieuius
1317 293 1477 327 personae
1512 284 1722 318 continentia.

989 335 1079 372 Quod
1105 336 1129 368 si
1155 336 1330 378 contigerit
1353 336 1462 368 ambos
1486 336 1665 369 visitatores
1690 337 1724 370 in

989 388 1129 430 capitulo
1166 389 1205 422 ad
1237 389 1466 432 praestandum
1492 389 1612 422 dictum
1638 389 1724 423 iura-

989 446 1133 473 mentum
1157 451 1223 474 non
1248 442 1410 484 reperiri,
1436 442 1492 475 ille
1508 469 1515 482 ‚
1540 443 1594 485 qui
1620 443 1721 483 abest,

988 493 1177 535 priusquam
1197 494 1398 526 visitationes
1416 494 1619 537 incipiantur,
1640 495 1724 528 iuret

988 546 1021 577 in
1038 545 1186 577 manibus
1200 545 1248 577 sui
1262 546 1514 578 convisitatoris.
1530 547 1568 579 Et
1580 547 1666 579 idem
1679 548 1723 580 in-

989 598 1199 640 telligendum
1215 597 1286 637 erit,
1307 598 1342 637 si,
1363 598 1496 631 absente
1521 599 1621 639 socio,
1639 610 1721 632 unus

987 650 1131 683 visitator
1156 650 1421 683 convisitatorem
1445 650 1506 683 sibi
1531 652 1680 694 elegerit.

1030 713 1119 736 xx111.
1146 702 1178 734 Si
1211 702 1284 744 quis
1313 713 1389 735 vero
1423 713 1459 735 ex
1493 703 1570 746 ipsis
1600 705 1722 747 aliquid

987 766 1117 795 eorum,
1144 765 1226 798 quae
1259 755 1292 786 in
1322 754 1505 788 visitatione
1536 757 1719 799 acceperit,

987 818 1069 850 quae
1099 807 1162 840 sint
1197 806 1331 839 alicuius
1355 807 1532 846 momenti,
1564 808 1613 840 vel
1646 808 1721 841 inde

986 860 1175 893 scandalum
1195 859 1333 899 oriatur,
1357 863 1411 891 aut
1436 864 1560 899 testem,
1586 859 1639 902 qui
1664 860 1722 892 ali-

987 913 1062 956 quid
1087 912 1282 955 deposuerit,
1300 916 1411 944 contra
1429 912 1498 944 eius
1523 912 1722 945 volunta-teni

987 965 1195 1005 revelaverit,
1222 964 1261 997 ad
1290 964 1377 997 idem
1409 963 1549 996 osticium
1580 974 1641 1006 per
1664 975 1718 997 sc·

987 1028 1086 1061 quens
1103 1017 1294 1051 sexennium
1311 1016 1502 1049 continuum
1517 1015 1636 1048 assumi
1655 1026 1721 1048 non

986 1071 1105 1110 valeat;
1132 1075 1164 1102 et
1187 1070 1321 1112 insuper
1346 1079 1363 1101 a
1388 1067 1635 1108 definitoribus,
1660 1078 1720 1110 pro

986 1123 1137 1166 qualitate
1155 1132 1315 1161 excessus,
1326 1131 1436 1154 severe
1454 1120 1615 1163 puniatur:
1630 1130 1723 1163 prac-

985 1175 1040 1208 lati
1065 1185 1139 1207 vero
1164 1179 1196 1207 et
1220 1174 1274 1206 alii
1298 1172 1484 1216 superiores
1510 1172 1600 1204 nullo
1626 1176 1721 1214 paeto

986 1228 1051 1260 sint
1074 1226 1192 1260 curiosi
1216 1226 1256 1258 ad
1274 1225 1496 1268 quaerendum
1521 1224 1591 1267 quis
1609 1229 1721 1257 contra

986 1290 1042 1312 eos
1067 1278 1190 1322 aliquid
1215 1278 1342 1318 dixerit,
1362 1277 1412 1309 vel
1438 1276 1636 1319 deposuerit,
1655 1286 1711 1318 gra

984 1332 1065 1365 viter
1089 1330 1165 1374 ipsi,
1192 1331 1217 1363 si
1242 1335 1355 1363 contra
1379 1329 1523 1368 fecerint,
1548 1328 1727 1371 puniendi.v

1027 1394 1111 1418 xxlv.
1145 1383 1262 1416 Ultimo
1296 1385 1477 1415 convocent
1513 1381 1545 1413 in
1577 1381 1720 1424 capitulo

984 1438 1166 1480 praelatum
1191 1446 1263 1469 eum
1288 1434 1406 1467 ceteris
1430 1432 1613 1472 monachis,
1639 1444 1720 1476 quos

983 1490 1126 1522 breviter
1150 1489 1366 1522 exhortentur
1383 1487 1422 1519 ad
1447 1491 1591 1518 mutuam
1616 1486 1725 1518 charia

984 1547 1084 1574 tatem
1108 1547 1140 1574 et
1155 1551 1278 1584 pacem,
1298 1549 1426 1572 necnon
1449 1538 1669 1571 obedientiam
1691 1543 1722 1571 et

983 1594 1199 1627 reverentiam
1222 1593 1379 1636 praelato,
1405 1597 1479 1633 etc.‚
1497 1596 1533 1623 ut
1556 1601 1665 1633 supra.
1686 1591 1723 1623 Et

983 1647 1008 1679 si
1034 1647 1112 1689 quid
1135 1645 1298 1679 voluerint
1321 1653 1453 1677 monere
1471 1644 1519 1675 vel
1546 1642 1720 1684 corrigere,

983 1699 1015 1732 id
1040 1699 1160 1732 saciant
1179 1708 1251 1731 cum
1275 1697 1363 1730 omni
1389 1695 1572 1729 humilitate
1594 1700 1626 1727 et
1646 1695 1722 1727 clia-

984 1751 1089 1790 ritate,
1106 1755 1136 1783 et
1161 1751 1231 1783 vale
1249 1749 1411 1788 facientes,
1433 1758 1493 1791 pro
1515 1758 1548 1780 se
1565 1747 1648 1780 orari
1667 1757 1722 1790 pe-

984 1808 1063 1843 tant,
1091 1808 1122 1836 et
1146 1803 1219 1836 data
1243 1812 1334 1845 pace,
1362 1801 1543 1834 discedant.

1026 1866 1095 1889 xxv.
1119 1854 1282 1888 Licentiae
1300 1864 1377 1887 vero
1399 1854 1491 1886 datae
1512 1864 1529 1885 a
1545 1852 1724 1896 praedictis

983 1908 1104 1942 nullius
1131 1907 1196 1940 sint
1220 1906 1337 1939 valoris
1357 1912 1389 1939 et
1412 1905 1580 1945 momenti,
1599 1914 1660 1937 nec
1676 1904 1723 1937 eis

984 1962 1051 1994 ulla
1075 1960 1155 1992 fides
1173 1959 1377 1998 adhibeatur,
1396 1958 1458 1991 nisi
1479 1958 1543 1990 sint
1567 1958 1600 1989 in
1626 1956 1725 2000 scrip-

985 2014 1024 2046 tis
1049 2023 1122 2046 cum
1147 2012 1296 2045 affixione
1322 2010 1419 2053 sigilli
1448 2011 1530 2050 Pax,
1556 2015 1591 2041 ut
1616 2010 1648 2041 in
1669 2009 1725 2041 de-

985 2065 1163 2099 claratione
1189 2063 1322 2106 capituli
1341 2064 1379 2095 de
1402 2062 1516 2095 ordine
1542 2062 1726 2105 Congrega-

986 2119 1080 2152 tionis
1106 2117 1235 2161 plenius
1261 2115 1457 2149 continetur.
1485 2114 1653 2148 Praedicta
1675 2124 1726 2147 au-

986 2176 1049 2204 tem
1082 2171 1213 2203 decreta
1249 2174 1281 2201 et
1315 2168 1495 2210 scripturas
1533 2177 1647 2200 omnes
1686 2167 1725 2199 ad

986 2223 1187 2257 visitationes
1203 2221 1417 2265 pertinentcS,
1428 2231 1446 2253 a
1463 2230 1497 2253 se
1511 2219 1724 2263 subscriptas,

987 2276 1181 2318 consignent
1210 2274 1392 2307 visitatores
1428 2272 1643 2312 cancellario,
1670 2271 1726 2315 qui

988 2328 1095 2362 omnia
1116 2327 1287 2370 registret,
1313 2330 1350 2358 ut
1373 2335 1481 2368 supra,
1507 2324 1611 2367 prima
1634 2329 1726 2367 parte

988 2381 1130 2420 constit.,
1149 2390 1218 2423 cap.
1233 2389 1303 2419 xm,
1321 2388 1410 2411 num.
1428 2387 1471 2419 vl,
1493 2382 1645 2410 statutum
1663 2380 1725 2410 est.

988 2433 1050 2466 Sed
1082 2437 1118 2465 ut
1146 2436 1304 2465 secretum
1336 2429 1478 2464 fideliter
1502 2429 1635 2463 omnino
1661 2439 1730 2463 ser-

989 2491 1082 2518 vetur
1105 2485 1191 2517 circa
1210 2494 1258 2525 ea,
1283 2493 1366 2527 quae
1391 2483 1425 2516 in
1448 2482 1596 2516 examine
1621 2481 1730 2515 visita-

990 2538 1115 2571 tionum
1140 2537 1370 2580 deponuntur,
1396 2537 1544 2571 volumus
1577 2535 1665 2578 quod
1691 2534 1730 2567 il-

989 2592 1095 2624 larum
1119 2595 1189 2623 acta
1212 2589 1396 2623 visitatores
1422 2589 1508 2633 apud
1533 2598 1578 2629 se,
1593 2588 1730 2622 durante

1617 227 1681 260 377
1727 236 1920 265 An.c.1cso
