2111 3157
21 252 69 295 An,
85 251 114 278 C.
136 251 200 278 ¹681

44 675 200 698 Contrariorum

19 702 134 728 derogatio.

50 2454 136 2483 species
151 2456 207 2480 sacti.

805 254 1016 280 INNOCENTIUS
1037 254 1071 278 XI
1094 254 1144 278 PP.

212 300 352 343 sragari,
377 301 488 345 sicque
505 302 539 335 in
558 302 743 346 praemissis
767 313 826 346 per
849 313 942 346 quos-

212 363 348 397 cumque
366 354 489 388 iudices
514 355 693 389 ordinarios
712 360 745 388 et
765 355 940 398 delegatos,

212 405 308 438 etiam
321 417 485 441 causarum
504 408 615 451 palatii
631 408 800 451 apostolici
816 407 941 440 audito-

211 468 273 499 res,
298 459 433 493 iudicari
458 465 490 493 et
513 460 639 493 definiri
664 461 794 501 debere,
814 470 851 493 ac
873 459 941 492 irri-

211 515 279 544 tum
300 515 333 544 et
348 511 443 545 inane
467 513 492 545 si
518 523 612 546 secus
629 523 728 556 super
750 513 802 546 his
825 522 843 545 a
867 522 941 556 quo-

211 573 326 605 quam,
357 565 468 606 quavis
493 565 698 605 auctoritate,
727 565 869 598 scienter
890 565 940 598 vel

211 614 408 657 ignoranter,
429 616 603 659 contigerit
624 617 786 650 attentari.

254 666 323 709 55.
360 667 431 700 Non
472 668 671 702 obstantibus
704 669 942 703 constitutioni-

209 717 269 751 bus
283 723 316 752 et
331 719 591 753 ordinationibus
609 721 804 764 apostolicis,
822 732 858 754 ac
876 721 942 764 qui-

209 770 329 811 busvis,
355 772 450 805 etiam
478 772 669 813 iuramento,
695 773 940 806 confirmatione

210 823 400 866 apostolica,
421 825 470 857 vel
496 825 605 868 quavis
629 825 777 858 firmitate
801 825 863 858 alia
890 835 941 858 ro-

209 874 342 915 boratis,
362 876 489 909 statutis
513 882 545 910 et
567 877 866 917 consuetudinibus,
881 877 941 920 pri-

210 927 335 970 vilegiis
360 939 502 972 quoqne,
527 929 661 962 indultis
678 935 710 963 et
728 930 843 963 litteris
864 941 941 973 apo-

211 980 345 1021 stolicis,
374 981 446 1014 aliis
474 982 685 1024 religionibus
714 982 746 1015 in
771 983 840 1026 ipsa
866 982 941 1015 civi-

210 1038 275 1066 tate
299 1032 440 1071 Quitensi
467 1035 689 1076 existentibus,
719 1035 813 1069 etiam
838 1035 941 1068 Socie-

211 1086 282 1118 tatis
305 1086 386 1127 Iesu,
411 1087 443 1119 in
472 1088 667 1121 contrarium
687 1089 940 1132 praemissorum

211 1139 457 1180 quomodolibet
487 1141 661 1180 concessis,
685 1140 879 1173 confirmatis
910 1145 943 1173 et

211 1189 383 1230 innovatis;
410 1191 524 1234 quibus
557 1192 706 1225 omnibus
733 1197 765 1225 et
796 1191 940 1234 singulis,

209 1242 341 1275 illorum
365 1248 492 1276 tenores
516 1244 739 1286 praesentibus
764 1255 824 1287 pro
844 1245 942 1287 plcne

211 1299 243 1326 et
270 1294 468 1328 sufficienter
491 1296 652 1339 expressis
677 1307 713 1329 ac
733 1296 863 1329 insertis
891 1296 943 1328 ha-

210 1345 333 1387 bentes,
350 1347 414 1379 illis
433 1348 510 1381 alias
535 1348 568 1380 in
585 1358 641 1381 suo
657 1349 773 1381 robore
794 1358 944 1391 perman-

210 1398 305 1438 suris,
336 1399 375 1432 ad
409 1401 661 1443 praemissorum
697 1400 858 1440 effectum,
883 1400 944 1432 hac

210 1450 279 1484 vice
307 1451 481 1494 dumtaxat,
514 1453 698 1496 specialiter
728 1459 759 1486 et
790 1463 942 1496 expresse

212 1503 421 1547 derogamns;
459 1507 640 1550 ceterisque
673 1506 843 1540 contrariis
874 1506 944 1549 qui-

210 1555 418 1600 buscumque.

256 1608 365 1641 Datum
389 1609 520 1651 Romae,
546 1611 630 1654 apud
650 1612 681 1645 S.
701 1611 830 1644 Mariam
849 1611 944 1645 Maio-

213 1671 290 1701 rem,
306 1661 365 1693 sub
379 1664 499 1696 annulo
513 1663 692 1705 Piscatoris,
712 1665 764 1697 die
781 1675 858 1698 xx111
875 1664 942 1697 iulii

213 1723 377 1755 rinctxxxn
403 1716 606 1758 pontificatus
629 1717 731 1750 nostri
757 1728 842 1751 anno
866 1728 897 1751 v.

246 1774 306 1802 Dat.
329 1775 373 1804 die
392 1776 426 1805 23
445 1777 501 1805 iulii
524 1778 600 1812 1681,
623 1778 720 1813 pontif.
743 1787 814 1807 anno
829 1786 855 1806 v.

548 1918 607 1952 cll.

216 1994 436 2038 Confirmatur
458 1996 618 2030 decretum
641 1991 822 2032 cardinales
839 2002 945 2042 prote-

259 2049 364 2087 ctoris,
380 2059 438 2092 quo
452 2050 549 2081 etiam
562 2050 812 2083 ultramontanis
827 2051 947 2083 monia-

260 2102 346 2135 libus
369 2103 526 2134 conversz's
549 2102 582 2135 S.
601 2103 631 2135 F
631 2104 770 2135 rancisci
785 2104 823 2136 de
841 2104 947 2137 Obser-

259 2155 370 2187 uantia
393 2155 602 2187 interdicitur
627 2156 732 2188 velum
756 2157 895 2199 niyrum,
920 2160 948 2188 et

259 2217 478 2250 quaecumque
512 2217 572 2240 vox
600 2207 637 2239 in
660 2207 867 2241 electionibus
890 2208 949 2242 de—

260 2264 409 2302 περαίαν.

407 2340 600 2368 Innocentius
620 2340 699 2374 Papa
717 2340 766 2374 xl,

365 2385 401 2411 ad
420 2385 553 2411 futuram
567 2384 612 2411 rei
630 2385 808 2411 memoriam.

1607 240 1672 274 395

982 301 1216 335 venerabilium
1230 300 1360 334 fratrum
1377 303 1557 334 nostrorum
1570 298 1601 331 S.
1616 297 1652 330 R.
1673 298 1707 331 Ε.

982 354 1193 388 cardinalium
1210 353 1349 397 negotiis
1376 358 1407 386 et
1421 350 1710 386 consultationibus

983 406 1206 450 episcoporum
1231 411 1263 438 et
1286 404 1482 448 regularium
1506 402 1710 447 praepositae

983 459 1144 502 exposito,
1165 458 1198 491 in
1222 458 1363 501 capitulo
1389 456 1530 500 generali
1556 456 1631 489 dicti
1656 456 1711 489 Or-

983 510 1067 544 dinis
1090 511 1210 544 Romae
1227 520 1311 543 anno
1330 519 1499 550 nncxxmx,
1516 509 1575 542 sub
1591 509 1711 552 praesi-

983 563 1091 596 dentia
1113 563 1222 596 bonae·
1248 562 1425 596 memoriae
1443 562 1616 601 Francisci,
1634 562 1710 595 dum

982 615 1066 654 vixit,
1083 615 1114 648 S.
1127 615 1164 648 R.
1177 615 1212 648 E.
1230 615 1400 647 cardinalis
1411 615 1576 647 Barberini
1592 625 1710 647 nuncu-

982 667 1057 709 pati,
1074 667 1216 700 eiusdem
1237 666 1364 699 Ordinis
1388 667 1473 710 apud
1497 667 1611 699 Sedem
1625 668 1711 710 Apo-

982 719 1126 752 stolicam
1146 718 1347 761 protectoris,
1364 718 1538 759 celebrato,
1558 720 1710 762 quasdam

983 771 1232 804 constitutiones
1267 781 1304 803 ex
1334 771 1475 814 antiquis
1500 771 1711 813 compilatas,

983 829 1014 857 et
1037 824 1172 866 aliquas,
1202 833 1258 855 scu
1281 822 1314 855 in
1340 822 1402 855 illis
1435 823 1542 865 aliqua
1566 823 1604 856 de
1629 834 1711 856 novo

982 875 1090 908 addita
1114 875 1221 914 fuisse,
1239 885 1298 918 pro
1316 874 1400 907 felici
1418 875 1575 917 gubernio
1589 875 1712 908 monia-

982 928 1059 961 lium
1083 928 1209 962 Ordinis
1233 927 1389 971 praedicti
1414 928 1447 960 in
1472 928 1591 961 familia
1614 929 1712 961 ultra-

982 983 1146 1022 montana,
1165 980 1337 1024 ipsumque
1362 980 1535 1023 capitulum
1561 983 1713 1024 generale

982 1044 1045 1067 non
1071 1035 1172 1067 solum
1192 1033 1319 1066 easdem
1339 1033 1586 1067 constitutiones
1603 1044 1713 1077 appro-

983 1085 1092 1126 basse,
1124 1086 1180 1119 sed
1206 1085 1300 1118 etiam
1324 1085 1465 1118 intimari
1497 1091 1527 1119 et
1551 1087 1714 1120 observari

983 1139 1203 1182 praecepisse;
1228 1149 1324 1171 unam
1350 1145 1454 1172 autem
1472 1150 1509 1173 ex
1528 1140 1621 1173 dictis
1640 1150 1716 1173 con-

983 1191 1202 1224 stitutionibus
1216 1202 1286 1234 cap.
1302 1201 1344 1225 xii
1360 1191 1443 1224 inter
1456 1192 1517 1225 alia
1531 1192 1714 1236 disponere,

985 1244 1071 1285 quod
1096 1243 1250 1276 moniales
1276 1243 1375 1276 laicae
1400 1254 1455 1276 sen
1474 1254 1645 1278 conversae
1666 1256 1717 1278 ve-

985 1296 1049 1328 lum
1074 1295 1201 1338 nigrum
1226 1300 1357 1338 portare
1389 1306 1456 1329 non·
1486 1297 1633 1339 possint,
1658 1298 1716 1330 sed

985 1348 1102 1387 album,
1117 1348 1266 1390 quodque
1291 1347 1477 1390 suffragium
1503 1360 1567 1381 non
1591 1350 1717 1393 possint

986 1399 1061 1432 dare
1079 1400 1112 1432 in
1130 1400 1342 1433 electionibus
1360 1400 1549 1441 abbatissae,
1569 1402 1717 1441 vicariae,

986 1452 1209 1493 discretarum,
1224 1458 1277 1485 aut
1291 1452 1446 1485 maiorum
1462 1452 1655 1494 officiornm·,
1674 1460 1717 1493 et,

985 1505 1060 1538 licet
1084 1505 1164 1538 haec
1188 1505 1296 1538 omnia
1320 1505 1352 1537 in
1378 1505 1495 1539 familia
1519 1506 1718 1539 cismontanzi

986 1558 1062 1591 dicti
1087 1557 1215 1590 Ordinis
1240 1558 1472 1590 inviolabiliter
1491 1559 1716 1597 observentur,

986 1609 1145 1654 aliquam⁴
1163 1615 1266 1643 tamen
1292 1610 1325 1643 in
1351 1610 1451 1643 alte-ra
1476 1611 1594 1643 familia
1612 1611 1717 1644 notari

986 1662 1234 1702 observantiam,
1254 1662 1393 1705 indeque
1409 1663 1596 1705 gravissima
1610 1663 1718 1696 incon-

986 1716 1148 1748 venientia
1172 1720 1203 1748 et
1227 1716 1378 1748 scandala
1397 1721 1466 1748 orta
1488 1716 1595 1757 fuisse,
1613 1722 1645 1749 et
1660 1727 1719 1749 no—

986 1768 1114 1801 vissime
1140 1768 1311 1801 maximum
1336 1768 1369 1800 in
1395 1769 1533 1811 quodam
1557 1774 1719 1801 conventu

988 1830 1025 1853 ex
1050 1830 1200 1863 regressu
1224 1820 1392 1853 cuiusdam
1422 1820 1560 1854 novitiae
1586 1831 1720 1854 conver-

987 1884 1040 1906 sae
1058 1874 1097 1906 ad
1115 1874 1289 1914 saeculum,
1307 1874 1436 1917 expleto
1460 1873 1574 1907 maiori
1596 1874 1643 1906 sui
1661 1884 1720 1907 no-

986 1926 1113 1958 vitiatus
1139 1931 1292 1969 tempore,
1311 1931 1343 1958 et
1362 1926 1448 1970 quod
1461 1925 1480 1967 ⁹,
1496 1937 1566 1959 curn
1587 1927 1647 1959 sub
1665 1926 1721 1959 ob·

988 1978 1145 2011 servantia
1169 1978 1272 2011 dictae
1305 1978 1548 2011 constitutionis
1579 1978 1719 2011 admissa

989 2031 1110 2072 fuisset,
1136 2042 1153 2063 a
1177 2025 1371 2064 monialibus
1398 2031 1487 2064 laicis
1507 2041 1562 2064 sen
1586 2041 1721 2064 conver-

989 2084 1031 2117 sis
1049 2083 1204 2127 professis
1224 2083 1319 2115 tantis
1338 2083 1395 2115 fuit
1418 2083 1530 2116 affecta
1554 2089 1721 2117 contume-

989 2137 1040 2170 liis
1065 2142 1096 2169 et
1118 2136 1226 2176 minis,
1252 2142 1287 2169 nt
1310 2136 1546 2179 professionem
1571 2137 1720 2170 emittere

990 2190 1151 2223 timuerit:
1178 2189 1314 2233 ideoque
1350 2200 1409 2233 per
1439 2191 1557 2223 dictum
1589 2191 1719 2224 Petrum

990 2248 1231 2286 procuratorem
1250 2243 1432 2285 generalem
1458 2243 1588 2276 nomine
1614 2243 1721 2277 dilecti

991 2296 1086 2329 etiam
1110 2295 1166 2328 filii
1185 2295 1323 2328 ministri
1349 2295 1510 2337 generalis
1531 2295 1606 2328 dicti
1630 2295 1722 2329 Ordi-

968 2339 973 2395 1
991 2348 1040 2381 nis
1065 2349 1228 2392 praefatae
1245 2347 1493 2391 Congregationi
1511 2348 1722 2381 cardinalium

991 2401 1170 2444 supplicato
1211 2406 1245 2432 ut
1269 2401 1530 2434 constitutionem
1570 2411 1723 2444 praenar-

262 2454 323 2498 §1.
339 2453 458 2498 Nuper,
475 2465 535 2498 pro
551 2461 642 2498 parte
661 2454 768 2488 dilecti
790 2454 848 2488 filii
865 2454 949 2488 Petri
992 2459 1093 2486 ratam
1112 2453 1328 2494 confirmaret,
1348 2453 1385 2485 ad
1403 2453 1465 2486 hoc
1482 2458 1516 2486 ut
1538 2453 1569 2486 in
1584 2459 1649 2485 toto
1666 2453 1724 2486 Or·

219 2507 373 2550 Esporrin
397 2507 621 2550 procuratoris
647 2506 807 2550 generalis
822 2507 949 2540 Ordinis
994 2507 1067 2540 dine
1093 2506 1300 2539 uniformiter
1329 2511 1528 2548 servaretur,
1557 2511 1651 2549 atque
1680 2505 1724 2538 ita

221 2560 352 2591 fratrum
366 2559 524 2593 Minorum
542 2559 644 2592 sancti
658 2559 819 2592 Francisci
837 2559 875 2592 de
892 2559 952 2593 Ob-

222 2612 380 2644 servantia
407 2617 676 2656 nuncupatorum,
701 2611 951 2655 Congregationi

1029 2578 1039 2603 1
1064 2576 1162 2604 Forsan
1183 2577 1274 2604 aliam
1295 2578 1332 2611 (n.
1349 2577 1396 2610 Τ.).

1029 2621 1044 2647 2
1065 2621 1154 2648 Potius
1174 2621 1229 2655 ingr
1251 2630 1280 2647 co
1301 2622 1376 2655 quenl
1395 2622 1430 2655 (n.
1449 2621 1495 2655 R).

1717 250 1767 276 An.
1782 249 1811 276 C.
1835 247 1898 276 1681
