2111 3157
28 233 76 260 An.
92 229 120 259 C.
143 231 210 259 1680

40 1541 126 1566 Quinam
140 1543 196 1569 psal·

16 1569 43 1589 mi
64 1569 146 1589 dicendi
176 1571 195 1589 in

16 1596 81 1620 prima
92 1610 97 1618 .
119 1598 196 1620 tertia,

15 1622 73 1642 sexta
88 1624 107 1642 et
121 1624 182 1642 nona.

792 231 1004 257 INNOCENTIUS
1024 231 1055 256 xl
1080 231 1128 256 1³1³.

216 280 354 315 ctionum,
371 280 477 318 legitur
492 284 586 310 textus
601 280 728 318 regulae,
746 284 774 309 et
795 280 880 309 datur
897 279 947 308 be-

216 328 351 364 nedictio,
369 331 397 357 et
412 329 569 358 audiuntur
590 328 702 367 culpae,
726 337 784 357 non
805 330 900 356 autem
916 327 945 355 in

215 376 369 406 dominicis
389 376 490 406 diebus
512 376 556 405 vel
578 376 657 405 festis
672 375 707 405 de
727 378 879 414 praecepto
895 374 946 403 Ec-

215 424 331 462 clesiae,
355 428 404 454 aut
425 424 460 454 de
482 423 691 454 consuetudine
712 423 851 452 locorum.

253 472 295 511 (b)
317 481 347 502 11.
369 472 405 501 Et
426 472 582 501 benedictio.
605 471 660 500 Ista
684 469 847 500 benedictio
862 469 946 498 datur

214 530 228 549 a
245 520 405 559 superiore,
422 520 496 549 sicut
511 519 596 549 etiam
613 519 641 548 in
657 517 855 556 completorio,
871 526 944 555 quae

213 568 338 597 sufficiat
359 576 410 606 pro
431 566 631 606 praesentibus
646 565 785 595 fratribus
803 568 830 593 et
844 564 944 593 absen-

213 616 301 653 tibus,
324 616 363 645 ita
386 619 416 644 ut
438 623 509 653 opus
531 623 588 643 non
610 614 646 643 sit
668 613 753 643 etiam
776 611 944 642 absentibus

212 672 264 702 pro
285 663 456 692 dormitione
490 662 575 691 aliam
603 661 836 690 benedictionem
858 668 944 699 quae-

211 720 287 741 rere.
310 710 470 740 Laudamus
492 714 587 739 tamen
609 709 633 738 si
654 709 759 739 fratres
776 717 843 738 casu
859 717 943 746 supe-

211 759 282 789 riori
302 758 462 795 obviantes,
484 757 714 787 benedictionem
737 760 835 795 petant
855 760 883 785 et
897 765 943 784 ac.-

210 807 330 846 cipiant.

249 863 291 884 in.
314 854 348 884 Et
369 854 470 884 novitii
495 863 529 884 ae
563 854 692 884 iuniores
721 852 843 892 professi
874 861 941 882 suos

210 902 363 941 magistros
385 902 419 932 ad
441 911 540 932 eorum
562 901 650 931 cellas
672 910 723 940 pro
744 901 808 940 ipsa
823 900 942 930 benedi-

209 950 305 980 ctione
326 951 440 987 adeant,
464 955 616 989 antequam
638 950 767 980 cubitum
783 953 864 985 eant3
882 958 941 978 ma-

209 999 315 1036 gistros
338 1007 404 1028 vero
430 999 580 1028 hortamur
601 1002 632 1028 ut
652 997 829 1036 discipulos,
854 1006 939 1036 quam

208 1046 295 1076 citius
317 1050 447 1085 possunt,
470 1046 627 1076 dimittant.

247 1103 286 1124 iv.
309 1095 353 1124 Fit
374 1095 459 1124 etiam
483 1099 547 1133 post
578 1093 797 1133 completorium
819 1103 834 1122 a
856 1102 940 1131 supe-

207 1144 284 1173 riore
315 1152 406 1182 aquae
435 1143 603 1172 benedictae
635 1142 763 1181 aspersio
791 1142 937 1171 dicendo:

207 1191 342 1230 Asperyes
362 1202 412 1226 me,
436 1196 500 1226 etc.,-
525 1201 581 1230 quo
602 1191 735 1230 repetito,
752 1190 861 1228 absque
883 1189 940 1218 alia

207 1239 338 1269 oratione
364 1239 469 1269 dicitur
493 1239 619 1278 psalmus
647 1238 685 1268 De
705 1239 853 1277 profundis
873 1247 937 1267 cum

207 1287 336 1316 oratione
359 1287 431 1317 Deus
452 1289 499 1325 qui
521 1289 592 1316 inter
612 1286 771 1325 apostolicos
794 1295 845 1324 pro
863 1285 937 1324 Papa

206 1334 334 1372 Eugenio
355 1334 401 1372 lv,
425 1339 453 1364 et
474 1334 546 1365 Deus
567 1336 661 1364 veniae
682 1334 799 1371 largitor
815 1342 867 1372 pro
883 1334 939 1363 fra-

206 1381 301 1412 tribus
321 1391 354 1412 ac
374 1381 619 1419 benefactoribus,
643 1386 699 1411 etc.

244 1433 340 1473 Capul·
363 1433 461 1464 XVIII.
484 1451 517 1456 —-
536 1433 593 1470 Quo
610 1434 703 1463 ordine
724 1434 778 1473 ipsi
796 1433 900 1473 psalmi

429 1473 432 1476 ’
473 1483 580 1512 dicendi
601 1483 665 1512 sine.

249 1535 283 1569 In
300 1536 412 1579 primis
431 1546 558 1579 semper
582 1536 706 1569 dicatur
721 1545 830 1568 versus
853 1535 937 1568 Deus

206 1589 242 1621 in
258 1589 457 1621 adiutorium
473 1598 579 1620 meum
593 1588 730 1627 intende,
745 1588 880 1621 Domine
895 1589 938 1621 ad

206 1641 431 1674 adiuvandum
448 1652 497 1674 me
512 1642 641 1683 festina,
662 1647 693 1674 et
711 1641 843 1681 Gloria;
862 1641 936 1674 inde

205 1695 343 1738 hymnus
377 1694 625 1737 uniuscuiusque
666 1694 778 1727 horae.
815 1694 936 1727 Deinde

204 1747 307 1790 prima
324 1747 412 1787 liora,
430 1746 597 1786 dominica,
620 1746 756 1780 dicenda
773 1752 847 1780 sunt
864 1757 937 1790 qua-

205 1805 277 1832 tuor
294 1800 433 1843 capitula
448 1799 561 1842 psalmi
577 1809 690 1839 cxv1113
710 1799 844 1842 reliquis
860 1810 936 1833 vero

205 1852 303 1891 horis,
329 1852 413 1884 idest
436 1852 543 1891 tertia,
568 1854 655 1884 sexta
673 1857 704 1884 et
728 1854 824 1891 nona,
844 1857 936 1886 terna

204 1904 344 1947 capitula
368 1903 542 1947 supradicti
566 1903 679 1947 psalmi
705 1914 800 1937 cxvni
828 1905 937 1938 dican-

206 1961 268 1988 tur.
296 1955 342 1988 Ad
366 1956 501 1999 primam
527 1961 634 1989 autem
659 1957 818 1989 secundae
836 1957 935 1990 feriae

205 2008 354 2041 dicuntur
370 2013 434 2041 tres
459 2008 584 2050 psalmi,
602 2008 688 2041 idest
708 2019 728 2049 1,
752 2020 773 2042 lt
791 2015 822 2042 et
838 2019 885 2050 v1;
906 2016 937 2043 et

204 2060 248 2093 ita
269 2071 327 2103 per
350 2061 494 2103 singulos
518 2061 586 2094 dics
612 2061 649 2094 ad
666 2062 814 2105 primam,
832 2072 935 2106 usque

205 2113 244 2146 ad
258 2113 464 2153 dominicam,
479 2113 627 2146 dicantur
642 2125 699 2157 per
713 2114 859 2148 ordinem
878 2120 936 2149 ter-

205 2165 237 2199 ni
263 2161 398 2209 psalmi,
423 2175 523 2208 usque
548 2166 588 2199 ad
612 2167 771 2209 psalmum
796 2177 867 2208 xtx,
892 2169 936 2201 ita

205 2227 295 2258 sane,
321 2223 356 2250 ut
380 2218 520 2261 psalmus
545 2228 574 2251 ix
601 2223 633 2250 et
651 2228 713 2252 xvu
730 2220 887 2262 partiatur
903 2221 935 2253 in

205 2270 297 2303 binas
323 2270 462 2312 glorias3
490 2275 521 2303 ct
545 2270 591 2304 sic
615 2270 670 2304 siat
696 2278 730 2304 ut
749 2273 787 2305 ad
812 2273 936 2315 vigilias

206 2322 368 2356 dominica
378 2332 506 2365 semper
522 2334 539 2355 a
554 2333 590 2355 xx
608 2321 792 2367 incipiatur.
810 2326 856 2358 Ad
875 2330 937 2359 ter-

205 2374 283 2407 tiam
306 2384 401 2414 vero,
427 2380 548 2407 sextam
574 2381 605 2408 et
629 2386 748 2409 nonam
773 2378 935 2411 secundae

206 2426 305 2460 feriae
328 2435 443 2460 novem
460 2427 609 2470 capitula,
623 2438 705 2471 quae
719 2428 848 2461 residua
864 2435 937 2462 sunt

207 2478 246 2511 de
265 2480 392 2522 psalmo
413 2488 518 2519 cxvni,
536 2479 604 2522 ipsa
620 2484 710 2513 terna
727 2480 867 2524 capitula
880 2492 937 2525 per

208 2531 338 2564 easdem
369 2531 465 2564 horas
499 2531 654 2564 dicantur.
686 2532 834 2576 Expenso
859 2544 935 2577 ergo

208 2584 330 2627 psalmo
356 2593 460 2625 cxviii,
487 2585 613 2618 duobus
630 2585 753 2626 diebus,
779 2585 863 2621 idest
880 2587 936 2621 do-

1618 220 1676 253 0291
1727 229 1775 256 An.
1793 229 1821 256 c.
1848 227 1913 256 ¹680

988 279 1107 311 niinica
1124 283 1156 312 et
1173 278 1314 312 secunda
1331 278 1419 319 feria,
1436 278 1531 311 tertia
1548 277 1636 317 feria,
1660 278 1722 310 iam

988 331 1025 362 ad
1044 331 1180 371 tertiam,
1198 336 1319 364 sextam
1340 332 1388 364 vel
1405 341 1521 364 nonam
1543 331 1722 373 psallantur

988 382 1072 414 terni
1097 384 1214 426 psalmi
1240 394 1256 415 a
1281 393 1351 416 cxlx
1375 393 1475 426 usque
1501 383 1538 415 ad
1561 382 1721 423 cxxvn‚id

988 438 1036 466 est
1060 435 1172 476 psalmi
1197 445 1324 468 novem.
1343 435 1488 478 Quinque
1509 435 1620 478 psalmi
1642 445 1721 467 sem-

988 496 1046 528 per
1077 497 1176 529 usque
1209 487 1247 519 ad
1280 487 1474 520 dominicam
1505 497 1565 530 per
1589 488 1719 520 easdem

988 538 1084 570 horas
1104 538 1215 571 itidem
1232 544 1443 582 repetantur;
1463 541 1654 583 hymnorum
1676 540 1720 572 ni·

987 589 1172 629 nilominus,
1191 591 1364 623 lectionum
1381 593 1430 624 vel
1447 602 1596 624 versuum
1617 592 1720 635 dispo-

986 642 1102 675 sitione
1126 643 1278 675 uniformi
1303 644 1424 676 cunctis
1449 644 1563 676 diebus
1586 647 1717 684 servata,

986 698 1017 725 et
1031 694 1074 726 ita
1091 694 1215 727 scilieet
1232 699 1265 726 ut
1279 705 1407 737 semper
1421 696 1580 728 dominica
1594 707 1610 728 a
1623 705 1718 728 cxvm

986 746 1170 789 incipiatur.

1028 799 1168 842 Vespera
1192 806 1299 833 autem
1317 801 1461 844 quotidie
1478 806 1616 845 quatuor
1636 803 1717 845 psal·
1779 812 1866 836 omnam
1890 813 1910 834 iu

983 862 1109 884 morum
1126 853 1345 886 modulatione
1364 860 1505 886 canatur.
1525 853 1581 892 Qui
1599 845 1826 897 psalmifflpm'

983 903 1180 946 incipiantur
1204 915 1221 937 a
1246 915 1295 938 crx
1320 915 1421 948 usque
1442 906 1479 938 ad
1497 915 1606 946 cmvii,
1625 917 1717 939 exce-

983 956 1045 999 ptis
1070 957 1107 989 iis
1134 958 1189 1000 qui
1214 958 1245 990 in
1267 958 1402 991 diversis
1428 958 1516 991 horis
1541 969 1577 991 ex
1604 959 1649 991 eis
1666 970 1716 992 se-

983 1015 1200 1051 questrantur,
1216 1011 1297 1043 idest
1310 1021 1327 1043 a
1342 1020 1425 1043 cxvn
1441 1021 1543 1053 usque
1556 1012 1594 1044 ad
1614 1021 1715 1044 cxxvii

983 1066 1014 1093 et
1032 1071 1144 1094 cxxxni
1162 1067 1194 1094 et
1209 1072 1301 1095 chu.
1325 1063 1452 1105 Reliqui
1470 1073 1581 1095 omnes
1603 1063 1635 1095 in
1652 1074 1716 1096 ves-

982 1116 1059 1155 pera
1091 1114 1219 1147 dicendi
1251 1119 1334 1147 sunt.
1362 1115 1400 1146 Et
1430 1114 1505 1157 quia
1532 1115 1639 1147 minus
1662 1126 1716 1147 ve-

982 1165 1074 1198 niunt
1099 1171 1163 1199 tres
1187 1166 1321 1209 psalmi,
1347 1167 1421 1200 ideo
1447 1167 1610 1199 dividendi
1643 1173 1717 1199 sunt

982 1219 1035 1260 qui
1061 1219 1091 1251 in
1117 1230 1252 1252 numero
1278 1221 1463 1263 supradicto
1488 1220 1640 1253 fortiores
1667 1220 1716 1252 in-

980 1271 1162 1312 veniuntur,
1175 1272 1260 1305 idest
1272 1282 1405 1305 cxxxviii
1416 1278 1447 1305 et
1462 1283 1555 1306 chui
1567 1279 1599 1305 et
1612 1283 1713 1306 chix‘:

982 1332 1049 1356 cxvl
1073 1334 1159 1366 verp,
1179 1325 1253 1367 quia
1270 1335 1385 1367 parvus
1400 1331 1458 1364 est,
1479 1336 1549 1357 cum
1567 1335 1623 1358 cxv
1640 1336 1716 1358 con-

981 1375 1141 1418 iungatur.
1169 1377 1299 1419 Digesto
1335 1388 1413 1419 ergo
1438 1378 1551 1410 ordine
1577 1379 1715 1420 psalmo-

980 1437 1051 1460 rum
1069 1429 1340 1472 vespertinorum,
1357 1430 1493 1472 reliqua⁷
1509 1430 1592 1462 idest
1605 1431 1715 1463 lectio-

980 1490 1048 1520 nes,
1065 1482 1284 1524 responsofla,
1304 1483 1426 1525 hymni,
1446 1493 1556 1515 versus
1573 1485 1621 1516 vel
1639 1494 1713 1516 ean-

980 1532 1054 1573 tica,
1080 1534 1161 1566 sieut
1179 1545 1275 1577 supra
1296 1535 1479 1575 taxavimus,
1505 1536 1712 1578 impleantur.

981 1586 1027 1618 Ad
1051 1586 1298 1629 completorium
1333 1597 1407 1620 vero
1436 1588 1581 1630 quotidie
1614 1588 1712 1620 iidem

979 1639 1093 1680 psalmi
1109 1644 1309 1681 repetantur,
1327 1640 1413 1673 idest
1430 1650 1468 1679 iv,
1485 1650 1522 1673 xc
1541 1645 1570 1672 et
1585 1650 1709 1673 cxxxiii.

1022 1690 1185 1734 Disposito
1209 1692 1321 1725 ordine
1346 1693 1545 1735 psalmodiae
1564 1693 1710 1733 diurnae,
1747 1701 1783 1746 ltn
1798 1702 1904 1721 matutinis

979 1743 1097 1786 reliqui
1114 1754 1224 1776 omnes
1242 1744 1367 1787 psalmi,
1387 1745 1439 1787 qui
1457 1750 1642 1788 supersunt,
1661 1733 1798 1778 ae-isst'sil'*
1812 1730 1905 1780 ιιι-’Ῐ-ᾹῖγιῗῘ-ἷὲ

1722 1786 1762 1805 qui·
1771 1781 1904 1800 haltamma-izi

979 1796 1116 1838 qualiter
1147 1796 1330 1829 dividantur
1361 1797 1391 1829 in
1421 1803 1546 1841 septem
1570 1798 1710 1830 noctium
1722 1808 1844 1853 witmau·
1867 1809 1905 1828 at,-

977 1847 1111 1891 vigilias‚
1137 1849 1306 1891 partiendo
1325 1850 1449 1883 scilicet
1473 1850 1528 1892 qni
1553 1850 1710 1883 intereos
1735 1840 1745 1852 ⁰
1817 1848 1821 1853 ”

979 1901 1170 1944 prolixiores
1185 1907 1260 1934 sunt
1279 1903 1401 1945 psalmi,
1421 1907 1451 1935 et
1469 1903 1638 1936 duodecim
1653 1914 1713 1946 per

978 1965 1236 1997 unamquamque
1266 1956 1503 1988 constituantur
1523 1961 1663 1988 noctem.

1022 2007 1089 2040 lloc
1103 2007 1276 2050 praecipue
1291 2012 1544 2048 commonentes,
1558 2013 1603 2048 ut,
1621 2008 1710 2041 sicui

978 2059 1060 2092 forte
1088 2061 1167 2092 liaeo
1186 2060 1371 2093 distributio
1387 2062 1586 2104 psalmorum
1605 2061 1712 2104 displi-

978 2112 1090 2153 cuerit,
1102 2111 1227 2146 ordine*
1239 2112 1265 2145 si
1280 2113 1394 2146 melius
1405 2114 1499 2146 aliter
1512 2113 1710 2153 iudicaverit,

978 2165 1053 2198 dum
1077 2165 1270 2198 omnimodis
1295 2165 1327 2198 id
1351 2166 1536 2199 attendatur
1559 2170 1593 2197 ut
1620 2164 1710 2198 omni

977 2219 1183 2251 hebdomada
1214 2219 1404 2261 psalterium
1437 2228 1474 2251 ex
1499 2218 1626 2261 integro
1651 2229 1711 2251 nu-

977 2283 1067 2305 mero
1092 2277 1222 2305 centum
1250 2272 1483 2315 quinquaginta
1513 2273 1711 2315 psalmorum

977 2325 1153 2367 psallatur,
1180 2330 1211 2357 et
1232 2324 1392 2358 dominico
1411 2323 1463 2357 die
1481 2334 1611 2367 semper
1624 2335 1641 2357 a
1659 2335 1711 2357 ca·

977 2376 1043 2419 pite
1079 2382 1244 2420 repetatur
1269 2377 1308 2410 ad
1332 2376 1479 2419 vigilias3
1506 2376 1581 2420 quia
1605 2376 1710 2409 minus

977 2430 1010 2462 in
1035 2430 1080 2462 eis
1105 2430 1284 2463 devotionis
1312 2441 1388 2463 suae
1413 2429 1578 2463 servitium
1603 2435 1712 2462 osten·

979 2483 1058 2515 dunt
1080 2482 1245 2524 monachi,
1269 2482 1322 2526 qui
1342 2481 1448 2516 minus
1466 2482 1622 2526 psalterio
1640 2491 1712 2516 cum

1776 1596 1862 1619 Ottiuam
1885 1598 1905 1618 iu

1723 1624 1868 1649 compti-turio.

1012 2597 1026 2624 1
1050 2596 1148 2625 Forsan
1168 2596 1280 2626 ordinet
1299 2597 1442 2633 legendum
1465 2597 1561 2633 (nr.)-
