2111 3157
196 215 248 242 An.
271 213 386 241 &1680
432 204 497 238 364

210 1225 278 1245 cim
293 1224 354 1245 xxii.

189 1280 246 1298 tuum
289 1270 374 1299 ordina-

190 1306 253 1325 tione.

388 261 644 304 Congu-egatione
671 259 837 299 faciendis,
865 258 967 291 ullum
991 257 1121 290 omnino

389 320 599 359 promoveant
633 314 672 346 ad
708 313 851 345 savorem
888 311 1121 352 cuiuscumque

388 368 543 412 principis
579 372 634 400 aut
658 365 795 410 praelati
827 370 916 398 extra
940 364 1122 405 Congrega-

389 421 485 454 tionis
511 420 669 463 gremium
694 419 779 462 (hoc
814 418 899 451 enim
930 416 1122 461 prohibetur

387 484 445 516 per
470 473 533 505 duo
555 472 729 515 diplomata
752 471 799 504 Pii
823 471 856 510 V,
889 480 1025 513 quorum
1043 470 1122 502 alte-

387 535 456 557 rum
483 525 665 568 expeditum
688 524 747 557 suit
771 524 829 556 sub
855 523 906 556 die
930 533 974 556 vu
998 521 1121 565 aprilis,

387 579 524 610 alterum
550 587 646 610 xxv111
673 577 817 610 eiusdem
841 575 962 609 mensis
987 579 1017 607 et
1045 573 1119 606 anni

387 640 522 670 untxxi,
549 629 725 663 districtius
750 635 857 662 autem
890 639 948 671 per
979 628 1121 670 diploma

387 682 532 726 Gregorii
558 684 623 716 XIII
650 683 700 716 die
724 693 768 717 v11
799 681 910 726 aprilis
941 691 1078 715 mntxxiv
1103 691 1120 712 a

387 736 598 768 sanctissimis
616 735 752 768 dominis
777 735 894 768 nostris
911 734 1040 767 Urbano
1057 735 1120 767 VIII

387 792 419 819 et
443 788 606 821 Clemente
632 789 655 820 X
681 788 906 820 confirmatum
931 793 962 820 et
986 787 1120 830 amplia-

386 846 463 880 tum,
476 842 561 884 quod
576 841 747 883 legendum
763 846 812 873 est
825 840 998 883 quotannis
1012 851 1120 873 coram

384 894 533 927 omnibus
560 895 597 927 de
623 894 762 937 capitulo
795 893 928 926 sabbato
954 894 988 926 in
1015 893 1119 936 primo

385 953 457 980 actu
483 948 650 991 capituli);
678 947 734 980 sed
758 947 831 980 illos
856 952 979 979 tanturn
1000 947 1038 979 ad
1061 947 1120 979 hu-

385 1001 524 1033 iusmodi
543 1002 745 1044 praelaturas
761 1001 811 1033 vel
825 999 929 1032 officia
946 1004 1120 1039 assumant,

385 1063 466 1095 quos
495 1053 663 1095 religionis
687 1054 785 1092 zelus,
810 1063 935 1085 morum
960 1052 1117 1095 probitas,

386 1112 417 1138 et
435 1106 612 1138 litterarum
634 1106 778 1145 scientia,
798 1116 834 1139 ac
854 1106 986 1148 regulae
1012 1105 1121 1138 obser-

384 1159 490 1191 vantia
515 1159 753 1192 commendant.

428 1223 450 1245 1.
474 1212 638 1254 Expeditis
663 1213 878 1255 praelatorum
896 1210 1119 1250 electionibus,

367 1262 523 1298 'tractent
547 1265 664 1298 deinde
701 1264 887 1297 definitores
919 1264 957 1297 de
983 1274 1122 1296 conven-

386 1324 475 1351 tuum
500 1319 716 1351 ordinatione.

429 1383 463 1405 11.
490 1372 622 1405 Yidcant
649 1371 757 1414 itaque
776 1370 894 1413 primo,
911 1381 950 1402 an
967 1375 1122 1403 monaste-

385 1425 432 1458 ria
457 1425 632 1468 prioribus,
655 1424 793 1463 decanis,
813 1423 972 1465 magistris
989 1422 1122 1455 novitio-

384 1489 468 1519 rum,
487 1478 663 1511 cellerariis
689 1482 721 1509 et
746 1476 934 1509 monialium
960 1476 1123 1509 confesso-

384 1532 472 1564 ribus
498 1531 682 1574 indigeant;
703 1530 789 1573 quod
820 1530 844 1562 si
863 1529 1070 1562 iudicaverint
1089 1529 1121 1561 in

385 1584 494 1627 aliquo
529 1583 725 1616 monasterio
760 1582 902 1625 aliquem
926 1591 1122 1625 promoven-

385 1638 469 1677 dum,
489 1641 541 1669 aut
554 1647 589 1669 ex
606 1636 692 1668 illius
706 1634 895 1668 monasterii
916 1634 1120 1677 superiorum
1143 1670 1144 1675 ¹

385 1691 557 1731 instantia,
589 1691 638 1722 vcl
664 1701 698 1722 ev
734 1689 880 1732 ipsorum
914 1687 1121 1720 definitorum

384 1744 519 1787 propria
544 1742 830 1781 conshleratione,
863 1747 936 1773 tunc
962 1740 1121 1783 (servatis

386 1796 536 1829 omnibus
554 1796 586 1827 in
604 1795 790 1838 apostolicis
810 1793 926 1826 litteris
945 1793 1120 1836 expressis,

387 1855 417 1881 et
431 1859 513 1892 quae
532 1849 563 1880 in
578 1848 805 1891 praesentibus
823 1846 1121 1885 constitutionibus,

387 1908 419 1934 et
450 1901 637 1945 pracsertim
674 1901 707 1932 in
740 1899 954 1932 declaratorio
990 1900 1122 1941 regulae

387 1965 457 1997 cap.
476 1964 527 1987 xxi
554 1955 592 1986 de
619 1953 803 1985 huiusmodi
830 1952 1046 1985 electionibus
1064 1957 1124 1983 sta-

386 2007 561 2049 tuuntur),
588 2005 773 2038 definitores
798 2005 860 2047 ipsi
887 2004 1059 2045 diligenter
1084 2004 1122 2036 de

388 2071 426 2093 eo
452 2061 563 2092 ineant
587 2069 658 2092 cum
689 2059 744 2092 Dei
781 2058 895 2091 timore
932 2063 1121 2089 tractatum:
1144 2086 1146 2098 Α

1145 2127 1146 2134 1
1168 2107 1294 2150 priores
1320 2112 1350 2139 et
1376 2106 1506 2138 abbates
1540 2105 1731 2148 respective,
1757 2105 1903 2138 omnium

388 2113 588 2145 declarantes
603 2112 691 2150 illos,
715 2112 753 2144 de
772 2110 890 2154 quibus
909 2115 984 2142 tunc
1001 2115 1122 2152 agetur,

387 2176 591 2208 nequaquam
618 2164 762 2207 legitime
795 2163 978 2207 promoveri
1004 2173 1098 2205 posse
1115 2188 1122 2201 ‚

387 2217 460 2256 nisi,
486 2228 522 2249 cx
547 2228 660 2250 novem
686 2216 920 2253 definitoribus,
939 2216 1052 2247 saltem
1078 2224 1124 2246 se-

387 2276 474 2313 ptem
493 2271 735 2303 consenserint:
753 2280 847 2312 quem
866 2270 962 2301 etiam
979 2273 1125 2301 votorum

388 2334 559 2356 numerum
587 2323 620 2355 in
646 2334 759 2356 eorum
785 2322 991 2355 absolutione
1014 2332 1126 2353 neces·

389 2377 506 2409 sarium
533 2388 602 2409 esse
629 2376 844 2409 decernimus.

434 2441 481 2463 111.
508 2430 544 2462 Et
581 2440 620 2461 ne
658 2429 864 2461 definitorum
901 2428 1055 2461 iudicium
1093 2427 1124 2458 in

389 2485 528 2526 aliquem
569 2493 713 2515 errorem
756 2484 903 2521 labatur,
944 2473 1148 2514 visitatorcsl

389 2537 421 2569 in
448 2535 652 2569 monasteriis
685 2535 849 2567 visitandis
880 2534 1126 2575 interrogabunt

389 2590 581 2634 praelatum,
607 2599 642 2622 ac
668 2594 794 2621 ceteros
819 2587 1005 2620 monasterii
1036 2597 1125 2629 supc-

970 207 1150 233 BULLARIUM
1173 206 1326 231 ROMANUM

1164 255 1278 295 riores,
1295 264 1333 286 an
1352 257 1464 285 mutuo
1481 251 1566 285 inter
1582 262 1615 284 se
1633 251 1767 284 consilio
1782 254 1897 282 tracta-

1163 307 1267 340 verint
1292 306 1399 349 (quod
1425 315 1480 337 eos
1514 303 1646 337 omnino
1676 305 1780 335 Iacere
1807 303 1897 335 volu-

1163 361 1269 402 mus),
1290 359 1331 392 sit
1350 369 1390 391 ne
1415 357 1532 401 aliquis
1556 358 1588 390 in
1613 357 1806 390 monasterio
1832 367 1897 390 mo-

1163 414 1284 447 nachus
1309 422 1434 446 morum
1459 411 1619 454 probitate
1643 416 1675 443 et
1697 409 1830 443 seientia
1849 409 1896 443 di-

1163 477 1257 509 gnus,
1287 465 1339 509 qui
1366 464 1547 508 promoveri
1572 463 1676 507 possit
1699 463 1737 496 ad
1763 463 1898 496 decana-

1163 524 1249 560 tum,
1280 519 1420 561 itemque
1447 528 1482 550 ex
1509 517 1633 550 clericis
1664 516 1702 549 ad
1727 516 1896 549 subdiaco-

1163 578 1293 612 natum,
1331 572 1532 604 diaconatum
1547 598 1554 611 ,
1587 576 1642 603 aut
1666 569 1893 603 sacerdotium.

1162 624 1198 656 Et
1223 624 1249 657 si
1275 624 1400 667 aliquos
1426 629 1499 667 post
1519 623 1702 656 huiusmodi
1729 628 1896 655 tractatum

1163 676 1278 719 dignos
1297 676 1490 715 invenerint,
1509 676 1561 718 qui
1580 680 1805 718 proponantur
1821 675 1895 707 visi·

1163 730 1317 762 tatoribus
1352 728 1576 772 approbandi,
1609 728 1806 761 mandabunt
1834 727 1895 770 ipsi

1162 781 1352 821 visitatores,
1379 781 1565 824 praedictos
1592 781 1654 814 sibi
1679 781 1711 813 in
1740 781 1896 814 schedula

1163 835 1338 878 descriptos
1364 835 1523 875 exhiberi,
1541 841 1637 878 atque
1655 846 1672 868 a
1696 835 1841 878 praelato
1863 837 1895 867 et

1162 887 1296 930 singulis
1320 888 1559 931 superioribus,
1592 889 1773 920 iuramento
1806 897 1897 931 prae-

1163 940 1247 980 stito,
1265 940 1404 982 exigent,
1423 950 1461 972 an
1476 940 1646 973 affectione
1665 946 1696 973 et
1712 940 1896 973 inordinata

1163 992 1260 1024 animi
1296 992 1505 1025 inclinatione
1540 992 1679 1035 aliquem
1719 1002 1897 1036 proposue-

1163 1044 1237 1084 rint,
1260 1050 1313 1077 aut
1337 1045 1412 1078 odio
1430 1046 1479 1078 vel
1501 1046 1727 1078 malevolentia
1751 1051 1897 1089 praeter-

1163 1096 1322 1137 miserint,
1339 1108 1378 1129 an
1397 1108 1469 1130 vero
1488 1108 1567 1141 quos
1586 1099 1699 1140 dignos
1714 1104 1745 1131 et
1761 1098 1896 1131 idoneos

1164 1150 1203 1182 ad
1229 1151 1346 1192 gradus
1365 1156 1396 1184 et
1413 1151 1516 1184 osticla
1540 1151 1768 1191 iudicaverint3
1791 1152 1897 1195 deque

1164 1203 1209 1235 sic
1226 1203 1465 1236 nominatorum
1491 1204 1552 1236 vita
1578 1210 1609 1236 et
1633 1204 1786 1241 moribus,
1808 1214 1899 1246 prae·

1165 1256 1275 1288 sertim
1301 1256 1431 1289 illorum
1457 1256 1510 1299 qui
1544 1257 1583 1289 ad
1608 1257 1798 1289 decanatum
1824 1266 1899 1299 pro-

1165 1309 1314 1341 movendi
1340 1314 1456 1348 essent,
1477 1320 1494 1341 a
1514 1310 1629 1342 ceteris
1646 1310 1800 1352 probatae
1825 1308 1899 1341 fidei

1165 1361 1332 1393 monachis
1358 1362 1559 1395 exactissime
1583 1362 1759 1405 inquirent,
1779 1367 1811 1394 et
1834 1361 1900 1393 sin-

1142 1432 1143 1441 1
1165 1416 1313 1457 gulorurn
1341 1415 1525 1448 testimonia
1542 1416 1574 1448 in
1592 1421 1662 1448 acta
1679 1415 1790 1449 referri
1809 1414 1900 1448 iube-

1165 1469 1255 1500 bunt.
1282 1467 1474 1501 Industriam
1500 1479 1576 1501 vero
1605 1479 1641 1501 ae
1666 1468 1829 1501 scientiam
1855 1467 1900 1500 vi-

1165 1520 1314 1553 sitatores
1339 1521 1399 1564 ipsi
1426 1527 1612 1564 praesentes
1634 1522 1806 1562 diligenter
1830 1531 1901 1554 exa-

1166 1573 1343 1613 minabunt,
1377 1577 1501 1606 servata
1535 1575 1655 1614 forma,
1688 1575 1791 1618 quoad
1818 1585 1896 1618 pro-

1165 1626 1343 1659 movendos
1368 1627 1404 1659 ad
1432 1628 1628 1668 decanatum,
1651 1638 1732 1671 quae
1757 1628 1838 1660 infra
1865 1627 1899 1660 in

1166 1680 1307 1712 secunda
1332 1686 1420 1722 parte
1457 1680 1728 1714 constitutionum
1765 1691 1835 1723 cap.
1861 1689 1901 1714 xx

1167 1744 1254 1765 num.
1273 1744 1313 1766 xv
1336 1734 1576 1776 praescribitur,
1599 1740 1638 1774 et,
1661 1745 1740 1777 quos
1764 1734 1900 1767 idoneos

1167 1787 1356 1830 repererint,
1375 1787 1612 1830 approbabunt.
1632 1787 1829 1820 Decanorum
1848 1797 1901 1819 au-

1169 1846 1230 1872 tem
1249 1845 1281 1872 et
1298 1840 1441 1882 priorum
1466 1840 1683 1873 claustralium
1711 1841 1814 1877 vitam,
1835 1850 1901 1872 mo-

1169 1904 1228 1932 res,
1254 1893 1457 1931 industriam,
1478 1893 1657 1925 doctrinam
1685 1898 1715 1926 et
1746 1893 1902 1925 sollicitu-

1168 1947 1295 1986 dinem,
1324 1951 1389 1978 tum
1408 1957 1424 1978 a
1443 1948 1587 1989 praelato
1613 1952 1643 1978 tt
1667 1946 1899 1989 superioribus,

1169 2006 1233 2032 tum
1273 2000 1312 2032 ab
1349 1999 1419 2031 aliis
1459 1999 1632 2041 diligenter
1668 2000 1899 2041 explorabant3

1167 2063 1240 2086 cum
1265 2052 1350 2084 enim
1376 2063 1411 2084 ex
1439 2063 1550 2084 corum
1582 2062 1717 2084 numero
1743 2051 1903 2094 eligantur

1168 2160 1280 2203 optimi
1308 2166 1381 2191 sunt
1401 2159 1615 2202 approbandi.
1642 2158 1726 2196 Quos
1742 2157 1841 2200 igitur
1861 2157 1905 2190 di-

1169 2224 1248 2254 gnos
1274 2212 1485 2244 iudicaverint
1508 2211 1688 2244 visitatores
1706 2211 1822 2253 (super
1839 2219 1903 2253 quo

1169 2276 1279 2298 eorum
1306 2265 1539 2297 conscientiam
1565 2265 1763 2305 oneramus),
1788 2272 1911 2306 appro--

1169 2320 1310 2359 babunt,
1341 2328 1372 2353 et
1396 2320 1428 2351 in
1453 2325 1522 2352 acta
1552 2319 1664 2352 referri
1690 2317 1903 2350 mandabunt.

1169 2373 1305 2406 Caveant
1330 2378 1434 2405 autem
1470 2372 1648 2404 visitatores
1685 2382 1723 2403 ne
1760 2371 1903 2412 aliquem

1169 2426 1352 2468 approbent
1370 2425 1421 2468 qui
1449 2436 1506 2468 per
1531 2425 1691 2465 integrum
1718 2424 1830 2455 saltem
1849 2432 1905 2454 an-

1171 2490 1244 2510 num
1271 2478 1301 2509 in
1328 2479 1442 2510 eodeni
1466 2476 1661 2510 monasterio
1687 2481 1905 2509 commoratus

1170 2542 1234 2564 uon
1262 2532 1354 2564 t'ucrit
1373 2559 1380 2571 ,
1416 2537 1469 2564 aut
1495 2536 1581 2563 certe
1614 2531 1733 2562 bonuiu
1762 2529 1905 2562 testimo-

1170 2586 1256 2617 niuui
1284 2585 1400 2617 liabcat
1424 2586 1462 2617 ab
1490 2585 1538 2616 liis
1564 2583 1714 2626 praelatis
1747 2589 1777 2616 et
1810 2580 1906 2625 supe·-

1904 200 1953 227 An.
1974 199 2002 226 C.
2020 199 2087 228 1080
