2111 3157
177 236 230 264 An.
247 237 275 264 c.
298 235 368 264 1680
411 227 476 262 3020

371 295 428 326 quo
444 287 479 316 ad
502 286 663 317 orationem
677 285 843 316 huiusmodi
864 285 995 325 hospites
1018 285 1107 315 intro-

371 335 526 365 ducantur.

411 384 453 422 (c)
481 393 522 413 iu.
550 384 691 413 Δάοι-θίαν
719 383 854 413 Christus.
877 383 971 413 Mento
994 383 1107 413 scilicet

372 432 491 462 orando.
515 432 549 461 Et
577 432 643 470 quia
675 432 853 462 consuetudo
875 432 1005 462 omnium
1034 441 1107 470 pene

372 480 575 517 religiosorum
597 484 650 518 est,
674 481 789 519 quando
811 484 967 510 occurrunt
988 480 1105 519 hospiti,

374 528 456 567 prius
477 528 560 558 illum
583 528 714 568 recipere
736 529 766 558 in
788 529 886 559 osculo
909 529 1007 568 pacis,
1032 532 1107 568 post-

374 576 491 607 modum
513 576 618 606 ducere
640 577 675 607 ad
697 577 876 614 orationem,
893 581 921 607 et
936 577 1001 607 ideo
1022 577 1108 606 inhu-

374 633 492 654 manum
515 625 582 655 duci
598 630 695 664 posset
707 626 892 665 (praesertim
911 626 935 656 si
950 629 1036 656 notus
1051 626 1106 664 est)

373 673 403 702 in
426 674 520 712 primo
543 683 666 704 occursu
687 684 745 704 non
767 675 905 705 exhibere
926 675 953 705 ei
976 674 1107 704 osculum

374 721 572 760 praedictum,
595 726 746 762 propterea
769 732 921 753 censemus
943 733 1000 753 non
1016 723 1108 752 disce-

374 768 444 798 dere
466 778 519 799 nos
541 779 556 799 a
579 770 697 808 regulae
713 771 891 810 praescripto
906 771 931 800 si
953 771 982 800 in
999 770 1108 809 princi-

374 815 422 855 pio
444 817 577 848 osculum
599 818 806 856 obtulerimus,
831 820 990 858 praemissa
1011 823 1106 848 tamon

374 868 471 894 mente
494 865 633 901 oratione,
657 870 686 896 et
707 867 794 896 etiam
816 867 893 897 dicto
915 867 1042 896 exterius
1056 866 1108 896 ali-

375 921 443 950 quo,
467 913 543 951 quod
566 913 600 943 ad
623 914 770 944 orationes
785 915 830 944 vel
846 915 894 944 Dei
916 915 1030 944 laudem
1047 922 1108 953 per-

374 959 475 998 tineat,
499 964 527 990 et
554 961 699 1000 hospitem
728 963 834 992 similia
857 963 986 1002 proferre
1008 962 1108 991 feceri-

374 1016 450 1046 mus,
474 1013 553 1047 puta,
576 1010 631 1039 Deo
650 1012 770 1049 gratius,
795 1011 960 1040 Benedictus
982 1010 1064 1044 Dens,
1082 1014 1109 1039 et

375 1056 430 1086 alia
452 1057 630 1096 huiusmodi,
651 1058 806 1089 dummodo
828 1063 925 1098 postea
948 1059 983 1088 ad
1006 1058 1110 1088 oratio-

374 1113 441 1134 nem
463 1105 586 1135 ducatur
607 1106 722 1145 hospes.

413 1161 452 1183 lv.
480 1153 617 1184 Osculum
648 1155 772 1185 dicimus
804 1155 990 1194 amplexum,
1024 1163 1110 1194 quem

374 1202 545 1241 praesertim
567 1202 713 1242 religiosis
736 1207 763 1234 et
784 1203 895 1233 devotis
917 1203 1049 1242 personis
1064 1213 1111 1233 ex-

374 1249 520 1281 bibemus.
534 1251 563 1282 Si
576 1261 644 1281 vero
660 1252 695 1282 ob
718 1252 934 1282 multitudinem
956 1252 1110 1291 aliquando

373 1297 415 1328 ita
429 1299 542 1338 integre
563 1300 730 1330 hulusmodi
746 1301 946 1331 caeremoniae
968 1301 1032 1330 sieri
1053 1310 1111 1330 non

375 1351 526 1386 poterunt,
550 1348 621 1378 fiant
636 1350 732 1379 animo
753 1353 781 1379 et
796 1353 907 1386 mente,
931 1349 1028 1387 aliter,
1051 1358 1112 1379 ser-

376 1400 459 1426 vetur
478 1397 588 1435 regula.

416 1445 461 1484 (d)
488 1454 516 1475 v.
544 1445 663 1484 Leyatur
689 1456 779 1476 eorum
808 1446 910 1485 hospite
937 1445 981 1475 lea:
1009 1446 1110 1475 divina.

376 1492 499 1523 Maxime
513 1493 665 1524 laudamus
680 1494 733 1524 hoc
749 1494 825 1532 fieri,
839 1494 863 1524 si
882 1493 1031 1524 commode
1046 1503 1112 1532 pos-

375 1541 424 1580 sit,
448 1546 476 1572 et
498 1546 611 1582 tempus
638 1542 693 1572 hoc
716 1542 890 1581 permiserit,
908 1546 954 1580 ut,
978 1542 1046 1572 dum
1067 1551 1112 1572 re-

376 1590 462 1620 fectio
484 1595 614 1630 paratur,
634 1591 744 1631 aliquid
767 1591 876 1630 hospiti
899 1591 1049 1630 spirituale
1070 1590 1112 1620 di-

376 1643 470 1677 catur,
494 1640 592 1670 habito
614 1644 748 1680 respectu
770 1641 805 1670 ad
827 1649 965 1680 personae
992 1640 1113 1680 qualita-

377 1692 446 1718 tem.
477 1689 514 1719 At
551 1689 654 1719 saltem
685 1699 743 1719 non
776 1689 926 1719 omittatur
958 1689 1051 1728 quin¹
1079 1689 1113 1718 ad

377 1746 508 1767 mensam
537 1738 644 1777 hospiti
672 1738 792 1776 legatur
813 1737 923 1776 aliquid
945 1737 1024 1767 iuxta
1046 1746 1115 1767 con-

377 1785 518 1815 ditionem
541 1794 681 1825 personae
703 1789 733 1815 ut
755 1785 936 1815 aedificetur.

418 1835 458 1874 (e)
480 1843 518 1865 w.
542 1835 626 1864 Pedes
648 1835 809 1872 hospitibus,
833 1839 883 1864 etc.
907 1834 983 1864 Haec
1009 1834 1115 1864 solem-

377 1884 424 1914 nis
446 1883 555 1914 ablutio
577 1884 683 1923 pedum
707 1884 863 1923 praecipue
889 1883 1046 1913 exhibetur
1066 1884 1112 1918 iis,

378 1933 429 1972 qui
451 1933 651 1964 conversionis
674 1933 819 1963 desiderio
835 1933 870 1962 ad
885 1936 983 1962 nostra
1001 1941 1115 1962 monas-

379 1981 451 2011 teria
470 1981 601 2012 veniunt.
625 1981 789 2021 Aliquando
820 1981 856 2010 iis
885 1981 973 2010 etiam
995 1980 1045 2020 qui
1066 1980 1115 2010 de-

379 2030 504 2060 votionis
526 2031 619 2068 gratia
641 2030 727 2068 longo
749 2029 854 2059 itinere
875 2029 1050 2058 monasteria
1064 2038 1115 2058 no—

379 2083 438 2109 stra
461 2079 590 2117 visitant,
614 2083 664 2110 aut
686 2079 816 2109 honestis
837 2078 944 2116 causis,
968 2078 1043 2108 sicut
1065 2087 1115 2117 pa-

380 2127 473 2158 tribus
496 2127 666 2158 monasterii
690 2127 783 2157 visum
805 2127 902 2156 suerit.

420 2185 467 2206 vn.
481 2176 649 2206 Laudamus
661 2176 750 2206 etiarn
765 2176 840 2205 hanc
856 2174 1034 2205 ablutionem
1051 2173 1115 2204 fieri

381 2225 505 2255 maxime
528 2225 671 2265 personis,
689 2225 765 2255 unde
781 2224 872 2263 magis
894 2223 1057 2254 aedificatio
1072 2232 1117 2253 se-

381 2274 432 2313 qui
460 2274 550 2313 possit
578 2278 607 2304 et
638 2277 826 2312 augmentum
854 2272 1017 2303 devotionis
1047 2281 1115 2310 erga

381 2322 562 2360 religionem.

420 2379 479 2400 vin.
510 2371 574 2410 Ipsa
605 2375 702 2401 autem
733 2370 843 2401 ablutio
871 2371 911 2400 ita
940 2370 981 2400 fit.
1010 2369 1117 2400 Conve-

381 2420 530 2450 nientibus
552 2420 700 2449 monachis
718 2420 747 2449 in
769 2419 939 2458 capitulum,
956 2422 1005 2449 aut
1027 2418 1117 2448 aliurn

381 2468 412 2498 in
435 2468 542 2507 locum,
566 2469 642 2498 sicut
663 2469 755 2507 decet,
779 2470 937 2508 praelatus,
961 2472 989 2499 et
1010 2469 1040 2498 in
1056 2468 1117 2498 eius

382 2517 515 2548 absentia
531 2517 610 2557 prior
625 2518 799 2557 claustralis,
815 2518 937 2556 genibus
953 2517 1035 2547 flexis
1050 2521 1117 2547 ante

420 2619 429 2647 ¹
453 2618 524 2646 Edit.
542 2617 620 2646 Μαίη.
638 2618 701 2653 legit
721 2618 790 2653 quia
807 2626 853 2653 pro
874 2619 945 2651 quin
964 2620 1002 2651 (n.
1020 2619 1069 2650 Τ.).

961 236 1140 261 BULLARIUM
1165 236 1317 262 ROMANUM

1150 285 1303 324 hospitem,
1328 284 1415 324 pedes
1436 284 1498 315 eius
1519 285 1613 322 lavet;
1637 294 1708 325 quos
1722 286 1791 317 dum
1813 285 1885 317 inci-

1150 334 1191 373 pit
1209 335 1316 372 lavare,
1339 344 1405 365 mox
1421 335 1477 365 duo
1493 335 1626 365 monachi
1648 335 1677 364 in
1700 336 1794 366 medio
1809 336 1885 366 cius-

1149 383 1214 412 dem
1249 383 1305 413 loci
1341 383 1482 422 incipiant
1514 383 1623 423 aliquid
1658 387 1776 414 cantare
1808 384 1884 423 quod

1149 431 1333 461 devotionem
1359 432 1485 469 excitet,
1509 435 1536 461 et
1559 431 1636 461 dicto
1663 431 1757 471 primo
1778 441 1883 471 versu,

1149 480 1249 518 ceteri,
1263 480 1364 510 divisis
1385 480 1492 517 choris,
1509 480 1653 518 genuflexi
1666 489 1766 510 versus
1788 481 1886 520 hospi-

1149 533 1218 567 tem,
1232 529 1367 558 eumdem
1382 537 1499 558 versum
1514 528 1666 563 cantando,
1680 528 1884 567 respondeant,

1149 587 1235 616 quem
1258 578 1345 607 etiam
1368 581 1432 617 post
1454 577 1583 615 singulos
1605 586 1724 613 versuS‚
1748 586 1821 616 quos
1841 577 1885 607 illi

1150 626 1207 656 duo
1229 627 1372 656 cantando
1395 630 1624 666 prosequuntur,
1647 630 1792 665 repetant.
1815 626 1885 656 Cum

1150 684 1219 704 vero
1241 675 1375 714 superior
1397 675 1497 704 ambos
1519 675 1605 714 pedes
1628 674 1776 713 lavaverit,
1794 678 1887 713 tergat

1151 723 1245 761 primo
1266 723 1368 762 pedem
1391 723 1559 760 sinistrum,
1581 723 1685 752 deinde
1712 722 1884 761 dexterum,

1150 780 1235 810 quem
1258 775 1368 801 tersum
1390 773 1537 811 cooperiat
1562 772 1652 801 linteo
1666 796 1673 810 ‚
1696 772 1817 810 except-:1
1838 781 1887 801 su-

1151 820 1251 857 prema
1278 823 1381 858 parte,
1405 829 1491 858 quam
1518 819 1579 858 ipse
1602 819 1696 858 primo
1721 819 1884 849 osculetur:

1151 871 1178 896 et
1198 867 1239 896 sic
1261 867 1426 896 successive
1447 867 1581 897 monachi
1596 876 1696 897 omnes
1718 867 1824 906 hospiti
1838 876 1886 906 pe-

1151 915 1216 944 dem
1238 915 1418 953 osculentur,
1448 915 1614 954 incipiendo
1636 924 1651 944 a
1673 915 1835 954 superiore,
1858 918 1887 945 et

1152 963 1354 1002 subsequendo
1381 972 1433 1002 per
1464 963 1595 993 ordinem
1617 963 1771 1002 utriusque
1793 963 1885 993 chori.

1153 1011 1211 1040 Hoc
1234 1011 1317 1041 modo
1338 1011 1475 1041 (licuntur
1490 1020 1590 1042 omnes
1612 1012 1709 1041 lavare
1731 1012 1818 1051 pedes
1836 1012 1887 1041 ho-

1152 1059 1247 1097 spitis,
1272 1068 1337 1089 cum
1360 1059 1401 1089 ibi
1422 1060 1485 1090 elus
1507 1060 1596 1090 causa,
1617 1059 1764 1089 assistant.

1192 1116 1232 1136 lx.
1255 1106 1405 1146 Completzi
1435 1108 1671 1145 deosculatione,
1694 1107 1887 1147 calceatisque

1154 1155 1276 1195 pedibus
1299 1156 1433 1196 hospitis,
1457 1156 1592 1196 superior
1613 1156 1711 1186 statim
1733 1159 1843 1194 surgat,
1859 1159 1888 1186 et

1154 1205 1260 1234 omisso
1282 1213 1297 1234 a
1320 1204 1469 1234 monachis
1490 1209 1587 1243 cantu,
1610 1205 1732 1244 incipiat
1751 1213 1885 1234 versum:

1155 1252 1188 1291 >i-
1198 1252 1372 1292 Suscepimus
1384 1253 1467 1292 Deus,
1478 1257 1527 1283 etc.
1544 1254 1578 1292 ljl.
1591 1254 1624 1283 Iu
1632 1254 1717 1283 medio
1729 1253 1823 1292 templi
1834 1254 1886 1283 tui.

1154 1300 1235 1330 Pater
1258 1306 1361 1338 noster,
1386 1305 1506 1331 secreto.
1528 1301 1561 1340 y.
1585 1301 1620 1331 Et
1640 1312 1673 1330 ne
1694 1311 1741 1331 nos
1762 1302 1886 1337 inducas,

1154 1354 1203 1379 etc.
1226 1351 1258 1389 15'.
1273 1349 1326 1380 Sed
1347 1350 1433 1380 libera
1454 1359 1512 1388 nos,
1535 1354 1584 1380 ete.
1600 1350 1631 1389 y
1644 1349 1757 1380 Salvum
1770 1352 1816 1390 fac
1830 1360 1887 1379 ser-

1155 1408 1217 1426 rum
1244 1403 1337 1435 tuum,
1362 1399 1395 1437 ἶς’.
1419 1398 1492 1428 Deus
1514 1408 1600 1435 meus,
1624 1403 1779 1437 sperantem
1800 1399 1831 1427 iu
1851 1401 1886 1428 te.

1156 1456 1188 1485 p.
1204 1446 1281 1476 illiue
1293 1448 1328 1484 ei,
1343 1446 1467 1485 Domine,
1486 1446 1625 1476 aiiii-ilium
1640 1447 1672 1475 de
1687 1450 1787 1483 saneto,
1803 1447 1836 1485 15‘.
1853 1446 1890 1475 Et

1155 1496 1185 1524 de
1207 1494 1273 1524 Sion
1294 1499 1370 1524 tuere
1391 1505 1462 1524 eum.
1483 1494 1516 1534 fis.
1533 1495 1596 1524 Esto
1613 1496 1648 1529 ei,
1665 1495 1788 1532 Domine,
1801 1496 1889 1525 turris

1155 1543 1338 1582 fortitudinis,
1367 1544 1400 1582 1)).
1417 1543 1440 1572 Α
1466 1544 1538 1582 facie
1559 1544 1676 1573 inimici.
1699 1543 1732 1582 y.
1755 1543 1887 1580 Domine,

1156 1602 1209 1621 non
1233 1592 1398 1626 secundum,
1421 1596 1470 1621 ete.
1492 1593 1526 1630 ΒΚ
1544 1592 1635 1630 Neque
1660 1592 1815 1629 secundum,
1836 1595 1887 1621 etc.

1156 1640 1268 1671 Oratio:
1291 1640 1418 1670 Actiones
1439 1644 1555 1678 nostras,
1573 1650 1744 1679 quaesumus,
1763 1640 1888 1678 Domine,

1156 1694 1205 1718 etc.
1223 1688 1337 1719 Oratio:
1361 1689 1540 1719 Famulorum
1561 1693 1681 1723 luorum,
1701 1693 1750 1718 etc.
1774 1687 1888 1719 Oratio:

1159 1738 1317 1767 Intercessio
1337 1748 1384 1767 nos
1405 1747 1578 1777 quaesumus,
1602 1737 1725 1772 Domine,
1749 1738 1818 1767 beati
1838 1747 1889 1776 pa-

1157 1788 1208 1816 tris
1230 1787 1315 1816 nostri
1336 1786 1488 1821 Benedicti,
1508 1790 1556 1815 ele.

1196 1845 1224 1864 x.
1248 1835 1351 1865 Postea
1373 1835 1490 1864 mandet
1505 1835 1567 1864 fieri
1590 1834 1707 1864 brevem
1730 1834 1890 1864 orationem

1158 1893 1209 1923 pro
1232 1883 1365 1923 hospite,
1389 1887 1417 1913 et
1439 1883 1511 1913 facto
1533 1883 1631 1922 signo,
1655 1883 1781 1922 dataque
1803 1883 1891 1913 bene-

1157 1933 1293 1969 dictione,
1314 1941 1415 1962 omnes
1438 1932 1581 1971 (exceptis
1596 1931 1770 1962 habentibus
1791 1941 1891 1962 curam

1158 1981 1320 2021 hospitum,
1344 1980 1368 2010 si
1390 1990 1462 2019 quos
1484 1980 1613 2010 retinere
1635 1980 1759 2010 voluerit
1779 1980 1892 2019 praela-

1157 2035 1203 2061 tus
1226 2039 1277 2069 pro
1298 2029 1435 2068 obsequio
1458 2029 1595 2069 hospitis)
1618 2032 1738 2069 pergant
1765 2037 1832 2058 cum
1853 2028 1892 2059 si-

1157 2079 1247 2109 lentio
1268 2078 1303 2109 ad
1325 2078 1411 2108 cellas
1433 2087 1510 2108 suas.

1197 2137 1236 2157 xi.
1260 2127 1368 2157 Ceteris
1385 2130 1482 2157 autem
1504 2125 1678 2166 hospitibus,
1700 2126 1823 2156 maxime
1841 2125 1892 2165 qui

1158 2177 1192 2206 de
1214 2176 1298 2214 longe
1320 2175 1462 2210 venerint,
1482 2175 1525 2205 vel
1541 2175 1590 2215 qui
1605 2175 1675 2204 alias
1697 2175 1727 2204 in
1749 2177 1894 2204 monaste-

1158 2225 1201 2255 rio
1223 2233 1281 2255 non
1303 2224 1412 2254 suerint
1433 2224 1581 2263 hospitati,
1598 2223 1634 2253 ab
1656 2223 1830 2254 habentibus
1842 2223 1893 2253 ho-

1158 2273 1267 2312 spitum
1288 2281 1388 2302 curam
1410 2272 1497 2311 pedes
1520 2272 1665 2302 laventur.

1199 2331 1247 2352 xu.
1271 2321 1351 2357 Quod
1373 2321 1397 2351 si
1420 2321 1574 2351 multitudo
1595 2330 1653 2351 non
1680 2321 1789 2351 sineret
1814 2320 1894 2351 ablu·

1159 2372 1267 2401 tionem
1291 2370 1363 2405 fieri,
1387 2373 1436 2399 aut
1457 2370 1513 2399 alia
1534 2379 1620 2399 causa
1636 2369 1787 2407 urgentior
1802 2369 1894 2409 impe-

1159 2419 1244 2455 diret,
1259 2419 1365 2448 faciant
1386 2418 1463 2458 quod
1485 2421 1616 2457 possunt,
1633 2417 1759 2447 scientes
1774 2427 1804 2448 se
1820 2418 1895 2448 mul-

1160 2472 1220 2498 tum
1243 2467 1464 2497 retributionem
1486 2476 1502 2496 a
1524 2466 1644 2496 Domino
1666 2470 1846 2506 recepturos,
1869 2467 1895 2497 si

1161 2517 1238 2546 iuxta
1261 2516 1390 2554 regulam
1412 2515 1550 2553 fecerint,
1574 2518 1602 2544 et
1623 2524 1638 2545 e
1660 2515 1806 2545 contrario
1828 2524 1896 2555 poe-

1161 2574 1238 2601 nam,
1262 2565 1285 2594 si
1308 2574 1342 2594 ex
1365 2564 1543 2602 negligentia
1565 2563 1593 2593 id
1615 2563 1776 2593 omiserint.

1201 2622 1260 2642 xu1.
1290 2612 1436 2643 Monachis
1467 2616 1563 2642 autem
1593 2612 1701 2642 nostris
1731 2612 1833 2650 quavis
1860 2612 1895 2644 de

1890 236 1941 265 An.
1962 236 1993 266 C.
2011 236 2079 266 ¹680
