2111 3157
182 233 235 262 An.
253 235 282 263 c.
303 235 369 263 isso
416 227 479 260 ⁶202

377 286 457 317 latu<
484 291 515 317 ct
541 284 752 328 praesidentis
777 281 906 325 capituli
927 281 958 313 in
984 280 1111 324 praedi-

377 338 435 369 ctis
454 336 595 374 Quitensi
616 342 644 368 et
665 335 735 368 aliis
753 335 915 367 lndiarum
938 332 1110 376 provinciis

377 400 460 422 nunc
475 396 505 421 et
523 400 580 431 pro
600 395 744 431 tempore
759 386 983 425 existentibus,
999 386 1030 418 in
1049 396 1110 417 me-

377 443 472 474 ritum
498 441 646 474 salutaris
673 439 897 479 obedientiae,
925 440 983 471 sub
1008 438 1111 482 priva-

376 494 474 526 tionis
499 494 585 526 vocis
612 493 731 525 activae
758 498 789 524 et
813 492 956 535 passivae
978 502 1035 534 per·
1059 492 1111 523 de-

376 546 541 582 cennium,
559 557 594 578 ac
620 545 962 578 evcommunicationis
980 544 1109 576 maioris

375 598 457 629 latae
473 598 664 635 sententiae,
685 608 777 640 quam
796 597 855 629 liae
870 600 933 629 una
951 608 1010 639 pro
1029 597 1110 628 trina

376 650 532 682 canonica
569 650 747 682 monitione
780 650 960 692 praemissa
992 649 1024 680 in
1061 649 1110 680 liis

376 702 516 744 seriptis,
544 703 621 734 licet
644 702 746 740 inviti,
772 702 915 741 serimus,
936 702 1005 744 ipso
1027 702 1109 733 sacto

375 754 581 787 incurrendis
606 755 730 797 poenis,
752 765 800 793 ue,
823 756 880 786 sub
906 754 1018 797 quovis
1043 764 1111 785 mo-

375 806 449 846 tivo,
477 809 571 838 causa
595 808 643 839 vel
670 812 851 849 praetextu,
878 805 1109 848 impedimento

375 859 437 891 sint
461 860 635 901 quominus
660 864 845 902 praesentes
871 859 1001 898 literae,
1032 870 1109 901 quas

375 922 503 954 semper
527 911 646 951 firmas,
673 912 794 943 validas
821 917 852 944 et
876 911 1021 943 efficaces
1047 911 1111 943 evi-

375 968 460 996 stere
493 969 524 996 et
556 969 714 1006 perpetuo
747 965 815 996 sore
852 963 1055 995 decernimus
1081 969 1111 995 et

375 1016 585 1055 declaramus,
598 1027 687 1048 suum
704 1016 868 1058 integrum
881 1027 917 1048 ae
930 1016 1109 1059 plenarium

374 1068 406 1100 111
433 1069 582 1100 omnibus
608 1075 640 1101 et
664 1080 723 1111 per
744 1069 850 1101 omnia
869 1069 1046 1101 sortiantur
1067 1069 1109 1100 es-

374 1120 505 1161 sectum,
526 1133 586 1153 nec
608 1133 660 1154 eas
688 1123 725 1154 de
751 1122 952 1164 obreptionis
969 1123 1017 1154 vel
1037 1123 1111 1153 sub-

373 1173 533 1216 reptionis
566 1172 640 1206 vitio
667 1180 721 1206 aut
753 1175 791 1208 de
818 1175 880 1207 alio
908 1185 1109 1217 quocumque

374 1226 501 1258 defectu
535 1227 631 1258 etiam
664 1227 862 1260 auctoritatis
889 1229 936 1259 vel
962 1227 1111 1259 intentio·

374 1277 423 1309 nis
449 1284 575 1310 nostrae
602 1284 715 1310 notare
749 1289 806 1310 seu
839 1279 1031 1321 impugnare
1058 1289 1111 1310 au-

375 1331 472 1362 deant
496 1331 545 1362 vel
572 1336 747 1370 attentent;
775 1332 830 1363 sed
857 1332 977 1374 potius,
1004 1332 1110 1363 statim

374 1394 410 1415 ac
436 1383 617 1415 huiusmodi
644 1384 768 1416 litterae
787 1384 824 1416 ad
846 1384 1027 1426 praedictas
1044 1384 1112 1421 Qui-

375 1441 499 1468 tensem
517 1441 549 1468 et
576 1437 654 1468 alias
681 1436 841 1469 indiarum
862 1437 1045 1479 provincias
1062 1447 1111 1469 re-

374 1489 518 1531 spective
544 1490 768 1531 pervenerint,
794 1490 854 1522 sub
876 1490 1021 1522 eiusdem
1047 1491 1111 1533 pri-

374 1541 508 1574 vationis
545 1547 576 1574 et
615 1542 959 1576 exconununicationis
985 1543 1109 1584 poenis,

375 1594 461 1627 omni
481 1600 512 1626 et
533 1605 735 1637 quacumque
753 1595 973 1637 appellatione
991 1601 1022 1627 et
1040 1606 1100 1637 sup

374 1647 549 1690 plicatione
576 1650 718 1687 remota,
750 1658 802 1679 eas
841 1648 872 1679 in
906 1658 1109 1690 quocumque

375 1699 561 1733 definitorio
586 1700 682 1732 etiam
705 1700 828 1742 privato
854 1701 978 1742 integre
1001 1711 1111 1743 respe-

375 1753 453 1785 ctive
480 1753 656 1795 recipiant,
683 1753 713 1784 in
741 1753 889 1786 omnibus
914 1759 945 1784 ct
975 1754 1109 1795 singulis

375 1805 502 1837 casibus
522 1805 763 1847 emergentibus
785 1806 822 1837 ad
842 1805 981 1837 litteram
1001 1806 1109 1838 obser-

374 1862 466 1896 vent,
492 1857 702 1900 exequutioui
735 1859 909 1897 mandent,
942 1858 1051 1900 sicque
1078 1858 1109 1890 in

373 1910 558 1953 praemissis
588 1921 645 1951 per
676 1920 895 1952 quoscumque
929 1910 1111 1952 praedicta—

373 1973 443 1995 rum
465 1963 701 2005 provinciartun
729 1968 760 1995 et
784 1962 911 1994 Ordinis
937 1963 1039 1994 nostri
1065 1963 1111 1993 iu-

375 2017 463 2049 dices
490 2022 521 2048 et
545 2016 731 2059 superiores
757 2016 940 2049 ordinarios
966 2022 997 2048 et
1022 2016 1110 2048 dele-

374 2075 476 2111 gatos,
490 2080 615 2102 necnon
631 2080 689 2112 per
700 2079 919 2112 quaecumque
938 2069 1111 2101 tribunalia

374 2128 406 2153 et
427 2122 612 2154 definitoria
630 2122 762 2154 iudicari
782 2128 813 2155 et
830 2122 956 2154 definiri
975 2122 1108 2160 debere,

374 2185 410 2206 ac
434 2175 560 2207 irritum
579 2181 610 2207 et
631 2175 724 2207 inane
742 2175 811 2217 ipso
835 2175 915 2207 sacto
940 2179 971 2206 et
988 2175 1109 2217 absque

374 2228 436 2259 alia
461 2227 679 2259 declaratione
705 2228 929 2265 decernentes,
960 2226 985 2258 si
1018 2237 1109 2259 secus

373 2290 469 2322 super
487 2279 536 2311 liis
558 2290 574 2311 a
593 2290 766 2322 quoquam,
781 2279 890 2322 quavis
909 2280 1110 2319 auctoritate,

375 2332 517 2364 scienter
533 2333 580 2364 vel
596 2332 795 2373 ignoranter,
811 2331 880 2364 sieri
899 2333 945 2364 vel
960 2332 1109 2364 attentari

376 2385 641 2427 contigerit.Non
673 2386 876 2417 obstantibus
908 2385 1111 2428 quibuscum-

375 2449 437 2481 que
451 2438 941 2480 praedictarumprovinciarum
957 2438 1112 2470 definitio-

374 2490 478 2529 nibus,
505 2490 595 2530 aetis,
614 2490 739 2522 statutis
757 2496 789 2522 et
806 2490 1109 2529 consuetudinibus,

375 2543 472 2576 etiam
499 2543 810 2575 immemorabilibus
843 2554 969 2576 net-non
992 2544 1109 2576 nostris

817 2571 821 2586 Ι

374 2597 424 2629 vel
457 2595 749 2639 praedecessoium
784 2601 969 2628 nostrorum
1007 2596 1111 2628 deela-

953 231 1133 257 BULLARIUM
1156 231 1308 255 ROMANUM

1153 279 1350 319 rationibus,
1375 279 1513 320 statutis,
1539 279 1678 313 decretis
1703 284 1733 313 et
1757 280 1886 313 ordina-

1153 333 1293 365 tionibus
1328 333 1360 365 in
1401 333 1596 365 contrarium
1636 333 1884 376 praemissorum

1153 386 1399 427 quomodolibet
1431 385 1636 429 approbatis,
1671 385 1884 426 confirmatis,

1153 439 1336 478 concessis,
1362 440 1522 472 innovatis
1547 445 1579 471 et
1603 439 1776 478 emanatis;
1803 449 1885 481 quae

1153 491 1258 523 omnia
1276 497 1307 523 et
1324 491 1459 533 singula,
1478 491 1509 523 in
1529 496 1685 534 quantum
1706 491 1888 534 praesenti-

1154 545 1211 575 lius
1230 544 1344 576 litteris
1366 545 1591 583 adversantur,
1611 555 1665 577 seu
1688 544 1888 576 contrarian-

1154 602 1212 633 tur,
1238 606 1388 638 expresse
1414 607 1613 636 revocamus,
1636 597 1830 638 derogamus
1856 600 1888 628 et

1153 650 1373 687 annullamus,
1399 659 1434 680 ae
1458 654 1617 688 revocata,
1636 649 1813 687 annullata,
1834 647 1889 680 de-

1154 706 1262 741 rogata
1290 706 1320 732 et
1356 702 1462 739 nulla,
1489 701 1673 743 nulliusque
1705 700 1833 732 roboris
1858 705 1889 732 et

1154 753 1308 785 momenti
1335 764 1407 786 esse
1440 754 1588 785 volumus
1614 759 1646 785 et
1669 753 1887 791 declaramus;

1153 805 1331 847 ceterisque
1349 806 1518 838 contrariis
1538 806 1807 848 quibuscumque,
1825 809 1886 837 etc.

1197 858 1308 890 Datum
1323 858 1455 896 Romae,
1470 858 1502 889 in
1517 863 1675 891 conventu
1696 857 1798 890 nostri
1816 867 1890 890 san-

1153 910 1194 942 eti
1224 911 1323 953 patris
1347 910 1530 952 Augustini,
1559 910 1609 943 die
1633 910 1746 943 ultima
1769 909 1889 942 mensis

1154 962 1230 994 iunii
1257 973 1414 995 ninctxxx.

1197 1016 1230 1048 F.
1250 1016 1427 1049 Douuvicus
1442 1015 1656 1049 VALvasomrs
1670 1015 1889 1048 Mediolanen-

1154 1067 1208 1107 sis,
1229 1068 1388 1110 generalis
1407 1068 1481 1101 lieet
1497 1068 1649 1110 indignus
1667 1068 1793 1100 Ordinis
1819 1078 1889 1101 ere-

1154 1120 1301 1152 mitarum
1327 1121 1428 1152 sancti
1454 1120 1555 1163 patris
1580 1120 1769 1162 Augustini,

1197 1173 1347 1214 Magister
1360 1173 1393 1204 F.
1408 1172 1551 1205 (linctus
1564 1173 1665 1204 Manu
1679 1172 1814 1205 Penusni
1827 1172 1890 1206 Me-

1154 1224 1362 1263 diolanensis‚
1380 1224 1574 1257 secretarius
1596 1223 1737 1257 Ordinis.
1765 1224 1848 1257 Loco
1865 1227 1888 1266 †

1153 1277 1263 1319 sigilli.
1291 1277 1505 1319 Registratum
1531 1277 1586 1309 lib.
1615 1287 1651 1309 11.

1197 1331 1211 1372 g
1228 1330 1258 1362 02.
1277 1330 1353 1362 Cum
1368 1336 1485 1369 autem,
1501 1330 1581 1362 sicut
1598 1330 1712 1362 eadem
1727 1329 1887 1373 expositio
1925 1342 2014 1364 Additur
2034 1347 2086 1364 eon-

1153 1383 1378 1425 subiungebat,
1398 1389 1433 1414 ut
1452 1383 1577 1415 litterae
1598 1383 1818 1425 praeinsertae
1838 1383 1890 1415 111·-
1899 1369 1988 1418 affluo
2011 1369 2082 1392 9⁰⁰⁸*

1154 1436 1236 1467 mius
1263 1435 1450 1475 subsistant,
1471 1441 1501 1467 et
1519 1435 1550 1467 in
1572 1435 1718 1478 partibus
1737 1436 1818 1468 adeo
1841 1446 1890 1468 re-

1153 1489 1247 1521 motis
1273 1489 1455 1521 executioni
1480 1489 1676 1520 mandentur
1699 1499 1735 1521 ac
1767 1499 1890 1522 serven-

1155 1548 1204 1574 tur
1228 1541 1378 1580 exactius,
1394 1541 1555 1583 praefatus
1574 1547 1768 1583 procurator
1792 1552 1890 1584 gene-

1153 1595 1229 1627 ralis
1255 1595 1326 1626 illas
1346 1594 1544 1636 apostolicae
1561 1593 1815 1627 confirmationis
1833 1604 1890 1626 no·

1153 1653 1237 1679 strae
1264 1646 1448 1690 patrocinio
1470 1647 1664 1679 communiri
1685 1657 1889 1690 summopere

1154 1700 1334 1732 desideret:
1361 1710 1432 1738 nos,
1460 1699 1562 1742 ipsius
1587 1699 1808 1741 procuratoris
1834 1710 1889 1742 ge-

1153 1753 1271 1785 neralis
1295 1752 1377 1784 votis
1403 1753 1463 1784 liac
1487 1752 1519 1784 in
1552 1762 1602 1792 re,
1636 1757 1791 1795 quantum
1816 1763 1888 1785 eum

1152 1805 1290 1837 Domino
1311 1815 1491 1848 possumus,
1511 1804 1726 1837 favorabiliter
1743 1815 1888 1838 annuere

1152 1860 1315 1897 volentes,
1344 1868 1480 1900 eumque
1514 1868 1530 1889 a
1567 1857 1729 1900 quibusvis
1762 1868 1890 1890 excom-

1153 1910 1390 1948 imuiicationis,
1409 1910 1631 1952 suspensionis
1658 1915 1689 1943 et
1712 1910 1887 1950 interdicti,

1153 1964 1287 2006 aliisque
1314 1962 1541 1995 ecclesiasticis
1571 1963 1749 2003 sententiis,
1776 1973 1889 1996 censu-

1154 2018 1197 2049 ris
1216 2023 1246 2048 et
1264 2016 1390 2058 poenis,
1406 2027 1422 2048 a
1442 2016 1508 2048 iure
1525 2018 1573 2048 vel
1592 2016 1630 2048 ab
1647 2017 1787 2055 bomine,
1811 2026 1889 2060 qua-

1153 2070 1198 2101 vis
1223 2069 1392 2102 occasione
1417 2070 1466 2102 vel
1492 2071 1586 2101 causa
1610 2069 1694 2109 latis,
1722 2069 1746 2101 si
1773 2069 1889 2112 quibus

1154 2122 1401 2165 quomodolibet
1425 2121 1598 2154 innodatus
1634 2121 1747 2161 existit,
1774 2122 1812 2154 ad
1842 2121 1888 2154 ess

1154 2176 1270 2207 sectum
1309 2173 1532 2217 praesentium
1572 2175 1737 2207 dumtaxat
1775 2184 1889 2206 conse-

1154 2228 1338 2270 quendum,
1366 2227 1480 2259 harum
1506 2225 1590 2259 serie
1624 2227 1829 2259 absolventes
1856 2230 1888 2259 et

1153 2281 1333 2312 absolutum
1366 2281 1433 2313 sore
1460 2286 1646 2320 censentes,
1678 2279 1889 2322 supplicatio-

1154 2334 1248 2366 nibus
1273 2334 1341 2366 eius
1367 2335 1497 2366 nomine
1518 2333 1612 2366 nobis
1634 2343 1731 2375 super
1752 2333 1814 2365 hoc
1834 2332 1889 2365 hu-

1154 2386 1272 2418 militer
1296 2387 1453 2429 porrectis
1480 2385 1634 2426 inclinati,
1656 2385 1695 2418 de
1720 2385 1888 2419 venerabi-

1154 2439 1230 2470 lium
1257 2438 1390 2470 fratrum
1427 2443 1609 2471 nostrorum
1635 2437 1666 2470 S.
1694 2437 1732 2469 R.
1758 2437 1793 2470 E.
1820 2448 1888 2470 car-

1153 2491 1308 2523 dinalium
1345 2491 1485 2534 negotiis
1524 2496 1556 2523 et
1593 2490 1887 2523 consultationibus

1153 2543 1381 2586 epissoporuni
1412 2548 1443 2576 et
1485 2543 1681 2585 regularium
1720 2542 1887 2586 praeposi-

1155 2602 1275 2637 torum,
1308 2596 1363 2639 qui
1387 2602 1606 2639 ¹memoratum
1638 2601 1887 2639 procuratorem

1891 230 1942 258 An.
1960 230 1988 257 C.
2008 231 2076 261 1680
