2111 3157
0 235 32 254 .n.
53 227 82 254 c.
99 210 176 253 ¹63?

7 391 116 414 Damnatie
131 396 162 411 re-

4 422 67 438 tarum
84 422 162 444 propo-

0 448 84 465 [mnum-

175 277 299 306 ternum
317 273 451 314 animae,
467 277 499 306 et
516 272 590 306 ideo
605 283 684 317 epus
700 278 748 306 est
765 273 907 306 animad-

172 331 299 359 vertere
316 326 400 370 quod
423 326 483 359 hec
500 331 546 359 est
562 326 700 359 insultus
725 331 854 359 satanae
874 337 904 357 ».

215 378 297 417 Quas
321 379 449 423 quidem
475 378 717 422 propositiones
745 383 906 422 tamquam

172 432 366 473 haereticas,
391 438 555 476 suspectas
580 438 610 465 et
635 442 797 471 erroneas,
815 441 907 464 scan-

172 485 313 525 datosas,
356 485 573 528 blasphemas,
613 485 737 528 piarum
779 484 904 516 aurium

170 537 352 577 offensivas,
375 537 571 577 temerarias,
593 537 791 570 christianae
810 536 904 569 disci-

168 589 278 633 plinae
302 591 490 623 relaxativas
517 595 549 622 et
573 589 731 622 evcrsivas
764 593 796 621 et
819 589 903 621 sedi-

170 642 267 675 tiosas
293 643 484 686 respective,
503 653 540 675 ac
558 651 780 685 quaecumque
804 651 902 684 super

167 695 206 728 iis
227 696 334 735 verbe,
359 696 480 738 scripte
504 697 553 728 vel
579 695 661 738 typis
693 694 827 726 emissa¹
852 705 900 737 pa-

167 747 246 780 riter
269 757 340 780 cum
363 753 438 781 vete
462 747 650 779 eorumdem
680 746 813 778 fratrum
844 756 900 779 ne-

165 806 307 834 strorum
331 800 362 833 S.
382 800 420 833 R.
443 800 477 832 Ε.
504 799 716 832 cardinalium
742 804 773 831 et
796 798 901 841 inqui-

164 852 300 886 sitorum
339 852 536 895 generalium
573 852 807 891 damnavimus,
839 852 899 884 cir-

164 905 429 949 cumscripsimus
466 910 497 937 et
535 904 755 937 abolevimus:
793 904 897 947 deque

163 959 285 992 eisdem
309 964 341 991 et
365 958 525 992 similibus
543 958 693 991 omnibus
715 964 746 990 et
762 957 897 1000 singulis

162 1016 236 1055 pest
259 1012 321 1044 hec
346 1021 475 1054 queque
501 1011 595 1044 mede
629 1010 792 1053 loquendi,
821 1010 898 1042 seri-

161 1064 270 1103 bendi,
298 1063 491 1107 disputandi,
517 1074 637 1106 easque
663 1062 826 1103 credendi,
854 1068 897 1095 te-

162 1116 270 1156 nendi,
286 1116 437 1156 docendi,
457 1122 510 1148 aut
527 1116 558 1148 in
577 1116 698 1159 praxim
716 1116 894 1148 reducendi

160 1170 344 1202 facultatem
369 1171 626 1213 quibuscumque
659 1168 895 1207 interdiximus,

161 1227 193 1255 et
209 1223 476 1256 contrafacientes
491 1223 641 1255 omnibus
656 1220 892 1264 dignitatib11s²,

161 1275 325 1318 gradibus,
344 1276 535 1315 honoribus,
550 1275 713 1308 beneficiis
731 1280 760 1307 et
782 1274 894 1307 officiis

161 1329 231 1372 ipse
256 1329 339 1361 sacto
370 1334 529 1372 perpetuo
555 1327 775 1371 privavimus³,
795 1333 827 1360 et
847 1328 894 1359 in-

159 1381 287 1415 habiles
305 1382 343 1414 ad
365 1392 585 1425 quaecumque
597 1381 810 1419 decrevimus,
829 1381 896 1413 vin-

160 1435 299 1477 culoque
325 1434 420 1466 ctiam
446 1433 659 1466 anathematis
691 1443 728 1465 ee
754 1432 823 1475 ipse
847 1432 895 1464 in-

160 1487 365 1526 nodavimus,
399 1497 416 1518 a
452 1497 516 1529 que
554 1486 616 1518 nisi
649 1496 666 1517 a
701 1485 795 1517 nobis
823 1490 854 1517 et
878 1496 894 1517 a

160 1538 313 1572 Romanis
336 1537 542 1571 Pontificibus
569 1538 808 1571 successoribus
826 1548 895 1571 nes-

161 1592 218 1625 tris
252 1593 379 1625 valeant
413 1591 547 1623 absolvi.
575 1591 743 1623 Praeterea
779 1591 894 1623 eodem

161 1650 272 1678 nostro
293 1645 424 1677 decreto
454 1643 680 1687 prohibuimus
709 1649 741 1676 et
766 1644 895 1677 damna-

161 1698 265 1731 vimus
297 1708 410 1730 omnes
444 1696 552 1735 libres,
590 1696 762 1739 omniaque
794 1707 895 1740 opera

162 1760 367 1793 quecumque
393 1751 466 1782 lece
492 1754 522 1781 et
546 1749 696 1781 idiomate
729 1749 894 1791 impressa,

162 1812 287 1835 necnon
337 1801 443 1835 omnia
488 1813 504 1833 n
522 1802 708 1844 anuscripta
751 1801 894 1834 eiusdem

162 1855 326 1889 Michaelis
358 1855 396 1888 de
429 1854 573 1893 Motinos,
603 1855 823 1898 vetuimusque
856 1865 895 1887 ne

164 1909 235 1952 quis
271 1909 498 1950 cuiuscumque
535 1908 660 1949 gradus,
700 1907 896 1940 conditionis

162 1962 211 1994 vel
238 1967 350 2001 status,
377 1961 470 1994 etiam
507 1960 638 2003 speciali
664 1963 738 1994 nota
763 1961 894 2003 dignus,

163 2015 281 2048 audeat
310 2013 369 2046 sub
394 2013 505 2057 quevis
539 2018 720 2056 praetextu,
751 2014 898 2057 quolibet

163 2067 283 2110 pariter
307 2066 470 2105 idiomate,
503 2066 570 2099 sive
595 2066 655 2098 sub
680 2066 803 2099 eisdem
826 2077 897 2099 ver-

164 2120 221 2160 bis,
247 2119 311 2152 sive
336 2119 395 2152 sub
432 2119 620 2161 aequalibus
652 2124 707 2151 aut
730 2120 898 2163 aequipol-

164 2172 315 2211 lentibus,
342 2171 409 2204 sive
435 2172 557 2214 absque
584 2171 724 2211 nemine,
749 2182 805 2204 seu
824 2171 898 2204 ficte

166 2229 219 2257 aut
255 2224 362 2257 aliene
395 2223 538 2262 nomine,
566 2233 601 2255 ea
633 2223 817 2265 imprimere
851 2226 899 2257 vel

167 2275 309 2319 imprimi
348 2277 476 2314 sat-cre,
512 2286 618 2318 neque
651 2276 809 2317 impressa
844 2287 899 2309 seu

167 2328 386 2371 manuscripta
404 2329 513 2369 legere
531 2329 579 2359 vel
598 2327 680 2370 apud
699 2338 732 2360 se
750 2328 900 2369 retinere,

169 2381 223 2414 sed
247 2380 425 2414 Ordinariis
457 2382 601 2413 locorum
633 2386 687 2413 aut
718 2381 901 2415 haereticae

206 2474 216 2496 1
240 2469 309 2496 Edit.
325 2469 401 2496 Main.
419 2469 484 2504 legit
499 2476 628 2496 concessa
645 2477 691 2503 pro
702 2469 805 2496 emissa
815 2471 852 2503 (R.
864 2470 900 2501 τ).

206 2514 222 2539 2
241 2514 388 2549 Perperam
404 2515 467 2541 edit.
484 2513 562 2540 Main.
580 2513 645 2547 legit
659 2514 840 2547 doymatibus
855 2522 902 2549 pro

173 2557 361 2592 diynitatibus
381 2560 421 2590 (a.
442 2559 490 2591 Tr).

207 2601 224 2629 3
243 2601 313 2630 Edit.
330 2603 412 2630 Main.
429 2602 493 2638 legit
510 2602 660 2637 privamus
678 2603 719 2637 (n.
736 2602 784 2639 T.)-

751 225 846 250 muoc
853 225 963 249 EN'rtus
987 226 1017 250 xl
1043 226 1091 250 '1³1’-

950 273 1113 315 pravitatis
1138 271 1386 316 inquisitoribus
1411 271 1518 305 statim
1551 272 1681 305 tradere

950 331 981 358 et
1019 326 1208 368 consignare
1249 330 1420 358 teneantur
1461 325 1518 357 sub
1556 325 1680 358 eisdem

949 379 1063 422 poenis
1087 379 1234 422 superius
1259 378 1401 418 inflictis,
1430 378 1483 421 qui
1518 378 1680 412 Ordinarii

948 437 978 464 et
1002 430 1210 474 inquisitores
1234 431 1343 464 statim
1376 441 1412 463 ea
1442 431 1517 474 igne
1549 431 1681 464 combu-

947 489 1018 516 rant
1050 489 1082 517 et
1110 484 1258 516 comburi
1295 483 1423 516 saciant.
1460 484 1613 524 Tandem,
1646 490 1681 517 ut

947 537 1129 579 praedictus
1154 537 1287 570 Michael
1313 537 1351 570 de
1377 537 1513 571 Melinos
1538 538 1578 571 ob
1605 539 1680 572 hae-

946 600 1043 627 reses,
1069 600 1197 622 errores
1223 595 1254 622 et
1278 590 1384 632 turpia
1409 590 1490 623 sacta
1514 591 1679 633 praedicta

944 642 982 674 de
1010 641 1127 674 debitis
1152 642 1265 684 poenis
1286 641 1318 674 iu
1335 643 1471 675 aliorum
1497 645 1678 687 exemplum

944 700 974 726 et
998 694 1099 737 ipsius
1123 695 1385 727 emendationem
1405 697 1614 738 plecteretur,
1633 699 1678 731 le-

943 750 993 779 cte
1019 745 1051 777 in
1077 746 1188 778 eadem
1206 749 1316 779 nostra
1333 746 1592 790 Cengregatione
1611 755 1677 783 tote

942 808 1103 840 processu,
1118 804 1149 831 et
1173 799 1290 831 auditis
1316 799 1440 832 dilectis
1460 800 1535 833 filiis
1553 804 1677 836 eonsul-

942 850 1065 882 teribus
1090 850 1210 883 nestris
1234 851 1336 883 sancti
1360 851 1582 895 Inquisitionis
1608 854 1676 887 esf-

940 903 993 942 cii,
1021 903 1051 935 in
1076 905 1165 936 sacra
1197 904 1365 947 theologia
1389 910 1421 938 et
1445 905 1478 938 in
1502 906 1571 939 iure
1597 917 1676 949 pon-

941 954 1037 988 tificio
1062 955 1230 998 magistris,
1256 965 1328 988 cum
1353 957 1544 991 eorumdem
1578 969 1676 992 vene-

939 1008 1089 1040 rabilium
1120 1009 1255 1041 fratrum
1290 1015 1479 1042 nestrorum
1514 1010 1545 1043 S.
1573 1010 1610 1043 R.
1637 1011 1671 1044 Ε.

939 1061 1150 1094 cardinalium
1176 1061 1319 1094 unanimi
1352 1068 1437 1102 voto,
1469 1062 1589 1096 dictum
1619 1064 1674 1096 Mi-

937 1113 1083 1146 chaelem
1098 1113 1136 1146 de
1155 1113 1291 1147 Melinos
1311 1119 1473 1158 tamquam
1494 1126 1583 1148 reum
1600 1127 1675 1149 con-

938 1165 1053 1198 victum
1079 1172 1111 1199 et
1142 1167 1327 1199 consessum
1360 1168 1535 1211 respective
1569 1175 1600 1201 et
1627 1170 1672 1202 uti

938 1219 1134 1251 haereticum
1146 1220 1326 1260 formalem,
1345 1220 1421 1253 licet
1437 1220 1672 1263 poenitentem,

937 1271 969 1303 in
994 1282 1131 1314 poenam
1157 1272 1235 1305 arcti
1261 1278 1293 1305 ct
1309 1273 1457 1316 perpetui
1473 1274 1620 1314 carceris,
1642 1280 1674 1307 et

937 1324 975 1356 ad
1002 1325 1202 1367 peragendas
1228 1325 1306 1358 alias
1331 1326 1551 1368 poenitentias
1587 1328 1674 1360 salu-

937 1383 1030 1417 lares,
1057 1378 1184 1421 praevia
1210 1384 1315 1411 tamen
1333 1379 1532 1413 abiuratiene
1550 1381 1589 1413 de
1610 1381 1674 1414 ser-

937 1431 1009 1463 mali
1035 1442 1093 1474 per
1117 1432 1221 1474 ipsum
1243 1432 1426 1471 emittenda,
1449 1439 1574 1466 servato
1594 1434 1672 1467 iuris

936 1484 1059 1523 ordine,
1075 1484 1314 1517 damnavimus:
1342 1486 1530 1522 mandantes
1562 1492 1597 1519 ut
1621 1487 1672 1520 die

938 1542 965 1567 ct
994 1536 1072 1568 hora
1097 1536 1312 1579 praefigendis
1337 1537 1370 1570 in
1395 1539 1530 1571 ecclesia
1554 1539 1585 1571 S.
1614 1540 1674 1572 Ma-

938 1590 1001 1621 riae
1019 1600 1115 1631 supra
1133 1589 1304 1621 Minervam
1326 1590 1420 1622 huius
1441 1592 1544 1624 almae
1566 1591 1671 1632 Urbis,

939 1641 1163 1683 praesentibus
1180 1642 1331 1674 omnibus
1355 1643 1594 1677 venerabilibus
1611 1645 1672 1678 sra-

939 1694 1041 1726 tribus
1066 1694 1186 1726 nestris
1212 1694 1242 1727 S.
1271 1694 1308 1727 ss*
1335 1695 1370 1728 E.
1397 1696 1616 1730 cardinalibus
1641 1704 1673 1731 et

939 1746 1098 1779 ltemanac
1122 1746 1236 1779 Curiae
1260 1753 1388 1781 nestrae
1414 1750 1577 1791 praelatis,
1603 1751 1674 1783 uui-

939 1811 1091 1843 verseque
1116 1801 1236 1843 popule
1263 1801 1301 1833 ad
1326 1801 1359 1833 id
1385 1801 1480 1835 ctiam
1514 1814 1573 1846 per
1597 1815 1674 1836 ceu-

938 1853 1117 1886 ccssienem
1144 1853 1422 1896 indulgentiarum
1449 1857 1670 1897 convocando,

939 1917 974 1938 ex
1001 1907 1064 1938 alto
1094 1904 1202 1938 tenor*
1228 1917 1405 1949 processus,
1420 1913 1525 1941 stante
1545 1909 1575 1942 in
1600 1920 1674 1952 sug-

939 1965 1029 2001 gesto
1055 1959 1169 1991 eodem
1201 1959 1356 1993 Micliaele
1390 1961 1428 1993 dc
1454 1961 1596 2002 Melinos,
1611 1966 1674 1996 una

939 2023 1008 2044 cuin
1037 2011 1198 2044 sententia
1232 2012 1304 2045 inde
1330 2017 1473 2056 sequuta,
1500 2015 1674 2057 legeretur,

940 2071 968 2097 ct
995 2070 1165 2108 postquam
1189 2064 1275 2097 idem
1300 2065 1436 2099 Melinos
1462 2067 1572 2099 habitu
1598 2079 1674 2111 pec-

941 2117 1094 2150 uitcntiae
1120 2116 1249 2150 indutus
1274 2118 1459 2160 praedictos
1493 2130 1619 2153 errores
1643 2126 1675 2154 et

943 2171 1095 2202 haereses
1120 2169 1249 2213 publice
1275 2170 1466 2210 abiurassct,
1489 2172 1674 2206 facultatem

942 2224 1087 2256 dedimus
1120 2223 1237 2256 dilecto
1273 2222 1339 2256 filio
1372 2224 1474 2256 nostri
1506 2225 1537 2258 S.
1571 2225 1673 2259 Officii

942 2276 1173 2315 sommissario,
1199 2280 1234 2307 ut
1256 2286 1328 2309 eum
1363 2287 1379 2309 a
1416 2278 1575 2319 censuris,
1605 2279 1676 2322 qui-

943 2330 1001 2362 bus
1028 2329 1199 2362 innodatus
1225 2334 1304 2369 erat,
1329 2329 1360 2362 iu
1388 2330 1489 2363 forma
1514 2331 1673 2366 Ecclesiae

943 2385 1097 2415 consucta
1137 2382 1344 2423 absolveret;
1379 2395 1459 2427 quae
1500 2385 1609 2418 omnia
1641 2386 1674 2419 in

943 2436 1166 2468 executionem
1198 2435 1300 2468 dictae
1333 2441 1464 2469 uestrae
1496 2437 1675 2472 ordinatio·

944 2490 992 2522 nis
1012 2488 1062 2521 die
1081 2497 1115 2521 111
1140 2488 1334 2531 septembris
1359 2489 1498 2522 labentis
1523 2491 1595 2523 anni
1621 2502 1668 2524 se-

944 2541 1092 2575 lemniter
1116 2541 1289 2584 adimpleta
1314 2548 1397 2575 sunt.

981 2604 991 2630 1
1013 2601 1078 2630 Male
1098 2601 1161 2630 edit.
1183 2602 1264 2630 Main.
1286 2602 1350 2638 legit
1370 2606 1466 2631 tenore
1487 2604 1524 2640 (n.
1542 2604 1588 2640 T.).

1688 225 1735 251 An.
1758 225 1786 251 C.
1806 226 1870 252 ¹087
