2111 3157
798 173 892 195 INDEX
919 172 1118 196 RUBRICARUM

278 225 427 258 Bavarica
456 224 514 257 sub
546 224 637 256 titulo
667 223 712 257 Ss.
738 223 932 266 Angelorum

277 277 460 318 Custodum,
485 277 558 310 5921.

192 330 298 365 CXLV.
322 330 475 363 Statuitur
498 334 532 361 ut
555 329 668 361 fratres
700 329 770 361 laici
803 328 933 361 clerico-

276 392 347 414 rum
368 381 563 424 regularium
586 381 826 413 Ministrantium
848 380 934 413 Infir-

277 435 336 467 mis
369 435 401 466 in
432 438 593 477 posterum
625 444 688 466 non
713 434 869 476 eligantur
901 434 933 466 in

279 487 486 526 consultores,
512 485 585 518 594.

189 540 311 574 CXLVI.
332 539 564 572 Confirmantur
589 538 705 571 erectio
732 543 762 570 et
786 538 933 571 constitu-

276 594 377 626 tiones
397 592 656 635 Congregationis
673 592 931 635 presbyterorum

232 646 238 652 '
277 651 306 680 et
330 647 518 679 clericorum
545 645 574 678 S.
601 645 723 688 Ioseplii
748 645 779 677 in
800 645 931 678 ecclesia

278 700 307 732 S.
334 698 531 731 Pantaleonis
555 698 594 730 de
620 698 713 738 Urbe,
739 698 811 730 596.

191 751 325 785 CXLVII.
347 752 579 785 Confirmantur
597 751 820 784 conventiones
837 751 931 785 initae

277 805 359 837 inter
383 805 496 836 fratres
510 804 645 836 Minores
666 804 705 836 de
727 804 930 836 Observantia

275 863 305 889 et
327 857 554 890 Conventuales
572 856 697 889 Ordinis
718 856 817 889 sancti
834 856 930 888 Fran-

277 909 352 942 cisci
378 909 461 942 circa
497 909 670 952 primatum
697 909 729 941 in
752 909 928 952 processio-

273 962 368 994 nibus
404 962 535 1005 aliisque
559 962 773 995 functionibus
798 961 930 995 civitatis

275 1015 470 1055 Iserniensis,
496 1015 569 1048 609.

189 1067 338 1101 CXLVIII.
364 1067 574 1101 Confirmatur
609 1068 770 1100 decretum
800 1068 928 1111 capituli

275 1121 431 1163 generalis
456 1120 579 1154 Ordinis
609 1121 821 1154 Cisterciensis
846 1121 929 1154 eirca
954 1138 956 1152 t

273 1174 532 1206 reformationem
559 1174 787 1207 monachorum
813 1179 843 1206 et
864 1183 930 1206 mo-

273 1226 405 1259 nialium
432 1227 589 1267 Poloniae,
610 1227 754 1259 Prussiac
779 1232 809 1259 ct
829 1226 930 1259 Litua-
954 1233 956 1270 ξ

273 1279 354 1318 niae⁷
380 1278 452 1311 [ΞΗ.

187 1330 309 1364 CXLIX.
334 1332 517 1364 Declaratur
541 1332 674 1364 clericos
695 1331 872 1364 saeculares
897 1331 928 1363 in

274 1386 433 1417 communi
460 1385 596 1417 viventes
620 1395 751 1428 capaces
775 1395 843 1417 esse
867 1385 925 1417 be-

272 1437 459 1470 neficiorum
486 1437 644 1477 omnium,
670 1437 731 1469 frui
756 1436 929 1480 privilegiis

273 1490 461 1522 clericorum
487 1490 707 1529 saccularium,
734 1495 764 1522 et
789 1489 928 1522 ordinari
954 1483 955 1488 ¹

274 1552 368 1584 posse
387 1542 425 1574 ad
443 1543 568 1574 titulum
587 1542 831 1582 communitatis,
854 1541 928 1575 613.

188 1593 242 1627 CL.
271 1594 459 1627 Conceditur
479 1594 587 1627 Ordini
612 1595 745 1628 fratrum
763 1595 930 1629 Praedica—

275 1652 380 1679 torum
404 1647 534 1679 facultas
559 1647 694 1680 habendi
718 1648 825 1691 plures
850 1659 931 1681 cam-
955 1687 957 1692 ‚

275 1709 373 1743 panas
398 1700 430 1732 in
448 1710 558 1733 eorum
579 1701 740 1734 coenobiis
761 1711 815 1733 seu
834 1701 932 1735 domi—

276 1752 347 1793 bus,
372 1752 446 1785 614.
955 1767 958 1789 ι

281 1806 515 1839 Confirmantur
546 1807 785 1841 constitutiones
810 1808 930 1841 monia-

275 1859 353 1891 lium
379 1860 618 1892 recollecturum
643 1861 768 1893 Ordinis
792 1861 843 1894 SS.
868 1861 932 1894 Tri-

275 1912 380 1945 nitatis
405 1913 645 1957 Redeniptionie
670 1914 874 1958 Captivorum
899 1915 931 1948 in

277 1964 437 2008 Hispania,
463 1965 535 1998 610.
955 1961 957 1980 ⁴

189 2017 274 2051 CLII.
299 2018 511 2052 Confirmatur
527 2019 688 2053 decretum
711 2021 931 2064 Congregatio-
956 2008 957 2020 ³

276 2070 325 2103 nis
343 2071 470 2103 Rituum
489 2072 526 2105 de
548 2073 684 2115 primatu
709 2073 740 2105 in
765 2074 931 2107 functioni·
954 2083 957 2100 ¹

276 2122 335 2157 bus
356 2129 386 2156 ct
403 2124 471 2156 iure
495 2126 708 2167 processionis
732 2127 930 2169 peragendae
955 2126 957 2164 l

276 2187 335 2220 pro
353 2177 505 2209 fratribus
523 2178 798 2212 Praedicatoribus
822 2185 930 2213 contra
955 2176 957 2211 ’ἰ

277 2230 391 2262 fratres
424 2231 559 2263 Minores
595 2231 633 2264 de
664 2232 868 2265 Observantia
899 2234 929 2265 in

277 2282 419 2322 Quitensi
439 2285 610 2327 provincia,
636 2284 709 2318 6025.

192 2333 289 2367 CLIII.
314 2335 535 2370 Conceduntur
566 2338 779 2380 indulgentiae
810 2349 926 2382 perpe-

278 2393 349 2421 tuae
381 2389 503 2423 clericis
535 2391 748 2424 saccnlaribus
780 2391 812 2423 in
837 2402 927 2425 com-

300 2442 387 2474 muni
412 2442 597 2483 viventibus,
623 2443 696 2477 6⁶26.

189 2493 288 2527 CLIV.
313 2495 592 2529 Communicantur
616 2497 779 2540 privilegia
804 2497 929 2530 univer-

277 2548 375 2582 sitatis
405 2549 434 2582 S.
460 2549 596 2583 Thomac
630 2551 762 2584 civitatis
798 2550 930 2583 Monilae

189 1805 257 1838 CLI.

1599 163 1684 196 1005

1075 223 1332 256 universitatibus
1362 224 1392 257 S.
1423 223 1511 256 Fidei
1535 229 1564 256 et
1589 224 1620 256 B.
1648 225 1729 257 Fer—

1074 275 1202 309 dinandi
1241 276 1373 308 civitatis
1410 275 1567 315 Quitensis
1604 276 1727 309 Ordinis

1075 329 1330 362 Praedicatorum
1355 328 1386 361 in
1407 328 1503 361 Indiis
1519 328 1727 362 Occidentali-

1074 381 1143 421 bus,
1164 381 1237 414 627.

986 433 1069 467 CLV.
1105 433 1318 468 Confirmatur
1350 433 1512 466 decretum
1547 433 1727 476 Congrega-

1077 487 1170 519 tionis
1208 486 1430 530 episcoporum
1467 492 1497 519 et
1532 487 1728 530 regularium

1074 549 1170 582 super
1195 539 1350 572 electione
1382 539 1628 582 praecipuorum
1653 539 1725 571 offi-

1074 591 1200 624 cialium
1218 602 1277 634 pro
1300 591 1448 625 fratribus
1469 591 1654 624 Rccollectis
1675 591 1729 624 Or-

1073 643 1154 676 dinis
1188 644 1342 676 Minorum
1379 644 1476 677 sancti
1513 644 1671 677 Francisci
1697 644 1729 676 in

1072 696 1230 739 Hispania,
1256 696 1330 730 630.

985 748 1081 782 CLVI.
1108 749 1319 782 Resolvuntur
1342 749 1494 793 quaedam
1526 750 1618 782 dubia
1645 750 1729 782 circa

1072 801 1202 834 modum
1228 802 1406 834 celebrandi
1440 802 1576 845 capitula
1601 811 1729 845 genera-

1072 853 1113 886 lia
1138 854 1262 887 Ordinis
1279 854 1504 894 Cisterciensis‚
1529 854 1602 887 6:31.

982 905 1092 939 CLVII.
1107 907 1318 940 Confirmatur
1331 907 1492 940 decretum
1507 907 1729 950 Congregatio-

1071 959 1119 992 nis
1144 960 1366 1003 episcoporum
1393 966 1422 993 et
1447 960 1642 1003 regularium
1666 970 1728 1002 quo

1071 1013 1292 1056 superioribus
1318 1014 1416 1046 sancti
1434 1013 1591 1046 Francisci
1613 1013 1650 1045 de
1669 1012 1728 1045 Ob-

1071 1066 1228 1098 servantia
1258 1066 1455 1108 iniungitur,
1480 1076 1519 1098 ne
1545 1066 1728 1108 permittant

1071 1119 1248 1151 saeculares
1262 1118 1384 1162 ingredi
1395 1124 1482 1162 septa
1496 1118 1639 1151 coenobii
1656 1128 1727 1150 cum

1071 1171 1185 1214 sclopis
1205 1176 1257 1203 aut
1283 1172 1390 1212 armis,
1411 1172 1459 1204 vel
1485 1171 1526 1203 ibi
1552 1171 1661 1203 ludere
1675 1176 1728 1203 aut

1071 1224 1190 1256 morari
1216 1224 1297 1256 ultra
1323 1229 1384 1258 tres
1409 1224 1485 1264 dies,
1511 1223 1584 1257 6322.

954 1278 956 1283 '
981 1275 1104 1308 CLVIII.
1130 1276 1364 1311 Confirniantur
1385 1282 1500 1311 statuta
1525 1277 1651 1320 capituli
1678 1286 1728 1318 ge-

1070 1330 1187 1362 neralis
1201 1330 1335 1363 fratrum
1347 1331 1505 1364 Minorem
1521 1330 1619 1363 sancti
1635 1330 1727 1362 Fran-

1070 1381 1144 1414 cisci
1176 1382 1215 1414 de
1247 1383 1470 1424 Observanda,
1498 1389 1527 1415 et
1559 1383 1726 1416 innovatur

1070 1434 1252 1467 constitutio
1285 1435 1328 1467 I‘ii
1355 1436 1376 1467 V
1403 1437 1486 1468 circa
1511 1437 1726 1479 eleemosynas

1069 1487 1324 1529 praedicatorum
1350 1494 1380 1521 et
1405 1488 1614 1521 bibliothecas
1641 1498 1726 1521 eom-

1071 1549 1193 1581 muncs,
1219 1540 1294 1573 634.

981 1590 1074 1624 CLIX.
1101 1592 1301 1625 Reformatur
1318 1593 1416 1626 Breve
1441 1594 1525 1626 circa
1550 1594 1725 1626 Melitenses

1070 1644 1108 1676 ad
1126 1655 1232 1678 sacros
1249 1645 1376 1678 ordines
1396 1652 1559 1689 promotos
1579 1657 1649 1679 curn
1671 1647 1726 1679 fal-

1070 1697 1112 1730 sis
1137 1697 1335 1739 (liniissoriis,
1361 1698 1435 1731 637.

983 1749 1063 1783 CLX.
1086 1750 1318 1784 Contirinantur
1337 1753 1575 1785 constitutiones
1593 1753 1727 1795 Congre-

1071 1805 1205 1847 gationis
1241 1805 1632 1839 Benedictino-Bavaricae
1668 1806 1725 1838 sub

1072 1858 1268 1891 invocatione
1303 1859 1347 1891 Ss.
1383 1859 1574 1901 Angelorum
1610 1859 1723 1891 Custo-

1071 1911 1157 1952 dum,
1184 1910 1257 1944 638.

982 1963 1078 1997 CLXI.
1104 1964 1315 1997 Confirinatur
1351 1965 1512 1997 decretum
1544 1966 1724 2008 Congrega-

1071 2016 1165 2049 tionis
1201 2017 1424 2060 cpiscoporum
1462 2023 1491 2049 et
1531 2018 1725 2060 regularium

1072 2070 1155 2102 circa
1180 2070 1347 2103 electiones
1371 2070 1519 2102 abbatum
1546 2071 1725 2114 Congrega-

1072 2123 1166 2155 tionis
1190 2123 1355 2155 Bavaricae
1389 2123 1512 2155 Ordinis
1544 2123 1642 2156 sancti
1668 2123 1725 2156 Be-

1072 2175 1198 2215 nedicti,
1223 2175 1296 2209 663.

982 2228 1094 2261 CLXII.
1122 2228 1304 2261 Declaratur
1322 2229 1410 2260 irrita
1429 2234 1457 2261 et
1474 2229 1559 2261 nulla
1579 2229 1725 2262 alienatio

1071 2282 1153 2315 feudi
1186 2287 1283 2314 status
1308 2282 1475 2314 Masserani
1505 2281 1571 2314 sine
1601 2281 1725 2314 licentia

1071 2341 1197 2368 sanctae
1222 2335 1309 2367 Sedis
1334 2335 1531 2378 Apostolicae
1556 2335 1636 2368 facta
1652 2335 1724 2368 duci

1071 2388 1254 2430 Sabaudiae,
1280 2388 1353 2421 664.

982 2442 1106 2476 CLXIII.
1131 2442 1342 2475 Confirmatur
1360 2446 1510 2474 statutum
1529 2442 1656 2485 capituli
1676 2452 1725 2482 ge-

1070 2495 1186 2528 neralis
1201 2496 1331 2528 fratrum
1347 2495 1503 2528 Minorum
1522 2495 1618 2528 sancti
1634 2495 1725 2526 Fran*

1069 2549 1141 2582 cisci
1168 2549 1206 2581 de
1230 2548 1433 2581 Observantia
1470 2549 1723 2581 Reformatorem
