2111 3157
171 183 230 216 Aa.
245 183 278 217 ⁴3.
293 185 366 215 1676
408 177 450 212 18
948 185 1127 210 Burmann

368 236 447 271 lium
473 236 745 275 confessionibus,
764 246 859 280 quam
880 234 1005 268 ratione
1030 233 1106 266 reli-

370 300 507 334 quorum
530 289 771 334 privilegiorum
796 294 827 321 et
852 287 1106 330 exemptionum,
1126 312 1127 321 ,

370 343 436 376 imo
462 343 557 376 etiam
579 342 742 386 praetensi
761 351 870 374 eorum
889 339 1043 372 territorii
1062 349 1107 371 sc-

370 396 491 439 parati‚
516 406 574 439 per
599 394 685 437 quod
711 404 776 426 non
802 393 897 425 modo
918 392 1052 424 credunt
1073 402 1106 423 se
1127 412 1128 423 2

371 448 530 481 immunes
555 447 686 480 omnino
708 457 724 477 a
741 444 965 477 iurisdictione
982 443 1106 476 abbatis

373 499 650 537 comnient‘latarii,
674 508 785 530 verum
811 497 908 529 etiam
934 496 1108 539 opinantur

374 564 408 585 se
427 562 520 596 posse
540 561 609 584 cum
627 551 722 583 bonis
742 560 870 582 mensae
885 549 1107 582 conventualis

374 606 572 638 constituere
584 604 746 647 propriam
758 604 926 646 quamdam
935 602 1107 635 dioecesim

374 659 413 690 ab
428 658 480 690 illa
498 657 644 689 eiusdem
664 656 788 688 abbatis
807 656 936 699 penitus
962 655 1106 688 divisam.

375 710 516 742 Per'stitit
536 710 619 742 idem
634 718 736 742 novus
751 708 902 751 superior
920 708 1108 745 claustralis,

375 774 433 806 pro
451 763 587 806 quadam
602 762 782 794 urbanitate
804 771 879 802 erga
894 760 1111 793 eminentissi-

374 827 461 848 mum
487 816 645 855 abbatem,
670 815 720 847 his
746 824 811 846 non
837 814 1052 852 obstantibus,
1077 824 1110 845 se

375 874 583 911 recepturum
610 877 668 910 pro
701 866 870 899 monachis
896 871 1050 898 oretenus
1080 867 1112 898 li-

376 922 513 954 centiam
538 920 689 953 audiendi
704 919 934 957 consessiones,
952 924 1051 961 prout
1067 929 1112 951 re-

377 974 458 1017 liqui
478 974 546 1006 eius
565 979 788 1005 antecessores
805 977 1051 1004 consueverant.

420 1027 535 1059 Verum
568 1026 654 1057 idem
687 1024 959 1057 eminentissimus
991 1025 1110 1062 abbas,

376 1081 493 1113 nolens
524 1080 623 1111 ullam
657 1077 913 1110 iurisdictionem
938 1077 998 1109 sibi
1025 1077 1114 1109 aio-i-

376 1133 431 1164 bui
469 1143 504 1164 ex
541 1130 723 1163 urbanitate
760 1131 1017 1170 monachorum,
1056 1131 1111 1162 sed

376 1187 465 1218 illam
487 1186 659 1223 dumtaxat,
681 1194 762 1226 quae
784 1183 844 1215 sibi
870 1184 908 1215 de
934 1184 1003 1215 iure
1029 1194 1113 1215 com-

377 1238 466 1281 petit,
494 1237 628 1280 cupiens
650 1236 754 1269 modis
778 1236 1038 1268 consultioribus
1063 1247 1115 1268 ex-

378 1301 488 1323 ercere
505 1317 512 1329 ,
539 1289 660 1322 monita
685 1295 777 1332 parte
808 1290 1042 1322 monachorum
1075 1290 1112 1321 ad

377 1344 641 1381 informandum,
672 1342 765 1385 petiit
795 1353 854 1385 per
881 1353 1004 1374 sacram
1033 1343 1114 1375 Con-

378 1396 600 1439 gregationem
619 1395 794 1427 declarari:
818 1395 933 1437 primo,
951 1406 991 1427 an
1009 1406 1114 1427 mona-

378 1449 430 1481 chi
455 1453 637 1480 sanctorum
664 1447 937 1479 monasteriorum
967 1447 997 1479 S.
1017 1448 1115 1479 Scho-

378 1501 509 1535 lasticae
541 1505 572 1532 et
603 1500 633 1532 S.
665 1500 786 1542 Specus
821 1499 969 1532 abbatiae
1005 1500 1114 1532 Subla-

379 1553 483 1586 censis
499 1558 669 1585 teneantur
686 1552 828 1595 recipere
844 1552 1114 1595 approbationem

379 1618 439 1649 pro
472 1605 641 1638 audiendis
667 1604 878 1637 saecularium
903 1605 1117 1637 consessioni-

378 1661 439 1692 bus
458 1659 490 1691 in
508 1658 653 1691 ecelesiis
670 1657 827 1689 dictorum
846 1658 1114 1691 monasteriorum

380 1713 419 1744 ab
435 1710 687 1744 eminentissimo
702 1710 814 1742 abbate
829 1711 1114 1751 commendatario,

380 1775 446 1797 non
462 1764 557 1795 modo
577 1769 740 1801 oretenus,
755 1768 851 1805 prout
865 1763 1030 1805 hueusque
1045 1774 1116 1796 con-

381 1821 563 1855 sueverunt,
576 1826 685 1847 verum
704 1814 798 1847 etiam
818 1815 847 1846 in
867 1815 1012 1857 scriptis:
1031 1827 1116 1858 prae-

380 1876 481 1909 terea,
499 1879 569 1901 cum
595 1868 691 1899 iidem
715 1868 864 1900 monachi
890 1869 1118 1901 consueverint

382 1924 420 1955 de
445 1922 621 1965 praeterito
648 1921 681 1952 in
710 1921 850 1963 propriis
877 1920 1008 1953 sedibus
1033 1932 1113 1954 con-

382 1974 608 2007 t'essionalibus
631 1973 771 2005 retinere
791 1974 920 2015 publice
937 1974 1044 2007 affixas
1061 1986 1118 2007 no-

381 2030 463 2061 tulas
488 2037 618 2059 casuum
644 2030 877 2059 reservatorum
904 2026 1007 2058 eidem
1033 2028 1114 2060 emi-

382 2080 571 2113 nentissimo
602 2078 718 2118 abbati,
750 2088 786 2110 ac
816 2079 913 2111 modo
950 2079 1021 2111 illas
1052 2090 1117 2111 non

382 2132 518 2175 amplius
544 2131 713 2167 retineant,
739 2137 896 2174 quatenus
917 2132 955 2164 ad
976 2133 1117 2175 primuni

383 2185 515 2217 dubium
541 2183 726 2216 affirmative
744 2184 987 2226 respondeatur,
1006 2195 1118 2216 eonse-

383 2237 486 2269 cutive
519 2236 677 2268 declarari
709 2237 852 2278 postulat
885 2237 1049 2276 secundo,
1077 2247 1116 2268 an

383 2290 483 2322 iidem
518 2288 670 2321 monachi
703 2293 872 2321 teneantur
904 2288 936 2320 in
976 2289 1117 2331 propriis

384 2343 515 2375 sedibus
533 2342 824 2374 cont'cssionalibus
851 2342 980 2385 publice
1008 2342 1117 2374 at'tixas

384 2395 524 2428 retinere
557 2395 683 2427 notulas
717 2404 847 2426 casuum
882 2400 1117 2427 reservatoruni

385 2448 491 2481 eidem
516 2446 771 2480 eminentissimo
796 2447 926 2487 abbati,
956 2452 1008 2487 et,
1040 2459 1118 2491 qua-

384 2507 478 2533 tenus
503 2504 686 2539 teneantur,
703 2498 820 2541 quibus
844 2499 997 2533 remediis
1021 2500 1060 2533 ad
1085 2500 1117 2533 id

383 2552 536 2598 compelli
561 2552 698 2596 possint.

1152 184 1303 209 acumen
1884 181 1938 211 An.
1958 180 1989 210 c.
2007 181 2077 211 ⁴676

1192 233 1247 266 Die
1272 243 1290 265 x
1316 231 1456 265 octobris
1478 242 1656 272 moctxxw,
1687 231 1719 265 S.
1741 230 1882 275 Congre-
1965 244 2076 265 neemiam

1149 286 1244 327 gatio,
1260 290 1332 323 ete,
1351 287 1390 318 ad
1407 290 1579 328 utrumque
1599 285 1733 318 dubium
1752 270 2077 328 respon-{ifmgoegam‘

1149 339 1194 370 (lit
1212 338 1408 377 affirmative,
1425 343 1455 370 et
1473 338 1511 369 ab
1530 337 1785 369 eminentissimo
1803 346 1884 369 com-

1150 391 1348 423 mendatario
1373 390 1613 433 procedendum
1639 399 1711 422 esse
1736 389 1813 421 iuris
1834 399 1884 422 re-

1149 443 1263 475 mediis
1288 447 1400 475 contra
1426 442 1662 474 inobedientes.

1194 496 1225 527 ln
1246 506 1394 538 quorum,
1412 501 1473 527 ete.
1493 495 1603 527 Datum
1619 495 1736 527 Romae
1756 494 1816 527 hac
1833 494 1885 528 dic

1152 559 1168 581 v
1193 548 1376 580 novembris
1400 558 1573 581 iioctxxvr

1396 601 1426 633 S.
1450 601 1595 643 archiep.
1620 601 1851 641 anncsccms,

1370 654 1470 696 episc.
1497 653 1618 686 Viterb.
1645 653 1675 686 S.
1698 653 1730 685 C.
1751 653 1783 685 C.
1803 664 1883 686 secr.

1196 708 1210 750 ξ
1235 707 1265 739 ⁶2.
1294 706 1368 739 Cum
1395 711 1512 745 autem,
1530 706 1611 738 sicut
1630 705 1734 738 dictus
1755 705 1886 739 Carolus

1153 754 1324 792 cardinalis
1349 765 1377 791 et
1397 758 1687 791 commendatarius
1705 757 1797 790 nobis
1815 758 1888 790 sub-

1156 812 1228 844 inde
1246 811 1401 854 exposuit,
1420 811 1488 853 ipse
1507 811 1672 843 decretum
1693 810 1886 851 huiusmodi,

1154 875 1217 907 quo
1243 864 1363 896 firmius
1387 864 1556 903 subsistat,
1586 863 1786 906 apostolicae
1811 874 1889 896 con-

1154 916 1342 949 firmationis
1373 921 1501 948 nostrae
1534 915 1713 958 patrocinio
1745 926 1890 948 commu-

1156 969 1216 1001 niri
1243 970 1415 1011 plurimum
1442 969 1625 1002 desideret:
1663 979 1746 1009 nos,
1781 969 1887 1012 ipsum

1155 1023 1303 1054 Carolum
1318 1022 1512 1055 cardinalem
1530 1028 1561 1054 et
1577 1023 1888 1055 commendatarium

1155 1075 1305 1119 specialis
1330 1075 1450 1117 gratiae
1472 1075 1577 1107 favore
1602 1076 1754 1118 prosequi
1781 1077 1890 1109 volen-

1157 1135 1211 1165 tes,
1232 1127 1523 1170 supplicationibus
1548 1127 1616 1159 cius
1641 1129 1771 1161 nomine
1796 1129 1889 1162 nohis

1156 1191 1252 1222 super
1277 1181 1338 1213 lioc
1365 1180 1531 1212 humiliter
1556 1181 1714 1222 porrectis
1731 1181 1888 1221 inclinati,

1157 1234 1320 1265 decretum
1341 1234 1588 1276 praeinserttnn‚
1604 1233 1795 1267 auctoritate
1817 1245 1892 1277 apo-

1156 1287 1276 1324 stolica7
1294 1292 1406 1319 tenore
1425 1287 1652 1329 praesentium,
1672 1288 1892 1330 approbamus

1157 1345 1186 1372 et.
1203 1340 1441 1377 confirmamus,
1461 1339 1573 1381 illique
1593 1340 1791 1372 inviolabilis
1818 1351 1894 1383 apo-

1156 1393 1287 1425 stolieae
1307 1392 1466 1424 firmitatis
1485 1392 1584 1425 robur
1604 1392 1781 1432 adiicirnus,
1807 1393 1895 1425 salva

1157 1452 1263 1478 tamen
1284 1455 1415 1487 semper
1439 1445 1471 1476 in
1496 1445 1683 1487 praemissis
1704 1445 1894 1477 auctoritate

1157 1504 1355 1531 memoratae
1375 1497 1641 1539 Congregationis
1666 1497 1891 1530 cardinalium.

1200 1552 1214 1593 ξ
1238 1551 1269 1582 6.
1289 1551 1511 1583 Decernentcs
1530 1550 1616 1593 ipsas
1634 1556 1827 1593 praesentes
1847 1550 1894 1583 lit-

1159 1610 1245 1636 teras
1271 1614 1399 1645 semper
1425 1602 1548 1642 firmas,
1573 1602 1696 1635 validas
1726 1608 1759 1635 et
1788 1603 1896 1636 effica-

1158 1667 1211 1689 ces
1237 1656 1378 1688 existere
1405 1660 1437 1687 et
1461 1656 1543 1695 sore,
1563 1665 1708 1698 suosque
1725 1655 1894 1699 plenarios

1158 1715 1189 1741 et
1213 1709 1359 1751 integros
1385 1708 1519 1741 effectus
1538 1708 1649 1740 sortiri
1675 1713 1707 1741 et
1732 1708 1896 1748 obtinere,

1158 1773 1194 1794 ae
1215 1762 1290 1800 illis,
1309 1761 1348 1793 ad
1368 1771 1449 1804 quos
1467 1765 1595 1803 spectat.
1613 1765 1645 1792 et
1669 1771 1729 1803 pro
1748 1765 1895 1803 tempore

1159 1815 1333 1858 spectabit,
1353 1814 1385 1845 in
1404 1813 1553 1845 omnibus
1575 1818 1606 1845 et
1625 1823 1684 1855 per
1700 1813 1809 1845 omnia
1826 1814 1896 1856 ple-

1159 1867 1291 1899 nissime
1318 1865 1501 1907 suflragari,
1527 1871 1559 1898 et
1582 1866 1620 1897 ab
1646 1865 1691 1898 eis
1717 1865 1896 1908 respective

1160 1918 1391 1952 inviolabiliter
1415 1918 1598 1957 observari,
1621 1918 1734 1960 sieque
1753 1918 1784 1950 in
1803 1928 1897 1961 prae-

1160 1972 1265 2004 missis
1290 1982 1349 2014 per
1375 1981 1602 2014 quoscumque
1620 1970 1747 2003 iudices
1764 1971 1898 2004 ordina-

1162 2025 1227 2057 rios
1250 2030 1281 2057 et
1311 2025 1498 2065 delegatos,
1521 2024 1618 2055 etiam
1641 2033 1815 2056 causarum
1840 2034 1898 2067 pa-

1161 2079 1229 2110 latii
1265 2076 1439 2120 apostolici
1477 2076 1657 2115 auditores,
1690 2076 1830 2109 iudicari
1866 2082 1900 2110 et

1161 2130 1290 2163 deliniri
1313 2131 1448 2169 debere,
1475 2140 1512 2162 ac
1543 2129 1673 2161 irritum
1700 2134 1732 2162 et
1754 2129 1852 2162 inane
1871 2130 1898 2162 si

1160 2194 1256 2215 secus
1274 2193 1375 2226 super
1396 2183 1446 2215 his
1466 2193 1483 2214 a
1501 2192 1680 2225 quoquam,
1704 2183 1817 2225 quavis
1843 2193 1899 2214 au-

1160 2237 1325 2276 ctoritate,
1347 2236 1493 2268 scienter
1512 2236 1559 2267 vcl
1574 2234 1777 2278 ignoranter,
1793 2235 1899 2269 conti-

1161 2290 1247 2331 gerit
1270 2288 1440 2321 attentari.

1203 2344 1217 2385 g*
1242 2342 1274 2374 4.
1305 2342 1374 2374 Non
1400 2342 1604 2374 obstantibus
1630 2342 1834 2385 praemissis,
1863 2353 1898 2375 ac

1160 2395 1444 2427 constitutionibus
1473 2400 1506 2427 et
1536 2395 1795 2428 ordinationibus
1820 2405 1898 2439 apo-

1160 2448 1307 2487 stolicis,
1335 2458 1483 2488 necnon,
1521 2452 1681 2490 quatenus
1717 2457 1799 2490 opus
1830 2448 1896 2489 sit,

1161 2499 1431 2533 monasteriorum
1457 2506 1488 2533 et
1511 2500 1638 2533 Ordinis
1662 2501 1896 2543 praefatorum,

1159 2552 1254 2586 etiam
1275 2552 1465 2593 iuramento,
1487 2552 1734 2587 confirmatione
1763 2557 1896 2599 aposto-

1947 717 2080 738 Confirmatio

1897 745 2013 770 apol-*tetum
2022 750 2082 769 piae·

1898 771 1948 792 dicti
1964 772 2054 791 decreti.

1931 1559 2051 1581 clausulae.

1961 2348 2093 2369 Obsi-antium

1909 2377 2006 2396 reuiutm.
