2111 3157
5 210 54 238 An.
73 209 102 238 C.
122 209 191 240 ¹68⁸

197 261 264 294 lari
294 271 367 296 cum
398 261 529 296 silentio
559 262 702 296 salutare
731 262 806 302 Dei,
834 272 926 305 quam

195 314 309 348 salutis
345 315 632 358 praestolationem
668 314 804 347 maxime
841 314 927 346 iuvat

193 367 344 408 solitudo,
366 368 628 412 addidissetque:
647 369 774 401 Bonum
793 371 836 400 est
858 367 926 399 viro

193 430 266 453 cum
287 423 465 464 portaverit
489 423 604 465 iuqum
626 421 762 454 Domini
787 420 826 452 ab
850 419 925 451 ado-

193 471 344 507 lesceneioz
368 474 446 513 sud,
473 474 528 506 ubi
558 484 618 507 nos
650 473 824 516 plurimum
848 483 925 505 con-

191 526 324 567 solatur,
336 527 390 570 qui
404 526 607 570 propositum
618 526 702 559 istud
714 536 797 568 pene
811 535 923 557 omnes

191 590 209 612 a
244 579 410 613 iuventute
445 579 644 619 subivimus,
670 578 787 611 adiecit
821 583 852 610 et
880 578 923 610 ait

189 631 315 665 Sedebit
338 632 508 665 solitarius
538 636 567 664 et
597 631 710 664 tacebit
733 631 814 674 quia
838 630 922 663 leva-

191 685 237 718 bit
259 695 291 719 se
314 696 414 728 supra
436 696 483 726 se,
511 684 621 718 omnia
651 694 756 727 pene,
783 694 862 726 quae
888 683 919 716 in

188 738 250 771 hac
274 740 385 772 nostra
408 737 609 771 institutione
626 741 708 776 sunt,
726 736 845 778 optime
863 747 920 778 per

189 790 339 834 quietem,
365 790 584 829 solitudinem,
603 789 770 822 silentium
796 793 828 821 et
850 799 920 820 cae-

185 843 315 877 lestium
340 853 448 876 rerum
472 852 614 875 amorem
639 840 837 883 significans.

230 907 260 930 v.
287 896 372 935 Quae
397 895 502 929 studia
526 906 603 928 suos
636 895 781 928 alumnos
806 896 917 937 quales

185 949 326 983 efficiant
350 955 462 992 postea
486 949 672 982 manifestat
696 948 827 980 dicens:
856 948 919 980 Da-

185 1003 231 1035 bit
255 1002 447 1046 percutienti
463 1012 494 1034 se
511 1001 695 1041 maxillam,
716 1000 919 1033 saturabitur

183 1054 384 1098 opprobriis,·
411 1064 547 1097 quorum
573 1053 604 1086 in
635 1054 737 1086 altero
763 1053 918 1096 patientia

183 1118 318 1147 summa,
343 1107 376 1139 in
401 1108 502 1140 altero
527 1106 670 1143 perfecta
694 1106 834 1149 refulget
859 1106 916 1138 hu-

170 1160 302 1198 ‚militas
319 1187 327 1201 ‚

226 1224 268 1248 vi.
289 1213 425 1248 loannes
451 1222 580 1256 quoque
605 1212 756 1256 Baptista,
779 1222 843 1256 quo
869 1212 916 1245 in-

182 1272 230 1300 ter
265 1271 358 1301 natos
395 1266 582 1306 mulierum,
620 1265 707 1298 iuxta
742 1266 914 1298 Salvatoris

172 1319 403 1362 praeconium,
420 1319 523 1352 maior
541 1329 634 1351 nemo
652 1318 789 1351 surrexit
804 1345 811 1357 ‚
837 1319 913 1361 quid

180 1373 321 1406 solitudo
345 1371 539 1413 securitatis,
560 1372 676 1414 quidve
702 1371 848 1404 utilitatis
870 1372 914 1404 as-

180 1425 270 1465 serat,
287 1425 452 1459 evidenter
476 1424 632 1464 ostendit;
652 1424 705 1466 qui
724 1434 782 1457 nec
800 1424 912 1457 divinis

178 1477 329 1518 oraculis,
347 1477 463 1521 quibus
481 1477 673 1520 praeditum¹
694 1477 807 1517 suerat,
825 1478 911 1521 quod

179 1531 218 1563 ab
242 1535 335 1564 utero
360 1529 479 1573 Spiritu
497 1529 613 1562 Sancto
642 1530 784 1573 repletus
802 1529 834 1562 in
851 1531 911 1573 spi-

178 1583 240 1616 ritu
267 1588 299 1617 et
318 1584 433 1616 virtute
457 1582 544 1615 Eliae
569 1583 732 1615 Christum
754 1583 837 1615 soret
858 1583 913 1615 Do-

174 1635 301 1673 minum
326 1640 577 1678 praeventurus,
604 1645 665 1667 nce
690 1635 830 1668 mirabili
857 1646 911 1669 na-

177 1686 312 1728 tivitate,
343 1698 404 1720 nec
428 1693 602 1732 parentum
628 1688 795 1721 sanctitate
821 1699 912 1721 secu-

178 1752 242 1781 rus,
266 1741 481 1785 frequentiam
500 1741 669 1774 hominum
689 1741 813 1784 fugiens
833 1746 911 1774 tam-

177 1805 273 1838 quam
309 1794 543 1837 periculosam,
569 1794 694 1827 deserta
729 1795 910 1828 solitudinis

178 1853 339 1891 tamquam
364 1852 432 1880 tuta
457 1846 596 1890 delegit,
620 1847 740 1880 tamdiu
765 1848 910 1890 pericula

177 1905 377 1943 mortemque
401 1899 562 1939 nesciens,
590 1900 741 1942 quamdiu
767 1910 908 1933 eremum

176 1954 264 1986 solus
287 1952 436 1986 incoluit.
463 1952 521 1986 Ubi
547 1953 623 1995 quid
647 1953 773 1985 virtutis
806 1954 908 1986 lucra-

177 2011 238 2046 tus,
263 2005 380 2050 quidve
404 2006 444 2038 sit
466 2005 571 2038 meriti
589 2004 707 2037 Christi
733 2005 907 2048 baptismus

177 2063 208 2091 et
224 2068 283 2101 pro
301 2057 420 2090 iustitia
438 2067 524 2089 mors
542 2062 691 2100 suscepta
708 2058 907 2091 monstravit.

175 2110 260 2146 Talis
286 2111 372 2146 enim
399 2115 449 2144 est
473 2111 573 2144 sactus
598 2111 630 2143 in
655 2111 849 2150 solitudine,
877 2118 910 2144 ut

176 2163 291 2208 dignus
315 2168 403 2197 esset
432 2164 591 2196 lavantem
614 2163 722 2196 omnia
746 2163 907 2196 Christum

175 2218 264 2250 solus
289 2216 464 2261 baptizare,
483 2221 515 2249 et
531 2226 589 2259 pro
610 2217 742 2249 veritate
761 2227 820 2250 nec
841 2227 907 2249 car-

175 2279 282 2304 cerem
307 2279 367 2303 nee
386 2273 525 2301 mortem
547 2269 709 2302 declinare
725 2295 732 2308 ,

217 2331 275 2355 v11.
294 2321 379 2355 lesus
397 2321 466 2365 ipse
484 2321 568 2354 Deus
588 2327 619 2354 et
634 2321 796 2362 Dominus,
815 2323 906 2356 cuius

173 2374 273 2408 virtus
308 2385 369 2408 nee
399 2380 523 2408 secreto
560 2374 659 2407 iuvari
691 2385 751 2408 nec
775 2376 906 2418 publico

173 2431 303 2470 poterat
325 2426 488 2470 impediri,
513 2432 548 2459 ut
578 2437 638 2460 suo
672 2432 778 2460 tamen
813 2428 907 2461 nobis

174 2481 358 2513 consuleret
387 2481 559 2523 exemplo,
592 2480 782 2523 priusquam
817 2492 907 2525 prae-

174 2532 307 2572 dicaret,
332 2533 565 2566 tentationibus
591 2539 623 2566 et
647 2533 777 2567 ieiuniis
813 2535 904 2579 quasi

209 2595 219 2621 1
243 2593 331 2622 Potius
350 2595 408 2631 lege
423 2596 606 2631 praedictum
625 2597 662 2631 (n.
675 2595 724 2631 τ.).

777 212 990 238 INNOCENTIUS
1012 213 1041 237 XI
1066 214 1115 238 PP-

968 263 1122 304 probatus
1148 265 1196 296 est
1219 262 1252 296 in
1270 262 1456 297 solitudine.
1474 262 1518 296 De
1536 273 1599 306 quo
1617 263 1700 297 Scri-

967 320 1059 357 ptura
1084 316 1200 356 refert,
1225 317 1311 360 quod
1334 316 1455 350 relictis
1478 316 1581 350 turbis
1607 316 1701 350 disci-

966 369 1117 410 pulorum
1152 369 1185 401 in
1220 374 1364 402 montem
1400 371 1488 403 solus
1518 371 1702 404 ascenderit

966 431 1068 454 orare.
1096 421 1153 460 Qui
1179 427 1210 455 et
1233 422 1432 456 imminentis
1461 423 1523 456 iam
1552 428 1699 466 tempore

965 474 1136 516 passionis,
1162 476 1329 517 apostolos
1353 475 1498 518 reliquit,
1515 476 1601 508 solus
1626 487 1700 509 exo-

965 532 1100 567 raturus,
1114 527 1175 560 isto
1194 528 1243 560 vel
1256 528 1390 561 maxime
1408 528 1575 562 insinuans
1593 540 1700 562 exem-

963 580 1034 622 plo,
1060 585 1214 622 quantum
1239 581 1382 613 solitudo
1406 581 1510 624 prosit
1534 582 1696 615 orationi:

964 633 1102 674 quando,
1139 633 1309 665 comitibus
1335 633 1411 666 licet
1434 634 1602 676 apostolis,
1633 645 1698 668 non

962 686 1029 717 vult
1050 685 1166 717 mixtus
1184 695 1287 722 orare.
1313 686 1365 725 Et,
1385 696 1425 718 nc
1444 687 1629 729 mysterium
1648 688 1700 720 hie

962 737 1054 770 nobis
1075 738 1224 770 omnibus
1243 738 1379 771 maxime
1404 740 1639 772 observandum
1658 741 1700 773 si-

961 791 1063 824 lentio
1088 796 1349 833 praetereamus,
1380 792 1466 824 idem
1490 792 1643 825 Dominus
1668 800 1700 827 et

961 843 1107 876 Salvator
1131 843 1265 875 humani
1293 844 1425 885 generis
1443 855 1503 887 per
1528 855 1560 877 se
1586 845 1700 887 digna-

962 900 1011 927 tus
1037 900 1087 927 cst
1111 895 1215 928 vivum
1236 901 1331 938 atque
1356 896 1499 939 primum
1524 897 1624 930 nostri
1650 898 1699 931 in-

961 948 1062 980 stituti
1088 949 1253 991 exemplar
1278 949 1457 991 praebere,
1482 959 1554 982 cum
1578 950 1610 982 in
1636 950 1694 983 de-

960 1006 1046 1034 serto
1068 1002 1155 1034 solus
1181 1001 1313 1044 degeret
1337 1001 1486 1041 orationi,
1506 1007 1538 1035 et
1561 1002 1697 1036 internis

960 1064 1074 1087 vacans
1111 1054 1297 1094 exercitiis,
1335 1054 1468 1095 ieiunio,
1504 1054 1622 1098 vigiliis
1658 1067 1697 1090 ac

959 1106 1074 1139 ceteris
1098 1106 1318 1150 poenitentiae
1348 1107 1504 1140 fructibus
1528 1104 1696 1141 macerans

959 1168 1100 1203 eorpus,
1135 1171 1194 1203 per
1218 1170 1305 1193 arma
1335 1160 1516 1203 spiritualia
1548 1162 1696 1195 tentatio-

959 1223 1015 1244 nes
1042 1218 1073 1245 et
1097 1212 1319 1246 adversarium
1344 1218 1493 1246 nostrum
1525 1223 1691 1257 superans.

1001 1275 1069 1298 viu.
1104 1265 1168 1298 Iam
1204 1265 1266 1308 ipsi
1302 1276 1361 1308 per
1396 1276 1451 1299 vos
1489 1266 1693 1300 considerate

958 1324 1111 1362 quantum
1136 1319 1168 1351 in
1194 1319 1370 1352 solitudine
1405 1319 1507 1352 sancti
1539 1330 1575 1352 ac
1598 1331 1695 1354 vene-

957 1371 1074 1405 rabiles
1098 1377 1206 1415 patres
1225 1372 1341 1404 Paulus
1367 1377 1399 1405 et
1421 1373 1591 1413 Antonius,
1608 1374 1694 1408 Hila-

956 1425 1039 1465 rion,
1066 1425 1275 1465 Benedictus,
1303 1430 1334 1458 et
1358 1425 1460 1458 ceteri
1485 1425 1574 1458 vobis
1598 1427 1694 1459 innu-

956 1478 1126 1512 merabiles
1150 1483 1256 1511 mente
1280 1478 1503 1521 profecerint:
1531 1484 1563 1511 et
1579 1479 1692 1521 proba-

955 1532 994 1564 tis
1020 1531 1194 1564 suavitates
1218 1530 1490 1574 psalmodiarum,
1515 1531 1621 1564 studia
1645 1532 1690 1565 le-

954 1585 1104 1624 ctionum,
1131 1584 1272 1616 fervores
1309 1584 1504 1625 orationum,
1530 1584 1691 1618 subtilita-

954 1642 1000 1670 tes
1025 1636 1288 1676 meditationum,
1314 1646 1464 1669 excessus
1490 1638 1691 1680 contempla-

954 1690 1088 1730 tionum,
1115 1689 1307 1732 baptismata
1331 1690 1544 1732 lacrymarum
1560 1716 1568 1730 ,
1600 1691 1691 1723 nulla

952 1753 985 1775 re
1010 1743 1112 1784 magis
1131 1753 1226 1785 quam
1245 1741 1429 1775 solutudine
1458 1753 1554 1785 posse
1571 1743 1687 1776 iuvari.

996 1806 1016 1828 1.
1045 1794 1122 1828 Cum
1148 1794 1322 1838 praecipue
1348 1794 1490 1827 studium
1515 1800 1547 1828 et
1571 1806 1690 1838 propo-

951 1848 1047 1880 situm
1071 1853 1216 1881 nostrum
1241 1847 1282 1879 sit
1306 1847 1435 1880 silentio
1461 1853 1492 1880 et
1516 1848 1686 1881 selitudini

951 1903 1051 1934 cellae
1070 1911 1191 1941 vacare,
1210 1900 1296 1933 iuxta
1312 1901 1393 1934 illud
1411 1901 1592 1934 Hieremiae
1610 1913 1616 1934 z
1636 1902 1688 1934 Se-

951 1955 1035 1987 debit
1059 1954 1227 1986 solitarius
1251 1958 1280 1986 et
1305 1954 1435 1993 tacebit,
1462 1958 1490 1987 et
1516 1954 1633 1987 levabit
1656 1965 1688 1987 se

950 2018 1050 2050 supra
1074 2018 1128 2047 se·,
1148 2012 1180 2040 et
1198 2007 1295 2040 alibi:
1316 2007 1341 2040 A
1369 2007 1452 2049 socie
1475 2017 1589 2040 manus
1615 2011 1688 2040 tuae

950 2061 1036 2093 solus
1060 2060 1216 2099 sedebam,
1251 2061 1332 2103 quia
1362 2060 1614 2093 comminatione
1638 2071 1687 2093 re-

949 2114 1045 2156 plesti
1069 2123 1139 2152 me,·
1165 2113 1240 2145 ideo
1262 2113 1361 2146 cellae
1387 2112 1525 2145 incolam
1550 2113 1687 2156 diligen-

951 2172 999 2199 ter
1025 2178 1061 2199 ac
1082 2166 1219 2199 sollicite
1238 2165 1331 2198 decet
1347 2164 1529 2207 invigilare,
1548 2176 1588 2198 ne
1606 2176 1685 2209 quas

949 2220 1137 2253 occasiones
1156 2219 1344 2261 egrediendi
1363 2219 1457 2258 soraS‚
1474 2219 1616 2262 exceptis
1633 2219 1684 2252 his

911 2279 913 2282 ·
949 2283 1031 2316 quae
1050 2272 1248 2314 generaliter
1265 2271 1431 2303 institutae
1450 2276 1534 2312 sunt,
1552 2272 1601 2304 vel
1618 2282 1685 2305 ma-

948 2326 1110 2365 chinetur,
1129 2325 1178 2357 vel
1198 2324 1344 2367 recipiat,
1371 2324 1428 2357 sed
1453 2323 1574 2367 potius,
1599 2325 1685 2358 sicut

948 2388 1046 2421 aquas
1063 2377 1206 2420 piscibus
1225 2382 1256 2409 et
1271 2378 1378 2409 caulas
1398 2376 1522 2417 ovibus,
1542 2375 1585 2409 ita
1608 2388 1684 2412 suae

947 2431 1041 2464 saluti
1067 2435 1099 2462 et
1122 2429 1204 2462 vitae
1230 2429 1343 2462 cellam
1368 2429 1503 2473 deputet
1534 2435 1685 2464 necessa*

949 2484 1036 2522 riam,
1064 2483 1095 2515 in
1121 2493 1183 2525 qua
1209 2487 1327 2525 quanto
1353 2482 1481 2521 diutiuS,
1507 2488 1595 2516 tanto
1627 2485 1680 2525 ln,-

948 2537 1076 2569 bentius
1102 2535 1272 2573 habitabit,
1298 2535 1374 2568 dum
1400 2536 1558 2569 tamenin
1585 2537 1622 2569 ea
1647 2546 1685 2574 se,

948 2600 982 2622 se
1000 2588 1145 2622 ordinate
1163 2593 1194 2621 et
1211 2588 1334 2632 utiliter
1354 2594 1502 2632 occupet,
1530 2580 1679 2637 legendo,

1595 205 1654 240 831
1704 214 1754 242 An.
1772 214 1800 243 c.
1826 215 1890 244 ¹688

1722 1805 1786 1825 Curi
1806 1806 1858 1827 XIV.

1725 1833 1754 1852 Do
1775 1833 1840 1853 cenat»
1862 1837 1882 1855 et

1699 1859 1775 1878 silenui
1811 1860 1881 1881 obser.

1700 1887 1790 1906 vatione.
