2111 3157
29 233 78 261 Αη.
93 232 112 259 t*
146 230 211 258 tCBS

217 278 407 318 quisitionum
441 280 569 319 pruritus
596 283 624 310 et
652 279 791 316 libertas,
818 283 846 309 et
877 280 946 309 illud

214 326 324 357 Isaiae:
341 342 349 354 ι
366 327 423 358 Vae
436 328 485 367 qui
504 337 604 367 agrum
617 337 685 367 agro
697 328 850 367 copulatis,
864 336 947 357 num-

214 375 283 414 quid
306 380 412 406 terram
435 377 489 407 soli
511 377 696 416 possidebitis
715 387 730 406 ›
754 377 784 406 in
807 384 946 415 personas

213 422 328 453 Ordinis
349 424 560 454 Carthusiensis
585 425 721 459 decidat,
744 426 896 454 statuimus
918 429 945 453 et

212 471 379 502 ordinamus
394 481 429 502 ne
444 473 479 502 de
500 477 597 502 cetero
613 473 664 502 ulli
679 473 789 508 domui,
805 482 878 510 quae
894 472 945 501 ha-

211 517 277 548 beat
291 520 469 550 sufficienter
489 521 566 550 unde
584 521 703 550 honeste
718 524 746 549 et
768 520 886 558 pacifice
904 520 944 549 vi-

210 572 258 596 vat
278 576 343 596 cum
366 577 487 598 numero
508 568 660 598 duodecim
677 568 884 598 monachorum
907 578 941 597 ex

209 614 286 644 bona
306 620 334 646 et
356 619 448 656 aequa
469 617 649 651 visitatorum
671 617 835 655 provinciae
857 617 943 647 aesti-

209 663 345 701 matione,
365 674 468 694 novam
491 665 712 704 acquisitionem
734 665 941 705 cuiuscumque

207 715 328 741 naturae
350 712 387 742 sit
402 712 455 742 sub
477 713 605 752 quolibet
628 717 777 752 praetextu
799 714 893 743 facere
908 715 941 744 li-

207 765 271 790 ceat
293 760 401 800 absque
423 762 540 801 praevio
561 762 694 792 examine
709 763 889 792 visitatorum
905 762 939 793 de

205 807 297 847 ipsius
312 809 414 839 domus
436 810 595 848 indigentia
611 810 726 850 scriptis
744 820 890 850 expresso,
911 816 937 841 et

206 856 268 886 sine
290 857 407 896 speciali
441 858 558 887 lieentia
591 859 741 888 reverendi
776 859 866 898 patris
888 865 935 889 aut

205 905 323 943 capituli
339 906 498 943 generalis3
515 906 576 944 sed,
593 907 615 936 si
633 916 706 946 quae
717 907 819 937 domus
835 917 936 947 snper-

204 952 411 982 abundantiam
432 953 546 990 habeat,
564 959 623 984 tum
646 956 674 985 in
698 956 792 993 largas
813 956 935 986 eleemo-

203 1009 289 1040 synas
307 1001 368 1040 ipsa
386 1002 584 1041 impendatur,
599 1008 658 1033 tum
681 1005 840 1034 reverendo
862 1006 935 1044 patri

203 1053 253 1078 aut
273 1050 400 1088 capitulo
415 1051 544 1088 generali
559 1051 696 1081 offeratur
711 1052 745 1081 ad
761 1052 936 1083 distribuen-

203 1097 271 1126 dum
294 1098 390 1136 parvis
404 1102 453 1128 aut
471 1099 646 1138 pauperibus
664 1100 796 1130 domibus
818 1100 935 1132 Ordinis

202 1145 331 1175 eiusdem
354 1147 436 1184 regni
457 1151 486 1176 et
508 1148 672 1186 provinciae
706 1153 816 1178 tantum
831 1172 838 1185 ‚
862 1150 935 1180 itaut

202 1193 331 1223 redditus
342 1194 609 1234 superabundantes
621 1197 859 1227 monasteriorum
872 1199 934 1228 nul-

201 1241 314 1272 latenus
340 1243 480 1282 applicari
508 1244 620 1283 possint
649 1244 702 1274 sub
725 1245 826 1284 quovis
850 1246 933 1276 titulo

201 1294 227 1320 et
251 1291 382 1330 quaesito
404 1291 499 1322 colore
521 1292 654 1322 domibus
675 1293 794 1323 alterius
819 1296 933 1333 provin-

202 1338 262 1368 ciae
284 1343 311 1368 et
328 1339 421 1378 regni,
439 1340 516 1369 iuxta
532 1340 680 1373 decretum
696 1351 794 1371 sacrae
810 1343 933 1381 Congre—

200 1387 323 1425 gationis
351 1388 535 1427 particularis
565 1389 861 1420 eminentissimorum
884 1392 932 1421 do-

200 1435 343 1465 minorum
359 1436 549 1467 cardinalium
566 1438 599 1466 ad
615 1439 835 1469 examinandam
849 1450 933 1479 prae-

199 1488 309 1514 sentem
332 1485 533 1515 collectionem
565 1490 737 1516 statutorum
759 1488 928 1527 deputatae,

199 1537 363 1562 emanatum
385 1533 431 1563 die
452 1543 500 1563 xix
523 1535 619 1564 martii
641 1543 806 1574 MDCLxxxv‚
823 1542 854 1566 ut
869 1537 931 1567 illa-

198 1589 264 1609 rum
286 1580 384 1620 inopia
406 1591 457 1620 per
478 1582 601 1612 aliarum
622 1583 829 1613 abundantiam
851 1586 929 1615 iuxta

199 1629 387 1667 apostolicum
419 1635 605 1670 praeceptum
629 1632 807 1671 suppleatur,
831 1634 930 1664 habita

198 1676 310 1707 ratione
331 1679 539 1708 necessitatum
561 1689 810 1719 quarumcumque
832 1682 896 1711 don.
919 1700 931 1704 -

198 1733 274 1754 rum.
298 1725 393 1766 Turpe
415 1727 492 1756 enim
513 1737 575 1757 esse
597 1727 682 1758 debet
703 1730 863 1767 monachis,
881 1731 930 1769 qui

195 1782 250 1803 sua
265 1774 457 1814 reliquerunt,
472 1775 576 1806 iterum
598 1778 787 1815 congerendis
803 1779 930 1808 nummis

198 1826 226 1851 et
244 1823 473 1862 possessionibus
494 1829 592 1854 contra
610 1830 735 1855 mentem
751 1827 931 1856 carthusien-

198 1870 238 1900 sis
250 1872 390 1911 propositi
406 1872 529 1902 inhiare.
547 1873 624 1902 Nihil
640 1878 735 1903 autem
757 1876 931 1905 convenien-

200 1917 256 1949 tius
271 1924 314 1949 est
333 1920 508 1950 monasticae
530 1921 737 1960 prosessione',
761 1932 834 1962 quae
856 1924 931 1954 chri-

199 1967 309 1998 stianae
331 1968 500 2008 disciplinae
523 1970 727 2008 perfectionem
756 1971 929 2010 profitetur,

199 2023 285 2055 quam
307 2016 331 2045 si
353 2016 499 2055 specimen
526 2017 555 2046 in
584 2026 614 2047 se
644 2018 779 2057 praebeat
810 2021 931 2050 eximiae

198 2063 277 2093 illius
296 2064 445 2094 charitatis
460 2065 621 2103 primorum
637 2066 870 2105 christianorum,
888 2070 931 2099 in-

199 2117 244 2143 ter
269 2122 342 2152 quos
364 2122 397 2142 ex
420 2113 587 2143 facultatum
613 2115 750 2153 religiosa
772 2119 933 2148 communi-

200 2162 314 2192 catione
328 2171 413 2191 nemo
429 2162 539 2201 aliquid
553 2172 638 2193 suum
660 2173 722 2194 esse
744 2165 866 2204 dicebat,
882 2168 931 2196 sed

200 2214 283 2240 erant
297 2210 355 2240 illis
376 2211 471 2240 omnia
488 2211 663 2241 communia.
681 2212 719 2242 De
735 2213 821 2243 huius
835 2219 931 2245 autem

200 2258 353 2289 laudabilis
382 2259 573 2289 ordinationis
599 2260 784 2291 observantia
805 2263 934 2294 visitato-

201 2315 266 2337 rum
288 2311 316 2336 et
339 2307 466 2346 priorum
489 2308 694 2338 conscientiam
717 2319 881 2349 oneramus,
897 2312 932 2342 de

202 2364 257 2394 qua
273 2355 416 2385 rationem
432 2355 563 2386 districto
580 2356 667 2386 iudici
691 2358 831 2389 reddituri
849 2364 930 2397 sunt,

203 2403 263 2440 sed,
278 2403 302 2433 si
317 2403 346 2433 in
366 2404 419 2433 hoc
431 2403 590 2442 culpabiles
607 2405 723 2441 suerint,
741 2411 789 2436 aut
804 2408 930 2447 remissi,

203 2451 322 2481 veniant
338 2461 388 2490 per
403 2452 561 2490 capitulum
578 2454 713 2491 generale
727 2455 890 2493 corrigendi
904 2468 930 2487 ».

244 2499 386 2530 Ordinatio
397 2501 464 2530 anni
478 2509 615 2530 MDCxxw.
632 2512 646 2530 t(
659 2502 714 2532 Pro
732 2504 868 2534 exactiori
884 2505 933 2535 ob-

205 2549 350 2579 servantia
361 2557 478 2578 num.1v
489 2558 552 2588 cap.
564 2558 610 2580 xxi
623 2551 765 2581 secundae
777 2554 866 2591 partis
878 2559 934 2584 sta-

237 2605 252 2655 3
273 2603 342 2632 Edit.
363 2605 443 2633 Mein.
463 2605 528 2641 legit
542 2607 720 2642 professione
739 2610 776 2646 (tt.
792 2611 841 2652 π),

792 215 1018 256 ”ιΝΝο(;ΕΝτῐυε
1038 231 1069 255 xi
1094 230 1143 255 rr.

1618 222 1675 254 *M

989 283 1125 316 tutorum,
1143 278 1332 313 declaramus,
1349 287 1408 315 eos,
1429 278 1488 317 qni,
1506 278 1541 307 ab
1556 279 1615 309 una,
1634 279 1718 307 domo

987 328 1021 356 ad
1043 328 1127 357 aliam
1150 328 1242 365 missi,
1265 328 1433 357 notabiliter
1447 328 1594 357 divertunt
1609 337 1623 356 a
1640 332 1717 357 recto

987 376 1102 413 itinere,
1120 377 1213 406 teneri
1235 379 1329 415 poenav
1346 377 1544 414 fugitivorum,
1560 380 1588 405 et
1602 386 1649 405 eos
1667 379 1716 415 qui

987 424 1124 461 pecunias
1136 424 1191 453 sibi
1209 433 1260 462 pro
1276 425 1378 454 viatico
1394 425 1474 454 datas
1495 425 1523 454 in
1539 425 1611 454 alios
1630 435 1716 464 quam

986 472 1098 502 itineris
1120 482 1188 502 usus
1211 474 1406 512 impenderint
1434 475 1496 503 sine
1524 476 1662 512 expressa
1684 475 1717 504 li-

985 520 1081 549 centia
1102 521 1269 559 superium,
1290 521 1381 550 teneri
1397 524 1490 560 poena
1511 523 1716 560 proprietario-

985 576 1058 601 rum¹
1081 577 1170 606 super
1192 568 1296 607 quibus
1317 570 1481 607 superiores
1502 570 1665 608 invigilent,
1688 577 1716 602 et

983 615 1107 645 debitam
1130 616 1268 646 iustitiam
1291 618 1406 654 saciant,
1430 618 1504 648 sacta
1525 619 1656 658 diligenti
1671 620 1714 650 in-

983 663 1137 702 quisitione
1157 677 1181 694 ».

1022 711 1093 740 Idem
1109 714 1242 751 repelz’tur
1258 715 1285 743 in
1299 713 1476 744 Ordinalz'one
1488 717 1554 745 anni
1566 725 1713 747 MDCXLvn:

980 763 1006 788 el
1027 760 1054 788 in
1077 761 1281 799 confirmatione
1299 763 1415 791 eiusdem
1437 762 1625 793 ordinationis
1641 768 1714 804 sachi

980 816 1050 836 anno
1072 816 1218 838 alucxtvnr
1240 810 1369 842 additur:
1396 821 1407 838 «
1432 811 1465 840 Et
1481 821 1529 841 eos
1551 813 1600 851 qui
1624 813 1714 843 initi-

980 864 1048 885 nere
1071 865 1182 888 moram
1207 857 1325 886 nimiam
1352 859 1471 888 fecerint
1497 860 1597 889 eadem
1620 864 1714 899 poena

980 904 1165 941 fugitivorum
1178 906 1279 939 teneri,
1294 906 1406 935 etiamsi
1423 907 1469 936 illa
1484 908 1569 938 t'uerit
1585 909 1612 937 in
1629 919 1713 947 gran-

978 951 1043 989 giis,
1060 953 1121 982 sive
1137 953 1200 982 aliis
1216 954 1245 982 in
1262 954 1331 983 locis
1349 954 1499 984 domorum
1515 956 1642 995 Ordinis,
1659 968 1712 988 nec

977 1009 1064 1039 super
1086 1001 1129 1030 his
1152 1002 1261 1040 possint
1279 1003 1390 1041 priores
1406 1004 1573 1042 dispensare
1590 1016 1617 1035 ».

1018 1048 1159 1078 Ordinatio
1185 1053 1252 1079 αηιιί
1283 1059 1373 1080 lunen.
1399 1062 1412 1080 «
1432 1052 1569 1084 Servetur
1591 1065 1670 1085 num.
1694 1066 1710 1086 v

976 1106 1039 1135 cap.
1058 1098 1123 1127 xxr'
1139 1099 1283 1129 secundae
1302 1101 1390 1138 partis
1406 1102 1532 1131 eiusdem
1551 1113 1639 1133 novae
1655 1106 1711 1135 col-

977 1144 1118 1183 lectionis,
1136 1150 1163 1176 et
1178 1147 1201 1175 si
1221 1147 1285 1185 quis
1307 1148 1341 1177 ad
1364 1149 1448 1178 aliam
1470 1151 1586 1180 domum
1607 1153 1710 1183 missus

977 1202 1026 1230 per
1041 1202 1070 1222 se
1087 1194 1130 1223 vel
1148 1201 1199 1233 pe‘r
1216 1195 1303 1225 alium
1320 1196 1456 1228 detulerit
1471 1199 1579 1238 aliquid
1596 1207 1710 1239 praeter

976 1240 1002 1269 id
1019 1241 1095 1279 quod
1113 1242 1237 1272 habetur
1253 1244 1280 1273 in
1297 1244 1374 1274 dicto
1397 1255 1520 1276 numero
1544 1248 1606 1277 sine
1621 1249 1709 1279 liron-

976 1289 1016 1317 tia
1039 1289 1143 1328 prioris
1165 1291 1266 1321 domus
1282 1301 1296 1321 e
1320 1303 1373 1332 qua
1399 1294 1520 1325 discedit
1542 1296 1571 1325 in
1594 1298 1708 1336 scriptis

974 1336 1102 1375 obtenta,
1128 1342 1272 1377 tamqnam
1297 1341 1506 1379 proprietarius
1529 1345 1665 1382 puniatur
1680 1358 1706 1375 υ.

974 1385 1008 1414 Et
1022 1387 1050 1414 in
1069 1386 1245 1416 Orclimm'one
1260 1391 1327 1417 anni
1347 1398 1508 1425 MDme'ltt,
1526 1402 1577 1430 {lua
1598 1404 1707 1431 praecp-

973 1434 1037 1462 (Iens
1058 1440 1220 1469 renovatur,
1248 1437 1374 1465 additur:
1403 1448 1415 1465 «
1438 1439 1569 1478 adempta
1593 1441 1707 1471 licentia

974 1482 1118 1520 prioribus
1141 1493 1228 1522 super
1249 1494 1282 1513 eo
1304 1485 1491 1524 dispensandi
1516 1498 1542 1517 ».

1012 1530 1153 1560 Ordinatio
1174 1534 1243 1561 unni
1265 1542 1372 1562 MDcxx.
1395 1544 1408 1563 c(
1430 1535 1588 1575 insequens
1609 1538 1708 1568 decre-

972 1582 1031 1608 tum
1054 1580 1229 1609 sanctissimi
1251 1582 1360 1611 domini
1380 1583 1459 1612 l’auli
1477 1585 1569 1623 l'apae
1590 1586 1607 1615 V
1626 1596 1708 1625 prae-

972 1627 1052 1666 cipit²
1070 1628 1205 1658 omnibus
1223 1633 1251 1657 et
1267 1630 1390 1668 singulis
1406 1631 1520 1662 Ordinis
1537 1635 1626 1664 nostri
1644 1645 1707 1674 per-

971 1676 1061 1711 sonis,
1079 1680 1119 1710 ut,
1137 1677 1306 1707 accedentes
1328 1679 1362 1708 ad
1385 1680 1444 1709 loca
1462 1681 1491 1710 in
1514 1682 1618 1720 quibus
1640 1689 1707 1714 Sunt

972 1725 1147 1754 monasteria
1180 1729 1229 1754 aut
1260 1726 1361 1756 domus
1389 1727 1522 1767 Ordinis,
1547 1730 1574 1759 in
1598 1731 1706 1761 eisdem

973 1772 1067 1802 vivere
1089 1777 1116 1802 et
1133 1774 1238 1803 morari
1257 1775 1391 1813 debeant,
1410 1786 1462 1806 nec
1478 1778 1533 1807 alio
1549 1779 1704 1818 divertant,

971 1820 1115 1848 reservata
1138 1819 1203 1849 Sedi
1227 1820 1408 1859 Apostolicae
1430 1832 1517 1862 super
1538 1834 1571 1853 eo
1592 1825 1707 1865 dispen-

972 1864 1052 1894 sandi
1076 1865 1210 1895 facultate
1226 1876 1254 1895 ».

1016 1924 1038 1946 1.
1065 1914 1124 1947 Pro
1151 1920 1261 1948 tenore
1283 1921 1314 1949 et
1335 1918 1440 1951 stabili
1467 1918 1615 1953 firmitate
1642 1932 1706 1954 rar-

974 1966 1147 2000 thusiensis
1163 1969 1331 2011 propositi,
1348 1972 1508 2003 communi
1528 1973 1705 2015 primorum

1726 230 1910 260 An.C.1088

1735 1924 1802 1946 CArt'r
1819 1926 1878 1947 ΧΧΙῙ.
1895 1953 1898 1956 ψ

1759 1954 1786 1971 tus
1808 1955 1899 1975 austro-tull

1717 1979 1817 2004 capitulo.

973 2025 1099 2061 patrum
1124 2026 1307 2054 nostrorum
1332 2022 1460 2055 Ordinis
1493 2026 1593 2057 nostri
1619 2027 1727 2069 prio—¹

974 2083 1040 2104 rum
1066 2073 1212 2113 consilio,
1230 2076 1390 2108 voluntate
1416 2081 1448 2108 et
1473 2087 1630 2111 consensu
1656 2081 1707 2113 de·

973 2131 1095 2158 cretum
1121 2131 1191 2166 est,
1217 2133 1252 2159 ut
1276 2127 1411 2170 singulis
1442 2130 1532 2162 annis
1557 2135 1706 2172 generale

974 2179 1149 2222 capitulum
1184 2181 1359 2213 haberetur
1383 2182 1414 2214 in
1448 2182 1545 2216 domo
1574 2184 1707 2218 Carthn-

973 2233 1050 2272 siaa,
1069 2244 1149 2276 qnae
1174 2235 1275 2266 nostri
1298 2236 1453 2278 propositi
1480 2244 1582 2270 mater
1605 2245 1655 2271 cst
1676 2246 1708 2272 et

973 2286 1072 2327 origo,
1091 2286 1129 2317 ad
1151 2287 1236 2329 quod
1262 2287 1395 2320 aliarum
1420 2289 1590 2323 domorum
1616 2292 1708 2324 Ordi—

974 2339 1022 2371 nis
1047 2338 1173 2382 priores
1199 2346 1383 2383 opportnno
1416 2348 1563 2385 tempore
1591 2355 1707 2377 convo-

974 2391 1102 2431 uirent,
1136 2392 1175 2424 de
1202 2391 1252 2424 his
1290 2404 1371 2436 quae
1405 2395 1441 2427 ad
1474 2396 1644 2429 utilitatem
1677 2404 1708 2430 et

975 2444 1179 2476 stabilitatem
1204 2444 1332 2478 Ordinis
1351 2448 1451 2479 nostri
1477 2449 1641 2491 pertinere
1667 2450 1708 2482 vi-

975 2497 1089 2529 dentur
1117 2497 1357 2539 diligentissime
1385 2502 1559 2535 tractaturi.

1011 2568 1020 2592 t
1044 2566 1110 2593 Male
1125 2566 1189 2593 edit.
1205 2567 1283 2594 Main.
1299 2569 1364 2604 legit
1378 2578 1418 2598 ,ΠΙ
1431 2572 1468 2600 (n.
1485 2574 1532 2600 τ.).

1009 2610 1025 2637 2
1044 2610 1113 2637 Edit.
1132 2610 1210 2637 Mein.
1231 2612 1296 2647 legit
1312 2615 1444 2649 praecipi
1462 2616 1500 2650 (n.
1522 2617 1571 2650 T.)-
