2111 3157
151 182 199 209 An.
218 181 246 209 c.
270 182 337 210 1686
384 175 449 208 654

174 1144 217 1171 §2
242 1143 270 1166 oe
291 1144 330 1166 fer-

147 1176 197 1190 Vnrni
226 1173 310 1197 spiritu
326 1189 330 1196 =

154 1204 185 1218 m
189 1199 256 1218 uitau-
260 1200 326 1219 ιηιιιιιι·

147 1230 185 1250 ιῖιι
178 1226 241 1244 ι1ιι.ι1
261 1233 275 1244 ικ

161 1257 183 1270 r
200 1253 251 1273 nelle
246 1232 320 1274 ·Ιιιι>ἷιθΕ

146 1282 224 1300 &unua

387 234 476 266 Circa
500 233 615 266 horam
640 231 828 265 celebrandi
849 231 881 263 in
899 230 998 264 choro
1020 241 1083 263 ma-

345 286 462 325 tutini,
502 286 730 320 observabitur
771 290 806 317 ut
839 284 946 318 media
987 289 1082 318 nocte

343 340 536 372 matutinum
561 339 758 372 celebretur.

387 392 463 426 Cum
489 403 565 426 vero
591 392 624 424 in
656 392 848 435 quibusdam
879 390 1082 425 monasteriis

335 452 472 479 wnostiae
496 446 764 489 congregationis
791 456 828 479 ex
854 446 994 489 quadam
1026 456 1083 478 ne-

334 500 492 532 'cessitate
517 505 652 543 propter
675 500 925 543 peiegrinorum
956 510 1082 533 summo

335 542 436 598 {ruane
453 553 691 586 occurrentium
712 553 939 597 frequentiam,
961 553 993 586 in
1011 553 1083 586 aliis

337 616 379 650 ex
405 606 502 648 longa
527 606 775 647 consuetudine,
794 606 1017 640 introductum
1042 606 1083 638 sit

338 653 532 709 :matutinum
559 669 653 692 mane
678 659 763 692 circa
789 659 905 693 horam
934 663 1082 702 quartam

337 722 512 755 peragere,
538 712 649 745 licebit
674 712 865 745 continuare
892 712 979 744 hunc
1014 722 1082 744 mo-

338 775 416 811 rem,
447 765 551 798 donec
574 776 632 808 per
653 765 803 799 dominos
823 765 1007 799 visitatores
1028 770 1082 797 aut

341 819 519 861 capitulum
545 820 697 862 generale
723 819 867 853 rationes
900 819 1083 853 examinen-

340 867 403 911 tur,
422 876 452 904 et
471 872 558 915 quid,
584 873 634 905 vel
661 873 779 905 intuitu
800 882 915 906 causae
939 872 1081 914 singula·

341 925 394 964 ris,
422 926 469 958 vel
496 925 615 958 intuitu
640 926 848 959 omnimodae
879 925 1083 958 uniformita-

341 968 380 1021 'tis
415 984 570 1021 quantum
601 978 755 1021 possibile
786 979 819 1011 in
846 980 912 1011 tota
937 977 1081 1020 Congre-

340 1032 470 1073 gatione
512 1032 795 1072 introducendae,
824 1032 986 1075 agendum
1019 1032 1078 1072 sit,

338 1084 587 1118 determinetur.

385 1137 472 1179 Cum,
500 1138 538 1172 ad
565 1139 771 1172 excitandum
797 1140 828 1172 in
854 1138 950 1172 nobis
977 1139 1081 1172 servo-

341 1202 408 1224 rem
436 1192 578 1235 spiritus,
606 1192 647 1224 sit
677 1203 833 1235 piaesens
858 1193 1010 1236 idemque
1037 1192 1082 1224 ef-

324 1228 567 1278 ficacissimum
593 1245 748 1278 motivum
773 1245 959 1279 recordatio
1000 1245 1082 1278 obli-

341 1298 479 1340 gationis
517 1298 555 1331 ad
594 1298 827 1341 pe1tecti0nem
863 1298 1081 1331 contendendi

325 1356 378 1383 ‘ex
406 1351 579 1383 emissione
605 1356 753 1384 votorum
779 1356 975 1391 contractae,
994 1356 1029 1383 ut
1046 1361 1082 1383 ea

341 1404 500 1437 efficacius
525 1405 563 1437 ad
590 1405 776 1438 memoriam
802 1410 982 1445 revocetur,
1010 1405 1083 1438 hor-

341 1462 446 1490 tamur
471 1457 502 1490 in
529 1458 666 1490 Domino
703 1468 815 1491 omnes
854 1464 916 1491 tam
949 1458 1082 1491 abbates

341 1521 435 1553 quam
472 1510 614 1553 reliquos
651 1511 840 1551 monachos,
876 1517 912 1544 ut
947 1512 1081 1554 singulis

342 1564 433 1596 annis
460 1564 576 1596 faciant
608 1565 787 1596 solemnem
813 1569 961 1597 votorum
987 1575 1082 1597 reno-

340 1617 501 1649 vationem
527 1616 558 1649 in
585 1617 793 1650 solemnitate
815 1617 861 1650 Ss.
884 1619 1079 1660 Angelorum

340 1669 527 1709 Custodum,
566 1670 604 1703 ad
631 1681 727 1713 quam
764 1681 821 1713 per
857 1671 1012 1704 ieiunium
1049 1677 1080 1704 et

340 1723 402 1756 alia
443 1723 594 1756 exercitia
630 1723 810 1766 spiritualia
843 1724 875 1756 in
907 1725 1079 1768 pervigilio

340 1777 442 1821 ipsius
468 1777 650 1810 festivitatis
677 1788 710 1810 se
735 1778 988 1820 praeparabunt.

383 1830 429 1863 Ad
456 1830 722 1863 reformationem
748 1831 915 1864 interioris
938 1832 1078 1864 hominis

340 1889 371 1916 et
396 1884 596 1926 spiritualem
631 1884 811 1926 profectum
846 1885 993 1927 apprime
1023 1896 1080 1918 ne-

340 1937 479 1968 cessaria
504 1942 553 1969 est
578 1937 732 1979 frequens
765 1948 824 1980 per
849 1938 980 1970 devotas
1014 1949 1079 1971 me-

341 1989 514 2022 ditationes
541 1991 744 2030 recollectio,
772 1990 845 2023 ideo
871 1991 903 2022 in
929 1991 1078 2023 omnibus

340 2043 544 2075 monasteriis
579 2048 638 2075 tam
670 2043 875 2086 quotidianas
901 2044 1079 2077 meditatio-

339 2106 397 2128 nes
440 2107 534 2139 quam
575 2096 771 2138 singularem
813 2097 958 2139 quolibet
994 2107 1078 2129 anno

340 2150 604 2182 recollectionem
620 2176 627 2189 ‚
655 2160 712 2193 per
746 2150 944 2193 spiritualia,
968 2155 1003 2183 ut
1026 2161 1079 2184 vo-

341 2208 459 2241 cantur,
487 2202 650 2242 exercitia,
677 2213 736 2245 per
761 2208 833 2236 octo
859 2203 926 2236 dies
958 2204 996 2236 ad
1023 2204 1080 2236 mi-

341 2255 581 2294 nus,intr0duci
602 2261 633 2288 et
650 2255 894 2298 diligentissime
915 2256 1076 2289 observari

341 2309 520 2341 statuimus.

387 2363 418 2394 ln
444 2363 555 2405 primis
581 2363 679 2405 igitur
703 2374 796 2397 mane
822 2375 838 2396 a
863 2363 969 2397 media
990 2365 1078 2396 sexta

340 2425 442 2458 usque
475 2416 512 2448 ad
550 2417 662 2449 horam
699 2424 819 2451 sextam
855 2417 1000 2461 quotidie
1039 2417 1079 2449 sit

342 2468 518 2507 meditatio,
546 2469 611 2501 sive
637 2470 670 2501 in
695 2470 784 2503 cellis
801 2497 808 2510 ‚
836 2471 922 2511 sive,
947 2475 1079 2513 propter

343 2522 442 2563 frigus
470 2522 628 2564 hyemale,
656 2523 686 2555 in
713 2534 854 2556 musaeo.

385 2575 506 2608 Deinde
533 2577 590 2608 sub
621 2577 804 2617 meridiem,
839 2582 1011 2620 antequam
1038 2576 1077 2609 ad

933 182 1114 207 BULLARIUM
1136 182 1202 207 ROM
1205 184 1289 207 ANUM

1125 232 1299 273 prandium
1324 220 1506 272 accedatur,
1529 231 1663 266 brevior
1686 226 1751 277 pei·
1786 225 1864 278 qua-

1125 282 1273 317 drantem
1298 284 1398 318 horae
1421 285 1622 326 recollectio,
1640 286 1708 320 sive
1725 297 1863 321 examen

1125 336 1337 379 particulare3
1357 343 1390 371 et
1413 348 1523 372 rursus
1544 339 1583 372 ad
1607 350 1788 383 vesperam,
1809 350 1864 374 an-

1125 396 1253 434 tequam
1292 391 1437 425 eubitum
1476 393 1690 433 concedatur,
1728 404 1863 428 examen

1125 454 1182 476 seu
1218 444 1378 478 discussio
1403 445 1624 479 conscientiae
1654 446 1861 489 instituatur,

1124 499 1193 532 sine
1219 500 1284 532 ulla
1309 500 1562 544 dispensatione.
1605 500 1674 540 Quo
1712 506 1864 545 tempore

1125 552 1216 594 prior
1232 554 1281 586 vel
1306 553 1459 597 subprior
1483 554 1657 597 diligenter
1679 555 1813 589 visitent
1832 559 1865 590 et

1125 606 1305 647 attendant,
1332 617 1372 640 ne
1396 608 1481 641 ullus
1508 618 1525 640 a
1550 607 1650 642 saeris
1675 608 1747 642 istis
1772 617 1865 643 exer-

1125 658 1208 691 eitiis
1233 670 1267 693 se
1291 660 1464 693 subducat.

1168 711 1306 756 Insuper
1341 713 1598 747 extraordinaria
1622 719 1654 748 et
1677 714 1780 748 maior
1814 724 1865 748 re-

1125 766 1274 799 collectio
1298 777 1357 810 per
1382 778 1488 801 annua
1513 768 1675 802 antedicta
1711 769 1866 802 exercitia

1125 818 1277 862 (quorum
1296 821 1465 854 maximam
1485 822 1658 856 utilitatem
1676 827 1709 856 et
1725 823 1864 856 fructum

1123 873 1245 916 passim
1270 875 1470 918 experientia
1495 876 1709 919 demonstrat)
1735 886 1753 909 a
1772 876 1864 910 nullo

1125 926 1221 959 etiam
1246 927 1318 970 ipso
1344 928 1459 961 abbate
1488 929 1786 971 praetermittenda:
1807 928 1865 963 sed

1124 980 1163 1013 ad
1189 980 1252 1013 hoc
1283 985 1428 1013 sanctum
1465 991 1546 1024 opus
1581 987 1705 1014 certum
1729 986 1762 1014 et
1786 991 1865 1015 con-

1124 1043 1240 1075 gruum
1277 1038 1403 1076 tempus
1442 1044 1503 1077 per
1541 1034 1690 1067 abbatem
1727 1033 1866 1078 singulis

1124 1086 1217 1118 annis
1242 1085 1490 1119 determinetur.
1518 1086 1707 1120 visitatores
1729 1097 1807 1121 vero
1832 1087 1866 1121 in

1124 1148 1200 1171 suae
1231 1139 1424 1172 visitationis
1460 1139 1599 1173 decursu
1635 1140 1863 1184 invigilabunt,

1123 1198 1158 1224 ut
1184 1192 1247 1225 hoc
1273 1197 1431 1225 statutum
1456 1192 1664 1227 observetur.

1169 1245 1342 1279 Constituti
1374 1246 1407 1278 in
1440 1246 1604 1279 exercitiis
1629 1246 1864 1291 spiritualibus,

1125 1299 1293 1331 matutinis
1320 1299 1419 1339 horis,
1445 1299 1561 1332 maiori
1586 1299 1714 1342 missae,
1740 1305 1772 1334 et
1795 1311 1865 1334 ves-

1124 1352 1211 1394 peris
1236 1352 1463 1393 interererunt‚
1490 1358 1522 1386 et
1553 1353 1680 1396 reliquo
1714 1358 1865 1398 tempore

1125 1405 1302 1438 solitariam
1330 1405 1361 1438 in
1388 1406 1454 1438 suis
1480 1406 1570 1439 cellis
1594 1407 1692 1440 vitam
1714 1413 1811 1449 agent
1833 1412 1866 1441 et

1125 1458 1403 1501 contemplationi,
1428 1465 1525 1502 atque
1552 1459 1615 1492 illis
1641 1470 1701 1503 pro
1726 1461 1865 1494 recolle-

1126 1511 1210 1544 tione
1245 1512 1376 1554 spiritus
1412 1512 1622 1556 praescriptis
1658 1518 1791 1553 vacent;
1830 1513 1864 1547 in

1124 1563 1187 1597 fine
1212 1570 1317 1597 autern
1342 1565 1580 1598 confessionem
1604 1567 1795 1608 generalem
1813 1577 1864 1599 an·

1124 1627 1220 1650 nuam
1247 1617 1375 1651 faciant.

1167 1671 1314 1715 Insuper,
1329 1672 1405 1715 quia
1424 1673 1616 1715 plerumque
1635 1683 1753 1717 corpus
1775 1673 1863 1717 quod

1123 1725 1342 1768 corrumpitur
1367 1731 1521 1769 aggravat
1545 1727 1694 1767 animam,
1721 1737 1758 1759 ac
1784 1737 1864 1760 non-

1123 1779 1229 1811 nullos
1263 1778 1397 1811 fratrum
1435 1785 1634 1820 nostrorum,
1661 1779 1695 1812 in
1720 1781 1864 1813 externis

1122 1831 1264 1873 negotiis
1303 1837 1496 1875 occupatos,
1534 1832 1639 1866 variae
1679 1843 1862 1876 gravesque

1122 1895 1217 1918 curae
1243 1885 1427 1918 distrahunt
1451 1891 1483 1918 et
1511 1886 1652 1926 turbant,
1679 1887 1767 1920 unde
1800 1888 1868 1939 fer-l

1122 1948 1231 1970 vorem
1256 1937 1387 1980 spiritus
1412 1938 1622 1981 languescere
1655 1949 1753 1982 saepe
1786 1950 1862 1973 con-

1123 1991 1237 2033 tingit:
1278 1991 1376 2024 abbas
1418 1991 1456 2024 de
1497 2002 1657 2025 consensu
1697 1993 1860 2036 praesidis

1122 2044 1290 2087 permittet
1313 2044 1359 2084 iis,
1387 2045 1504 2087 quibus
1531 2050 1563 2078 et
1588 2046 1716 2089 quando
1741 2046 1862 2080 iudica-

1121 2097 1210 2138 verit,
1237 2098 1389 2131 secedere
1415 2098 1453 2131 ad
1479 2099 1579 2131 cellas
1601 2099 1634 2131 in
1660 2099 1861 2133 huncfinem

1121 2157 1338 2193 praeparatas,
1366 2157 1400 2184 ut
1424 2151 1492 2184 illic
1517 2162 1577 2195 per
1603 2151 1769 2186 definitum
1798 2152 1860 2186 sibi

1123 2209 1247 2247 tempus
1272 2204 1367 2237 liberi
1392 2205 1432 2237 ab
1465 2205 1552 2238 omni
1584 2206 1778 2239 commercio
1810 2216 1862 2239 re·

1121 2267 1190 2289 rum
1216 2257 1430 2290 humanarum
1461 2268 1494 2291 se
1528 2263 1612 2291 totos
1645 2258 1761 2291 divinis
1797 2263 1860 2292 tra·

1083 2349 1084 2353 ¹
1122 2310 1210 2351 dant,
1238 2311 1543 2355 exercitiowsanctae
1575 2311 1860 2355 contemplationis

1121 2368 1152 2395 et
1176 2364 1330 2407 operibus
1361 2364 1582 2407 poenitentiae
1613 2369 1755 2398 mentem
1786 2364 1860 2398 reti-

1121 2417 1217 2456 ciant,
1245 2416 1493 2461 instaurentque
1519 2417 1644 2451 animae
1664 2417 1759 2458 vires,
1782 2428 1860 2461 qua·

1122 2475 1215 2503 tenus
1241 2471 1279 2503 ad
1305 2471 1494 2504 subeundos
1520 2481 1579 2514 pro
1604 2471 1661 2504 Dei
1687 2471 1792 2514 gloria
1827 2476 1860 2505 et

1121 2522 1388 2566 congregationis
1412 2524 1498 2557 bono
1520 2524 1633 2557 solitos
1654 2524 1793 2565 labores,
1811 2535 1860 2558 re-

1123 2577 1229 2610 novati
1267 2577 1382 2621 spiritu
1422 2578 1539 2611 mentis
1564 2588 1650 2619 suae,
1687 2583 1720 2611 et
1755 2577 1873 2626 induti!

1863 183 1916 212 An.
1933 183 1962 213 C.
1983 185 2051 214 108ss
