2111 3157
204 224 252 250 An.
275 224 302 251 c.
324 226 389 253 1077
436 219 479 252 64

226 654 347 675 Clauurlae.

396 278 565 319 potestatis
594 279 798 322 plenitudine
827 279 961 322 paribus
979 306 986 319 ,
1013 289 1136 312 earum-

397 330 471 362 dem
484 336 596 364 tenore
612 331 842 374 praesentium,
859 342 1057 371 revocamus,
1073 342 1136 365 cas-

396 392 503 416 samus
521 388 552 415 et
570 385 746 423 abolemus,
765 384 951 427 viribusque
970 390 1002 417 et
1019 384 1134 417 effectu

395 435 526 477 penitus
552 441 583 468 et
607 436 739 468 omnino
764 447 947 477 vacuamus,
975 447 1012 470 ac
1037 437 1069 469 in
1088 438 1135 469 su-

395 493 500 521 turum
537 489 768 531 dispositiones
805 490 1070 523 constitutionum
1103 496 1135 523 et

395 542 611 584 capitulorum
638 543 837 584 generalium
869 543 1057 576 huiusmodi
1086 543 1134 575 in-

395 594 592 627 violabiliter
616 594 781 627 observari
804 596 1036 639 praecipimus

438 648 452 689 ξ
471 648 501 680 7.
520 648 739 681 Decernentes
758 648 845 691 ipsas
872 653 1060 691 praesentes
1081 650 1133 682 lit-

394 704 477 732 teras
508 705 538 732 et
569 699 601 732 in
627 700 672 732 eis
697 705 850 733 contenta
885 712 1130 744 quaecumque,

393 751 489 784 etiam
507 762 542 784 ex
561 763 599 785 eo
618 753 704 795 quod
719 752 865 796 praefati,
885 753 978 785 aliive
996 753 1133 796 quilibet

392 804 424 836 in
446 805 633 848 praemissis
660 805 765 837 forsan
792 805 948 838 interesse
974 806 1132 839 habentes

391 868 448 890 seu
484 858 606 891 habere
639 858 884 901 quomodolibet
915 859 1132 901 praetenden-

392 914 459 950 tes,
484 910 549 943 illis
575 921 640 943 non
665 912 912 951 consenserint,
945 922 1006 944 nec
1032 911 1070 944 ad
1095 922 1131 944 ea

390 963 504 1003 vocati,
523 963 610 995 citati
634 964 684 995 vel
703 963 814 1000 auditi,
833 974 892 995 nec
916 973 1041 1003 causae,
1058 974 1131 1006 pro-

391 1020 462 1056 pter
474 1025 552 1058 quas
566 1020 753 1058 praesentes
769 1016 959 1054 emanarint,
974 1016 1131 1047 sufficien-

389 1072 439 1099 ter
470 1068 642 1107 adductae,
672 1068 854 1101 verificatae
883 1074 915 1101 et
940 1068 1129 1102 justificatae

389 1119 529 1160 suerint,
552 1131 606 1153 seu
637 1131 674 1152 ex
710 1121 772 1153 alia
803 1131 1006 1164 quacumque
1032 1122 1128 1154 etiam

389 1173 591 1216 quantumvis
612 1174 758 1216 legitima
777 1179 809 1206 et
830 1174 1035 1217 privilegiata
1057 1186 1128 1207 cau—

388 1229 432 1265 sa,
451 1228 575 1267 colore,
595 1233 765 1270 praetextu
783 1233 814 1260 et
834 1227 950 1270 eapite,
973 1228 1069 1260 etiam
1094 1228 1125 1261 in

388 1289 525 1322 corpore
555 1280 634 1313 iuris
671 1281 804 1319 clauso,
839 1281 934 1312 etiam
960 1281 1100 1313 enormis
1117 1309 1124 1321 ,

385 1334 629 1366 enormissimae
655 1338 687 1365 et
715 1333 823 1365 totalis
848 1333 1011 1373 laesionis,
1035 1335 1125 1367 nullo

384 1395 527 1428 unquam
564 1391 709 1429 tempore
745 1386 785 1418 de
822 1386 1044 1428 subreptionis
1076 1388 1124 1420 vel

385 1439 588 1481 obreptionis
615 1444 669 1471 aut
688 1439 845 1472 nullitatis
875 1439 963 1478 vitio,
995 1449 1050 1471 seu
1078 1441 1125 1472 in-

385 1492 539 1524 tentionis
571 1497 702 1524 nostrae
733 1497 787 1524 aut
810 1492 968 1524 interesse
1002 1492 1125 1525 haben-

384 1545 464 1577 tium
496 1556 696 1585 consensus,
724 1546 826 1578 aliove
852 1545 998 1588 quolibet
1029 1547 1123 1579 etiam

384 1598 587 1640 quantumvis
606 1608 723 1641 magno
742 1603 774 1631 et
790 1598 990 1631 substantiali
1010 1598 1124 1632 indivi-

384 1652 547 1695 duamque
565 1652 806 1695 expressionem
830 1652 1017 1695 requirente
1037 1654 1122 1686 dese-

384 1709 437 1736 ctu
462 1705 591 1743 notari,
616 1705 821 1748 impugnari,
847 1705 989 1748 infringi,
1022 1711 1123 1738 retra-

383 1757 470 1796 etari,
497 1758 529 1790 in
555 1758 809 1790 controversiam
837 1758 968 1797 vocari,
995 1768 1051 1790 seu
1083 1759 1121 1791 ad

382 1809 540 1842 terminos
557 1809 635 1842 iuris
658 1810 779 1850 reduci,
797 1812 846 1843 vel
872 1811 1026 1843 adversus
1051 1810 1122 1844 illas

381 1862 572 1904 aperitionis
588 1863 664 1901 oris,
676 1863 891 1895 restitutionis
905 1863 935 1895 in
947 1863 1120 1906 integrum,

382 1915 511 1948 aliudve
533 1916 762 1958 quodcumque
782 1916 869 1954 iuris,
889 1915 962 1947 sacti
980 1917 1028 1949 vel
1051 1927 1121 1958 gra—

381 1968 444 2000 tiae
466 1968 645 2000 remedium
670 1968 824 2001 intentari
850 1969 901 2000 vel
933 1969 1118 2011 impetrari,

381 2027 435 2052 aut
457 2020 639 2063 impetrato,
654 2031 712 2053 seu
739 2021 837 2053 etiam
855 2026 961 2060 motu,
986 2022 1120 2054 scientia

382 2079 414 2106 et
442 2074 613 2117 potestatis
649 2074 855 2116 plenitudine
890 2074 1025 2116 paribus
1050 2085 1120 2107 eon-

380 2137 469 2160 cesso
486 2128 535 2160 vel
559 2131 710 2159 emanato
731 2126 918 2169 quempiam
942 2126 975 2158 in
999 2127 1119 2159 iudicio

379 2180 430 2212 vel
455 2184 546 2212 extra
570 2179 650 2213 illud
682 2179 727 2211 uti
763 2189 821 2211 seu
854 2190 887 2211 se
919 2179 1028 2212 iuvare
1051 2180 1118 2212 ullo

380 2232 477 2265 modo
502 2242 617 2274 posse;
649 2232 705 2264 sed
735 2231 821 2274 ipsas
847 2236 1039 2274 praesentes
1066 2232 1118 2264 lit-

380 2289 467 2317 teras
486 2295 616 2327 semper
633 2283 751 2324 firmas,
769 2283 890 2316 validas
915 2289 947 2316 et
972 2284 1117 2317 efficaces

379 2337 517 2370 existere
542 2342 573 2368 et
604 2337 694 2376 fore,
720 2347 860 2379 suosque
895 2336 1059 2379 plenarios
1086 2342 1118 2369 et

379 2390 523 2431 integros
545 2388 675 2421 effectus
700 2389 808 2421 sortiri
835 2393 867 2421 et
891 2388 1054 2429 obtinere,
1080 2400 1116 2422 ae

380 2444 419 2475 ab
445 2442 518 2480 illis,
546 2443 582 2473 :ul
604 2453 683 2483 quos
702 2446 824 2484 spectat
842 2447 872 2475 et
889 2452 947 2485 pro
969 2448 1115 2485 tempore

379 2496 648 2539 quandocumque
678 2495 854 2538 spectabit,
883 2495 1117 2529 inviolabiliter

379 2554 411 2580 et
436 2548 627 2580 inconcusse
653 2548 841 2587 observari3
868 2548 979 2591 sicque
998 2554 1029 2581 et
1048 2559 1113 2581 non

378 2601 473 2635 aliter
491 2600 521 2632 in
544 2600 727 2641 praemissis
755 2611 813 2643 per
834 2611 1055 2643 quoscumque
1073 2601 1114 2633 iu-

978 232 1157 255 BULLAmUM
1183 233 1334 257 ROMANUM

1179 281 1265 313 dices
1290 281 1471 314 ordinarios
1497 286 1529 315 et
1546 282 1709 324 delegatos
1727 282 1824 316 etiam
1842 291 1918 316 cau-

1178 344 1287 366 sarum
1318 334 1431 378 palatii
1457 336 1629 378 apostolici
1655 336 1821 368 auditores
1838 361 1845 374 ‚
1877 346 1914 368 ac

1177 386 1207 418 S.
1224 386 1260 419 R.
1278 387 1312 419 E.
1333 387 1525 424 cardinales,
1544 387 1640 420 etiam
1659 388 1697 420 de
1716 389 1815 420 latere
1834 388 1917 429 lega-

1178 444 1227 472 tos
1242 445 1273 473 et
1290 441 1498 484 Apostolicae
1515 441 1605 474 Sedis
1624 441 1774 480 nuntios,
1794 441 1916 473 aliosve

1923 233 1971 260 Au.
1995 233 2024 261 C.
2049 234 2111 263 1077

1177 493 1341 534 quoslibet
1365 504 1568 536 quacumque
1594 493 1852 536 praeeminentia
1884 499 1939 532 et.⁴

1177 550 1334 587 potestate
1353 546 1522 588 fungentes
1543 552 1575 579 et
1592 547 1766 586 suncturos,
1789 547 1917 579 sublata

1176 597 1221 629 eis
1239 602 1270 630 et
1295 608 1403 630 eorum
1421 598 1556 630 cuilibet
1581 599 1690 641 quavis
1716 598 1811 631 aliter
1830 599 1916 631 iudi-

1177 651 1270 682 candi
1295 656 1326 683 et
1357 651 1593 694 interpretandi
1626 652 1778 684 facultate
1805 657 1837 684 et
1860 662 1915 684 au-

1176 703 1347 744 ctoritate,
1375 704 1514 736 iudicari
1540 708 1572 735 et
1604 703 1734 736 definiri
1764 704 1887 737 debere
1904 731 1912 744 ,

1175 766 1212 788 ae
1236 755 1364 788 irritum
1385 761 1417 788 et
1440 756 1537 789 inane
1564 756 1590 788 si
1616 766 1711 789 secus
1738 767 1840 800 super
1861 757 1912 790 his

1175 819 1192 840 a
1209 819 1386 852 quoquam,
1405 808 1518 851 quavis
1537 809 1747 849 auctoritate,
1767 810 1913 842 scienter

1175 862 1225 893 vel
1250 861 1462 903 ignoranter,
1491 861 1670 903 contigerit
1698 862 1865 894 attentari.

1218 915 1232 957 ξ
1257 917 1287 947 8.
1314 914 1383 946 Non
1410 914 1613 946 obstantibus
1638 915 1837 957 praemissis
1864 925 1910 955 ac,

1174 973 1332 1010 quauenus
1351 977 1431 1010 opus
1449 967 1499 1005 sit,
1519 970 1630 999 nostra
1648 974 1679 1000 et
1696 967 1910 1001 cancellariae

1174 1021 1370 1062 apostolicae
1398 1021 1510 1062 regula
1528 1021 1566 1053 de
1588 1021 1658 1054 iure
1678 1021 1825 1064 quaesito
1843 1032 1910 1054 non

1174 1073 1331 1111 tollendo,
1349 1073 1485 1115 aliisque
1508 1073 1793 1106 constitutionibus
1810 1078 1842 1105 et
1859 1084 1910 1106 or-

1173 1125 1393 1158 dinationibus
1412 1125 1610 1168 apostolicis,
1621 1136 1750 1158 necnon
1765 1125 1841 1159 dicti
1855 1125 1910 1159 Or-

1173 1178 1265 1217 dinis,
1288 1177 1422 1220 eiusque
1448 1178 1688 1220 provinciarum
1713 1183 1746 1210 et
1770 1188 1909 1211 conven-

1172 1236 1268 1269 tuum,
1284 1230 1393 1263 aliisve
1407 1230 1583 1273 quibusvis,
1599 1230 1695 1263 etiam
1713 1231 1906 1270 iuramento,

1170 1283 1418 1315 confirmatione
1444 1283 1630 1325 apostolica,
1653 1284 1702 1316 vel
1728 1284 1840 1326 quavis
1853 1284 1908 1316 fir-

1170 1336 1278 1368 mitate
1304 1336 1366 1368 alia
1389 1335 1562 1375 roboratis,
1579 1336 1705 1368 statutis
1722 1341 1753 1369 et
1774 1346 1908 1369 consue-

1170 1389 1343 1427 tudinibus,
1362 1388 1540 1431 privilegiis
1562 1399 1703 1431 quoque,
1720 1389 1854 1422 indultis
1875 1395 1907 1422 et

1168 1441 1282 1473 litteris
1301 1441 1488 1484 apostolicis
1506 1441 1565 1473 sub
1580 1442 1839 1484 quibuscumque
1859 1448 1906 1475 te-

1168 1495 1301 1526 noribus
1336 1499 1369 1526 et
1404 1494 1537 1533 formis,
1563 1504 1598 1526 ae
1632 1505 1704 1526 eum
1740 1495 1904 1538 quibusvis

1167 1547 1263 1580 etiam
1281 1546 1559 1589 derogatoriarum
1577 1546 1806 1589 derogatoriis,
1822 1548 1905 1581 aliis-

1167 1610 1228 1642 que
1246 1599 1385 1632 insolitis
1402 1599 1554 1631 clausulis
1580 1604 1612 1631 et
1636 1599 1786 1640 decretis,
1806 1600 1903 1632 etiam

1166 1658 1267 1691 motu,
1290 1651 1425 1685 scientia
1450 1656 1481 1684 et
1506 1652 1677 1694 potestatis
1700 1652 1904 1695 plenitudine

1166 1706 1314 1748 paribus,
1339 1710 1372 1738 et
1395 1705 1473 1738 alias
1499 1705 1744 1747 quomodolibet
1767 1705 1799 1737 in
1826 1716 1904 1738 con-

1165 1758 1298 1790 trarium
1317 1757 1570 1800 praemissorum
1589 1757 1762 1797 concessis,
1785 1769 1820 1790 ac
1837 1759 1903 1800 plu-

1165 1810 1229 1843 ries
1247 1809 1454 1849 eonfirmatis,
1474 1809 1661 1852 approbatis
1681 1815 1709 1842 et
1731 1809 1901 1850 innovatis3

1165 1863 1283 1905 quibus
1307 1862 1458 1895 omnibus
1483 1869 1514 1895 et
1529 1862 1675 1903 singulis,
1693 1862 1816 1894 etiamsi
1842 1873 1901 1905 pro

1164 1916 1293 1947 illorum
1326 1914 1498 1947 sufficienti
1530 1914 1743 1956 derogatione
1774 1915 1813 1947 de
1838 1915 1901 1948 illis

1164 1978 1340 2010 eorumque
1365 1968 1440 2000 totis
1460 1967 1628 1999 tenoribus
1649 1967 1811 2010 specialis,
1828 1978 1902 2011 spe-

1164 2020 1253 2053 cifica
1278 2026 1309 2053 et
1332 2019 1507 2058 individua,
1528 2030 1564 2052 ac
1585 2020 1624 2052 de
1646 2020 1744 2053 verbo
1770 2020 1809 2052 ad
1833 2031 1902 2053 ver-

1162 2075 1249 2113 bum,
1266 2084 1331 2105 non
1348 2078 1454 2105 autem
1473 2082 1532 2115 per
1549 2073 1711 2105 clausulas
1732 2073 1901 2115 generales

1162 2127 1246 2159 idem
1271 2127 1500 2168 importantes‚
1530 2125 1652 2158 mentio
1680 2136 1736 2158 seu
1769 2126 1899 2168 quaevis

1162 2180 1224 2212 alia
1248 2177 1414 2221 expressio
1440 2178 1591 2210 habenda
1620 2184 1674 2211 aut
1699 2178 1806 2222 aliqua
1837 2177 1900 2211 alia

1161 2232 1319 2275 exquisita
1343 2232 1445 2264 forma
1469 2232 1507 2264 ad
1534 2232 1596 2264 hoc
1620 2232 1776 2264 servanda
1802 2232 1896 2272 soret,

1161 2290 1291 2317 tenores
1308 2284 1493 2318 huiusmodi
1512 2285 1735 2328 praesentibus
1754 2295 1811 2328 pro
1833 2286 1898 2328 ple-

1161 2348 1200 2370 ne
1226 2343 1258 2370 et
1282 2337 1478 2371 sufficienter
1513 2337 1678 2381 expressis
1703 2348 1739 2369 ac
1764 2337 1803 2370 ad
1828 2347 1898 2370 ver-

1160 2390 1234 2422 bum
1256 2390 1385 2423 insertis
1412 2391 1579 2429 habentes,
1601 2390 1665 2423 illis
1683 2390 1761 2423 alias
1783 2390 1815 2423 in
1837 2401 1896 2423 suo

1159 2443 1276 2476 robore
1305 2443 1545 2485 permansuris,
1577 2443 1616 2476 ad
1641 2442 1895 2486 praemissorum

1159 2495 1318 2536 effectum,
1345 2496 1405 2529 hac
1422 2496 1490 2529 vice
1511 2497 1684 2536 dumtaxat,
1710 2496 1895 2539 specialiter

1158 2554 1190 2581 et
1207 2559 1360 2591 expresse
1379 2549 1585 2591 derogamus,
1607 2548 1792 2593 ceterisque
1818 2559 1894 2582 con-

1158 2601 1262 2634 trariis
1284 2601 1552 2645 quibuscumque.

1946 925 2102 951 Contrariorum

1921 952 2038 977 derogatio.
