2111 3157
0 215 44 242 An.
61 213 87 240 C.
112 213 178 241 ¹680

11 1157 130 1180 Clausulas.

757 216 964 241 INNOCENTH'S
986 218 1016 241 XI
1042 218 1090 241 FP.

183 264 368 304 generalem
393 264 604 303 audiverunt,
631 264 785 303 consilio,
810 270 842 296 et
865 270 910 296 at-

182 318 271 347 tenta
290 317 447 349 relatione
466 316 575 349 dilecti
598 316 653 349 tilii
675 316 775 349 nostri
796 316 909 348 Palutii

182 365 213 399 S.
241 367 277 399 R.
304 368 338 400 E.
366 369 543 412 presbyteri
569 369 741 401 cardinalis
766 369 804 400 de
830 369 910 400 Alte-

182 418 237 452 riis
254 421 442 462 nuncupati,
463 420 536 452 dicti
556 420 684 452 Ordinis
701 420 784 461 apud
804 430 860 452 nos
879 425 909 451 et

180 472 294 505 sedem
321 472 533 514 Apostolicam
560 472 759 514 protectoris,
788 472 908 503 eisdem

181 525 398 557 cardinalibus
413 524 704 567 superpraen‘iissis
720 524 805 560 tacta,
817 533 909 565 prae-

180 577 316 609 insertas
344 582 491 619 patentes
516 577 646 613 litteras,
669 587 739 608 cum
759 577 908 608 omnihus

179 634 211 661 et
235 628 369 670 singulis
386 629 417 660 in
437 629 481 661 eis
502 628 662 660 contentis
685 634 715 660 et
735 629 906 670 expressis,

178 682 365 714 auctoritate
400 680 593 723 apostolica,
618 686 732 712 tenore
758 691 908 722 praesen-

178 734 269 773 tium,
292 734 508 775 approbamus
526 739 556 765 et
573 732 811 771 confirmamus,
832 734 908 766 illis-

178 797 240 828 que
279 785 472 818 inviolabilis
512 785 707 827 apostolicae
748 785 905 817 firmitatis

176 839 275 871 robur
298 839 481 877 adiicimus,
506 849 541 870 ac
568 848 680 870 omnes
707 843 738 870 et
761 838 905 879 singulos

177 890 256 922 iuris
281 895 313 922 et
338 890 409 922 sacti
431 890 576 922 desectus
598 890 691 922 etiam
717 890 907 921 substantia-

175 943 234 980 les,
260 942 284 974 si
310 943 361 985 qui
389 942 528 985 desuper
544 942 790 984 quomodolibet,
810 943 907 974 inter-

174 994 333 1032 venerint,
344 995 545 1037 supplemus,
561 996 645 1027 salva
660 1000 766 1027 tamen
780 1006 906 1037 semper

175 1046 207 1078 in
228 1046 413 1089 praemissis
433 1047 620 1079 auctoritate
639 1046 904 1089 Congregationis

174 1104 424 1131 memoratorum
449 1099 670 1131 cardinalium.

219 1150 234 1192 ἓ
256 1150 288 1184 3.
315 1150 530 1183 Decernentes
561 1151 689 1183 easdem
718 1157 906 1193 praesentes

174 1203 297 1236 litteras
318 1213 444 1245 semper
464 1203 582 1243 firmas,
600 1204 718 1236 validas
743 1209 775 1236 et
799 1205 904 1237 effica-

174 1265 226 1288 ces
251 1256 387 1288 existere
414 1261 445 1288 et
469 1257 549 1295 sore,
575 1268 713 1299 suosque
738 1258 903 1299 plenarios

174 1313 205 1342 et
229 1308 372 1351 integros
399 1309 529 1341 effectus
553 1310 661 1341 sortiri
686 1315 717 1342 et
741 1310 902 1350 obtinere,

173 1371 210 1393 ac
233 1361 309 1399 illis,
323 1361 361 1393 ad
384 1372 464 1404 quos
488 1367 611 1404 spectat
629 1367 659 1393 et
676 1372 735 1404 pro
756 1367 902 1405 tempore

173 1413 344 1455 spectabit,
358 1414 547 1457 plenissime
565 1415 744 1457 suffragari,
757 1420 787 1447 et
804 1417 842 1448 ab
857 1416 902 1448 eis

172 1466 355 1508 respective
387 1467 616 1500 inviolabiliter
646 1469 822 1507 observari,
848 1469 903 1501 sic-

173 1528 236 1561 que
262 1518 294 1551 in
320 1519 506 1560 praemissis
532 1531 591 1563 per
615 1532 837 1564 quoscumque
858 1521 904 1553 iu-

174 1570 261 1602 dices
277 1571 461 1603 ordinarios
479 1577 511 1603 et
529 1573 703 1614 delegatos,
724 1573 818 1605 etiam
835 1584 903 1605 cau-

173 1631 279 1653 sarum
315 1622 424 1664 palatii
461 1623 632 1666 apostolici
658 1625 830 1664 auditores,
856 1625 903 1656 iu-

174 1674 272 1706 dicari
298 1679 329 1706 et
354 1674 479 1706 definiri
505 1675 636 1713 debere,
664 1686 698 1707 ac
722 1677 846 1709 irritum
873 1683 902 1709 et

174 1725 272 1759 inane
298 1726 321 1758 si
357 1736 449 1758 secus
485 1738 582 1769 super
606 1728 657 1760 his
684 1739 702 1760 a
729 1739 901 1771 quoquam,

952 275 1009 296 suo
1035 265 1151 297 robore
1177 264 1404 307 permansuris,
1423 265 1461 297 ad
1487 265 1680 306 praemisso-

951 326 1019 347 rum
1046 316 1202 353 etl'ectum,
1230 317 1287 348 hac
1311 316 1377 349 vice
1406 317 1578 353 dumtaxat,
1606 328 1680 359 spe-

951 367 1075 399 cialiter
1100 374 1130 400 et
1150 379 1300 411 expresse
1323 369 1526 411 derogamus;
1549 370 1681 402 ceteris-

951 430 1010 460 que
1036 420 1206 451 contrariis
1230 421 1497 463 quibuscumque.

994 471 1007 513 ἓ
1043 471 1074 503 5.
1107 472 1261 505 Volumus
1297 479 1402 506 autem
1431 479 1465 505 ut
1493 474 1678 506 earumdem

951 523 1166 563 praesentium
1188 525 1366 557 litterarum
1385 526 1605 568 transumptiS,
1623 537 1679 559 seu

950 576 1116 616 exemplisv
1131 577 1224 608 etiam
1240 578 1418 619 impressis,
1433 589 1528 610 manu
1547 579 1680 611 alicuius

950 627 1065 658 notarii
1080 628 1199 669 publici
1218 629 1417 671 subscriptis,
1436 636 1467 661 et
1484 631 1590 671 sigillo
1610 641 1682 672 per-

950 691 1048 712 sonae
1073 681 1104 711 in
1131 682 1348 713 ecclesiastica
1380 682 1534 723 dignitate
1563 683 1681 715 consti-

952 737 1036 764 tutae
1060 733 1202 771 munitis,
1226 733 1338 764 eadem
1363 744 1493 774 prorsus
1519 734 1596 766 tides
1615 739 1679 766 tam

950 785 981 815 in
1007 784 1127 816 iudicio
1154 795 1246 826 quam
1271 790 1358 816 extra
1384 784 1462 817 illud
1487 786 1607 827 ubique
1638 788 1680 819 lo-

950 847 1061 869 corum
1087 837 1258 875 habeatur,
1286 847 1367 879 quae
1399 838 1577 870 haberetur
1602 839 1679 881 ipsis

949 890 1174 931 praesentibus
1198 889 1223 921 si
1253 890 1359 922 forent
1382 891 1543 923 exhibitae
1568 892 1617 923 vel
1646 902 1680 923 o-

948 948 1085 975 stensae.

991 995 1102 1027 Datum
1127 995 1255 1033 Romae,
1275 996 1358 1038 apud
1381 995 1411 1028 S.
1431 996 1559 1028 Mariam
1585 997 1679 1030 Maio-

948 1058 1023 1087 rem,
1037 1048 1094 1079 sub
1108 1049 1227 1080 annulo
1242 1047 1421 1087 PiscatoriS,
1438 1048 1488 1080 die
1506 1058 1561 1081 v111
1583 1059 1681 1091 augu-

948 1101 987 1133 sti
1006 1110 1159 1137 MDCLxxx,
1181 1099 1389 1143 pontificatus
1407 1100 1509 1132 nostri
1531 1111 1615 1134 anno
1633 1112 1676 1134 lv.

981 1160 1040 1187 Dat.
1062 1161 1105 1188 die
1125 1161 1140 1187 8
1160 1160 1269 1195 augusti
1291 1160 1367 1192 1680,
1390 1160 1484 1195 pontif.
1506 1169 1550 1187 an.
1572 1167 1607 1187 ιν.
1681 1149 1684 1150 ’

1231 1301 1390 1334 LXXXIX.

947 1379 1138 1413 Conceditur
1163 1380 1370 1422 indulqcnlia
1393 1380 1546 1422 plenaria
1567 1391 1677 1423 perpe-

990 1437 1045 1464 ίιια
1068 1433 1162 1464 semel
1179 1433 1214 1464 in
1235 1443 1340 1464 mense
1359 1425 1693 1474 confraternitatibus'

990 1485 1234 1526 Cordiyerormn
1255 1485 1288 1517 in
1312 1485 1450 1517 ecclesiis
1477 1485 1677 1517 Conventua-

990 1537 1072 1568 lium
1096 1537 1128 1569 S.
1155 1537 1325 1569 Francisci
1348 1537 1457 1569 erectis
1489 1537 1525 1569 in
1555 1536 1607 1569 die
1630 1547 1678 1568 so-

989 1589 1065 1621 litae
1086 1589 1310 1631 processionis.

1132 1667 1328 1693 Innocentius
1349 1667 1426 1699 Papa
1445 1667 1493 1698 XI,

1071 1711 1107 1736 ad
1126 1713 1298 1743 perpetuam
1318 1711 1361 1737 rei
1381 1711 1559 1738 memoriam.

1580 207 1643 240 ⁶263
1688 216 1724 242 An
1754 216 1780 244 c.
1803 217 1872 246 isso

1742 484 1802 504 Fides
1819 488 1873 507 tran-

1689 513 1824 537 sumptorum.

989 1781 1033 1812 Ad
1059 1781 1238 1822 augendam
1264 1780 1404 1812 fidelium
1430 1780 1624 1822 religionem
1645 1786 1677 1813 et
1714 1787 1872 1811 Precibusnro-
1904 1786 1909 1789 ‘

945 1833 1123 1865 animarum
1149 1834 1285 1865 salutem
1307 1834 1496 1866 caelestibus
1514 1834 1674 1866 Ecclesiae
1686 1816 1789 1884 ξέῑῗὲωω
1807 1819 1872 1837 ΜΒ·

1696 1866 1727 1885 uat
1733 1871 1772 1885 ium
1795 1870 1871 1884 couce-

946 1885 1104 1917 tbesauris
1132 1885 1183 1927 pia
1208 1885 1363 1917 charitate
1389 1885 1515 1925 intenti,
1543 1895 1578 1917 ac
1603 1892 1741 1927 sup-{¹¹¹0r
1760 1891 1870 1916 memet*

1686 1917 1814 1939 indulgenti-'A
1823 1923 1870 1937 cou-

946 1937 1174 1979 piicationibus
1201 1936 1309 1968 dilecti
1341 1935 1397 1968 filii
1426 1937 1554 1968 Ioannis
1579 1937 1675 1969 Fran·
1687 1943 1869 1964 tmtrssmwteuu-

173 1778 284 1821 quavis
306 1779 508 1819 auctoritate,
526 1780 664 1813 scienter
683 1783 732 1814 vel
752 1781 903 1823 ignoran-

172 1835 233 1870 ter,
259 1831 432 1872 contigerit
455 1832 616 1864 attentari.

215 1882 230 1925 ξ
254 1881 286 1914 4.
312 1882 382 1915 Non
407 1883 610 1915 obstantibus
641 1884 841 1926 praemissis,
866 1895 902 1917 ac

171 1935 452 1967 constitutionibus
483 1941 514 1968 et
544 1936 800 1968 ordinationibus
826 1947 902 1979 apo-

1776 1840 1870 1859 Comen-

7 1883 161 1913 Contrariorum

0 1914 96 1936 negatio.

1685 1969 1801 1990 sororibus.

171 1987 303 2026 stolicis,
320 1997 454 2027 necnon,
474 1994 631 2030 quatenus
650 1999 728 2031 opus
746 1990 793 2028 sit,
813 1989 903 2022 Ordi-

170 2039 220 2071 nis
245 2045 276 2071 et
300 2039 536 2082 provinciarum
558 2041 750 2080 huiusmodi,
767 2042 901 2084 aliisque

171 2090 347 2134 qubusvis,
374 2091 469 2123 etiam
504 2091 707 2130 iuramento,
734 2093 902 2125 confirma-

170 2143 260 2175 tione
297 2143 476 2184 apostolica
515 2145 563 2175 vel
607 2144 716 2186 quavis
750 2143 901 2177 firmitate

170 2194 233 2226 alia
258 2194 428 2234 roboratis,
453 2195 580 2227 statutis
601 2200 637 2228 et
660 2197 901 2229 consuetudini-

169 2246 247 2287 bus,
272 2247 449 2289 privilegiis
474 2259 610 2291 quoque,
637 2248 771 2281 indultis
796 2255 827 2281 et
851 2250 901 2282 lit-

170 2299 248 2331 teris
273 2299 457 2342 apostolicis
475 2300 506 2331 in
525 2300 721 2332 contrarium
747 2302 901 2344 praemis-

170 2361 277 2383 sorum
303 2351 547 2394 quomodolibet
578 2353 758 2392 concessis,
784 2354 900 2385 contir-

168 2402 262 2434 matis
287 2408 318 2435 et
349 2403 529 2443 innovatis;
556 2404 671 2446 quibus
697 2404 844 2437 omnibus
869 2410 900 2438 et

170 2454 304 2496 singulis
321 2481 328 2494 ,
354 2454 482 2488 illorum
517 2462 644 2488 tenores
675 2457 899 2499 praesentibus

168 2516 227 2549 pro
245 2508 340 2549 plene
358 2513 388 2540 et
408 2508 604 2540 sufficienter
621 2508 783 2550 expressis
802 2519 836 2541 ac
860 2510 898 2542 ad

168 2560 300 2591 verbum
325 2559 456 2592 insertis
483 2560 650 2601 habentes,
673 2561 737 2593 illis
761 2562 839 2594 alias
865 2562 898 2595 in

945 1990 1041 2028 cliini,
1061 1989 1261 2028 Mutinensis,
1281 1989 1407 2021 Ordinis
1426 1990 1557 2021 fratrum
1578 1990 1676 2021 Mino-

944 2052 1012 2073 rum
1026 2042 1126 2073 sancti
1144 2041 1301 2073 Francisci
1316 2041 1577 2074 Conventualium
1596 2051 1676 2073 nin-

944 2099 1134 2135 cupatorum
1161 2092 1381 2135 procuratoris
1405 2093 1590 2134 generalis,
1616 2103 1675 2125 no-

943 2146 1026 2178 mine
1041 2146 1133 2177 nobis
1147 2156 1245 2187 super
1259 2146 1321 2177 hoc
1336 2145 1500 2177 humiliter
1513 2145 1674 2188 porrectis

943 2198 1097 2238 inclinati,
1126 2198 1273 2229 omuibus
1301 2202 1331 2229 et
1352 2197 1488 2239 siugulis
1509 2197 1674 2230 confratri-

942 2250 1000 2281 bus
1014 2255 1045 2282 et
1058 2250 1282 2282 consororibus
1297 2249 1597 2281 consraternitatum
1614 2249 1673 2281 sub

943 2302 1036 2334 titulo
1062 2312 1117 2333 seu
1145 2301 1409 2333 denominatione
1426 2301 1568 2343 funiculi
1589 2301 1675 2333 eius-

942 2355 1014 2386 dem
1038 2354 1137 2386 sancti
1154 2353 1314 2385 Francisci
1340 2353 1405 2385 sive
1424 2353 1675 2395 Cordigerorum

941 2407 973 2438 in
991 2406 1134 2439 ecclesiis
1149 2406 1223 2438 dicti
1239 2406 1367 2438 Ordinis
1387 2406 1540 2437 hactenus
1558 2410 1676 2437 erecta-

940 2469 1009 2491 rum
1035 2463 1063 2490 et
1094 2459 1125 2490 in
1159 2458 1299 2490 futurum
1332 2456 1573 2499 erigendarum,
1600 2468 1675 2490 vere

940 2509 1183 2552 poenitentibus
1202 2514 1232 2541 et
1249 2509 1414 2548 confessis
1434 2520 1469 2541 ac
1486 2511 1575 2541 sacra
1593 2519 1674 2541 com-

939 2562 1092 2594 munione
1128 2562 1271 2602 refectis,
1303 2562 1357 2604 qui
1382 2567 1414 2594 et
1438 2572 1519 2604 quae
1545 2571 1676 2604 proces·
