2111 3157
0 243 38 271 ln.
53 241 82 270 C.
102 240 171 269 ¹680

11 1238 38 1259 De
47 1237 125 1259 ostiarii
136 1237 164 1258 os⁴

0 1265 49 1289 icio,
70 1264 124 1285 cella
145 1266 165 1285 et

0 1291 68 1312 olatio.

6 1867 39 1898 ¹ln
47 1867 168 1897 monasterio

0 1896 46 1914 nent
55 1899 122 1924 emnia
133 1899 170 1914 ne-

0 1925 91 1941 :essarta

216 298 256 320 xr.
278 288 344 326 Sed,
367 292 482 328 praeter
496 296 579 319 casus
594 287 767 327 praedictos,
786 285 907 326 praelati

176 341 324 371 declarent
339 339 422 378 (dum
437 347 485 368 eos
499 348 514 368 a
537 337 713 367 monasterio
724 336 824 367 abesse
838 345 906 366 con-

176 389 293 428 tigerit)
322 397 409 427 quam
436 386 637 417 auctoritatem
667 385 834 426 relinquant
854 394 906 414 suo

174 439 205 468 in
226 438 290 468 loco
311 435 542 473 remanentibus,
565 439 623 465 tam
645 434 722 464 circa
742 436 906 464 reservatos

175 496 262 526 quam
284 485 360 516 circa
380 484 493 523 reliqua
514 482 707 514 occurrentia.

214 544 265 564 xn.
288 534 414 564 Caveant
427 533 537 562 interea
553 531 664 570 priores
679 530 848 560 claustrales
863 529 906 559 di-

175 583 311 621 ligenter,
328 590 375 618 ne,
393 580 529 620 praelatis
551 579 610 608 suis
626 577 803 611 absentibus,
820 577 906 607 aesti-

175 634 287 661 mantes
315 638 346 659 se
372 627 513 658 secundos
543 626 681 663 abbates,
710 625 904 664 fratribusque

174 678 333 718 gratificari
351 677 512 716 cupientes,
525 675 667 705 novitates
685 675 778 704 facere
794 678 821 704 et
837 675 904 713 per¹

175 727 390 758 ordinationum
407 730 536 755 tenorem
552 734 602 754 seu
617 723 820 753 rationabilem
837 732 905 752 con-

175 775 358 806 suetudinem
379 774 547 813 dispensare
563 772 606 801 vel
629 772 824 802 recreationes
839 780 905 801 con-

175 824 278 855 cedere
301 823 359 853 ullo
380 826 463 862 pacto
482 822 517 851 de
538 825 633 850 cetero
656 824 856 859 praesumant:
881 819 903 848 si

175 882 257 903 secus
278 871 411 909 fecerint,
435 871 561 909 graviter
583 870 752 909 puniantur.

214 929 275 950 xnt.
299 919 479 958 Quapropter
506 919 692 955 ordinamus,
717 927 753 947 ne
781 917 829 946 ille
851 917 905 946 im-

174 969 298 999 mediate
320 967 505 1003 monasterio‚
530 967 559 997 in
583 976 639 1006 quo
661 966 726 1006 quis
743 966 822 1005 prior
844 965 906 995 sue-

174 1018 222 1054 rit,
240 1017 331 1057 possit
348 1017 377 1046 in
394 1017 553 1056 praelatum
572 1015 715 1055 deputari,
729 1016 789 1051 sed,
803 1015 826 1044 si
840 1024 905 1054 pro-

173 1066 332 1096 movendus
353 1065 451 1101 suerit,
475 1065 523 1094 alii
546 1064 721 1094 monasterio
736 1072 905 1103 promovea-

174 1118 222 1144 tur
243 1114 435 1153 deputandus.

220 1182 315 1212 CAPUT
338 1181 430 1211 LXVI.
449 1198 483 1204 —
503 1181 542 1211 De
563 1182 673 1211 ostiario
695 1181 860 1210 neovzasterii.

221 1240 276 1281 (a)
302 1239 348 1271 Ad
384 1244 510 1281 portam
546 1239 733 1271 monasterii
768 1243 906 1281 ponatur

176 1301 273 1324 senex
291 1291 431 1333 sapienS,
449 1291 501 1333 qui
519 1290 599 1322 sciat
614 1291 759 1333 accipere
773 1300 908 1333 respon-

175 1354 245 1376 sum
270 1348 302 1376 et
325 1343 484 1381 reddere,
518 1343 606 1375 cuins
641 1343 808 1375 maturitas
832 1353 905 1375 eum

176 1406 241 1429 non
266 1396 350 1427 sinat
372 1395 491 1437 vagari.
518 1394 575 1432 Qui
607 1395 767 1437 portarius
792 1396 905 1427 cellam

176 1448 271 1481 debet
295 1448 415 1480 babere
434 1448 520 1480 iuxta
537 1453 673 1490 portam,
689 1452 723 1479 ut
742 1448 907 1480 venientes

176 1510 306 1543 semper
329 1504 531 1542 praesentem
549 1499 723 1537 inveniant,
742 1510 757 1531 a
779 1510 841 1542 quo
860 1510 908 1532 re-

176 1562 326 1595 sponsum
352 1552 522 1594 accipiant.
550 1552 587 1584 Et
611 1562 701 1591 mox,
732 1558 766 1584 ut
791 1552 906 1594 aliquis

179 1605 374 1648 pulsaverit,
407 1610 462 1636 aut
486 1615 610 1647 pauper
634 1605 819 1637 clamaverit
845 1605 907 1636 Deo

178 1658 321 1701 oratius,
348 1657 544 1700 respondeat
567 1663 621 1688 aut
653 1657 847 1695 benedicat,
878 1662 908 1689 et

178 1721 248 1742 cum
263 1710 349 1742 omni
367 1710 610 1742 mansuetudine
629 1710 752 1742 timeris
766 1710 820 1742 Dei
838 1710 909 1741 red-

179 1761 232 1793 dat
255 1771 445 1803 responsum
477 1761 665 1793 festinanter
688 1771 759 1793 eum
784 1762 909 1793 fervore

179 1813 353 1845 charitatis.
381 1812 437 1850 Qui
462 1813 635 1855 portarius,
667 1813 690 1845 si
716 1813 839 1855 indiget
864 1824 910 1846 so-

180 1866 269 1905 latio,
289 1865 449 1898 iuniorem
469 1865 597 1898 tratrem
617 1866 762 1908 accipiat.
779 1866 911 1905 (hillo-

181 1919 354 1952 nasterium
379 1924 493 1957 antem,
513 1919 537 1950 si
563 1918 631 1951 sieri
657 1924 772 1961 potest,
796 1919 838 1951 ita
860 1920 912 1951 de-

179 1973 236 2004 bet
259 1972 416 2010 construi,
432 1977 465 2003 ut
487 1972 594 2003 omnia
618 1972 812 2011 nereswriu,
831 1972 912 2004 idest

181 2034 272 2067 aqua,
296 2024 536 2063 molendinum,
562 2025 691 2063 hortus,
718 2024 908 2066 pistrinum,

180 2078 230 2110 vel
266 2083 350 2110 artes
386 2077 527 2109 diversae
563 2078 645 2110 intra
680 2078 910 2109 monasterium

183 2135 410 2169 exerceantur,
435 2135 469 2162 ut
493 2140 557 2162 non
582 2130 623 2162 sit
646 2131 822 2162 necessitas
846 2141 914 2161 rno—

183 2182 297 2215 nachis
321 2183 454 2223 vagandi
480 2183 574 2221 t'oras,
597 2182 669 2224 quia
694 2182 824 2215 omnino
848 2192 914 2214 non

185 2235 315 2278 expedit
346 2235 511 2267 animabus
542 2245 665 2267 eorum.
692 2235 779 2267 llanc
810 2240 914 2267 autem

185 2289 328 2330 regulam
354 2288 481 2330 saepius
509 2289 655 2319 volumus
681 2287 712 2318 iu
737 2287 916 2329 Congreget-

186 2340 274 2372 tione
299 2340 375 2382 legi,
394 2350 433 2371 ne
456 2339 525 2381 quis
549 2340 682 2371 fratrum
703 2339 741 2372 de
767 2339 916 2381 ignoran-

187 2392 230 2424 tia
252 2402 285 2424 se
310 2397 450 2424 excuset.

454 2462 647 2484 DECLARATIO.

229 2511 270 2550 (a)
293 2519 312 2540 1.
336 2510 376 2540 Ad
401 2515 511 2550 portam
539 2512 697 2541 monasterii
726 2515 845 2549 pomnen·
875 2520 916 2540 se-

190 2569 257 2593 nex,
280 2569 336 2589 non
360 2564 417 2589 tam
440 2564 542 2597 aetate,
566 2568 651 2599 quam
674 2560 814 2590 moribus.

226 2613 236 2641 ¹
256 2612 349 2649 Aptius
363 2612 420 2649 lege
434 2622 520 2649 super
535 2621 582 2650 pro
594 2621 649 2648 per
663 2613 698 2649 (a.
716 2615 763 2643 T.).

758 220 1094 263 muocuurms‘xr'pr.

990 284 1031 324 (b)
1053 293 1083 314 11.
1107 271 1304 314 Moizizsterz'um
1326 282 1350 311 si
1370 281 1432 321 fieri
1450 283 1537 320 polest
1551 281 1590 310 ila
1605 281 1679 311 debet

948 334 1077 367 construi,
1096 337 1151 362 etc.
1168 332 1240 368 Quia
1255 339 1351 370 saepe,
1375 339 1409 360 ex
1431 329 1522 360 multa
1543 329 1678 359 aviditate

947 380 1131 419 aedificandi,
1152 388 1270 418 magnas
1291 379 1417 409 iacturas
1436 377 1610 408 monasteria
1629 386 1678 417 pa-

947 430 1070 466 tiuntur,
1094 432 1122 458 et
1143 428 1315 467 plerumque
1335 427 1399 466 ipsa
1416 426 1546 456 aedificia
1565 426 1679 464 regula-

947 477 1017 507 riter
1029 476 1193 507 viventibus
1208 476 1304 507 minus
1316 484 1442 513 congrua
1456 479 1676 512 construuntur,

946 526 1014 556 dum
1040 535 1093 565 pro
1124 525 1205 555 libito
1232 524 1354 564 quisque
1382 523 1535 554 aedificare
1556 524 1676 562 satagit3

946 574 1054 604 idcirco
1075 574 1243 604 ordinamus
1265 576 1293 602 et
1314 572 1519 602 constituimus
1548 576 1579 602 ut
1600 572 1678 602 aedi-

946 624 1011 653 ficia
1033 623 1275 653 monasteriorum
1298 631 1356 651 non
1377 621 1462 651 facile
1490 626 1540 651 aut
1567 621 1677 660 praeci-

947 672 1064 711 piantur
1085 680 1135 711 per
1157 670 1302 710 praelatos
1329 673 1447 699 nostrae
1475 669 1678 707 Congregatio-

946 721 1002 757 nis,
1026 723 1076 751 aut
1091 722 1309 753 construantur,
1328 721 1379 747 aut
1399 718 1597 747 destruantur.

986 777 1026 798 ιιι.
1050 768 1081 797 ln
1104 767 1175 806 ipsis
1197 766 1285 804 igitur
1300 765 1450 803 aedificiis,
1467 765 1491 795 si
1515 774 1561 795 res
1576 765 1678 795 extite-

946 817 983 846 rit
998 815 1206 855 quinquaginta
1221 818 1381 852 seutorum,
1397 818 1446 844 aut
1465 814 1585 844 minoris
1600 823 1678 843 sum-

946 869 1012 904 ptus
1034 864 1211 903 (dummodo
1233 863 1439 893 monasterium
1469 871 1526 892 non
1553 862 1590 891 sit
1612 871 1677 892 aere

946 913 1041 942 alieno
1056 911 1232 950 gravatum),
1249 915 1276 941 et
1298 910 1430 941 modicae
1451 910 1597 945 novitatis,
1614 920 1677 940 eam

947 970 961 990 a
984 961 1119 1000 praelatis
1142 960 1205 990 steri
1228 959 1436 999 permittimus.
1459 959 1488 989 Si
1510 968 1577 988 vero
1593 960 1678 998 paulo

947 1009 1064 1038 maioris
1086 1012 1216 1048 sumptus
1242 1011 1270 1037 et
1298 1007 1453 1043 novitatis,
1478 1007 1583 1037 saciant
1612 1016 1677 1037 cum

947 1066 1090 1087 consensu
1112 1056 1258 1086 seniorum
1280 1065 1399 1085 suorum
1421 1056 1494 1085 votis
1516 1056 1647 1085 secretis.

985 1113 1024 1134 iv.
1048 1104 1128 1139 Quod
1140 1104 1163 1133 si
1187 1104 1318 1134 aedificia
1333 1104 1394 1142 ipsa
1410 1103 1527 1141 grandis
1545 1108 1679 1142 sumptus

947 1157 1044 1183 essent
1070 1158 1118 1183 aut
1140 1152 1277 1182 notabilis
1292 1153 1440 1191 novitatis,
1457 1162 1513 1182 nou
1530 1153 1600 1182 fiant
1615 1153 1678 1182 sine

947 1211 1090 1231 consensu
1120 1201 1334 1240 praedictorum
1363 1201 1558 1240 praelatorum
1581 1205 1609 1231 et
1635 1211 1679 1231 se-

948 1251 1074 1287 niorum,
1098 1250 1193 1279 addita
1216 1249 1301 1278 etiam
1324 1249 1441 1279 licentia
1466 1259 1516 1279 seu
1535 1259 1679 1279 consensu

948 1298 1065 1337 capituli
1088 1297 1232 1336 generalis
1254 1298 1298 1327 vel
1320 1298 1480 1335 regiminis.

988 1355 1015 1375 v.
1039 1346 1072 1376 Et
1095 1347 1164 1375 baec
1192 1346 1253 1384 ipsa
1283 1345 1449 1375 notabilitas
1479 1347 1681 1377 consideretur

949 1395 1107 1424 seeundum
1130 1394 1310 1424 conditiones
1326 1395 1582 1432 monasteriorum,
1600 1396 1680 1425 liabi-

950 1448 977 1473 to
999 1448 1133 1482 respectu
1152 1443 1186 1472 ad
1210 1452 1349 1482 expensas
1372 1452 1422 1472 seu
1444 1444 1604 1482 novitates,
1630 1454 1680 1473 seu

949 1493 1034 1521 aliam
1057 1501 1117 1521 rein
1141 1493 1210 1521 nota
1232 1491 1365 1529 dignam,
1389 1492 1456 1531 quia
1478 1502 1546 1531 sepe
1568 1493 1681 1522 eontin-

949 1541 989 1578 git
1025 1549 1145 1582 parvam
1182 1548 1262 1577 rem,
1298 1543 1365 1578 puta
1393 1540 1499 1569 scalam
1514 1563 1521 1575 ,
1555 1541 1678 1577 ostium,

950 1592 977 1617 et
998 1588 1174 1625 huiusmodi,
1198 1588 1317 1617 maioris
1339 1597 1400 1617 esse
1423 1589 1569 1625 novitatis,
1594 1598 1680 1627 quein

950 1637 1037 1666 unius
1058 1636 1102 1665 vel
1126 1636 1252 1675 plurium
1275 1645 1453 1665 camerarum
1476 1637 1651 1666 aedificium.

990 1694 1027 1714 vt,
1050 1685 1079 1715 Si
1101 1689 1197 1714 autem
1219 1685 1373 1722 eontigerit
1395 1684 1532 1714 fabricam
1554 1685 1681 1724 aliquam

952 1733 1109 1763 notabilem
1136 1733 1198 1762 fieri
1228 1732 1333 1762 debere
1362 1733 1391 1762 in
1420 1734 1609 1771 monasterio,
1634 1734 1683 1763 nbi

953 1783 1097 1821 praelatus
1120 1782 1206 1811 suerit
1225 1781 1393 1820 praesidens
1408 1785 1457 1811 aut
1473 1781 1615 1817 visitator,
1633 1782 1683 1810 ad-

953 1834 1070 1859 vocetur
1085 1830 1158 1859 alter
1180 1829 1327 1863 visitator;
1351 1829 1399 1868 qni
1423 1830 1445 1858 si
1470 1830 1607 1859 accedere
1626 1839 1683 1859 non

954 1879 1053 1917 po.=stt,
1077 1878 1254 1907 advocentur
1274 1877 1331 1906 dno
1354 1881 1450 1915 patres
1473 1877 1638 1907 viciniores.

992 1935 1041 1955 vn.
1069 1927 1137 1955 (lum
1167 1935 1236 1955 vero
1263 1926 1393 1955 evenerit
1422 1926 1600 1955 visitatorem
1629 1925 1685 1955 dis·

954 1977 1073 2005 cordare
1095 1986 1109 2005 a
1132 1985 1219 2004 sensu
1242 1976 1332 2014 patris
1355 1976 1522 2004 monasterii
1549 1979 1577 2004 et
1598 1975 1687 2013 depu-

955 2029 1100 2060 tatorum,
1126 2029 1174 2054 aut
1203 2024 1287 2053 aliter
1313 2024 1399 2053 simul
1422 2024 1599 2053 concordare
1627 2032 1685 2052 non

956 2083 1048 2112 pomo,
1073 2078 1139 2102 tune
1163 2072 1325 2101 differaturl
1342 2072 1376 2101 ad
1392 2072 1560 2110 capitulum,
1575 2075 1623 2101 aut
1644 2081 1687 2101 re-

955 2126 1090 2151 curratur
1121 2121 1156 2150 ad
1190 2121 1339 2158 regimem
1363 2124 1391 2149 et
1418 2120 1515 2149 audita
1543 2120 1689 2149 sententia

957 2170 1149 2205 visitatorum,
1166 2173 1215 2198 aut
1231 2169 1352 2198 aliorum
1375 2173 1489 2207 patrum
1513 2168 1538 2197 ri
1560 2168 1687 2205 inornm,

957 2228 1070 2249 necnon
1094 2219 1215 2258 praelati
1237 2221 1264 2247 ct
1285 2217 1445 2253 seniorum,
1468 2220 1560 2246 stetur
1582 2216 1689 2246 iudicio

958 2268 1075 2298 maioris
1098 2268 1188 2306 partis
1210 2275 1322 2296 eorum.

998 2327 1056 2346 vni.
1080 2317 1114 2346 Et
1136 2315 1280 2355 praedicta
1304 2314 1502 2351 intelligantur
1518 2323 1574 2343 non
1597 2313 1690 2343 solnm

958 2367 992 2396 de
1015 2376 1046 2395 re
1068 2364 1259 2401 aedith-anda,
1279 2363 1327 2392 sed
1350 2363 1436 2392 etiam
1452 2363 1487 2392 de
1504 2362 1597 2399 modo,
1622 2372 1693 2401 qua-

959 2415 1026 2444 liter
1048 2413 1160 2443 scilieet
1181 2411 1309 2442 construi
1331 2410 1443 2440 debeat.

1000 2471 1038 2491 ix.
1062 2461 1143 2491 l'nde
1174 2461 1202 2490 in
1226 2459 1360 2489 omnibus
1382 2458 1619 2497 Congregationis
1641 2467 1692 2487 no-

960 2515 1037 2540 strae
1059 2508 1254 2544 monasteriis,
1271 2508 1294 2537 si
1314 2508 1393 2537 iuxta
1410 2517 1477 2546 prae
1490 2507 1589 2536 lictum
1614 2506 1693 2535 ordi-

961 2568 1027 2588 nem
1049 2558 1201 2587 aedisicare
1223 2557 1386 2595 eontigerit,
1405 2557 1484 2595 prins
1500 2555 1606 2585 moduli
1624 2554 1693 2584 flant

996 2613 1008 2639 1
1032 2611 1133 2639 Forsan
1153 2611 1302 2646 deferre-'ur
1320 2611 1358 2644 (n.
1380 2617 1396 2636 τ
1410 2610 1428 2645 ).

1580 211 1656 257 '330
1673 211 1743 258 Ἀἠἶ
1757 214 1787 259 οξ
1804 214 1872 259 imo
