2111 3157
542 447 819 527 INDEX
886 447 1336 529 INITIALIS.

531 902 553 933 Α

170 1006 215 1038 Ad
240 1006 415 1049 augendam
440 1006 580 1039 fidelium
605 1008 818 1051 religionem.
847 1008 910 1041 263

169 1059 325 1092 Admonet
349 1070 406 1093 nos
432 1061 570 1103 suscepti
595 1071 670 1093 eura
702 1088 707 1093 .
738 1088 745 1093 .
813 1088 818 1093 .
846 1061 906 1095 491

169 1111 215 1144 Ad
239 1112 395 1155 pastorale
420 1112 582 1155 fastigium
629 1140 819 1146 ......
846 1112 910 1146 ’139

168 1164 214 1196 Ad
239 1165 405 1208 pastoralis
429 1165 590 1207 dignitatis
614 1165 772 1208 fastigium
814 1193 819 1198 .
846 1165 911 1198 493

169 1217 214 1249 Ad
239 1218 405 1260 pastoralis
429 1218 590 1260 dignitatis
613 1218 772 1261 fastigium
813 1245 818 1250 .
847 1218 910 1251 669

169 1270 215 1301 Ad
239 1280 284 1310 ea,
309 1280 365 1313 per
389 1280 468 1313 quae
492 1271 667 1303 animarum
702 1298 709 1303 .
739 1298 745 1303 .
775 1297 782 1303 .
813 1298 819 1303 .
870 1271 910 1303 77

170 1324 214 1356 Ad
239 1324 339 1356 nostri
364 1324 559 1367 apostolatus
589 1324 730 1356 auditum
777 1351 783 1356 .
814 1350 820 1355 .
869 1324 907 1355 41

169 1376 215 1408 Ad
239 1386 359 1408 sacram
384 1376 466 1407 beati
492 1375 574 1408 Petri
599 1376 710 1409 Sedem
738 1402 744 1408 ,
774 1403 780 1408 .
812 1403 817 1408 .
893 1376 909 1407 7

168 1427 334 1470 AEquitatis
364 1433 393 1460 et
417 1428 552 1460 iustitiae
583 1429 664 1461 ratio
703 1455 708 1460 .
739 1455 745 1459 .
776 1454 781 1460 .
813 1455 818 1460 .
846 1428 911 1461 490

169 1481 252 1513 Alias
276 1491 292 1512 a
317 1481 407 1513 nobis
431 1487 616 1513 emanarunt
641 1481 763 1513 litterae
813 1509 818 1513 .
847 1481 910 1515 926

170 1533 263 1572 Alias,
288 1543 359 1565 cum
385 1533 487 1576 dilecti
512 1533 568 1565 lilii
593 1533 782 1566 Christiani.
814 1561 819 1566 .
870 1534 911 1565 20

170 1586 253 1617 Alias
277 1587 433 1618 emanavit
457 1596 474 1618 a
495 1586 747 1629 Congregatione
776 1614 781 1618 .
813 1614 818 1618 .
847 1587 911 1619 ‘180

170 1639 253 1670 Alias
277 1639 434 1671 emanavit
458 1649 474 1670 a
499 1638 752 1682 Congregatione
776 1666 781 1671 .
813 1666 819 1671 .
849 1639 907 1672 711

170 1691 252 1723 Alias
276 1691 374 1723 felicis
401 1691 629 1724 reeordationis
665 1718 818 1724 .....
847 1692 911 1725 ’192

169 1744 252 1777 Alias
276 1744 374 1777 felicis
399 1745 626 1777 recordationis
667 1771 818 1777 .....
847 1745 910 1778 228

168 1797 251 1829 Alias
275 1797 373 1830 felicis
398 1798 625 1830 reeordationis
664 1825 818 1830 .....
848 1798 911 1831 725

169 1849 252 1882 Alias
275 1850 373 1883 felicis
400 1850 626 1883 recordationis
665 1877 819 1883 .....
847 1851 911 1884 930

169 1903 251 1935 Alias
276 1904 306 1935 in
332 1914 424 1936 causa
449 1904 674 1937 iurisdictionis
703 1931 708 1936 .
740 1932 745 1936 .
777 1932 783 1936 .
814 1931 820 1937 .
849 1904 911 1937 728

169 1956 262 1995 Alias,
287 1962 453 2000 postquam
471 1957 568 1989 felicis
593 1957 822 1990 recordationis
847 1957 910 1990 637

169 2010 261 2051 Alias,
286 2015 454 2053 postquam
474 2010 573 2043 felicis
592 2011 822 2044 recordationis
847 2010 912 2043 914

170 2062 252 2095 Alias
276 2073 334 2105 pro
359 2069 449 2105 parte
473 2063 578 2095 dilecti
602 2063 658 2095 filii
702 2091 707 2095 .
739 2091 744 2095 .
776 2091 781 2095 .
813 2091 818 2095 .
847 2063 910 2096 686

170 2115 252 2147 Alias
276 2125 334 2157 pro
360 2120 449 2157 parte
474 2115 577 2148 dilecti
603 2115 658 2147 filii
701 2142 706 2147 .
740 2143 745 2148 .
776 2143 782 2148 .
813 2143 818 2148 .
848 2115 910 2149 780

170 2168 252 2200 Alias
277 2178 334 2211 pro
358 2173 449 2210 parte
472 2168 660 2201 dilectorum
681 2168 821 2202 filiorum
869 2169 910 2201 68

171 2221 370 2264 Apostolatus
396 2221 544 2263 officium,
569 2221 654 2265 quod
703 2250 708 2254 .
739 2250 744 2255 .
777 2250 783 2255 .
815 2250 819 2255 .
848 2222 910 2254 167

533 2302 553 2334 C

171 2378 317 2412 Caelestis
342 2385 448 2423 pastor
473 2380 615 2413 Christus
640 2381 788 2414 (lominus
814 2409 818 2413 .
851 2382 913 2414 775

171 2431 357 2465 Caelestium
384 2443 550 2466 munerum
575 2434 741 2467 thesauros
780 2461 784 2463 Δ
816 2461 821 2466 .
872 2434 913 2466 65

171 2484 359 2518 Caelestium
385 2496 552 2518 munerum
578 2487 744 2519 thesauros
780 2514 785 2519 .
816 2513 821 2518 .
872 2486 914 2518 84

172 2536 358 2570 Caelestium
384 2548 551 2570 munerum
577 2539 742 2571 thesauros
778 2565 785 2571 .
814 2564 820 2571 .
850 2538 913 2571 102

279 2600 357 2627 Buzz.
375 2601 458 2628 Rom.
475 2616 508 2621 -
527 2601 586 2627 Vol.
603 2600 677 2627 XIX.
829 2599 878 2625 125

962 902 1199 946 Circumspecta
1223 902 1356 935 Romani
1381 902 1540 935 Pontificis
1574 929 1579 934 .
1608 928 1614 934 .
1642 901 1701 934 581

962 954 1198 999 Circumspeeta
1223 955 1355 988 Romani
1380 955 1542 988 Pontificis
1569 981 1576 987 .
1607 982 1612 987 .
1641 954 1700 988 591

962 1007 1198 1051 Circumspeeta
1222 1008 1309 1040 Sedis
1333 1008 1535 1051 Apostolicae
1570 1034 1576 1040 .
1607 1034 1613 1040 .
1665 1006 1705 1040 78

962 1058 1155 1093 Commissae
1179 1061 1272 1094 nobis
1297 1071 1313 1093 a
1337 1061 1471 1094 Domino
1499 1087 1505 1093 .
1536 1087 1542 1093 .
1573 1087 1579 1093 .
1610 1087 1616 1093 .
1641 1060 1706 1093 416

962 1112 1105 1146 Creditae
1129 1113 1221 1146 nobis
1245 1113 1394 1146 divinitus
1423 1113 1617 1156 apostolieae
1641 1113 1700 1145 241

962 1164 1040 1198 Cum
1065 1165 1103 1198 ab
1128 1166 1196 1208 ipso
1220 1166 1319 1199 nostri
1345 1166 1572 1208 pontificatus.
1604 1192 1610 1197 .
1642 1165 1706 1199 508

962 1217 1039 1252 Cum
1064 1218 1140 1251 alias
1165 1219 1263 1251 selicis
1288 1218 1516 1252 recordatIOnis
1537 1245 1542 1250 .
1571 1245 1576 1250 .
1608 1245 1614 1250 .
1643 1218 1706 1252 759

962 1270 1039 1304 Cum
1064 1281 1081 1302 a
1104 1271 1246 1314 primeva
1271 1271 1465 1304 institutione
1497 1298 1502 1302 .
1534 1298 1540 1303 .
1571 1297 1577 1303 .
1607 1297 1613 1303 .
1641 1271 1707 1304 264

963 1322 1040 1355 Cum
1066 1323 1163 1356 felicis
1188 1323 1417 1356 recordationis
1458 1350 1612 1356 .....
1640 1323 1704 1355 487

962 1375 1040 1408 Cum
1064 1376 1182 1408 dudum
1207 1377 1306 1409 felicis
1331 1376 1561 1409 recordationis
1607 1403 1613 1409 .
1663 1376 1706 1409 95

963 1428 1039 1461 Cum
1065 1428 1183 1461 dudum
1208 1429 1307 1461 felicis
1332 1429 1562 1462 recordationis
1608 1455 1614 1462 .
1642 1429 1706 1462 209

962 1481 1040 1514 Cum
1066 1481 1182 1514 dudum
1208 1482 1307 1514 felicis
1332 1481 1561 1515 recordationis
1608 1508 1614 1514 .
1642 1481 1706 1514 590

962 1534 1038 1567 Cum
1065 1535 1143 1567 haec
1166 1540 1271 1567 sancta
1296 1535 1392 1568 Sedes
1417 1536 1611 1578 Apostoliea.
1640 1535 1705 1568 116

963 1587 1040 1620 Cum
1066 1588 1097 1619 iu
1122 1598 1214 1620 eausa
1239 1593 1424 1630 praetensae
1460 1615 1612 1620 .....
1641 1588 1701 1620 631

963 1640 1041 1674 Cum
1065 1641 1146 1673 inter
1171 1641 1383 1673 venerabilem
1407 1642 1538 1673 fratrem
1571 1668 1576 1673 .
1608 1667 1613 1673 .
1641 1641 1701 1673 421

962 1693 1039 1726 Cum
1063 1693 1154 1726 nobis
1179 1693 1365 1726 innotuisset
1386 1720 1614 1726 .......
1641 1693 1707 1727 423

961 1746 1038 1780 Cum
1063 1757 1120 1779 nos
1144 1747 1219 1779 alias
1243 1747 1494 1780 confraternitati
1534 1774 1540 1779 .
1570 1773 1577 1779 .
1607 1773 1613 1779 .
1641 1746 1705 1780 930

962 1799 1040 1832 Cum
1064 1809 1121 1832 nos
1146 1799 1221 1832 alias
1244 1799 1283 1832 de
1307 1799 1356 1831 his
1380 1809 1460 1842 quae
1485 1799 1613 1832 Ordini.
1642 1799 1707 1831 210

962 1852 1040 1885 Cum
1065 1862 1121 1885 nos
1147 1853 1323 1885 institutum
1348 1878 1613 1885 ........
1642 1852 1706 1884 626

963 1904 1041 1938 Cum
1066 1915 1135 1945 nos,
1160 1915 1217 1948 per
1241 1911 1364 1938 nostras
1385 1932 1613 1938 .......
1641 1905 1707 1937 ’174

962 1958 1039 1992 Cum
1064 1968 1121 1991 nos
1145 1968 1256 2001 nuper,
1282 1958 1566 2001 supplicationibus
1604 1984 1611 1991 .
1664 1958 1700 1990 71

962 2012 1037 2044 Cum
1062 2021 1129 2050 nos,
1154 2021 1210 2054 per
1234 2011 1386 2054 quasdam
1412 2016 1535 2043 nostras
1571 2037 1576 2043 .
1607 2037 1613 2042 .
1641 2009 1706 2043 384

963 2064 1039 2097 Cum
1066 2062 1251 2096 recolendae
1277 2063 1449 2095 memoriae
1495 2090 1500 2094 .
1531 2089 1537 2095 .
1569 2089 1575 2095 .
1606 2089 1612 2095 .
1641 2062 1706 2095 945

962 2117 1050 2157 Cum,
1077 2116 1156 2147 sicut
1180 2115 1370 2158 accepimus,
1396 2115 1528 2148 dilectus
1570 2142 1575 2147 .
1606 2142 1612 2147 .
1641 2115 1707 2147 664

962 2170 1049 2209 Cum,
1075 2169 1155 2201 sicut
1179 2169 1370 2212 accepimus,
1395 2169 1513 2201 dudum
1536 2196 1542 2202 .
1571 2196 1576 2201 .
1607 2196 1613 2201 .
1641 2168 1706 2201 265

963 2222 1052 2262 Cum,
1077 2222 1157 2254 sicut
1182 2222 1370 2264 accepimus,
1397 2222 1427 2253 in
1454 2222 1536 2254 dieta
1570 2249 1575 2254 .
1605 2248 1612 2254 .
1641 2221 1705 2253 ’172

964 2274 1052 2315 Cum,
1078 2274 1158 2306 sicut
1183 2274 1372 2316 accepimus,
1399 2274 1503 2306 inter.
1535 2301 1540 2306 .
1572 2301 1577 2306 .
1608 2299 1634 2306 .-
1664 2273 1707 2306 43

964 2327 1053 2365 Cum,
1078 2327 1159 2359 sicut
1183 2327 1374 2369 aceepi1nuS‚
1398 2327 1541 2370 saepius,
1572 2354 1578 2359 .
1608 2353 1614 2359 .
1666 2327 1706 2359 72

964 2381 1052 2419 cnm,
1079 2380 1158 2412 sicut
1181 2379 1312 2412 dilectus
1336 2379 1420 2411 filius
1444 2379 1614 2422 Iosephus.
1641 2378 1707 2412 400

965 2433 1054 2471 Cum,
1079 2433 1158 2465 sicut
1182 2432 1313 2464 dilectus
1337 2432 1420 2464 filius
1445 2432 1617 2465 modernus
1643 2432 1706 2465 772

965 2485 1055 2525 Cum,
1084 2485 1164 2517 sicut
1187 2494 1251 2517 non
1277 2486 1343 2517 sine
1368 2485 1456 2527 gravi
1481 2485 1578 2517 animi
1606 2511 1612 2517 .
1641 2484 1700 2516 131

965 2536 1054 2577 Cum,
1080 2537 1160 2569 sicut
1184 2548 1243 2580 pro
1268 2542 1356 2581 parte
1381 2537 1536 2570 carissimi
1570 2564 1577 2571 .
1607 2564 1612 2570 .
1640 2535 1705 2568 142
