2111 3157
0 197 44 223 A'n.
59 195 88 222 C.
111 193 176 222 1677

24 2457 144 2482 Exordium.

766 195 976 219 INNOCENTIUS
1000 196 1029 218 xi
1056 196 1103 218 ΡΡ.
1596 178 1637 216 >ΞΣἸ
1683 194 1730 219 An.
1747 193 1774 219 C.
1798 192 1864 220 1677

182 244 231 276 lus
247 243 380 286 Spagna,
401 242 570 287 presbyter
588 243 796 276 viterbiensis
815 248 909 284 atque
928 244 932 276 ε’

181 295 354 328 Romanus.

225 347 337 379 Decius
362 348 392 381 S.
412 348 573 381 Eustachii
590 348 620 381 S.
642 349 677 380 P..
697 348 731 380 E.
755 347 907 380 diaconus
927 367 930 404 ι

180 399 352 432 cardinalis
377 401 555 439 Azzolinus,
573 400 758 439 Firmanus;
777 398 906 430 canoni-

180 461 235 483 cus
258 452 394 484 Ioannes
419 452 575 485 Antonius
600 453 639 484 de
665 451 830 494 Philippis,
850 451 909 482 Ve-

180 504 367 537 liternensis
393 511 486 547 atque
512 505 683 538 Romanus.

224 556 339 589 Paulus
363 557 394 589 S.
420 557 540 589 Nicolai
558 556 590 588 in
614 557 746 589 Carcere
763 555 908 588 Tulliano

180 607 211 639 S.
240 607 276 639 P..
302 608 336 640 E.
364 608 535 641 cardinalis
559 608 714 647 perettus,
732 608 906 645 Romanus,

180 659 277 692 frater
300 659 469 702 Philippus
487 660 656 700 Altovitus,
679 670 779 703 eques
797 659 909 692 Hiero-

180 712 402 754 solymitanus‚
428 712 645 745 Florentinus.

223 764 445 806 Sigismundus
455 764 580 797 Chisius
598 765 629 797 S.
641 765 768 807 Georgii
780 764 810 796 S.
824 764 860 796 R.
872 763 906 795 Ε.

180 816 334 850 diaconus
351 818 523 850 cardinalis
547 818 770 860 Sigismundus
793 827 908 849 nuncu>

179 875 283 913 patus,
307 870 480 909 Senensis3
508 871 710 914 Sperandeus
739 870 908 902 Riceionus

180 923 219 955 de
244 923 384 955 Podio...
412 923 549 955 clericus
575 923 771 955 Sabinensis.

222 974 373 1007 Nicolaus
387 976 434 1007 Ss.
449 975 579 1007 Cosmae
591 981 621 1007 et
635 974 775 1007 Damiani
787 974 815 1006 S.
828 974 862 1006 R.
878 974 909 1006 E.

180 1027 334 1060 diaconus
359 1028 531 1060 cardinalis
566 1028 753 1066 Accaiolus,
780 1027 911 1059 Floren-

181 1080 282 1119 tinus;
308 1080 406 1112 abbas
427 1080 574 1113 Alovsius
592 1079 832 1119 Bonaccursius,
851 1079 911 1111 Ma-

180 1133 370 1165 ceratensis.

225 1185 454 1217 Bonaccursius
468 1184 498 1217 S.
515 1184 629 1217 Mariae
645 1185 683 1217 de
699 1184 788 1217 Scala
797 1183 908 1216 S.R.E.
931 1187 933 1191 '

181 1236 336 1269 diaconus
362 1237 536 1269 cardinalis
556 1236 797 1275 Bonaccursius,
816 1236 913 1268 Mace-

180 1289 338 1328 ratensis;
365 1289 451 1321 Felix
478 1289 654 1325 Alsarolus.
678 1288 894 1320 pistoriensis.

226 1342 311 1375 Felix
338 1341 558 1383 Respigliosus
583 1341 614 1373 S.
641 1341 756 1382 Angeli
781 1340 813 1371 in
831 1340 913 1372 Foro

181 1394 317 1426 Piscium
342 1393 372 1426 S.
406 1394 444 1425 R.
475 1393 508 1425 E.
547 1393 701 1425 diaconus
741 1392 912 1425 cardinalis

181 1447 269 1479 Felix
295 1451 510 1488 nuncupatus,
528 1445 755 1483 Pistoriensis;
774 1444 913 1477 Iulianus

182 1499 345 1541 Borgnia,
372 1498 509 1530 clericus
536 1497 674 1530 Civitatis
699 1496 909 1529 Castellanae.

226 1552 438 1594 Hieronymus
446 1550 475 1582 S.
488 1549 604 1582 Mariae
615 1550 645 1581 in
658 1548 784 1581 porticu
795 1548 824 1581 S.
835 1548 869 1580 R.
880 1548 912 1580 E.

183 1605 335 1638 diaconus
360 1602 531 1635 cardinalis
560 1602 733 1641 Casanate,
765 1600 915 1643 Neapoli-

182 1664 296 1696 tanus;
323 1655 540 1689 Bernardinus
577 1654 746 1693 Galantus,
778 1653 912 1685 clericus

183 1710 372 1752 coniugatus
395 1708 577 1740 Toletanus.

227 1762 338 1795 Petrus
356 1761 386 1794 S.
405 1760 520 1792 Mariae
546 1760 578 1792 in
599 1759 752 1792 Domnica
771 1758 801 1791 S.
822 1758 857 1790 n.
877 1758 910 1790 Ε.

184 1813 355 1847 cardinalis
372 1813 574 1851 Basadonna,
596 1811 754 1850 Venetus,
771 1809 778 1826 ¹
796 1836 803 1842 .
818 1836 824 1842 .
839 1836 846 1842 .

508 1933 585 1966 XIII.

187 2007 404 2050 Consu-matur
421 2005 520 2037 Breve
538 2002 685 2045 Greyorii
701 2001 771 2041 XV,
794 2001 861 2033 iam
879 2000 915 2033 ab

232 2060 359 2093 Urbano
388 2057 479 2096 VIII,
508 2056 665 2090 Clemente
681 2055 731 2088 IX
750 2059 778 2086 et
794 2055 823 2087 X
844 2064 915 2085 con-

228 2112 408 2155 firmatum,
434 2120 497 2151 quo
521 2118 665 2140 concessa
696 2108 828 2149 suerunt
855 2107 912 2138 lio-

229 2163 342 2208 spitali
362 2164 399 2196 B.
420 2161 544 2194 Mariae
566 2159 832 2193 Tlieuconicorum
846 2159 914 2201 pri-

229 2217 350 2259 vilegia
374 2213 544 2257 hospitatis
567 2212 597 2246 S.
615 2212 749 2245 Ioannis
772 2211 917 2244 Hieroso-

232 2269 396 2313 lymitanz'.

376 2337 569 2366 Innocentius
590 2336 668 2370 Papa
686 2335 733 2369 XI,

303 2387 338 2412 ad
358 2386 534 2418 perpetuam
553 2381 598 2408 rei
620 2380 799 2407 memoriam.

233 2446 396 2480 Militantis
412 2444 574 2477 Ecclesiae
595 2441 744 2484 regimini
764 2451 823 2484 per
839 2440 919 2472 ines-

190 2501 320 2534 rabilem
351 2499 476 2532 divinae
508 2495 660 2528 bonitatis
692 2493 917 2526 abundantiam

227 2565 238 2589 ¹
261 2562 339 2589 Deest
358 2567 455 2587 nomen
475 2557 586 2593 dapiferi
607 2556 647 2592 (n.
662 2556 711 2590 r).

952 243 1041 275 nullo
1063 243 1136 274 licet
1154 242 1341 275 meritorum
1359 246 1542 274 nostrorum
1567 241 1677 273 sutl‘ra-

951 293 1001 333 gio
1026 295 1261 336 praesidentes,
1292 294 1472 337 privilegia,
1502 294 1621 335 gratias
1645 298 1678 325 et

950 345 1073 378 indulta
1105 347 1227 379 militiis
1251 352 1283 379 et
1307 347 1522 389 hospitalibus
1547 346 1679 388 quibus-

950 407 1102 441 cumque,
1127 400 1166 431 ad
1191 400 1327 441 gloriam
1352 399 1580 440 omnipotentis
1604 399 1676 437 Dei,

951 450 987 481 ad
1003 451 1196 483 christianae
1210 451 1408 494 reipublicae
1428 452 1524 483 decus
1543 456 1574 483 et
1591 462 1679 494 prae-

950 502 1075 539 sidium,
1093 502 1231 545 fideique
1253 504 1430 536 catholicae
1455 504 1677 537 defensionem

951 553 1004 595 pio
1029 554 1215 596 salubrique
1240 556 1374 588 consilio
1393 556 1509 588 erectis
1533 561 1564 588 et
1588 556 1679 589 insti-

953 605 1038 643 tutis,
1055 616 1090 638 ac
1108 606 1254 648 personis
1274 607 1304 638 in
1325 606 1370 639 eis
1388 607 1514 640 Christo
1538 608 1678 641 militan-

952 657 1035 689 tibus
1055 663 1086 690 et
1100 659 1338 698 famulantibus,
1356 670 1413 702 per
1427 660 1588 693 Romanos
1601 661 1679 694 Pon-

953 710 1050 742 tifices
1075 711 1339 753 praedecessores
1360 717 1489 744 nostros
1517 718 1547 745 et
1563 713 1679 746 Sedem

953 763 1167 805 Apostolicam
1198 763 1347 805 prudenti
1380 765 1573 798 liberalitate
1603 777 1680 798 con-

952 826 1053 854 cessa,
1076 820 1111 847 ut
1127 815 1216 847 firma
1240 821 1332 858 atque
1352 816 1475 849 illibata
1493 818 1678 860 persistant,

952 868 1119 910 apostolici
1144 868 1269 900 roboris
1295 869 1480 911 praesidio,
1507 881 1579 903 cum
1606 871 1636 903 id
1664 883 1681 904 a

954 921 1045 952 nobis
1070 920 1198 961 petitur,
1220 921 1358 953 libenter
1379 922 1623 955 communin‘nis.

996 972 1010 1012 ξ
1036 972 1064 1003 1.
1093 972 1215 1004 Dudum
1252 973 1411 1015 siquidem
1448 974 1549 1006 felicis
1575 985 1682 1007 recor-
1707 983 1802 1015 ,samma
1822 983 1872 1015 1³³⁰:

954 1025 1092 1057 dationis
1118 1024 1288 1067 Gregorius
1310 1026 1358 1057 XV
1376 1027 1607 1067 praedecessor
1626 1038 1682 1060 no·
1692 1009 1873 1056 3¹?.‚1‘.'.If⁸i'll.¹u{0”.

954 1082 1019 1109 ster
1043 1077 1151 1109 omnia
1165 1083 1195 1109 et
1210 1077 1336 1119 singula
1352 1078 1528 1120 privilegia,
1548 1079 1681 1119 indulta,
1691 1068 1784 1082 mmmm
1799 1063 1851 1082 ‘m'

954 1129 1121 1161 facultates
1146 1135 1177 1161 et
1201 1130 1327 1170 gratias,
1346 1135 1409 1162 tam
1427 1141 1484 1172 per
1501 1141 1533 1163 se
1553 1131 1684 1164 Sedem-

955 1192 1017 1224 que
1043 1182 1268 1224 Apostolicam,
1290 1193 1384 1224 quam
1409 1194 1465 1225 per
1489 1184 1683 1217 recolendae

955 1235 1128 1266 memoriae
1155 1235 1293 1266 Leonem
1320 1235 1360 1273 X,
1387 1235 1584 1268 Clementem
1608 1237 1680 1277 VII,

955 1286 1088 1318 Paulum
1114 1286 1171 1325 III,
1198 1286 1288 1318 Pium
1313 1286 1358 1326 IV,
1384 1287 1473 1319 Pium
1497 1288 1540 1328 V,
1566 1288 1684 1330 Grego-

956 1338 1035 1370 rium
1068 1338 1153 1377 XIII,
1185 1337 1375 1380 Gregorium
1412 1339 1495 1379 XIV,
1531 1339 1683 1372 Clemen-

956 1396 1018 1423 tem
1036 1390 1098 1422 x‘ltl
1124 1395 1154 1422 et
1176 1390 1308 1423 Paulum
1327 1391 1348 1422 V
1374 1391 1534 1424 Romanos
1554 1392 1684 1425 Pontifi-

955 1452 1015 1481 ces,
1034 1442 1180 1474 similiter
1197 1442 1462 1484 praedecessores
1481 1449 1615 1483 nostros,
1637 1444 1684 1476 di·

957 1495 1046 1528 lectis
1067 1495 1139 1527 tiliis
1158 1506 1274 1537 magno
1299 1496 1449 1538 magistro
1468 1502 1497 1528 et
1515 1496 1684 1529 conventui

957 1547 1126 1589 hospitalis
1161 1547 1191 1579 S.
1219 1547 1345 1580 loannis
1378 1548 1684 1591 Hierosolymitani,

957 1600 1104 1641 illiusque
1130 1599 1299 1642 prioribus,
1317 1599 1473 1639 baiulivis,
1500 1606 1685 1643 praecepto-

956 1651 1045 1683 ribus
1062 1678 1069 1691 ,
1096 1651 1378 1683 commendatariis
1394 1678 1401 1691 ,
1428 1652 1577 1684 fratribus
1602 1652 1685 1684 mili-

957 1705 1052 1743 tibus,
1074 1704 1217 1743 subdffls,
1234 1705 1389 1744 vassallis
1408 1704 1531 1737 colonis
1547 1711 1577 1737 et
1594 1715 1686 1747 pres-

956 1757 1076 1799 byteris
1109 1767 1217 1788 curam
1250 1756 1426 1789 animarum
1459 1757 1684 1789 exercentibus

957 1820 1109 1842 concessa
1133 1814 1164 1841 et
1195 1808 1370 1850 respective
1396 1809 1596 1846 confirmata,
1627 1809 1686 1840 ho-

957 1862 1061 1904 spitali
1087 1862 1202 1894 domus
1218 1862 1252 1893 B.
1272 1861 1387 1894 Mariae
1405 1862 1685 1899 Theutonicorum,

959 1915 1092 1956 eiusque
1117 1913 1283 1955 magistro,
1310 1913 1489 1956 prioribus,
1516 1912 1684 1952 baiulivis,

958 1967 1232 2009 praeceptoribus,
1258 1965 1556 2005 commendatas-iis,
1586 1965 1686 1996 fratri-

957 2021 1015 2052 bus
1040 2019 1204 2058 militibus,
1226 2018 1370 2058 subditis,
1388 2018 1540 2057 vassallis,
1562 2017 1684 2050 colonis

958 2083 993 2105 ac
1017 2072 1213 2115 presbyteris
1245 2081 1351 2103 curam
1386 2070 1561 2102 animarum
1595 2080 1685 2102 exer-

958 2125 1106 2158 centibus
1132 2124 1300 2162 concessit,
1320 2124 1497 2155 decernens
1523 2123 1684 2165 hospitale

959 2179 992 2211 B.
1012 2177 1127 2209 Mariae
1152 2176 1434 2213 Theutonieorum‚
1456 2174 1604 2217 illiusque
1622 2184 1686 2206 ma-

959 2230 1102 2272 gistrum,
1136 2228 1271 2271 priores,
1300 2227 1466 2265 baiulivos,
1494 2232 1685 2269 praecepto-

960 2294 1032 2321 res,
1060 2279 1368 2318 cornmendatariQS,
1402 2278 1515 2311 fratres
1546 2279 1684 2319 milites,

961 2334 1115 2371 subditos,
1141 2333 1299 2370 vassallos,
1318 2332 1451 2363 colonos
1469 2341 1505 2362 ac
1520 2331 1686 2373 presbyte-

962 2397 1011 2419 ros
1036 2385 1132 2417 nullis
1157 2383 1226 2416 aliis
1251 2382 1438 2425 privilegiis,
1458 2383 1567 2424 gratiis
1591 2388 1622 2415 et
1638 2383 1686 2414 in-

962 2438 1058 2471 dultis
1074 2464 1081 2477 ,
1109 2441 1266 2479 quatenus
1292 2436 1323 2467 in
1349 2435 1530 2468 huiusmodi
1555 2446 1686 2468 conces-

961 2492 1050 2524 sione
1086 2499 1148 2521 non
1174 2488 1547 2531 comprehenderentur‚
1574 2488 1686 2530 quovis

962 2548 1124 2588 praetextu
1150 2547 1181 2575 et
1205 2552 1240 2574 ex
1267 2551 1463 2584 quacumque
1499 2543 1592 2573 causa
1616 2539 1682 2581 uti,
