2111 3157
167 240 212 265 Ain
235 239 253 264 (ἱ
284 236 347 263 1ϋ83

221 928 350 954 improbatio

166 957 289 982 praedictae
305 961 351 976 ces-

166 988 237 1003 81οΠΙό-

207 2086 325 2107 clausula-³,

394 226 456 260 488
934 223 1114 251 notu-mium

355 294 467 318 merus
502 282 551 316 vix
587 285 698 314 ternus
730 282 785 310 aut
816 278 993 319 quaternus
1024 282 1094 306 esse

355 337 458 382 possit
482 337 515 368 in
533 335 644 368 eadem
663 329 830 375 provincia
846 328 902 361 ubi
921 326 1096 371 quadrien-

357 393 448 425 nales
472 393 547 422 sunt
570 387 697 431 priores
722 382 949 427 provinciales,
966 381 1095 422 hocque

357 445 450 477 cedat
474 442 605 476 omnino
641 439 673 471 in
704 439 828 471 bonum
853 432 1094 471 observantiae,

357 502 391 529 ut
416 493 667 529 constitutiones
703 495 735 524 et
772 494 842 522 acta
877 487 1096 531 capitulorum

359 548 558 593 generalium
594 544 669 578 dicti
705 542 853 582 Ordinis,
888 551 926 573 ea
959 539 1096 572 maxime

359 611 440 645 quae
466 600 497 632 in
524 598 667 641 capitulo
694 595 837 639 generali
864 603 949 626 anno
969 601 1097 626 iiDeLxx

360 650 480 687 Itomae
519 651 684 684 celebrato
721 649 803 681 facta
841 647 975 679 suerunt
1014 644 1098 677 circa

358 705 537 750 praefatam
554 703 755 747 provinciam
773 711 833 744 pro
851 697 1097 732 manutentione

362 761 443 793 vitae
469 757 644 801 regularis,
667 760 777 789 exacte
803 754 1031 790 observentur,
1050 760 1098 783 or-

361 813 472 846 dinare
498 811 537 844 de
560 809 763 852 benignitate
789 804 967 850 apostolica
989 804 1098 846 digna-

362 875 483 899 remur.

406 919 420 961 ξ
444 918 475 950 ⁶2.
502 917 566 950 Nos
590 915 706 959 igitur,
725 914 825 957 ipsius
851 911 983 954 Iosephi
1014 910 1097 943 votis

363 972 424 1005 hac
448 971 479 1004 in
501 980 551 1009 re,
578 971 733 1012 quantum
757 977 829 999 cum
853 964 991 997 Domino
1023 973 1098 1006 pos-

363 1035 484 1064 sumus,
510 1021 730 1055 favorabiliter
759 1028 903 1052 annuere
932 1017 1097 1054 volentes,

363 1086 501 1119 eumque
519 1086 535 1107 a
557 1073 720 1117 quibusvis
740 1068 1098 1108 excommunicationis,

362 1127 586 1172 suspensionis
605 1131 637 1159 et
655 1124 832 1165 interdicti,
848 1123 983 1165 aliisque
999 1122 1101 1153 eccle-

363 1181 500 1215 siasticis
520 1178 702 1217 sententiis,
723 1177 870 1209 censuris
889 1181 921 1208 et
937 1174 1065 1218 poenis,
1086 1184 1102 1206 a

363 1235 432 1267 iure
456 1233 506 1265 vel
535 1232 574 1265 ab
598 1231 748 1270 homine,
787 1228 897 1272 quavis
931 1227 1101 1260 occasione

363 1289 413 1320 vel
439 1287 536 1319 causa
561 1284 646 1323 latis,
670 1283 696 1315 si
722 1282 838 1325 quibus
856 1280 1104 1324 quomodolibet

365 1339 538 1372 innodatus
563 1336 679 1375 existit,
705 1335 743 1367 ad
769 1334 917 1367 effectum
949 1341 1104 1376 praesen-

367 1393 446 1425 tium
466 1392 627 1424 dumtaxat
644 1386 1043 1431 consequendum,harum
1061 1395 1105 1417 se-

366 1446 413 1479 rie
439 1445 646 1478 absolventes
673 1447 702 1475 et
728 1442 913 1474 absolutum
936 1440 1005 1472 sore
1032 1449 1105 1472 cen-

367 1504 483 1537 sentes,
509 1495 696 1529 huiusmodi
731 1492 1025 1537 supplicationibus
1058 1492 1105 1523 in·

367 1550 488 1590 clinati,
503 1550 541 1582 de
565 1547 800 1581 venerabilium
820 1547 955 1579 fratrum
980 1554 1107 1578 nostro-

368 1614 437 1635 rum
471 1602 502 1635 S.
530 1602 566 1634 R.
594 1601 629 1633 E.
657 1599 869 1633 cardinalium
901 1598 1043 1641 negotiis
1077 1602 1109 1630 et

369 1653 662 1689 consultationibus
680 1652 906 1695 episcoporum
928 1656 960 1683 et
982 1652 1109 1694 regula-
1128 1670 1129 1682 η

370 1709 451 1741 rium
472 1706 736 1751 praepositorum
758 1704 908 1744 consilio,
928 1703 1108 1736 cessionem

371 1761 447 1799 Ioci,
466 1760 504 1792 ad
522 1758 758 1802 praescriptum
780 1756 1046 1790 constitutionum
1066 1756 1111 1787 di-

370 1814 411 1845 cti
437 1811 566 1845 Ordinis
593 1810 693 1844 debiti
718 1810 782 1842 illis
815 1799 879 1852 qui‘
902 1809 1003 1842 suncti
1037 1813 1110 1841 sunt

370 1866 477 1899 officio
502 1864 763 1909 provincialatus‚
796 1874 862 1896 non
895 1873 965 1895 esse
997 1862 1111 1895 admit-

370 1919 523 1958 tendam,
550 1916 739 1950 auctoritate
771 1915 967 1959 apostolica,
996 1920 1111 1948 tenore

370 1971 594 2015 praesentium
630 1969 855 2009 declaramus,
891 1973 988 2012 prout
1023 1968 1133 2009 illamv

373 2034 437 2058 non
464 2023 674 2059 admittimus.

417 2078 432 2121 ἓ
457 2077 489 2110 3.
517 2075 737 2109 Decernentes
762 2075 894 2108 easdem
919 2080 1113 2118 praesentes

372 2131 498 2163 litteras
529 2139 658 2173 semper
677 2128 794 2168 firmas,
812 2128 934 2161 validas
951 2133 983 2162 et
1006 2128 1114 2161 effica-
1131 2140 1134 2152 ¹

373 2192 427 2216 ces
457 2182 595 2216 existere
620 2186 651 2213 et
675 2180 760 2220 sore,
782 2191 922 2224 suosque
948 2180 1135 2224 plenarios}

373 2242 406 2269 et
420 2236 565 2278 integros
583 2235 714 2267 effectus
731 2233 840 2267 sortiri
857 2239 888 2267 et
903 2234 1062 2274 obtinere,
1078 2244 1115 2266 ae

374 2287 424 2320 ab⁴
442 2288 518 2327 illis,
535 2288 574 2320 ad
593 2297 673 2329 quos
691 2291 817 2329 spectat
834 2291 867 2318 et
889 2296 950 2329 pro
968 2291 1115 2329 tempore
1134 2297 1136 2310 ι

376 2341 547 2384 spectabit,
561 2340 798 2373 inviolabiliter
812 2340 989 2379 observari,
1004 2340 1115 2382 sicque

379 2394 411 2426 in
441 2393 627 2436 praemissis
658 2403 718 2436 per
749 2403 971 2436 quoscumque
995 2387 1136 2438 iudices]

380 2446 560 2480 ordinarios
575 2451 605 2477 et
626 2447 808 2487 delegatos,
823 2446 918 2479 etiam
945 2456 1114 2478 causarum

380 2498 491 2542 palatii
523 2498 692 2541 apostolici
718 2499 898 2539 auditores,
924 2498 1058 2531 iudicari
1086 2496 1137 2530 et*

381 2550 508 2585 definiri
542 2550 674 2590 debere,
698 2561 733 2583 ac
764 2551 890 2583 irritum
913 2556 944 2584 et
967 2551 1064 2584 inane
1091 2551 1114 2583 si

417 2614 429 2642 1
452 2611 600 2646 Praeposit.
621 2612 656 2639 ab
676 2618 725 2640 nos
745 2612 869 2640 addimus
888 2615 926 2648 (n.
947 2614 997 2649 τ.).

1138 222 1289 247 ΒΟΜΑΝΠΜ

1138 280 1230 304 secus
1255 279 1353 314 super
1376 268 1427 303 his
1450 279 1467 302 a
1491 278 1667 313 quoquam,
1685 269 1796 313 quavis
1820 279 1875 302 au-

1138 324 1299 363 ctoritate,
1313 323 1455 356 scienter
1477 323 1526 355 vel
1551 322 1751 365 ignoranter,
1775 324 1876 357 conti-

1139 378 1223 420 gerit
1247 376 1413 410 attentari.

1182 431 1197 474 ξ)
1221 430 1251 462 4.
1276 429 1346 463 Non
1372 430 1576 462 obstantibus
1606 430 1807 473 praemissis,
1840 441 1876 464 ac

1139 483 1426 517 constitutionibus
1452 487 1484 516 et
1509 483 1768 516 ordinationibus
1800 495 1877 527 apo-

1139 537 1270 577 stolicis,
1289 547 1430 576 necnon,
1447 540 1605 579 quatenus
1630 546 1712 579 opus
1736 536 1787 577 sit,
1805 548 1877 580 pro-

1139 589 1261 622 vinciae
1297 594 1329 622 et
1352 589 1482 622 Ordinis
1513 589 1745 632 praefatorum,
1779 591 1876 624 etiam

1138 642 1327 682 iuramento,
1353 642 1597 675 confirmatione
1623 642 1802 685 apostolica
1826 644 1876 677 vel

1140 696 1250 738 quavis
1275 696 1424 728 firmitate
1458 695 1520 728 alia
1554 695 1726 736 roboratis,
1751 696 1877 728 statutis

1140 753 1171 781 et
1191 748 1494 788 consuetudinibus,
1525 747 1703 791 privilegiis
1737 759 1875 792 quoque,

1139 801 1273 834 indultis
1300 806 1332 833 ct
1356 801 1475 834 litteris
1492 801 1678 844 apostolicis
1699 801 1731 834 in
1751 806 1878 834 contra-

1140 855 1220 886 rium
1246 855 1501 897 praemissorum
1526 853 1775 897 quomodolibet
1802 865 1879 887 con-

1140 907 1257 946 cessis,
1284 906 1480 940 contirmatis
1506 912 1536 939 et
1560 907 1741 947 innovatis;
1760 907 1877 950 quibus

1141 960 1293 993 omnibus
1331 965 1363 992 et
1398 960 1545 1002 singulis,
1582 960 1712 993 illorum
1747 965 1878 993 tenores

1142 1012 1368 1056 praesentibus
1400 1022 1458 1054 pro
1490 1013 1587 1055 plene
1621 1016 1651 1044 et
1680 1012 1880 1045 sufficienter

1141 1065 1303 1109 expressis
1336 1075 1371 1097 ac
1402 1066 1441 1097 dc
1466 1065 1566 1097 verbo
1599 1065 1637 1097 ad
1671 1065 1803 1097 verbum
1833 1065 1881 1098 in-

1143 1118 1238 1151 sertis
1265 1118 1438 1158 habentes,
1456 1118 1520 1151 illis
1542 1117 1619 1150 alias
1637 1118 1668 1150 in
1687 1128 1745 1150 suo
1761 1118 1880 1151 robore

1145 1171 1377 1215 permansuris,
1398 1171 1458 1204 hac
1482 1171 1549 1203 vice
1569 1171 1739 1210 dumtaxat,
1758 1171 1883 1214 specia-

1145 1225 1218 1257 liter
1236 1229 1267 1256 et
1285 1234 1439 1268 expresse
1462 1224 1672 1267 derogamus;
1693 1223 1878 1267 ceterisque

1145 1277 1317 1310 contrariis
1343 1277 1612 1321 quibuscumque.

1188 1331 1301 1363 Datum
1317 1330 1450 1369 Romae,
1465 1331 1550 1373 apud
1564 1329 1595 1363 S.
1609 1330 1746 1369 Petrum,
1760 1329 1819 1362 sub
1833 1340 1884 1362 an-

1146 1384 1224 1416 nulo
1238 1384 1418 1423 piscatoris,
1436 1384 1486 1416 die
1502 1394 1546 1416 vu
1564 1383 1675 1426 aprilis
1687 1392 1883 1423 iinctxxxm,

1146 1436 1352 1480 pontificatus
1375 1436 1480 1469 nostri
1507 1446 1592 1469 anno
1616 1446 1673 1469 vu.

1182 1498 1240 1525 Dat,
1257 1497 1300 1525 die
1316 1499 1330 1525 7
1351 1497 1441 1533 aprilis
1461 1497 1540 1532 1683,
1556 1497 1654 1533 pontif.
1671 1505 1742 1525 anno
1755 1504 1803 1525 vn.

1447 1612 1579 1646 CXXIII.

1128 1684 1343 1718 ‘Conceditur
1381 1684 1591 1717 bibliotnecae
1628 1683 1890 1726 archiyymnasii

1194 1738 1382 1780 Sapientiae
1405 1737 1443 1769 de
1461 1737 1542 1770 Urbe
1565 1735 1706 1778 facultas
1725 1736 1890 1769 retinendi

1875 221 1924 248 Au.
1947 223 1974 250 C.
1993 224 2056 254 1683

1912 443 2062 470 Contrariorum

1885 469 2002 496 derogatio.

1194 1801 1416 1834 quaecumque
1447 1800 1544 1833 opera
1574 1789 1743 1832 prohibita
1766 1800 1803 1824 ao
1826 1789 1886 1823 da·
1912 1794 1916 1799 '

1196 1848 1308 1878 mnata
1320 1844 1340 1877 ¹.

1345 1914 1539 1942 Innocentius
1559 1914 1637 1948 Papa
1655 1914 1703 1946 XI,

1300 1960 1336 1987 ad
1356 1959 1488 1986 futuram
1507 1959 1551 1986 rel
1570 1958 1752 1986 memoriam.

1196 2022 1211 2066 g
1240 2022 1271 2054 1.
1306 2021 1384 2054 Cum
1417 2021 1519 2054 felicis
1552 2019 1787 2054 recordationis
1820 2021 1893 2055 Ate-

1154 2075 1276 2108 xander
1300 2074 1385 2118 Papa
1408 2074 1471 2107 VIII
1496 2074 1732 2117 praedecessor
1760 2078 1890 2114 noster,

1154 2128 1303 2172 publicae
1317 2127 1466 2161 utilitatis
1480 2127 1605 2167 studio,
1621 2127 1786 2161 celebrem
1798 2132 1894 2171 atque

1155 2181 1321 2217 copiosam
1337 2181 1367 2214 in
1383 2180 1553 2224 gymnasio
1567 2179 1749 2223 Sapientiae
1759 2180 1798 2213 de
1808 2179 1894 2214 Urbe

1192 2264 1203 2289 1
1227 2262 1263 2288 De
1278 2261 1337 2288 aliis
1352 2260 1432 2288 huius
1447 2259 1655 2295 archigvmnasii
1669 2259 1819 2294 privilegiis
1833 2259 1895 2287 vide

1134 2321 1136 2324 -
1156 2305 1276 2334 LeonisX
1286 2305 1527 2338 const.ed.mnxn1,
1538 2304 1580 2331 die
1589 2304 1605 2331 5
1613 2303 1779 2338 novembris,
1790 2308 1864 2339 pont.
1874 2311 1893 2332 1.

1157 2352 1229 2382 Quae
1249 2350 1282 2377 ab
1297 2350 1404 2376 Urbano
1419 2349 1478 2376 VIII
1498 2357 1628 2376 concessa
1646 2348 1756 2376 fuerunt
1775 2348 1895 2384 collegiis

1158 2395 1271 2430 Illyrico,
1279 2394 1416 2428 Pragensi,
1427 2393 1569 2420 Viennensi
1582 2396 1607 2420 et
1618 2392 1744 2419 Fuldensi
1755 2395 1840 2419 const.
1851 2392 1894 2420 ed.

1135 2442 1136 2445 ’
1158 2445 1295 2472 Μοοκκνιι,
1305 2439 1348 2465 die
1361 2439 1371 2463 1
1385 2438 1495 2472 iunii,p.
1508 2443 1544 2470 iv,
1559 2440 1586 2464 et
1602 2436 1738 2463 const.ed.
1751 2443 1896 2469 uncxxvur,

1157 2481 1200 2507 die
1213 2482 1245 2507 19
1256 2480 1419 2514 decembris,
1436 2483 1510 2514 pont.
1523 2485 1558 2506 vt.
1572 2478 1599 2505 ln
1615 2482 1700 2505 const.
1711 2481 1800 2505 autem
1817 2478 1897 2506 buius

1160 2524 1254 2552 Pontis.
1268 2524 1310 2551 ed.
1323 2530 1484 2558 moetxxxlv,
1496 2523 1539 2550 die
1552 2522 1586 2549 20
1600 2521 1741 2556 februarii,
1754 2526 1827 2557 pont.
1839 2528 1895 2556 vul,

1160 2569 1293 2595 habentur
1313 2568 1451 2604 privilegia
1470 2567 1652 2596 universitatis
1665 2566 1758 2604 oppidi
1773 2566 1896 2595 Zamoski

1158 2613 1325 2641 Chelmensis
1344 2613 1485 2641 dioecesis.

1928 2023 1995 2044 Canna
2007 2022 2080 2044 comti-

1901 2051 1997 2072 tutionis.
