2111 3157
192 228 241 254 An.
259 226 288 254 C.
312 225 379 254 1680

424 216 488 251 ⁶230

385 280 450 305 vote
477 275 679 313 frequentent;
708 282 741 302 ac
769 271 939 311 praesertim
967 270 1118 309 invigilent

386 334 422 354 ne
443 324 592 361 officiales,
613 327 669 352 tam
692 320 825 351 monachi
848 329 935 359 quam
957 319 1116 357 commissi,

386 373 436 412 qui
457 377 536 402 extra
559 370 731 401 monasteria
755 369 790 399 ob
806 377 904 398 curam
926 377 1024 397 rerum
1047 372 1120 397 tem-

387 421 528 460 poralium
551 420 675 457 degunt,
703 421 819 457 propter
842 416 1007 446 huiusmodi
1028 415 1119 446 admi-

386 469 572 499 nistrationes
595 466 757 506 spiritualia
779 465 916 496 exercitia
937 464 1120 504 praetermit-

387 521 457 546 tant.

426 566 466 604 (b)
493 573 523 594 n.
549 563 647 594 Omnia
669 573 740 593 vero.
765 562 900 599 Praelati‚
930 566 962 592 ut
990 561 1120 591 subditos

386 613 508 643 reddant
539 613 568 642 in
605 612 790 651 obsequendo
824 611 1036 650 promptiores,
1065 610 1119 649 ipsi

387 662 478 691 forma
502 661 597 699 gregis
614 661 683 690 fiant
698 665 725 690 et
737 660 825 690 duces
838 660 1027 697 agendorum.
1047 659 1120 696 Ergo

386 709 569 747 regularibus
592 708 784 738 observantiis
796 708 888 745 chori,
902 707 1058 743 refectorii,
1075 716 1121 736 ce-

386 758 515 796 terisque
527 766 640 795 semper
662 756 807 786 intersint.
825 756 1014 785 Blandissime
1037 755 1120 794 quip-

387 815 421 844 pe
444 805 560 835 iubetur
581 805 723 843 exemplo.

426 853 466 892 (c)
482 862 523 883 111.
547 853 638 891 Neque
655 852 818 882 dissimulet.
838 852 935 881 Zelum
951 851 1121 890 disciplinae

388 902 506 940 exigens
535 901 673 931 Dominus
701 910 716 930 a
739 900 890 940 praelatis:
914 900 976 930 Noli
999 899 1121 938 (inquit)

387 960 517 990 quaerere
537 950 599 989 fieri
626 950 727 982 iudex,
752 950 807 978 nisi
834 948 925 977 valeas
952 949 1055 977 virtute
1083 949 1122 976 ir-

387 1008 513 1037 rumpere
529 999 704 1036 iniquitates:
721 997 860 1027 nimirum
876 996 993 1032 docens,
1010 1005 1067 1025 nou
1083 996 1122 1025 le-

388 1046 431 1076 vis
444 1046 545 1085 culpae
563 1054 646 1075 reum
665 1054 695 1074 se
712 1045 903 1081 constituere,
917 1044 977 1083 qui,
992 1053 1057 1073 cum
1071 1052 1122 1082 pro

388 1104 439 1124 suo
456 1103 575 1123 munere
597 1093 709 1132 sibique
725 1092 833 1122 tradita
850 1096 990 1130 potestate
1007 1096 1122 1130 peccata

388 1152 573 1182 compescere
584 1146 611 1171 et
623 1142 778 1171 emendare
790 1141 902 1176 debeat,
913 1140 1123 1171 dissimulando

388 1196 416 1222 et
439 1190 619 1220 connivendo
642 1191 716 1219 fovet
731 1194 759 1219 et
780 1194 876 1227 auget.
894 1189 953 1218 Hoc
969 1197 1036 1226 ergo
1051 1189 1124 1219 divi-

388 1248 457 1268 num
472 1239 579 1278 pariter
590 1242 618 1268 et
630 1238 762 1276 regulare
776 1237 979 1267 documentum
993 1241 1124 1274 satagant

390 1292 485 1326 patres
503 1287 660 1316 studiosius
677 1286 848 1325 adimplere,
865 1295 912 1323 ne,
930 1289 1048 1324 propter
1062 1294 1124 1314 cor-

388 1335 527 1365 rectionis
549 1335 751 1370 omissionem,
776 1334 843 1363 vitia
870 1337 898 1363 et
920 1337 1036 1372 peccata
1059 1342 1124 1363 suc-

389 1387 538 1419 crescant3
562 1383 692 1421 quinimo
708 1386 807 1411 contra
830 1381 1001 1411 criminosos
1024 1390 1124 1420 proce-

389 1432 470 1469 dant,
486 1431 573 1461 etiam
596 1440 630 1460 ex
652 1430 757 1460 officio.
781 1429 861 1465 Quod
885 1429 909 1458 si
931 1430 959 1459 in
983 1429 1124 1467 graviori-

389 1480 443 1510 bus
474 1480 569 1509 causis
597 1479 800 1517 neglexerint,
831 1488 930 1508 severe
957 1479 986 1508 in
1009 1479 1086 1517 ipsos
1108 1488 1122 1508 a

390 1527 604 1565 definitoribus,
626 1528 670 1557 vel
688 1537 702 1556 a
718 1527 870 1565 regimine,
891 1536 942 1566 pro
958 1527 1041 1556 modo
1063 1527 1124 1557 cul—

390 1586 441 1616 pae
464 1576 720 1606 animadvertatur.

430 1624 475 1663 (d)
497 1633 536 1654 1v.
559 1624 656 1653 Alium
683 1624 791 1663 quidem
819 1623 1018 1652 blandimentis.
1051 1623 1124 1653 Hinc

390 1672 524 1702 noverint
549 1672 666 1701 abbates
687 1673 792 1711 quanta
809 1671 956 1709 indigeant
972 1672 1124 1710 prudentia

390 1721 420 1750 in
446 1721 582 1758 regendis
611 1720 745 1757 subditis,
770 1724 797 1749 et
821 1729 876 1758 qua
898 1720 1071 1749 discretione
1092 1730 1124 1750 ac

391 1768 572 1798 flexibilitate
595 1778 624 1797 se
647 1768 772 1798 debeant
797 1768 1023 1806 uniuscuiusque
1042 1772 1125 1799 natu-

391 1826 440 1846 rae
461 1820 581 1855 aptare,
605 1820 637 1845 ut
658 1816 768 1845 animas
791 1815 983 1845 lucrifaciant.
1008 1816 1124 1846 Nullum

392 1865 470 1894 enim
491 1864 597 1894 animal
620 1865 714 1893 lenius
734 1868 818 1902 atque.
837 1866 978 1893 morosius
1000 1869 1126 1894 tractan-

393 1914 460 1943 dum
483 1918 526 1943 est
547 1923 633 1952 quam
655 1914 751 1949 borno,
778 1913 948 1952 praesertim
971 1914 1124 1951 ingenuus.

376 2000 382 2008 ἱ
432 1962 500 1992 CAP.
524 1961 572 1991 ΙΙΙ.
592 1980 626 1983 -
650 1961 688 1991 De
710 1961 867 1990 adhibendis
888 1962 922 1990 ad
943 1962 1087 1990 consilium

214 2068 282 2088 Abbas
294 2068 313 2087 in
322 2072 383 2093 prae·

200 2100 267 2118 tipum
297 2095 383 2116 agendis

200 2121 273 2140 aud-to
299 2121 382 2140 fratrum

201 2152 382 2165 11111111111111111

199 2173 228 2193 liu
244 2174 336 2193 delmi-ll.

690 2010 833 2048 fratribus.

437 2058 569 2096 Quoties
594 2059 641 2100 (a)
667 2059 773 2101 aliqua
806 2058 978 2101 praecipua
1003 2059 1127 2101 agenda

395 2117 468 2144 sunt
491 2111 524 2143 in
545 2111 742 2143 monasterio
768 2111 813 2152 (b)
839 2116 995 2143 convocet
1019 2112 1060 2152 (c)
1079 2111 1128 2143 ab-

394 2164 451 2196 bas
476 2174 605 2197 omnem
641 2162 950 2205 congregationem,
981 2168 1012 2195 et
1045 2163 1129 2196 dicat

394 2210 464 2259 ipse
487 2217 573 2249 unde
599 2216 714 2258 agitur.
741 2216 779 2248 Et
802 2216 937 2248 audiens
958 2216 1128 2249 consilium

394 2269 537 2308 fratrum,
557 2273 672 2300 tractet
695 2268 779 2310 apud
805 2278 848 2307 se,
866 2272 898 2299 et
915 2268 999 2310 quod
1018 2268 1128 2300 utilius

395 2320 593 2359 iudicaverit,
610 2321 714 2352 faciet.
735 2320 810 2352 ldeo
829 2325 935 2351 autem
962 2330 1072 2351 omnes
1089 2320 1127 2351 ad

396 2373 567 2406 consilium
591 2373 699 2404 vocari
737 2372 890 2411 diximus,
926 2372 1000 2414 quia
1032 2382 1127 2414 saepe

396 2425 515 2458 iuniori
551 2425 703 2458 Dominus
741 2426 863 2457 revelet
895 2425 979 2467 quod
1011 2425 1127 2456 melius

397 2483 456 2510 est.
483 2477 534 2510 Sic
558 2483 662 2509 autem
698 2478 776 2509 dent
812 2478 924 2508 fratres
960 2476 1129 2508 consilium

397 2541 470 2563 cum
496 2529 581 2563 omni
617 2529 804 2561 humilitatis
840 2529 1064 2568 subiectione,
1095 2534 1129 2559 ut

398 2593 463 2617 non
500 2587 707 2626 praesumant
741 2582 922 2624 procaciter
954 2582 1128 2614 defendere

963 222 1143 247 BULLARIUM
1167 221 1319 246 ROMANUM

1163 270 1248 313 quod
1273 271 1318 302 eis
1335 269 1436 302 visum
1464 269 1571 310 fuerit;
1593 270 1648 302 scd
1673 270 1772 311 magis
1790 269 1821 302 in
1840 270 1895 302 ab·

1162 322 1244 355 batis
1258 324 1399 366 pendeat
1419 322 1562 361 arbitrio,
1581 328 1615 354 ut
1633 323 1718 365 quod
1735 323 1894 356 salubrius

1162 386 1233 408 esse
1254 375 1456 415 iudicaverit,
1477 375 1506 408 ei
1523 375 1629 407 cuncti
1647 375 1817 408 obediant:
1837 376 1893 409 sed

1162 429 1243 461 sicut
1267 428 1433 471 discipulis
1458 428 1608 461 convenit
1634 428 1767 461 obedire
1795 427 1895 470 magi-

1162 481 1272 524 gistro‚
1290 481 1343 521 ita,
1360 487 1391 513 et
1408 481 1512 524 ipsum
1526 481 1656 524 provide
1675 486 1706 513 et
1721 481 1802 512 iuste
1820 490 1895 513 con-

1163 535 1258 567 decet
1281 539 1394 567 cuncta
1414 534 1599 576 disponere.
1616 533 1650 566 In
1671 533 1819 566 omnibus
1841 532 1895 575 igi-

1163 592 1214 619 tur
1238 597 1349 620 omnes
1375 587 1560 628 magistram
1595 591 1773 628 sequantur
1803 596 1896 627 regu-

1164 640 1247 679 lam,
1274 649 1380 681 neque
1405 640 1444 671 ab
1470 641 1508 671 ea
1534 643 1656 670 temere
1682 638 1861 670 declinetur
1878 648 1896 670 a

1165 702 1336 734 quoquam.
1363 691 1476 724 Nullus
1502 691 1534 723 in
1559 690 1753 723 monasterio
1783 700 1896 732 sequa-

1165 749 1215 776 tur
1239 744 1344 777 cordis
1379 744 1502 787 proprii
1539 745 1762 784 voluntatem,
1789 753 1895 786 neque

1163 801 1349 839 praesumat
1380 796 1549 838 quisquam
1585 806 1656 828 cum
1688 796 1802 828 abbate
1838 805 1894 828 suo

1164 854 1314 892 proterve
1351 849 1436 881 intus
1469 855 1523 881 aut
1555 848 1633 881 foris
1664 848 1897 880 monasteiium

1165 902 1380 940 contendere;
1407 901 1492 943 quod
1510 901 1535 933 si
1560 900 1824 943 praesumpserit,
1846 910 1897 932 re-

1165 954 1269 995 gulari
1305 953 1495 995 disciplinae
1528 953 1713 985 subiaceat:
1741 952 1811 995 ipse
1844 957 1894 984 ta-

1165 1016 1239 1037 men
1264 1006 1362 1037 abbas
1387 1016 1456 1037 cum
1482 1005 1597 1036 timore
1622 1004 1676 1037 Dei
1699 1008 1731 1037 et
1750 1004 1898 1036 observa-

1168 1057 1254 1090 tione
1286 1059 1415 1099 regulae
1450 1057 1556 1089 omnia
1593 1057 1704 1096 faciet,
1732 1056 1838 1088 sciens
1863 1067 1897 1088 se

1166 1111 1281 1152 procul
1306 1109 1402 1142 dubio
1436 1109 1474 1141 de
1506 1109 1656 1141 omnibus
1684 1102 1809 1141 iudiciis
1834 1109 1898 1141 suis

1167 1163 1361 1205 aequissimo
1386 1162 1484 1194 iudici
1508 1162 1573 1194 Deo
1606 1162 1766 1194 rationem
1793 1161 1899 1194 reddi-

1168 1221 1285 1247 turum.
1312 1215 1343 1247 Si
1369 1225 1430 1258 qua
1449 1225 1525 1247 vero
1542 1214 1668 1247 minora
1685 1215 1808 1257 agenda
1826 1219 1900 1246 sunt

1167 1268 1199 1299 in
1217 1267 1423 1300 monasteriis
1447 1267 1645 1306 utilitatibus,
1667 1266 1714 1309 (d)
1736 1267 1899 1299 seniorum

1169 1325 1291 1352 tantum
1315 1326 1422 1352 utatur
1446 1319 1583 1352 consilio
1598 1347 1605 1359 ‚
1637 1320 1720 1351 sicut
1744 1319 1899 1362 scriptum

1168 1378 1229 1405 est:
1255 1373 1373 1406 Omnia
1396 1374 1447 1415 fac
1472 1383 1544 1404 cum
1569 1373 1725 1413 consilio,
1750 1376 1819 1415 pos!
1850 1372 1900 1414 sa-

1167 1430 1253 1458 ctum
1278 1436 1341 1458 non
1363 1426 1547 1469 poenitebis.

1435 1486 1628 1508 nnccannrio.

1207 1526 1248 1564 (a)
1271 1535 1290 1555 1.
1313 1525 1415 1564 Aliqua.
1434 1527 1597 1564 praecipua.
1621 1526 1697 1555 luter
1719 1526 1872 1565 praecipua
1889 1550 1901 1564 ,

1167 1574 1196 1604 in
1220 1574 1327 1613 quibus
1350 1574 1473 1603 maxime
1490 1575 1577 1604 totius
1593 1574 1823 1612 congregationis
1839 1575 1901 1604 sive

1168 1626 1327 1652 conventus
1354 1623 1563 1661 cuiuscumque
1592 1622 1758 1651 monasterii
1780 1622 1900 1651 consilia

1168 1673 1196 1699 et
1218 1674 1282 1699 vota
1306 1670 1416 1709 requiri
1438 1670 1553 1706 debent,
1578 1674 1645 1699 sunt
1674 1670 1799 1708 receptio
1821 1669 1901 1699 novi-

1168 1719 1274 1748 tiorum
1291 1718 1323 1747 ad
1338 1718 1556 1757 professionem,
1571 1718 1685 1747 collatio
1695 1717 1901 1747 beneficiorum

1169 1767 1231 1805 (ubi
1248 1767 1396 1796 consuevit
1418 1771 1575 1795 conventus
1597 1766 1773 1796 intervenire
1802 1767 1902 1796 huius-

1169 1815 1245 1844 modi
1261 1814 1488 1852 collationibus),
1503 1815 1677 1853 syndicatus,
1694 1814 1849 1844 locationes
1866 1814 1901 1844 ad

1169 1863 1285 1900 longum
1303 1867 1425 1901 tempus,
1446 1862 1603 1900 acceptatio
1626 1863 1779 1892 missarum
1802 1871 1903 1901 perpe-

1170 1915 1295 1946 tuarum,
1320 1915 1347 1939 et
1368 1911 1422 1939 alia
1447 1911 1626 1945 buiusmodi3
1650 1910 1794 1949 quaelibet
1815 1911 1902 1940 etiam

1169 1958 1302 1987 alienatio
1316 1967 1412 1987 rerum
1422 1958 1684 1987 ecclesiasticarum
1697 1957 1902 1994 immobilium,

1170 2010 1197 2035 et
1225 2007 1416 2045 pretiosarum
1449 2006 1614 2042 mobilium3
1643 2006 1714 2035 haec
1744 2005 1831 2035 enim·
1853 2014 1905 2044 per

1170 2064 1268 2083 sacros
1289 2064 1414 2083 canones
1436 2055 1498 2083 sine
1521 2055 1656 2083 facultate
1678 2054 1789 2084 Summi
1807 2053 1906 2083 Ponti-

1171 2103 1231 2132 ficis
1256 2103 1374 2132 onrnino
1397 2103 1459 2132 fieri
1482 2102 1683 2141 prohibentur.

1209 2160 1240 2181 11.
1264 2151 1353 2181 Porro
1376 2151 1583 2180 alienationum
1606 2151 1764 2189 negotium,
1791 2154 1822 2180 ut
1844 2159 1908 2180 ma⁴

1171 2203 1236 2230 ture
1265 2200 1378 2238 riteque
1402 2204 1566 2238 peragatur,
1589 2199 1630 2228 sic
1652 2199 1835 2237 dirigendum
1857 2208 1905 2228 or-

1170 2248 1303 2277 dinamus
1327 2248 1554 2286 (praeterquam
1576 2247 1600 2276 si
1622 2251 1698 2276 esset
1719 2247 1835 2284 fundus,
1860 2247 1904 2276 vel

1171 2307 1218 2326 res
1240 2297 1337 2334 exigui
1360 2296 1503 2334 valoris):
1528 2296 1641 2325 ineatur
1656 2295 1749 2334 primo
1764 2295 1839 2325 inter
1857 2304 1905 2324 su-

1172 2346 1300 2384 periores
1333 2344 1508 2380 consilium,
1540 2353 1575 2373 an
1606 2343 1742 2372 alienatio
1771 2343 1905 2381 expediat

1171 2394 1308 2432 utilisque
1330 2393 1424 2422 sutura
1444 2393 1481 2421 sit
1496 2392 1686 2427 monasterio;
1703 2391 1817 2427 deinde,
1837 2400 1906 2420 con-

1171 2441 1363 2470 sentientibus
1394 2440 1604 2479 snperioribus,
1628 2449 1673 2468 res
1704 2439 1850 2469 deferatur
1871 2440 1906 2470 ad

1172 2489 1339 2518 universum
1352 2493 1526 2523 conventum
1542 2487 1669 2525 legitime
1685 2492 1906 2527 congregatum,

1173 2547 1187 2565 a
1210 2546 1265 2574 quo
1289 2537 1403 2574 publica
1426 2536 1605 2565 discussione
1628 2537 1821 2566 examinetur.

1213 2593 1253 2614 111.
1293 2585 1432 2614 Postliaec
1469 2585 1587 2614 secretis
1626 2589 1796 2613 curiatorum
1834 2585 1907 2615 votis

1901 219 1949 248 Au.
1967 220 1995 248 C.
2018 222 2084 250 1680
