2111 3157
175 183 225 210 An.
239 182 267 212 c.
292 180 360 209 ¹686
405 172 469 207 680

365 230 450 263 batis
477 235 509 264 et
525 229 696 269 innovatis,
716 227 841 261 etiamsi
865 227 898 260 in
924 226 970 260 eis
990 236 1100 259 cavea-

366 289 421 317 tur
448 294 613 327 expresse,
639 281 725 324 quod
751 280 1101 323 eiusmodicappella-

365 336 449 376 niae,
466 336 562 369 etiam
580 335 618 367 ad
635 339 749 367 nutum
766 339 989 376 patronorum,
1005 332 1100 365 etiam

366 391 488 432 absque
515 389 582 421 ulta
613 388 710 419 causa
741 386 931 419 amovibiles
971 385 1099 429 aliaque

366 441 472 475 officia
508 439 729 474 ecclesiastica
754 444 786 472 et
813 439 974 473 beneficia
1005 439 1099 472 Urbis

365 494 548 538 praedictae
572 493 679 533 nullis,
705 493 766 525 nisi
792 492 914 526 civibus
947 493 1101 533 romanis,

365 553 420 580 aut
458 546 574 580 civium
608 556 818 579 romanorum
853 546 1101 589 originariorum

364 601 452 639 filiis,
479 606 510 633 et
534 600 640 632 forsan
658 599 728 632 aliis
745 604 833 632 certo
851 599 932 631 inibi
950 610 1102 643 expresso

364 655 461 688 modo
478 652 680 697 qualificatis‚
702 653 848 692 concedi,
866 654 1021 697 nullique,
1039 653 1101 686 nisi

364 708 450 741 cives
475 707 601 740 romani
628 711 658 739 et
679 706 793 739 civium
811 717 1017 739 romanorum
1040 707 1104 740 ori-

364 760 562 803 ginariorum
586 758 653 797 filii,
676 764 707 791 et
731 759 837 792 forsan
864 759 916 792 alii
935 759 1102 802 praedicti,

364 815 403 847 ad
429 814 486 847 illa
511 811 659 856 deputari
679 812 816 855 possint,
831 817 861 845 et
882 813 959 846 alias
982 813 1021 845 de
1040 813 1102 846 illis

364 877 424 910 per
443 866 560 900 Sedem
586 865 785 909 praedictam
815 876 850 898 ac
868 871 1024 909 patronos
1043 876 1103 908 pro

364 926 510 962 tempore
526 919 627 952 sactae
647 918 878 961 dispositiones
896 919 1003 952 nullae
1022 918 1101 957 sint,

365 973 482 1017 quibus
508 972 658 1005 omnibus
676 976 708 1004 et
728 971 873 1013 singulis,
896 971 1020 1004 etiamsi
1045 982 1104 1014 pro

364 1027 496 1060 illorum
521 1024 695 1058 sufficienti
721 1024 935 1067 derogatione
968 1025 1007 1058 de
1039 1024 1104 1057 illis

365 1089 542 1122 eorumque
561 1077 636 1111 totis
656 1077 826 1110 tenoribus
853 1077 1016 1121 specialis,
1033 1088 1106 1120 spe-

365 1130 466 1170 cifica,
493 1141 646 1174 expressa
670 1135 702 1163 et
726 1129 901 1169 individua,
929 1140 964 1163 ac
983 1130 1021 1162 de
1039 1141 1105 1163 ver-

363 1185 406 1219 bo
433 1185 471 1217 ad
496 1184 639 1224 verbum,
665 1194 730 1216 non
756 1188 862 1216 autem
894 1194 953 1227 per
977 1185 1104 1217 clausu-

364 1239 411 1272 las
437 1237 606 1280 generales
627 1236 714 1269 idem
740 1236 962 1279 importantes,
981 1236 1104 1269 mentio

364 1302 421 1325 seu
447 1290 578 1334 quaevis
607 1290 669 1323 alia
687 1290 855 1333 expressio
881 1290 1033 1323 habenda
1050 1296 1105 1323 aut

365 1346 473 1389 aliqua
499 1345 561 1378 alia
587 1343 746 1387 exquisita
771 1344 874 1376 forma
898 1344 936 1376 ad
958 1344 1021 1377 hoc
1041 1355 1105 1377 ser-

364 1399 469 1431 vanda
494 1398 596 1437 foret,
624 1402 756 1429 tenores
782 1396 987 1437 huiusmodi,
1015 1408 1051 1430 ac
1077 1397 1103 1430 si

366 1452 405 1485 de
426 1452 526 1484 verbo
544 1451 583 1483 ad
601 1450 746 1489 verbum,
761 1449 843 1483 nihil
861 1450 991 1493 penitus
1010 1451 1105 1483 omis-

365 1515 410 1544 so,
437 1510 469 1538 et
493 1505 595 1537 forma
623 1503 656 1536 in
690 1503 754 1536 illis
781 1503 897 1535 tradita
917 1503 1104 1544 observata,

365 1557 629 1602 exprimerentur
647 1562 677 1589 et
694 1556 932 1597 insererentur,
949 1568 1104 1600 praesen-

364 1613 449 1645 tibus
475 1622 533 1655 pro
558 1611 654 1654 plene
676 1614 706 1643 et
724 1609 921 1643 sufficienter
946 1611 1103 1654 expressis

366 1672 398 1698 et
421 1665 551 1698 insertis
584 1664 754 1703 habentes,
787 1663 851 1696 illis
880 1664 958 1696 alias
989 1664 1023 1697 in
1048 1675 1104 1698 suo

365 1718 486 1752 robore
518 1718 749 1762 permansuris
783 1717 822 1750 ad
854 1718 1103 1761 praemissorum

365 1771 525 1812 effectum,
538 1771 598 1803 hac
615 1771 682 1803 vice
701 1771 876 1811 dumtaxat,
888 1777 989 1812 motu,
1001 1772 1105 1804 scien-

365 1826 421 1866 tia,
449 1824 688 1859 deliberatione
715 1830 745 1857 et
771 1825 940 1868 potestatis
966 1825 1104 1868 plenitu-

366 1879 441 1912 dine
463 1878 626 1922 paribus',
646 1877 832 1921 specialiter
850 1882 882 1911 et
899 1888 1051 1921 expresse
1069 1889 1104 1911 ac

366 1932 555 1977 plenissime
581 1937 613 1964 et
638 1931 839 1974 amplissime
861 1932 1054 1974 derogamus
1073 1937 1104 1964 et

365 1986 557 2028 derogatum
570 1995 642 2018 esse
654 1985 814 2025 volumus;
831 1985 1018 2029 ceterisque
1032 1996 1105 2018 con-

365 2038 472 2072 trariis
498 2038 771 2082 quibuscumque.

409 2092 521 2125 Datum
548 2092 675 2131 Romae,
702 2092 786 2135 apud
820 2091 851 2125 S.
879 2092 1016 2132 Petrum,
1044 2093 1103 2126 sub

364 2146 484 2179 annulo
496 2145 679 2184 Piscatoris,
690 2145 741 2178 die
755 2156 773 2178 v
791 2145 901 2188 aprilis
914 2154 1102 2186 MDCLxxxvi,

364 2198 571 2242 pontificatus
595 2198 697 2231 nostri
723 2209 806 2232 anno
830 2209 859 2232 x.

400 2259 460 2287 Dat.
482 2259 526 2287 die
546 2260 563 2288 5
583 2259 676 2296 aprilis
696 2259 775 2293 1686,
796 2259 893 2295 pontif.
916 2267 986 2288 anno
1006 2267 1032 2286 x.

675 2394 785 2427 CLXV.

366 2464 604 2508 Confirmantur
621 2465 747 2498 litterae
766 2465 934 2500 Clementis
950 2465 981 2498 X
1005 2474 1101 2508 super

408 2519 562 2551 erectione
579 2518 713 2561 hospitii
729 2518 766 2551 dc
789 2518 871 2551 Urbe
893 2528 952 2561 pro
971 2517 1021 2558 iis,
1043 2519 1101 2561 qui

401 2580 412 2608 1
431 2579 501 2607 Edit.
517 2579 596 2606 Main.
614 2580 675 2614 tegit
690 2580 891 2614 praesentibus
906 2581 943 2615 (R.
961 2579 1008 2614 τ.).

949 177 1129 203 nmmmt‘ttt
1153 176 1306 202 ROMANUM

1187 224 1230 256 ad
1263 223 1360 266 fidem
1394 223 1542 263 veniunt,
1579 232 1702 256 necnon
1738 221 1882 256 traditur

1186 276 1328 320 facultas
1352 275 1439 309 illud
1464 276 1680 319 transferendi
1703 275 1724 309 ¹.

1333 365 1527 393 Innocentius
1548 365 1625 399 Papa
1643 365 1694 398 XI,

1267 411 1303 438 ad
1320 413 1496 445 perpetuam
1514 409 1558 437 rei
1573 409 1754 437 memoriam.

1189 491 1382 525 Sollicitudo
1407 491 1579 535 pastoralis
1603 490 1714 531 officii,
1742 500 1805 534 quo
1830 490 1885 525 Ec·

1893 173 1941 201 An.
1954 173 1983 201 C.
2006 174 2062 204 tfisst

1920 503 2065 526 Prooemium.

1145 546 1265 579 <zlesiae
1291 545 1470 578 catholicae
1491 555 1551 588 per
1574 545 1764 578 universum
1781 550 1885 579 terra·
1937 585 1943 588 ,

1146 610 1216 632 rum
1242 600 1356 632 orbern
1375 598 1510 632 diffusae
1528 598 1678 642 regimini
1697 599 1806 632 divina
1823 599 1886 633 dis·

1146 652 1307 696 positione
1332 652 1562 696 praesidemus,
1581 663 1640 685 nos
1664 652 1828 693 admonet,
1850 657 1886 686 ut.

1146 706 1267 745 ovibus,
1294 716 1395 749 quae,
1419 704 1554 738 Satanae
1579 705 1721 738 versutia
1745 716 1762 738 a
1786 706 1885 739 cautis

1146 758 1271 791 Domini
1304 759 1466 798 seductae,
1498 768 1556 801 per
1589 758 1763 791 haeresum
1795 769 1886 792 erro-

1147 822 1283 856 rumque
1301 817 1433 855 vepreta
1450 811 1568 844 misere
1592 816 1758 854 vagantur,
1777 812 1816 845 ad
1832 812 1886 845 bo-

1148 865 1179 898 ni
1196 865 1334 908 pastoris
1357 865 1440 898 ovile
1463 864 1659 898 reducendis
1677 864 1798 907 iugiter
1821 871 1886 898 stu-

1148 920 1292 959 deamus,
1321 924 1352 951 et
1376 918 1524 951 reductas
1549 917 1769 961 spiritualibus
1806 915 1891 952 tem-³

1147 971 1379 1015 poralibusque
1405 970 1579 1010 favoribus,
1607 975 1765 1014 quantum
1790 971 1886 1005 nobis

1148 1035 1184 1056 ex
1222 1024 1286 1056 alto
1323 1023 1525 1063 conceditur,
1559 1023 1813 1064 confoveamus;
1851 1034 1887 1058 ac

1148 1077 1286 1120 proinde
1312 1087 1370 1116 ea,
1397 1087 1478 1119 quae
1504 1087 1521 1109 a
1551 1075 1703 1109 Romanis
1728 1076 1888 1111 Pontifici-

1148 1130 1207 1162 bus
1233 1129 1539 1173 praedecessoribus
1570 1129 1691 1163 nostris
1725 1129 1887 1164 consimili

1147 1183 1283 1217 consilio
1300 1183 1353 1226 pie
1371 1182 1614 1226 prudenterque
1629 1182 1775 1215 instituta
1789 1188 1887 1227 atque

1148 1237 1296 1270 ordinata
1322 1246 1393 1269 esse
1418 1240 1609 1276 noscuntur,
1629 1240 1665 1267 ut
1689 1234 1781 1268 firma
1804 1245 1887 1269 sem-

1148 1301 1206 1334 per
1230 1301 1266 1323 ac
1284 1290 1405 1323 illibata
1423 1288 1609 1332 persistant,
1629 1288 1802 1332 apostolici
1819 1299 1887 1322 mu-

1148 1343 1278 1376 niminis
1306 1341 1411 1375 nostri
1436 1341 1618 1385 patrocinio
1643 1341 1785 1375 libenter
1809 1351 1887 1375 con-

1147 1396 1337 1435 stabilimus,
1368 1395 1496 1438 aliaque
1522 1405 1582 1438 pro
1606 1405 1715 1428 rerum
1745 1400 1777 1428 et
1807 1400 1887 1429 tem-

1147 1460 1263 1493 porum
1302 1448 1458 1493 qualitate
1500 1449 1643 1491 desuper
1682 1447 1885 1488 ordinamus,

1148 1507 1245 1546 prout
1279 1502 1311 1535 in
1347 1501 1485 1534 Domino
1521 1501 1694 1534 salubriter
1733 1501 1886 1545 expedire

1147 1556 1358 1589 arbitramur.

1191 1611 1205 1654 §
1227 1610 1257 1643 1.
1277 1610 1402 1643 Dudum
1428 1609 1589 1653 siquidem
1608 1608 1711 1643 felicis
1735 1609 1888 1643 recorda-

1147 1664 1246 1697 tionis
1263 1664 1410 1697 Clemens
1429 1663 1563 1707 rapax,
1581 1662 1814 1706 praedecessor
1830 1673 1886 1696 no-

1147 1723 1223 1757 ster,
1252 1717 1431 1761 hospitium
1463 1726 1523 1759 pro
1556 1716 1632 1756 illis,
1658 1716 1712 1760 qui
1737 1726 1798 1760 per
1829 1716 1884 1749 Dei

1147 1770 1282 1813 gratiam
1308 1770 1347 1802 ab
1374 1768 1503 1802 haeresi
1535 1769 1683 1802 conversi
1718 1769 1757 1802 ad
1789 1768 1885 1803 fidem

1147 1824 1339 1857 catholicam
1376 1827 1492 1866 sponte
1529 1823 1680 1862 veniunt,
1719 1823 1751 1855 in
1788 1823 1885 1856 domo

1148 1878 1356 1911 eremitarum
1390 1876 1547 1910 ecclesiae
1584 1876 1615 1909 S.
1648 1876 1766 1909 Mariae
1802 1876 1883 1910 Gra-

1148 1931 1261 1964 tiarum
1288 1931 1326 1963 ad
1352 1930 1479 1963 Portam
1511 1929 1699 1972 Angelicam
1730 1930 1769 1962 de
1800 1929 1886 1963 Urbe

1146 1984 1269 2028 positae
1287 1985 1411 2016 annexa
1432 1987 1593 2026 perpetuo
1615 1981 1717 2015 erexit
1740 1987 1772 2015 et
1796 1982 1887 2016 insti·

1147 2038 1217 2078 tuit,
1249 2037 1420 2080 ipsumque
1454 2035 1634 2079 hospitium
1667 2035 1776 2078 palatii
1809 2045 1886 2080 apo-

1146 2091 1251 2124 stolici
1276 2089 1457 2123 membrum
1483 2098 1566 2128 esse,
1595 2099 1630 2121 ac
1656 2087 1742 2122 illius
1775 2087 1886 2132 hospi-

1148 2150 1194 2179 tes
1221 2150 1252 2177 et
1277 2143 1447 2176 ministros
1471 2142 1650 2186 privilegiis
1684 2147 1716 2175 et
1750 2152 1886 2186 praero-

1147 2198 1261 2242 gativis
1295 2196 1503 2230 familiarium
1535 2195 1772 2239 pontificiorum
1809 2195 1882 2238 frui,

1917 1618 1998 1639 Dictum
2008 1617 2078 1644 hospt-

1897 1645 1948 1665 tium
1987 1647 2078 1666 erectum

1897 1671 1935 1692 sutt-
1956 1677 1967 1692 ι
1987 1671 2078 1692 clemen-

1897 1700 1917 1718 ῑΒ
1936 1697 1954 1719 X
1977 1698 1995 1717 in
2017 1698 2086 1719 ‹iomo'

1896 1726 2030 1745 erentitarum
2052 1724 2078 1744 ad

1897 1751 1982 1772 Portam
1998 1751 2080 1778 Angott-

1897 1783 1950 1799 cam.

1146 2262 1275 2285 necnon
1293 2249 1485 2294 hospitium,
1505 2248 1638 2292 eiusque
1658 2249 1754 2289 bona,
1771 2258 1808 2282 ac
1825 2248 1898 2282 ho-‘

1146 2304 1246 2348 spites
1272 2309 1303 2337 et
1323 2303 1491 2336 ministros
1517 2301 1704 2335 huiusmodi
1728 2312 1788 2345 per
1809 2303 1898 2335 con-'

1146 2358 1370 2401 gregationem
1395 2356 1624 2401 particularem
1642 2355 1834 2390 clericorum
1853 2360 1884 2389 et

1145 2412 1303 2445 laicorum
1338 2410 1407 2454 regi
1444 2415 1476 2444 et
1511 2409 1729 2443 administrari
1759 2408 1881 2450 voluit,

1182 2492 1190 2517 1
1215 2491 1280 2517 Vide
1301 2493 1378 2518 const
1408 2498 1516 2526 praec.·‚
1538 2489 1571 2516 ab
1591 2489 1684 2517 lnnoc.
1705 2488 1749 2516 Xll
1773 2497 1881 2526 quoque

1143 2535 1255 2569 erigitur
1275 2535 1421 2570 hospitium
1439 2542 1587 2570 pauperum
1602 2533 1783 2560 invalidorum
1794 2537 1879 2562 const.

1143 2580 1186 2606 ed.
1208 2585 1332 2613 moerent,
1352 2587 1366 2606 x
1387 2579 1476 2606 kalen.
1497 2578 1573 2613 iunii,
1595 2577 1689 2614 pontif.
1710 2583 1738 2605 u.
