2111 3157
146 223 194 250 An.
212 222 239 249 c.
267 221 332 250 iuss
380 214 444 249 890

186 2246 248 2265 herr
266 2244 297 2265 Vl.

235 2279 268 2290 «ui
281 2279 317 2291 its!

384 285 427 308 γι.
455 275 489 307 In
514 274 661 317 quolibet
686 282 785 317 opere
809 273 859 305 vel
891 271 1079 305 obedientia

341 329 509 361 constituti
535 328 690 366 comet-si,
717 332 856 370 possunt
881 326 967 359 inter
991 336 1023 358 se
1049 330 1080 358 et

340 393 412 415 cum
450 382 650 414 adiutoribus
689 381 778 424 loqui
811 381 850 414 de
884 379 1079 413 necessariis

341 441 372 468 et
396 435 549 467 utilibus:
578 434 633 466 sed
660 443 726 466 non
751 443 823 466 cum
849 433 1081 476 supervenien-

341 489 425 520 tibus
450 493 504 520 aut
529 487 680 519 fratribus
706 486 836 520 alterius
862 486 1078 527 obedientiae,

340 541 400 574 nisi
426 552 484 584 pro
509 540 702 572 necessitate
728 545 759 572 et
784 539 844 571 sub
870 539 994 582 pauciS.

382 605 439 627 rii.
478 593 751 636 Quandocumque
787 592 953 625 silentium
988 592 1082 626 aliter

340 647 516 689 fregerint,
560 646 591 678 in
630 646 781 690 proximo
818 646 901 679 testo
938 646 1081 689 capitulo

340 710 430 732 suam
465 700 592 742 culpam
631 704 887 742 recognoscant,
924 703 957 732 et
987 699 1082 732 disci-

339 753 462 796 plinam
489 753 529 786 de
555 762 650 786 manu
669 752 887 796 praesidentis
908 752 1079 795 recipiant,

340 813 369 839 et
395 807 421 838 si
447 807 565 839 suerint
590 806 717 845 assueti,
745 806 872 848 gravius
888 806 1078 850 puniantur.

340 860 374 893 ln
399 860 516 903 vigiliis
541 866 647 892 tamen
673 860 835 899 Paschae,
862 859 1081 901 Pentecostes,

340 919 373 946 et
397 913 518 946 Natalis
543 914 685 952 Domini,
712 919 743 946 et
768 914 800 946 in
831 913 1014 957 praecipuis
1035 924 1081 947 so-

340 967 580 1007 lemnitatibus,
619 972 650 999 et
675 967 803 1010 quoties
840 967 1081 1000 communicare

340 1020 461 1053 debent
478 1021 509 1054 in
525 1026 700 1060 conventu,
719 1027 772 1053 aut
789 1021 917 1064 quoties
934 1032 971 1054 ex
986 1023 1081 1054 eausa

338 1074 525 1107 rationabili
551 1075 653 1117 priori
689 1075 791 1108 visum
826 1075 932 1113 suerit,
957 1074 1081 1118 aliquid

342 1127 388 1159 eis
413 1127 612 1170 iniungimus
637 1129 709 1161 loco
735 1128 941 1172 disciplinae.

383 1190 452 1213 vm.
473 1180 614 1214 Edentes
633 1182 664 1213 in
689 1181 864 1215 refectorio
887 1187 942 1214 aut
965 1182 998 1214 in
1015 1182 1081 1214 suis

340 1233 430 1266 cellis
467 1234 630 1267 sitentium
665 1240 806 1273 teneant,
841 1235 927 1278 quod
954 1235 980 1268 si
1008 1241 1082 1268 tunc

340 1286 509 1328 fregerint,
536 1287 621 1320 dicat
647 1297 706 1330 pro
729 1287 876 1330 qualibet
896 1288 964 1322 vice
984 1288 1082 1332 vigin-

341 1340 510 1382 tiquinque
546 1340 647 1373 Pater
671 1346 777 1372 noster
808 1346 840 1373 et
869 1341 938 1375 Are
961 1341 1081 1380 Maria,

341 1399 373 1425 et
395 1393 606 1426 nihilominus
633 1393 665 1425 in
691 1393 838 1436 sequenti
868 1394 1010 1437 capitulo
1032 1395 1082 1428 di-

341 1451 415 1479 cant
440 1457 529 1479 suam
560 1448 703 1490 culpam,
741 1452 773 1480 et
798 1447 955 1491 recipiant
987 1448 1083 1482 disci-

341 1500 475 1541 plinam.

386 1563 427 1586 ix.
454 1553 491 1585 Et
527 1554 681 1596 quoniam
706 1554 739 1586 in
774 1554 1003 1588 observatione
1039 1555 1083 1587 si-

342 1606 433 1638 lentii
460 1607 595 1640 multum
613 1612 750 1646 erratur,
768 1613 963 1650 procurator
980 1614 1012 1641 et
1035 1616 1083 1642 co-

342 1660 529 1701 quinarius,
556 1671 628 1693 cum
660 1660 800 1693 viderint
825 1661 905 1694 illud
931 1661 1080 1704 infringi,

342 1713 469 1745 sortiter
494 1714 760 1755 reprehendant:
789 1719 820 1746 et
845 1715 871 1746 si
897 1726 929 1747 se
955 1725 1021 1748 non
1047 1726 1080 1748 e-

342 1766 575 1803 mendaverint,
604 1766 746 1798 reserant
771 1767 883 1810 priori,
906 1767 972 1810 qni,
990 1779 1082 1811 prae-

342 1824 391 1850 ter
408 1819 612 1861 disciplinam
636 1819 666 1851 in
684 1820 826 1862 capitulo
843 1820 1078 1863 recipiendam,

342 1872 368 1903 si
395 1872 513 1904 suerint
537 1873 815 1905 consuetudinarii
837 1873 869 1905 in
889 1873 1080 1916 Frangendo,

341 1934 479 1967 poenam
506 1930 647 1967 apponat
672 1926 837 1965 maiorem,
857 1926 1005 1959 faciendo
1024 1937 1079 1959 eos

342 1989 357 2010 a
386 1978 458 2010 rino
484 1978 658 2017 abstinere,
685 1984 737 2009 aut
771 1978 810 2010 ad
836 1984 952 2011 terram
977 1988 1082 2012 come-

342 2031 439 2069 dere3
468 2041 567 2073 super
586 2031 635 2062 his
658 2036 772 2070 autem,
792 2042 874 2074 quae
894 2032 978 2064 dicta
997 2037 1080 2071 sunt,

342 2083 567 2126 praesidentes
593 2084 771 2126 invigilent,
797 2090 831 2116 ut
857 2086 1081 2124 observentur,

344 2142 374 2168 et
400 2137 464 2169 sint
488 2138 635 2170 conversi
662 2138 746 2170 circa
767 2138 888 2171 silentii
910 2139 1083 2171 observan-

344 2191 420 2222 tiam
447 2192 519 2233 plus
544 2192 640 2223 solito
667 2192 811 2224 solliciti.

388 2254 409 2276 1.
439 2243 602 2287 Coquinae
628 2254 709 2276 unus
736 2254 752 2277 e
785 2244 934 2278 fratribus
965 2244 1083 2288 praesi-

194 2279 430 2336 ls(hfat,
464 2297 518 2339 qui
556 2297 669 2330 solitos
705 2297 793 2330 cibos
818 2297 861 2329 ita
886 2306 1081 2340 praeparare

344 2350 451 2389 dehet,
474 2355 509 2381 nt
534 2360 597 2381 non
624 2350 717 2382 detur
743 2350 911 2383 monachis
936 2351 986 2383 vel
1007 2359 1084 2384 con-

345 2402 441 2433 versis
466 2403 592 2435 occasio
610 2403 849 2436 uuirmurandi:
877 2409 1082 2446 praeparatas

345 2461 451 2487 autem
477 2456 654 2498 dispenset,
693 2466 873 2499 pan··rnque
907 2462 936 2489 et
972 2457 1081 2489 vinnm

344 2508 505 2540 iziiiiistret
539 2509 603 2540 oris
637 2509 772 2541 statutis.
801 2509 885 2541 Nulli
912 2509 1080 2552 pitantiam

345 2562 451 2598 donet,
480 2561 540 2593 nisi
567 2563 696 2603 quando
723 2563 861 2595 debetur
887 2563 924 2602 ei,
952 2562 1020 2595 sine
1047 2562 1084 2595 li-

345 2614 449 2646 centia
475 2614 621 2657 ‹pei-inti.

923 223 1103 248 BULLARIUM
1129 222 1280 248 ROMANUM

1169 282 1204 305 11.
1227 272 1373 305 Fratrem
1397 272 1538 316 aliquem
1563 274 1595 306 in
1620 273 1793 317 coquinam
1811 275 1861 309 vel

1124 324 1324 368 dispensam,
1350 325 1413 358 nisi
1440 328 1537 359 causa
1562 327 1663 360 iustae
1691 326 1863 361 necessita-

1124 379 1165 411 tis
1182 405 1190 420 ,
1228 379 1436 412 introducere
1459 391 1527 413 non
1564 385 1690 423 potest,
1717 381 1864 415 introdu-

1124 436 1286 476 ctumque,
1308 435 1471 466 transacta
1493 435 1699 475 necessitate,
1726 435 1860 476 emittat,

1123 485 1287 525 inviolato,
1315 490 1470 529 quantum
1495 498 1548 520 res
1574 487 1657 527 sinit,
1685 487 1828 522 silentio.

1167 549 1214 572 111.
1241 539 1438 582 Coquinario
1463 550 1528 573 non
1554 540 1630 574 licet
1651 541 1683 573 in
1701 541 1799 574 cellas
1818 541 1864 574 in-

1124 597 1217 634 trare,
1235 593 1389 633 residere,
1409 599 1464 626 aut
1479 593 1623 634 fabulari,
1641 595 1702 627 nisi
1719 595 1862 639 aliquem

1124 646 1205 679 sorte
1231 651 1400 689 aegrotare
1425 647 1610 690 contigerit.

1166 709 1209 732 1v.
1230 699 1461 740 Resectorium,
1475 700 1703 734 dormitorium
1719 701 1862 743 fratrum,

1123 759 1155 785 et
1179 753 1357 797 hospitium
1395 754 1528 787 mundet
1567 756 1616 788 vel
1654 754 1747 789 saciat
1771 765 1863 789 mun-

1122 806 1205 840 darI.

1166 871 1197 894 v.
1223 860 1305 893 Dare
1329 861 1380 894 vel
1405 861 1557 905 accipere
1583 862 1653 895 sine
1680 862 1798 905 prioris
1824 862 1863 896 ti-

1123 914 1229 947 centia
1245 914 1327 947 nihil
1344 915 1481 954 audeat;
1501 915 1546 948 eis
1562 920 1676 955 tamen,
1692 915 1746 959 qui
1766 921 1863 949 trans-

1124 967 1220 999 missa
1246 967 1404 1008 atterunt,
1432 973 1540 1011 potest
1565 969 1642 1001 dare
1667 969 1705 1002 ad
1731 969 1864 1002 mandu-

1124 1020 1282 1060 candum;
1305 1020 1375 1052 aliis
1395 1030 1600 1063 nequaquam
1621 1021 1692 1054 sine
1717 1021 1858 1055 licentia.

1124 1074 1157 1107 In
1183 1074 1282 1114 sestis,
1307 1074 1363 1114 ita,
1389 1079 1465 1107 ante
1491 1074 1623 1107 missam
1649 1080 1680 1107 et
1703 1079 1795 1118 post,
1823 1075 1862 1108 de

1124 1128 1186 1167 his,
1212 1136 1293 1171 qnae
1318 1128 1544 1171 praeparanda
1570 1133 1664 1167 sunt,
1689 1127 1863 1171 providere

1123 1180 1221 1213 debet
1245 1185 1400 1223 quantum
1426 1185 1552 1224 potest,
1579 1186 1612 1213 ut
1635 1180 1705 1224 ipse
1730 1186 1763 1214 et
1794 1181 1863 1214 eius

1124 1234 1252 1267 adiutor
1276 1234 1393 1266 missae
1418 1233 1547 1267 maioris
1583 1234 1724 1267 officium
1749 1233 1863 1267 audire

1124 1287 1262 1330 possint.

1169 1350 1209 1372 vi.
1237 1339 1452 1383 Coquinarius
1477 1341 1527 1373 vel
1552 1340 1756 1383 dispensator
1784 1341 1865 1374 rese-

1124 1393 1260 1425 ctorium
1279 1398 1461 1436 praeparet,
1476 1398 1508 1426 et
1525 1393 1596 1433 hoc,
1615 1399 1774 1436 quantum
1792 1393 1863 1427 fieri

1125 1451 1237 1488 potest,
1253 1446 1393 1478 adiutori
1407 1456 1464 1479 suo
1481 1456 1546 1479 non
1563 1447 1662 1479 debet
1679 1446 1861 1489 iniungere.

1123 1499 1292 1542 Nunquam
1329 1499 1494 1542 operarios
1529 1500 1688 1534 conducat
1722 1499 1791 1533 sine
1817 1499 1859 1533 li-

1125 1552 1242 1585 centia.

1168 1615 1224 1638 vn.
1244 1604 1377 1643 Quando
1394 1616 1453 1649 per
1470 1605 1706 1648 negligentiam
1723 1605 1793 1639 eius
1809 1606 1864 1639 ali-

1123 1657 1173 1689 cui
1199 1658 1298 1697 deest,
1325 1659 1411 1701 quod
1429 1658 1469 1691 de
1489 1658 1724 1692 consuetudine
1743 1659 1864 1691 habere

1124 1711 1227 1750 debet,
1255 1711 1448 1753 quamcitius
1469 1712 1538 1744 loco
1564 1717 1596 1744 et
1621 1716 1766 1754 tempore
1791 1721 1865 1744 con-

1124 1774 1204 1805 gruo
1230 1764 1371 1806 priorem
1397 1765 1545 1804 inveniet,
1572 1766 1631 1804 vel,
1651 1775 1689 1797 eo
1714 1765 1861 1804 absente,

1124 1817 1286 1855 vicarium,
1312 1819 1438 1861 culpam
1460 1828 1548 1850 suam
1567 1828 1810 1861 recognoscere,
1832 1823 1865 1850 et

1123 1870 1162 1902 ab
1181 1880 1230 1910 eo,
1249 1870 1304 1913 qui
1330 1880 1442 1913 passus
1467 1876 1514 1903 est
1533 1870 1778 1913 negligentium,
1804 1880 1863 1913 pe-

1125 1928 1192 1956 tere
1218 1923 1343 1957 veniam
1368 1924 1478 1957 dehet.

1167 1986 1237 2009 vin.
1265 1976 1405 2018 Singulis
1430 1975 1544 2008 diebus
1570 1975 1666 2016 sestis,
1692 1975 1716 2008 si
1743 1980 1862 2018 potest,

1124 2029 1265 2072 capitulo
1284 2029 1443 2062 interesse
1458 2030 1565 2069 debet,
1579 2034 1611 2062 et
1627 2030 1752 2072 culpam
1773 2039 1864 2061 suain

1125 2092 1374 2124 recognoscere.

1169 2146 1210 2168 1x.
1239 2135 1427 2179 llospitibus
1459 2135 1628 2178 provideat
1659 2135 1804 2178 pellicias
1832 2140 1865 2168 et

1125 2190 1286 2222 sotulares
1326 2194 1511 2228 nocturnos,
1547 2195 1578 2222 et
1602 2189 1774 2222 monachis
1809 2189 1863 2222 det

1125 2243 1287 2282 scutellas,
1314 2242 1460 2281 cochlea,
1480 2241 1649 2285 scyphum,
1677 2252 1750 2274 vasa
1766 2252 1864 2284 aqua-

1125 2296 1171 2328 ria
1192 2301 1223 2328 et
1247 2295 1381 2335 vinaria,
1402 2300 1433 2328 et
1455 2300 1564 2328 cetera
1582 2294 1779 2334 huiusmodi,
1800 2294 1863 2328 nisi

1125 2352 1316 2391 procurator
1340 2348 1412 2390 ipse
1449 2357 1486 2381 ea
1515 2347 1698 2388 ministret,
1725 2352 1781 2379 aut
1804 2356 1863 2390 per

1125 2401 1223 2434 alium
1248 2401 1425 2434 ministrari
1450 2401 1554 2440 saciat,
1575 2400 1662 2433 iuxta
1686 2404 1863 2434 consuetu-

1126 2454 1235 2487 dinem
1252 2455 1437 2487 domorum.

1171 2518 1201 2540 x.
1230 2507 1441 2550 Coquinarius
1466 2506 1580 2546 etiarn,
1607 2506 1671 2540 sive
1696 2506 1859 2550 dispensa-

1128 2568 1188 2599 tor,
1203 2561 1336 2593 absente
1352 2566 1574 2603 procuratore,
1592 2559 1743 2603 providet
1756 2565 1791 2592 ut
1808 2559 1863 2592 ho-

1127 2614 1225 2658 spites
1252 2613 1395 2656 religiosi
1422 2614 1470 2646 vel
1497 2613 1559 2653 alii,
1582 2612 1692 2646 venire
1716 2613 1862 2646 volentes

1866 225 1915 254 An.
1930 225 1961 254 C.
1983 227 2049 257 ¹688
