2111 3157
151 170 200 195 An.
217 168 244 195 C.
272 167 336 195 ¹688

383 157 447 190 >zoe

344 222 430 249 recte
456 215 645 255 confitendi,
668 213 926 247 communicandi
953 217 985 245 et
1009 213 1084 246 reli-

344 270 434 312 giose
453 268 577 301 vivendi
597 269 693 311 plene
720 267 881 299 instruere
900 266 958 308 (α),
973 271 1028 298 aut
1044 266 1083 298 ab

343 323 470 356 idoneis
496 321 611 354 instrui
638 320 760 359 sacerd,
780 326 812 352 et
835 325 869 352 ut
893 329 1006 352 omnes
1031 319 1084 352 de-

341 375 418 407 bitis
452 373 654 415 temporibus
689 371 915 410 confiteantur,
941 382 1084 404 commu-

342 427 462 465 nicent,
499 426 613 458 missas
650 425 793 465 audiant,
828 424 943 457 divinis
969 425 1081 458 officiis

341 480 507 520 intersint,
523 485 553 511 et
567 479 737 511 ecclesiam
753 479 971 522 frequentent,
986 490 1082 522 quan-

341 539 407 565 tum
423 543 686 575 unumquemque
706 533 801 565 decet
819 537 850 565 et
868 537 1005 571 tenetur,
1024 534 1082 566 sol-

340 586 430 619 licite
456 585 646 628 providere:
670 585 825 628 scriptum
852 590 901 617 est
920 584 1019 617 enim:
1045 586 1082 619 Si

339 639 411 682 quis
435 649 567 670 suorum
603 641 631 670 el
662 638 801 670 maxime
833 637 1077 670 domesticormn

339 703 451 724 curam
477 702 541 724 non
568 691 672 732 hobel,
698 691 792 733 fidem
820 691 950 734 nvqavil
982 695 1010 724 et
1035 696 1080 724 est

338 745 468 786 infideli
498 745 648 777 deteriorn
678 744 855 788 Propterea
887 744 978 778 illum
1010 755 1079 778 mo-

338 809 461 837 nemus,
482 803 515 829 ut
540 802 630 830 curet
655 808 822 831 sermones
848 798 1011 831 conversis
1038 798 1079 831 se-

338 851 428 883 stivis
463 851 578 884 diebus
603 850 683 891 fieri,
712 850 829 895 quibus
857 851 953 884 etiam
980 851 1080 884 inter-

338 904 380 936 sit
404 904 539 937 samilIa.

382 969 410 990 v.
434 958 527 991 Prior
552 958 648 991 debet
672 958 769 990 rebus
795 963 826 990 et
851 958 996 1001 negociis
1022 959 1080 991 do-

337 1022 410 1044 mus
437 1022 513 1044 suae
539 1011 829 1054 superintendere,
856 1017 887 1043 et
912 1012 950 1044 de
976 1012 1079 1044 omni-

336 1064 398 1096 bns
424 1064 610 1106 generalem
637 1064 893 1097 sollicitudinem
919 1069 950 1097 et
975 1065 1080 1108 provi-

337 1118 479 1150 dentiam
500 1117 620 1149 habere
639 1144 645 1156 ,
672 1117 757 1149 bona
779 1117 875 1149 etiarn
894 1118 1002 1150 omnia
1019 1128 1079 1161 per

336 1181 409 1203 suos
434 1170 588 1203 officiales
621 1175 653 1203 et
677 1170 840 1203 ministros
866 1176 951 1203 recte
978 1171 1078 1203 admi-

336 1223 487 1262 nistrare,
519 1228 549 1255 et
574 1233 621 1261 ca,
648 1223 828 1255 secundum
862 1223 973 1262 Deum,
1000 1235 1077 1256 con-

335 1276 505 1309 scientiam
545 1281 575 1308 et
601 1276 734 1309 sormam
760 1275 888 1309 Ordinis
921 1281 953 1309 et
978 1282 1077 1309 statu-

337 1334 440 1362 torum
471 1334 674 1367 nostrorum,
696 1329 837 1362 discrete
864 1329 1075 1372 dispensare,

335 1393 382 1417 ac,
409 1392 448 1414 ne
481 1382 558 1425 quid
585 1382 718 1414 omnino
744 1392 854 1414 rerum
881 1382 1073 1424 negligatur,

335 1447 376 1468 ne
403 1436 477 1478 qnid
501 1441 621 1477 pereat,
642 1445 680 1467 ne
706 1435 783 1478 quid
809 1436 892 1468 male
914 1437 1076 1478 expenda-

336 1494 395 1527 tur,
417 1488 555 1520 sollicite
575 1498 700 1520 curare.
721 1488 788 1521 Non
807 1488 892 1520 enim
911 1499 962 1521 res
989 1500 1074 1529 suas,

335 1547 387 1574 aut
407 1541 573 1573 bominum
593 1540 711 1580 curet¹,
729 1541 783 1573 sed
803 1540 944 1574 Christi:
965 1542 1013 1574 cui
1036 1543 1075 1575 de

335 1595 485 1627 omnibns
504 1593 679 1627 districtam
699 1592 804 1626 ἰΙΙιιιιιἵ
824 1594 961 1627 reddere
978 1595 1076 1627 ratio-

334 1658 408 1680 nem
448 1646 626 1689 oportebit.
666 1647 906 1686 Verumtamen,
929 1657 968 1679 ne
994 1648 1075 1681 sorte

335 1700 564 1742 temporalium
599 1701 674 1732 cura
710 1710 821 1732 rerum
854 1710 890 1732 ac
920 1700 1076 1733 sollicitu-

335 1753 410 1786 dine
442 1758 684 1796 praegravatus,
711 1753 935 1796 spiritualibus
967 1754 1074 1787 minus

333 1807 437 1850 possit
463 1806 642 1845 intendere,
664 1807 742 1839 tales
760 1806 897 1848 singulis
919 1806 1075 1840 obedien-

335 1859 385 1891 tiis
412 1865 536 1901 sataget
562 1860 729 1902 deputare,
755 1870 895 1902 quorum
921 1870 974 1893 eas
999 1860 1074 1894 fidei

334 1923 449 1945 secure
474 1914 580 1945 valeat
605 1913 751 1945 credere.

378 1977 419 2000 vr.
437 1966 557 1999 Prioris
577 1966 662 1998 enim
677 1971 725 1999 est
740 1966 895 2000 officiales
914 1977 987 2000 suos
1005 1975 1073 2000 om-

334 2030 404 2059 nes,
418 2025 481 2052 tam
500 2020 678 2052 monachos
703 2030 797 2062 quam
825 2030 1000 2053 conversos
1016 2021 1072 2060 (b),

367 2118 396 2146 a]
412 2116 480 2143 Hine
496 2116 710 2143 animadvertant
727 2116 829 2151 priores
840 2124 892 2142 non
904 2116 958 2143 suis
972 2116 1075 2143 officia-

335 2160 413 2192 libus,
434 2160 483 2186 sed
502 2160 551 2186 sibi
571 2160 636 2194 ipsis
655 2168 748 2186 curam
768 2160 918 2195 spiritualis
933 2160 1073 2188 educatio-

335 2206 376 2230 nis
392 2204 507 2230 fratrum
524 2205 678 2238 specialiter
693 2204 835 2231 committi.

374 2250 383 2274 1
407 2250 498 2282 Aptius
518 2248 576 2281 lege
597 2251 680 2276 curae
699 2252 738 2281 (bn.
759 2249 809 2282 T.).

371 2293 387 2319 2
408 2293 500 2327 Aptius
521 2294 578 2327 lege
600 2294 719 2320 illorum
738 2294 776 2327 (ft.
797 2294 844 2325 T.).

373 2338 399 2367 Ι»)
418 2338 549 2363 Ostiriales
580 2346 734 2371 converSOS,
751 2339 869 2372 intellige
892 2339 1074 2374 coqu³narins,

338 2381 517 2415 hortolanum,
535 2383 674 2416 pistorem,
688 2388 753 2413 etc..
772 2388 800 2409 ut
820 2383 898 2410 latius
919 2384 1076 2410 ex·=ri1uitui·

338 2434 394 2459 cap.
417 2434 485 2452 xxxii
506 2432 599 2453 tertiae
621 2428 702 2460 partis
718 2429 942 2462 antiqnoruinsta
958 2433 1073 2454 ntorum.

339 2470 401 2496 iude
418 2471 555 2496 srienduni
568 2477 607 2497 est
623 2481 766 2498 ‹·oiiversos
784 2482 921 2508 nunquam
940 2481 1017 2507 posse
1033 2474 1073 2498 in-

338 2515 410 2540 stitui
437 2519 625 2548 procuratores
648 2520 692 2542 aut
712 2517 900 2549 coadiutore83
922 2516 992 2552 quod
1010 2517 1074 2543 ulti-

339 2567 409 2585 ιιιιιιιι
420 2559 537 2585 offitium
548 2560 721 2587 committitur
733 2565 834 2588 tantum
850 2561 999 2595 monacbis,
1009 2564 1074 2594 etc.⁷

928 166 1106 189 m’t.1„*.ntt‘31
1132 165 1280 189 nomwm

1127 217 1157 244 et
1193 217 1322 246 ceteros
1365 223 1589 257 quoscumque
1627 224 1699 248 cum
1735 221 1861 250 maturo

1126 265 1264 299 consilio
1300 266 1482 307 instituere,
1515 267 1703 307 destituere,
1737 273 1862 302 mutare

1126 319 1199 359 (nec
1230 319 1311 352 haec
1334 324 1471 362 possunt
1494 319 1642 363 impediri
1667 328 1728 364 per
1748 321 1859 355 visita-

1127 376 1224 412 tores,
1243 371 1305 404 nisi
1321 371 1351 404 in
1370 377 1440 404 actu
1455 371 1647 405 visitationis
1663 373 1862 418 existentes),

1126 430 1156 457 et
1173 435 1439 469 unumquemque
1466 425 1497 457 in
1523 426 1587 458 suis
1610 426 1722 459 officiis
1740 433 1772 460 et
1792 428 1864 461 obe·

1125 477 1256 511 dientiis
1293 478 1375 511 bene
1412 478 1563 521 dirigere,
1589 484 1630 519 et,
1657 480 1784 523 quoties
1812 487 1863 514 est

1125 541 1215 574 opus,
1231 541 1375 573 arguere,
1396 542 1541 571 monere,
1570 538 1601 565 et
1624 533 1678 577 pie
1704 540 1736 567 et
1760 534 1862 567 chari-

1123 584 1219 617 tative
1245 595 1304 628 pro
1330 595 1441 618 eorum
1459 586 1562 629 culpis
1581 592 1612 619 et
1628 587 1860 622 inobedientiis

1123 638 1280 670 salutares
1299 638 1514 681 poenitentias
1532 639 1712 682 imponere.
1730 641 1862 674 Verum-

1123 695 1227 724 tamen
1246 702 1311 723 non
1331 691 1427 724 debet
1445 691 1629 735 hospitibus
1654 693 1793 726 officium
1817 694 1862 727 vi-

1122 743 1221 783 carii,
1252 744 1477 787 procuratoris
1511 746 1559 778 vel
1591 746 1743 780 sacristae
1775 757 1863 780 com-

1122 797 1277 830 mendare
1297 798 1353 840 (α),
1372 798 1433 830 nisi
1456 797 1537 831 sorte
1554 799 1591 831 ad
1618 799 1801 833 huiusmodi
1820 801 1862 834 os-

1122 850 1193 883 ficia
1219 851 1250 883 in
1277 851 1407 883 eadem-
1426 851 1520 884 domo
1554 852 1709 886 idoneum
1738 854 1863 897 profes-

1124 902 1212 936 sum¹
1238 904 1408 937 inveniret.

1167 967 1222 990 vn.
1242 956 1300 995 Qui
1319 962 1427 990 autem
1447 958 1582 991 instituti
1600 965 1677 992 sunt
1701 959 1860 1001 officiarii,

1122 1010 1170 1042 vel
1196 1010 1291 1042 alicui
1312 1010 1516 1044 obedientiae
1542 1012 1707 1055 deputati„
1721 1023 1786 1046 non
1810 1023 1863 1046 au-

1123 1063 1220 1096 deant
1255 1064 1361 1096 statim
1398 1065 1447 1096 vel
1486 1070 1600 1107 postea
1636 1065 1668 1098 in
1701 1071 1861 1099 conventu

1122 1122 1233 1160 petere
1254 1116 1524 1157 misericordiam,
1551 1118 1612 1151 nisi
1632 1119 1671 1152 de
1699 1130 1861 1153 consensu

1122 1169 1252 1212 prioris.
1280 1168 1335 1207 Qui
1363 1169 1544 1212 quaesierit,
1577 1171 1712 1204 arbitrio
1743 1171 1862 1215 prioris

1122 1223 1296 1265 puniatur;
1331 1227 1362 1255 et
1393 1222 1607 1256 nihilominus
1640 1224 1860 1258 obedientiam

1121 1276 1207 1308 illam
1233 1275 1361 1315 habeat,
1381 1275 1536 1318 quamdiu
1563 1276 1652 1319 prior
1670 1277 1788 1310 viderit
1812 1288 1850 1311 ex

1120 1328 1246 1371 pedire.

1164 1391 1232 1414 riu.
1272 1381 1435 1414 Monachis
1460 1387 1567 1424 potest
1599 1383 1802 1416 obedientias
1828 1384 1859 1417 in

1120 1435 1260 1467 claustro
1296 1436 1545 1469 commendare:
1574 1437 1630 1469 sed
1663 1437 1795 1481 saepius
1827 1438 1860 1471 fit

1120 1493 1150 1520 et
1176 1487 1244 1520 sieri
1271 1487 1366 1520 debet
1392 1488 1423 1520 in
1457 1489 1612 1531 capitulo.
1650 1489 1727 1523 Cum
1753 1496 1859 1524 autem

1119 1540 1151 1572 in
1180 1540 1359 1573 minoribus
1385 1541 1562 1584 aliquando
1595 1548 1729 1585 quaerat
1753 1543 1861 1576 consi-

1120 1593 1209 1630 lium,
1237 1598 1344 1637 potest
1369 1598 1402 1626 et
1426 1594 1457 1626 in
1484 1595 1751 1629 commendandis
1784 1596 1862 1629 obe-

1119 1647 1262 1686 dientiis,
1293 1646 1318 1678 si
1343 1647 1418 1686 vult,
1446 1646 1571 1690 aliquos
1594 1650 1775 1688 consulere,
1802 1659 1859 1682 eos

1118 1699 1256 1731 maxime
1281 1699 1366 1732 inter
1391 1710 1471 1743 quos
1492 1697 1674 1733 conversati
1706 1706 1782 1734 sunt
1814 1702 1859 1742 hi,

1119 1752 1236 1794 quibus
1262 1762 1315 1784 eas
1340 1752 1571 1786 commendare
1600 1754 1768 1796 proponit.

1162 1815 1202 1837 ix.
1224 1805 1264 1847 (')
1282 1805 1377 1838 Prior
1396 1807 1488 1838 annis
1500 1805 1636 1848 singulis
1652 1806 1684 1838 in
1698 1807 1857 1848 Adventu,

1115 1863 1173 1890 aut
1195 1858 1258 1891 alio
1283 1864 1429 1901 tempore
1456 1868 1515 1901 pro
1540 1860 1775 1893 consuetudine
1801 1861 1858 1895 do-

1117 1922 1253 1953 morum,
1280 1912 1312 1944 in
1338 1912 1523 1955 praesentia
1548 1915 1603 1945 sua
1630 1918 1663 1946 et
1686 1913 1808 1953 vicarii,
1826 1919 1858 1947 et

1118 1966 1253 1998 duorum
1269 1965 1306 1998 ad
1323 1965 1426 1998 minus
1441 1976 1476 1998 ex
1491 1966 1675 1999 senioribus
1693 1973 1725 2000 et
1740 1967 1858 2001 discre-

1115 2072 1140 2098 in
1157 2071 1292 2103 domibus,
1305 2071 1350 2098 ubi
1365 2079 1395 2097 ex
1411 2071 1564 2098 rationabili
1581 2073 1660 2098 causa
1676 2079 1691 2098 a
1707 2072 1856 2100 reverendo

1116 2121 1192 2151 patre
1215 2116 1272 2143 sive
1295 2116 1345 2142 fixe
1367 2116 1422 2142 sive
1446 2116 1600 2143 transitorie
1624 2117 1774 2150 praefatum
1797 2117 1856 2144 offi-

1116 2162 1185 2187 cium
1213 2161 1378 2187 coadiutoris
1398 2161 1580 2195 permittitur-3
1604 2161 1681 2187 cuius
1704 2161 1856 2188 functiones

1116 2205 1228 2231 arbitrio
1244 2205 1341 2239 prioris
1361 2205 1561 2240 relinquuntur,
1578 2213 1637 2232 cum
1653 2205 1740 2232 nullas
1759 2204 1858 2232 habeat.

1117 2259 1163 2285 per
1182 2254 1281 2276 statuta
1295 2251 1438 2285 praefixas.

1151 2296 1181 2328 α)
1200 2295 1260 2321 Vid.
1282 2303 1357 2321 num.
1379 2301 1423 2329 χιι,
1445 2302 1504 2328 cap.
1526 2301 1553 2322 v.

1154 2342 1160 2364 1
1188 2339 1298 2366 Videtur
1318 2339 1412 2365 deesse
1433 2339 1563 2374 particula
1584 2347 1643 2364 mm
1663 2342 1701 2365 (R.
1719 2339 1768 2370 T.).

1152 2385 1179 2413 ‘l
1197 2384 1350 2410 Ordinatio
1366 2383 1440 2410 anni
1452 2389 1577 2409 uncxmx.
1590 2392 1601 2408 c
1617 2383 1764 2409 Serventur
1782 2391 1809 2409 n.
1826 2388 1855 2411 ix

1117 2433 1143 2453 et
1158 2434 1183 2453 xl
1199 2437 1222 2453 c.
1236 2434 1274 2459 ιιι,
1285 2432 1312 2454 et
1327 2436 1353 2453 n.
1373 2434 1425 2453 xvii
1441 2435 1464 2453 c.
1482 2433 1503 2453 vt
1520 2427 1654 2453 secundae
1670 2427 1753 2461 partis
1766 2431 1854 2454 statu-

1117 2477 1203 2498 torum
1219 2472 1252 2498 de
1273 2473 1406 2506 computis
1426 2471 1571 2498 reddendis
1594 2475 1620 2497 et
1639 2473 1701 2497 area
1715 2472 1854 2504 communi

1117 2516 1249 2549 habenda,
1266 2516 1316 2542 sub
1333 2517 1418 2550 poena
1434 2515 1611 2542 absolutionis
1624 2515 1743 2551 priorum
1753 2519 1780 2542 et
1794 2515 1860 2545 ossi-⁷

1117 2560 1223 2587 cialium
1239 2569 1253 2586 a
1269 2560 1325 2587 suis
1341 2560 1435 2587 officiis
1457 2569 1481 2588 ι.

1865 166 1915 194 An.
1932 167 1961 194 C.
1983 168 2050 196 1688
