2111 3157
21 221 66 247 An.
83 218 111 244 C.
133 215 199 243 ¹088

800 211 876 236 iNNO
882 211 1012 236 CENTIUS
1034 213 1065 236 XI
1089 212 1138 237 121³.

210 268 243 296 et
265 262 367 296 libere
393 272 430 295 ea
454 260 562 295 omnia
592 271 673 305 quae
705 260 766 294 sibi
790 271 941 294 concessa
984 260 1166 294 invenerint
1189 260 1406 294 clandestinas
1431 271 1519 294 seras
1539 263 1589 295 vel
1607 265 1712 297 clares

209 321 294 355 sunt,
314 316 382 348 sive
399 315 473 348 libri
492 314 619 355 fuerint,
636 319 689 348 aut
705 313 825 357 aliquid
844 313 938 352 aliud,

208 378 321 401 carum
351 369 401 401 vel
432 368 513 407 vile,
550 368 678 411 quoties
710 366 858 410 superior
888 376 941 399 vo—

210 420 312 459 luerit,
337 425 391 452 aut
414 419 483 452 fieri
509 420 718 453 mandaverit.
740 419 813 459 Nec,
832 418 856 452 si
877 419 940 452 hoc

208 473 329 513 fecerit,
344 473 465 506 debent
480 483 689 513 murmurare,
704 478 759 505 aut
775 472 938 515 conqueri;

207 525 354 568 alioquin
379 525 521 558 nondum
545 536 579 558 se
597 530 629 558 et
649 535 704 558 sua
723 525 937 567 reliquerunt,

207 583 239 610 et
262 584 434 621 propterea
459 587 632 621 pauperem
657 576 820 609 Christum
846 575 937 618 sequi

207 636 238 662 et
261 631 330 663 eius
355 630 535 663 imitatores
553 635 583 663 et
605 629 753 672 discipuli
779 628 848 660 lieri
874 638 937 660 non

204 688 351 726 possunt,
374 694 436 716 nec
460 683 529 716 eius
555 687 744 725 paupertate
771 681 876 713 ditari.

247 746 291 769 Vl.
328 736 453 775 Petere,
485 735 650 778 accipere,
685 739 871 778 permutare
907 738 938 765 et

205 787 342 827 donare,
372 788 528 831 quidquid
558 787 637 820 illud
663 787 781 826 fuerit,
808 786 876 818 sine
902 785 939 818 li·

204 840 321 880 centia,
341 840 367 873 si
392 839 464 883 quis
488 840 753 882 praesumpserit,
780 848 839 881 pro
860 848 937 880 qua-

202 892 293 926 litate
325 893 438 936 culpae
467 892 622 936 puniatur
646 892 707 934 (a).
740 890 935 923 Donationes

203 945 299 978 etiam
322 945 381 978 sub
401 945 509 988 specie
527 946 575 978 vel
596 946 707 978 colore
728 944 936 977 mutuationis

202 1008 221 1031 a
243 998 338 1031 nohis
363 999 411 1031 vel
436 998 522 1030 inter
542 1008 601 1031 nos
622 999 711 1031 nullo
732 998 827 1030 modo
845 996 933 1029 fiant.

203 1050 314 1095 Neque
356 1051 453 1084 etiam
493 1051 644 1094 cuiquam
686 1051 846 1084 monacho
881 1055 935 1083 aut

205 1113 360 1136 converso
384 1114 402 1136 a
425 1103 588 1147 prioribus
608 1104 708 1136 nostri
733 1103 860 1136 Ordinis
878 1103 935 1135 ali—

202 1155 279 1199 quid
304 1156 451 1199 recipere
476 1156 583 1197 liceat,
618 1157 678 1189 nisi
709 1167 780 1189 cum
805 1155 934 1189 licentia

200 1208 326 1251 proprii
347 1209 478 1251 prioris.

243 1271 299 1295 vn.
326 1261 496 1303 Ceterum,
531 1273 570 1295 ne
603 1262 747 1305 priorum
780 1262 933 1294 tenacitas

200 1314 375 1357 aliquando
399 1315 606 1358 proprietatis
631 1315 833 1348 occasionem
854 1314 933 1356 ipsis

201 1368 369 1401 monachis
394 1369 494 1401 donet
524 1369 591 1411 (b),
618 1368 764 1401 districte
794 1367 933 1410 iniungi—

200 1431 270 1453 mus
294 1421 454 1454 universis
487 1421 657 1464 prioribus,
690 1426 725 1453 ut
758 1422 796 1454 de
822 1431 933 1453 neces-

200 1474 293 1508 sariis
316 1484 406 1507 more
430 1473 557 1507 Ordinis
593 1474 760 1506 monachis
786 1474 851 1507 suis
879 1484 931 1506 ra-

200 1528 399 1561 tionabiliter
421 1526 631 1570 provideant:
658 1527 822 1570 superflua
845 1537 929 1567 vero,

200 1591 281 1624 quae
305 1580 404 1613 statui
428 1581 639 1623 paupertatis,
668 1591 763 1623 quam
793 1580 930 1623 professi

199 1640 282 1674 sunt,
296 1644 362 1667 non
375 1634 580 1673 conveniunt,
600 1638 632 1665 et
648 1643 775 1666 omnem
791 1634 930 1676 speciem

198 1686 265 1719 vitii
291 1686 500 1730 proprietatis
517 1691 549 1718 et
570 1685 690 1718 fraudis
711 1685 930 1728 suspicionem

199 1739 239 1772 ab
263 1740 309 1772 eis
335 1739 481 1772 auferant
505 1739 543 1771 ad
571 1738 703 1771 formam
734 1739 837 1771 nostri
863 1749 930 1781 pro-

199 1791 308 1835 positi.
342 1791 433 1830 Quod
470 1796 505 1823 ut
528 1791 640 1824 leviori
672 1791 783 1823 labore
816 1792 929 1834 exequi

199 1844 339 1884 valeant,
357 1844 499 1876 habeant
518 1843 579 1886 ipsi
598 1843 722 1886 priores
744 1844 851 1877 claves
868 1854 931 1876 om-

198 1897 287 1929 nium
312 1898 466 1930 cellarum
491 1897 725 1930 monachorum
750 1902 781 1929 et
805 1907 931 1930 conver-

198 1959 318 1990 sorum,
346 1950 395 1982 vel
418 1959 515 1982 unam
539 1949 749 1991 singularem,
777 1960 859 1992 quae
885 1950 931 1982 di-

198 2006 265 2035 etas
289 2003 387 2035 cellas
411 2002 546 2044 aperiat.
573 2002 659 2034 Alias
683 2012 758 2034 vero
776 2012 864 2035 seras
887 2003 932 2035 di-

199 2060 323 2087 ctarum
347 2056 500 2087 cellarum
521 2054 674 2087 damnent
691 2059 723 2086 et
739 2055 930 2087 auferendas

199 2107 372 2150 diligenter
396 2112 428 2140 et
443 2106 583 2139 fideliter
603 2112 730 2139 curent.
749 2107 787 2139 Et
805 2107 830 2140 si
849 2117 931 2150 quos

232 2196 262 2228 α)
280 2194 333 2222 Ista
351 2194 373 2222 si
393 2203 446 2222 non
466 2195 532 2221 liunt
550 2194 640 2222 animo
659 2195 810 2222 occultandi
828 2199 874 2222 aut
888 2203 931 2222 re-

198 2238 310 2273 tinendi,
329 2239 377 2266 sed
396 2239 484 2266 animo
504 2238 659 2266 declarandi
678 2243 705 2266 et
723 2239 773 2265 sub
799 2247 846 2274 spe
865 2239 930 2266 rati-

198 2282 354 2316 habitionis,
374 2282 501 2309 dicuntur
526 2286 629 2309 tantum
654 2290 702 2317 pro
729 2282 807 2309 modo
837 2283 930 2318 culpae

199 2326 342 2361 punienda,
362 2327 425 2362 quia
444 2334 496 2353 non
516 2325 618 2353 habent
643 2326 785 2361 qualitates
811 2327 929 2362 proprie—

197 2370 259 2397 tatis
277 2370 431 2405 completas.

233 2415 260 2447 b)
279 2413 378 2441 EAdem
396 2414 482 2441 forma
501 2413 670 2441 discretionis
688 2415 726 2441 uti
746 2414 846 2442 debent
860 2415 930 2450 prio-

197 2465 242 2484 res
260 2457 332 2485 circa
350 2458 488 2485 materiam
509 2458 561 2485 voti
581 2459 756 2493 paupertatiS‚
776 2467 845 2494 quae
861 2468 930 2487 eom-

198 2501 339 2528 mendatur
357 2501 410 2528 illis
430 2501 501 2528 circa
520 2505 611 2528 votum
630 2502 811 2536 obedientiae,
827 2512 885 2539 cap.
900 2510 930 2531 111

198 2553 274 2572 num.
294 2553 325 2572 11.
345 2546 410 2573 Cum
430 2545 456 2572 in
475 2549 590 2581 utroque
609 2547 642 2572 sit
657 2554 704 2581 par
721 2547 788 2573 ratio
807 2547 929 2582 periculi,

197 2589 308 2618 servatis
327 2593 417 2618 tamen
437 2590 480 2625 iis,
500 2597 568 2625 quae
588 2589 631 2617 hic
649 2590 720 2618 dicta
739 2594 810 2618 sunt.

984 314 1116 354 habere,
1141 314 1260 347 aeriter
1284 325 1339 348 eos
1365 315 1501 358 puniant
1525 327 1585 359 pro
1615 318 1713 350 modo

982 367 1095 409 culpae
1120 372 1152 399 et
1175 368 1378 410 suspicionis.

1026 429 1093 452 vni.
1120 419 1236 452 Omnes
1270 425 1332 453 tam
1369 421 1477 454 clerici
1514 433 1608 466 quam
1639 424 1711 457 laici

981 471 1117 513 professi
1143 477 1295 505 tenentur
1318 484 1377 507 suo
1408 475 1507 517 priori
1536 477 1711 509 ostendere

981 528 1012 554 et
1037 524 1104 555 eius
1132 525 1282 557 voluntati
1300 536 1464 569 exponere
1483 528 1637 571 quidquid
1656 529 1698 561 ha

980 575 1059 607 bcnt
1085 576 1115 608 in
1141 577 1230 609 cellis
1258 578 1306 610 vel
1332 579 1417 619 alibi,
1445 581 1572 622 quoties
1593 581 1712 614 fuerint

980 627 1018 659 ab
1044 638 1081 660 eo
1107 629 1264 671 requisiti.
1299 630 1335 662 Et
1365 631 1425 663 hoc
1450 632 1535 665 idem
1559 644 1619 676 per
1643 645 1711 667 on]—

980 691 1031 712 n1a
1056 682 1202 714 conversi
1229 688 1398 716 teneantur
1429 686 1531 719 facere
1557 698 1712 730 procura-

981 734 1052 766 tori.
1080 733 1138 771 Qui
1163 746 1237 767 vero
1270 742 1440 770 contumax
1467 740 1498 771 in
1525 742 1709 783 praemissis

980 785 1090 825 fuerit,
1116 788 1165 819 vel
1191 788 1217 819 si
1243 789 1365 831 aliquid
1391 790 1514 824 eisdem
1540 794 1708 834 celaverit,

978 843 1013 869 ut
1036 839 1269 880 proprietarius
1290 842 1452 883 puniatur.

1022 899 1064 922 ix.
1091 890 1231 933 Singulis
1256 898 1363 925 autem
1389 895 1480 927 annis
1505 907 1522 928 a
1539 896 1711 931 Circumci-

977 941 1066 974 sione
1104 954 1205 986 usque
1237 945 1276 977 ad
1301 945 1602 990 Quinquagesimam
1636 962 1711 984 con-

979 995 1057 1026 versi
1084 998 1295 1038 procuratori,
1315 1001 1466 1032 monachi
1490 1012 1565 1035 vero
1583 1014 1600 1035 a
1617 1003 1710 1041 Quin-

978 1048 1159 1089 quagesima
1184 1060 1284 1093 usque
1310 1052 1347 1084 ad
1374 1053 1489 1087 Ramos
1514 1055 1706 1097 Palmarum,

977 1100 1131 1143 quidquid
1151 1102 1279 1143 liabent,
1298 1106 1479 1145 ostendant,
1499 1112 1530 1139 et
1547 1115 1710 1151 exponant

976 1154 1129 1186 voluntati
1155 1155 1383 1197 praesidentis.

1019 1216 1048 1237 x.
1077 1206 1187 1247 Porro,
1209 1208 1247 1240 ad
1272 1210 1499 1251 perfectiorem
1525 1213 1709 1256 extirpatio-

976 1268 1047 1291 nem
1072 1259 1140 1292 vitii
1171 1262 1379 1303 proprietatis
1396 1290 1403 1302 ‚
1430 1269 1547 1297 statuto
1580 1266 1708 1300 Irrefra-

975 1311 1071 1352 gabin
1098 1312 1284 1345 ordinamus
1306 1315 1546 1359 utquieumque
1562 1319 1707 1353 subditus

975 1364 1151 1397 monachus
1181 1366 1229 1397 vel
1266 1376 1440 1399 conversus
1474 1369 1595 1402 crunon
1633 1372 1707 1404 furti

974 1417 1021 1448 vel
1046 1417 1250 1450 alienationis
1274 1420 1540 1454 commiseritseu
1563 1425 1709 1466 proprie-

974 1469 1070 1501 tarius
1092 1470 1186 1503 fuerit
1203 1471 1250 1513 (a)
1269 1473 1351 1504 ultra
1367 1474 1506 1506 valorem
1525 1475 1618 1507 trium
1636 1487 1708 1519 par-

974 1532 1085 1555 vorum
1105 1524 1283 1556 solidorum
1302 1527 1530 1566 turonensium,
1550 1528 1603 1570 qui
1622 1539 1708 1562 nunc

974 1575 1011 1607 ad
1039 1576 1180 1609 valorem
1205 1577 1317 1619 viginti
1343 1579 1488 1622 quinque
1506 1581 1623 1613 assium
1641 1583 1707 1623 gal-

974 1628 1110 1661 licorum
1125 1630 1303 1663 ascendunt
1317 1631 1366 1674 (')‚
1386 1636 1418 1664 et
1434 1632 1512 1665 illud
1531 1643 1588 1666 suo
1603 1635 1706 1676 priori

1007 1709 1036 1740 α)
1056 1708 1209 1743 Proprietas
1228 1717 1242 1735 a
1261 1709 1330 1736 furto
1353 1710 1524 1745 distinguitur
1546 1712 1572 1738 in
1588 1720 1619 1739 eo
1635 1713 1706 1747 quod

973 1753 1120 1780 monachus
1139 1754 1172 1780 sit
1193 1762 1240 1788 per
1258 1762 1316 1781 eam
1336 1754 1442 1790 iniquus
1463 1763 1610 1790 possessor,
1627 1757 1706 1783 etiam

973 1806 1063 1824 rerum
1083 1798 1134 1824 sibi
1153 1798 1310 1825 donatarum
1332 1803 1377 1825 aut
1403 1807 1599 1826 concessorum.

1008 1844 1034 1873 ⁶)
1055 1843 1205 1870 Ordinatio
1231 1843 1304 1869 anni
1330 1850 1469 1870 niuntxxix.
1494 1855 1503 1869 «z
1529 1844 1560 1871 Ut
1581 1845 1705 1872 mandato

972 1886 1049 1913 Sedis
1069 1887 1238 1921 Apostolicae
1262 1887 1497 1921 obtemperemus,
1518 1888 1550 1914 ad
1575 1888 1707 1915 tollendas

972 1930 1142 1958 difficultates
1162 1939 1231 1966 quae
1259 1931 1312 1957 iam
1342 1931 1442 1966 pluries
1462 1936 1488 1958 et
1514 1941 1599 1967 nuper
1618 1936 1706 1960 motae

972 1980 1032 2001 sunt
1052 1979 1145 2002 contra
1163 1980 1217 2002 tres
1237 1983 1332 2010 parvos
1351 1976 1450 2003 solidos
1470 1980 1639 2010 turonenses,
1660 1977 1706 2011 qui

973 2020 1085 2046 materia
1113 2019 1281 2054 proprietatis
1301 2023 1327 2045 et
1345 2020 1628 2047 excommunicationis
1647 2029 1706 2047 esse

972 2063 1154 2090 decernuntur
1173 2063 1197 2089 in
1217 2064 1337 2097 statutis,
1364 2068 1457 2090 contra
1477 2065 1547 2099 quod
1574 2065 1706 2099 allegatur

972 2108 1089 2135 valorem
1110 2108 1283 2142 pecuniarum
1303 2116 1373 2134 nunc
1392 2107 1528 2134 diversum
1549 2116 1607 2135 esse
1626 2116 1641 2135 a
1661 2117 1705 2136 va-

971 2152 1038 2185 lore,
1060 2160 1111 2187 quo
1127 2151 1339 2178 aestimabantur
1353 2159 1422 2178 anno
1437 2158 1583 2179 mccccxvm
1596 2153 1706 2187 quando

971 2204 1076 2223 summa
1094 2196 1138 2222 illa
1157 2198 1310 2230 praetaxata
1328 2199 1369 2222 est
1387 2195 1413 2221 in
1433 2197 1500 2222 nova
1519 2196 1635 2223 editione
1650 2201 1705 2224 sta·

971 2243 1088 2267 tutorum
1103 2244 1165 2266 tunc
1179 2239 1308 2274 temporis
1327 2239 1406 2272 facta,
1422 2247 1453 2266 ae
1472 2240 1583 2274 proinde
1599 2240 1625 2266 id
1641 2249 1704 2276 sup-

971 2283 1058 2318 putari
1076 2283 1187 2316 debere,
1207 2283 1275 2309 sicut
1293 2282 1346 2309 iam
1365 2282 1537 2309 observatum
1553 2292 1611 2310 esse
1627 2287 1704 2319 puta-

972 2331 1023 2363 tur,
1044 2331 1074 2354 ut
1095 2330 1183 2362 patet,
1204 2335 1235 2354 ex
1254 2327 1367 2353 materia
1387 2326 1496 2353 huiusce
1520 2328 1702 2362 proprietatis,

972 2380 1039 2406 quae
1060 2371 1092 2398 ad
1112 2370 1253 2398 duodecim
1273 2370 1397 2397 denarios
1417 2370 1442 2396 in
1463 2370 1578 2406 antiquis
1596 2372 1704 2398 statutis

972 2417 1042 2443 eirca
1056 2423 1154 2442 annum
1169 2420 1264 2441 mccmx
1278 2414 1357 2440 editis
1376 2413 1485 2440 delinita
1503 2418 1553 2449 est,
1570 2418 1596 2442 et
1611 2420 1705 2450 postea

971 2461 997 2486 in
1017 2458 1243 2493 subsequentibus
1262 2458 1380 2492 praefato
1400 2466 1470 2485 anno
1486 2465 1633 2485 mccctxvul
1648 2459 1705 2486 edi·

971 2505 1004 2530 tis
1023 2503 1054 2530 ad
1075 2508 1132 2529 tres·
1147 2502 1246 2529 solidos
1265 2501 1381 2528 deducta
1400 2505 1455 2534 est3
1482 2509 1511 2528 re
1530 2502 1575 2528 illa
1595 2511 1609 2528 a
1629 2502 1703 2537 eapi-

971 2548 1025 2574 tulo
1044 2546 1162 2582 generali
1182 2546 1325 2580 diligenter
1344 2545 1501 2575 examinata,
1518 2549 1544 2572 et
1559 2549 1703 2581 supputato

971 2599 1060 2618 rerum
1079 2590 1213 2618 venalium
1233 2592 1260 2617 et
1278 2589 1450 2625 pecuniarum
1472 2590 1576 2618 valore.
1592 2597 1703 2616 concor-

1611 205 1674 239 843
1720 216 1768 244 Αη,
1784 217 1812 243 c.
1835 216 1903 243 1088
