2111 3157
31 190 79 212 nn.
102 188 132 211 t„
152 185 218 212 1679

53 506 138 533 Species
153 507 208 528 sacti.

263 234 421 279 dandique
443 236 493 269 ius
519 237 708 270 electionum
729 242 757 271 et
776 249 949 281 prueroqa-

264 289 344 324 tinas
356 289 565 323 redeuntibus
581 291 623 323 acl
635 290 946 334 Conqreyationem'.

403 379 596 407 Innocentius
616 380 694 413 Papa
713 380 748 406 xl
760 401 766 411 ,

362 424 397 450 ad
417 424 547 451 futuram
567 424 610 451 rei
630 423 809 451 memoriam.

262 505 276 547 ἓ
294 504 325 537 1.
347 504 469 547 Exponi
487 504 580 536 nobis
596 514 700 546 nuper
712 503 858 536 fecerunt
874 503 949 536 dile-

219 558 261 589 cti
279 557 334 590 filii
353 557 502 600 superior
518 556 680 598 generalis
708 562 740 589 et
764 556 946 599 presbyteri

217 609 947 651 CongregationisMissionis‚quod‚cumaliiis,

216 663 365 695 videlicet
389 662 440 695 die
463 673 541 695 xviii
560 662 694 694 ianuarii
720 672 892 699 iiiuctxxui,
913 662 943 692 in

216 720 374 748 conventu
391 715 534 757 generali
553 715 655 747 dictae
671 714 946 755 Congregationis,

217 766 270 809 qui
296 772 371 799 tunc
395 766 582 805 habebatur,
609 766 810 809 propositum
836 767 947 798 suisset

217 819 368 852 dubium:
396 820 442 851 An
467 829 531 857 eos,
559 819 623 861 qui,
645 825 715 861 post
734 818 849 851 emissa
874 824 947 850 vota

217 871 340 914 egressi
374 882 410 904 ex
447 872 559 904 eadem
584 870 848 913 Congregatione,
876 882 946 903 cum

217 924 460 966 dispensatione
469 928 584 966 postea
596 924 835 965 regrediuntur,
851 934 947 966 opor-

216 982 282 1009 teat
306 976 412 1009 denuo
436 976 603 1009 biennium
628 976 660 1008 in
678 971 871 1015 sentinam»,
893 987 947 1008 an-

218 1034 344 1072 tequam
378 1029 417 1062 ad
452 1035 524 1061 vota
556 1029 818 1067 admitterentur,
855 1030 945 1061 nullo

217 1087 352 1125 excepto
370 1109 378 1122 ‚
413 1082 564 1124 exigere;
606 1088 800 1124 praeterea:
836 1081 944 1113 Utrum

217 1134 301 1173 anni,
331 1135 369 1167 ad
395 1134 622 1177 deputationes
652 1140 745 1176 atque
768 1134 945 1166 electiones

216 1185 373 1229 requisiti,
395 1196 411 1218 a
428 1186 511 1218 votis
525 1186 763 1228 posterioribus
778 1192 899 1218 tantum
915 1185 945 1217 in
967 1203 968 1206 =

216 1238 279 1272 fine
299 1238 421 1271 biennii
436 1243 702 1281 postregressum
721 1238 843 1270 emissis
861 1249 946 1270 com-

216 1290 348 1334 putandi
360 1295 474 1330 essent,
485 1291 571 1322 nulla
580 1290 687 1322 habita
698 1291 822 1322 ratione
832 1290 947 1333 prioris

217 1343 371 1386 temporis
396 1343 428 1375 in
453 1343 710 1384 Congregatione
736 1348 807 1375 ante
844 1353 948 1384 egres—

216 1406 287 1429 sum
303 1396 474 1428 transacti:
502 1396 635 1428 remissa
658 1395 716 1427 suit
737 1396 775 1427 ad
799 1395 883 1427 diem
901 1406 948 1428 sc-

217 1454 368 1492 quentem
386 1448 555 1481 dubiorum
574 1448 758 1481 huiusmodi
776 1448 945 1481 resolutio:

216 1513 320 1545 eoque
347 1502 396 1535 die
421 1502 558 1545 repetita
583 1501 725 1544 desuper
758 1502 947 1533 tractatione

216 1555 339 1598 placuit
363 1555 546 1595 conventui,
566 1560 609 1593 ut,
627 1555 665 1587 ad
684 1554 859 1587 tollendam
884 1565 949 1587 om-

217 1618 291 1641 nem
316 1607 519 1646 dubietatem,
539 1617 555 1639 a
579 1606 661 1639 Sede
686 1607 870 1649 Apostolica
890 1617 948 1649 pro

217 1660 386 1704 superiore
419 1660 564 1701 generali
591 1659 694 1692 dictae
720 1659 950 1701 Congregatio-

217 1713 267 1746 nis
303 1718 472 1756 peteretur
504 1713 648 1752 facultas,
667 1712 785 1755 primo,
819 1712 950 1754 dispen-

217 1766 307 1798 sandi
333 1775 369 1798 ex
396 1770 462 1798 toto
487 1767 535 1797 vel
560 1776 597 1797 ex
622 1770 712 1808 parte
749 1764 781 1796 in
807 1768 950 1807 praelato

216 1818 348 1851 biennio
374 1829 445 1851 cuin
466 1818 542 1858 illis,
565 1818 603 1850 ad
627 1828 764 1860 quorum
786 1817 950 1860 probatio-

218 1881 291 1904 nem
316 1871 379 1904 hoc
404 1876 530 1913 tempus
556 1870 773 1903 necessarium
798 1880 862 1902 non
881 1880 949 1902 esse
971 1881 972 1888 ¹

218 1922 391 1963 iudicaret;
410 1923 537 1963 deinde,
552 1922 742 1955 restituendi
757 1922 888 1954 omnino
903 1923 951 1954 vel
972 1927 973 1938 ¹

219 1975 333 2018 partim
358 1975 390 2007 in
419 1975 465 2007 ius
491 1976 738 2018 deputationum
764 1980 858 2018 atque
887 1976 973 2008 cle-1

219 2028 362 2061 ctionum
389 2034 452 2060 tam
485 2028 660 2060 activarum
693 2039 786 2071 quam
812 2028 952 2070 passiva-

220 2090 300 2121 rum,
332 2080 472 2123 aliasque
498 2080 745 2122 praerogativas,
778 2080 863 2119 illos,
897 2081 949 2123 qui

220 2144 278 2176 per
303 2134 506 2176 antiquorum
527 2139 676 2166 votorum
700 2134 950 2166 dissolutionmn

220 2197 256 2219 co
288 2186 490 2226 exciderant;
524 2187 566 2218 ita
602 2192 708 2218 tzunen
733 2192 767 2218 ut
802 2187 952 2229 superior

256 2258 266 2282 1
301 2255 508 2283 constitutiones
524 2255 602 2282 buius
616 2256 833 2290 congregationis
853 2256 952 2283 contir—

221 2304 307 2327 malae
326 2300 435 2327 suerunt
454 2309 468 2326 a
489 2301 571 2327 tLlem.
593 2300 623 2326 X.
645 2301 757 2327 Constit.
782 2308 818 2333 iv,
839 2301 890 2335 (al.
913 2302 951 2336 5),

220 2352 288 2379 quae
314 2343 408 2378 incipit
432 2343 480 2370 Em
505 2344 634 2371 iniuncto
661 2344 742 2371 nobis
769 2345 842 2379 [tom.
871 2351 951 2377 xviii,

220 2395 281 2423 pag.
303 2386 364 2420 35),
388 2391 414 2413 et
434 2387 546 2413 Constit.
568 2395 603 2413 xu
624 2388 673 2417 (al.
697 2387 740 2420 13)
767 2396 835 2422 quae
862 2387 953 2422 int-ipit

220 2431 302 2459 Alitis
321 2430 414 2465 felicis
429 2431 638 2458 recordatiouis
648 2432 724 2465 (tom.
738 2437 810 2464 xviii,
823 2440 882 2466 pag.
897 2432 952 2466 (30),

221 2483 275 2509 qua
301 2478 428 2501 statutum
449 2474 515 2507 funt,
536 2482 551 2501 a
576 2476 684 2501 Summo
706 2474 834 2501 Pontilice
863 2479 889 2501 et
909 2484 953 2501 su-

222 2518 326 2554 periore
349 2518 467 2552 generati
493 2518 632 2544 dumtaxat
651 2519 807 2545 commutari
834 2523 877 2545 aut
898 2519 952 2545 dis-

221 2561 287 2589 solvi
304 2570 380 2596 posse
396 2566 455 2589 vota
470 2562 495 2588 in
511 2562 602 2589 endem
619 2562 827 2598 Congregatione
843 2564 951 2590 emissa.

308 2615 387 2644 Bucl.
408 2616 491 2645 Rom.
508 2632 540 2636 —-
560 2617 621 2645 Vol.
638 2617 714 2646 XIX.
861 2617 896 2644 23

808 190 1019 215 lNNOCENTIL'S
1042 191 1071 215 XI
1097 191 1145 215 PP.

1624 181 1687 214 ¹177

991 239 1151 280 generalis
1176 249 1281 282 neque
1309 240 1512 283 dispensaret
1542 249 1646 282 neque
1675 249 1724 270 re-

991 291 1136 324 stitueret
1158 291 1218 325 nisi
1244 292 1283 324 de
1308 303 1463 325 consensu
1489 302 1619 324 suorum
1646 291 1725 323 assi-

991 344 1143 377 stentium
1174 345 1212 377 ad
1247 346 1342 388 plura
1372 345 1542 377 medietate
1573 343 1726 385 suffragia

991 407 1063 428 eum
1088 399 1143 429 sua
1168 397 1266 440 ipsius
1291 398 1524 440 praerogativa.
1553 397 1657 435 Quare
1677 408 1726 429 ex-

991 454 1150 491 ponentes
1176 450 1330 492 praedicti
1348 450 1443 483 nobis
1464 450 1630 483 humiliter
1648 461 1725 493 sup-

990 502 1102 544 plicari
1121 503 1268 535 fecerunt
1292 509 1327 535 ut
1350 503 1382 535 in
1400 503 1583 546 praemissis
1606 513 1725 546 oppor-

968 555 970 570 ¹
992 559 1066 586 tune
1084 555 1252 597 providere
1272 556 1311 588 de
1334 555 1529 598 benignitate
1547 556 1723 599 apostoliea

990 606 1206 648 dignaremur.

1032 660 1047 701 g
1072 659 1102 692 ⁶2.
1125 660 1188 693 Nos
1208 660 1315 702 igitur,
1333 661 1507 703 specialem
1529 662 1606 704 ipsis
1625 672 1724 705 expo-

990 712 1139 745 nentibus
1163 713 1297 754 gratiam
1324 713 1428 745 facere
1450 715 1603 753 volentes,
1622 720 1654 746 et
1671 724 1723 746 eo-

989 776 1058 797 rum
1078 765 1257 807 singulares
1282 776 1436 808 personas
1457 777 1474 798 a
1491 767 1653 810 quibusvis
1671 778 1723 799 ex-

989 818 1296 858 communicationis,
1324 819 1549 861 suspensionis
1575 825 1606 852 et
1629 820 1723 852 inter·

990 870 1079 910 dieti,
1105 871 1242 913 aliisque
1276 871 1505 904 ecclesiasticis
1537 872 1719 912 sententiis,

990 924 1133 956 censuris
1147 930 1178 956 et
1194 925 1318 966 poenis,
1337 935 1353 956 a
1371 924 1438 957 iure
1457 926 1505 958 vel
1524 925 1562 957 ab
1581 925 1722 965 bomine,

990 976 1099 1019 (plavis
1124 977 1295 1009 occasione
1314 978 1362 1009 vel
1380 979 1475 1009 causa
1499 978 1582 1017 latis,
1610 978 1634 1009 si
1654 978 1725 1021 qui-

990 1028 1048 1059 bus
1085 1028 1331 1071 quomodolibet
1365 1028 1538 1061 innodatae
1565 1029 1723 1069 existunt,

989 1080 1027 1112 ad
1053 1080 1200 1113 effectum
1225 1081 1446 1123 praesentium
1465 1082 1630 1114 dumtaxat
1649 1093 1725 1114 con·

989 1133 1200 1174 sequendum,
1225 1134 1339 1165 barum
1361 1134 1443 1166 serie
1469 1134 1672 1167 absolventes
1694 1140 1726 1167 «ει

990 1186 1151 1217 absolutas
1169 1186 1235 1218 sore
1250 1191 1431 1225 censentes,
1448 1186 1632 1219 huiusmodi
1652 1198 1726 1229 sup-

990 1237 1218 1279 plicationibus
1236 1238 1390 1277 inclinati,
1410 1239 1553 1281 praefato
1568 1240 1725 1272 moderno

990 1295 1020 1321 ct
1043 1299 1100 1331 pro
1128 1296 1274 1332 tempore
1305 1291 1454 1323 existenti
1487 1291 1646 1334 superiori
1671 1303 1727 1333 gc-

991 1342 1090 1374 nerali
1108 1342 1209 1375 dictae
1231 1342 1509 1385 Congregationis,
1530 1349 1575 1383 ut,
1594 1345 1632 1377 de
1651 1355 1727 1376 con-

990 1405 1084 1426 sensu
1128 1406 1260 1428 suorum
1301 1396 1516 1429 assistentium
1556 1397 1594 1429 ad
1630 1397 1726 1439 plura

991 1447 1161 1480 medietate
1180 1447 1330 1491 suffragia
1350 1459 1421 1480 cum
1440 1451 1499 1481 sua
1516 1448 1615 1492 ipsius
1637 1460 1726 1492 prae-

992 1499 1155 1542 rogativa,
1182 1501 1265 1540 illis,
1292 1501 1345 1544 qui
1384 1507 1459 1544 post
1497 1502 1614 1534 emissa
1655 1508 1726 1535 vota

991 1553 1155 1596 praedicta
1165 1565 1200 1586 ex
1214 1555 1324 1587 eadem
1334 1554 1590 1597 Congrcgatione
1604 1555 1726 1597 egressi

993 1606 1112 1638 suerint
1136 1613 1170 1638 ut
1195 1608 1387 1649 praefertur,
1414 1614 1445 1640 et
1469 1607 1604 1640 subinde
1630 1608 1667 1640 ad
1690 1607 1727 1640 it-

992 1660 1054 1691 lam
1079 1659 1244 1699 redierint,
1270 1660 1438 1693 biennium
1461 1660 1638 1701 seminarii,
1661 1661 1726 1693 sive

992 1722 1094 1745 novae
1120 1713 1321 1756 probationis
1353 1714 1549 1753 huiusmodi,
1567 1713 1598 1745 in
1625 1719 1727 1747 totum

992 1766 1039 1798 vel
1065 1772 1250 1809 proparte,
1281 1771 1376 1809 prout
1409 1767 1587 1799 secundum
1622 1767 1727 1800 datam

993 1818 1054 1850 sibi
1080 1828 1096 1850 a
1121 1818 1255 1851 Domino
1280 1819 1484 1861 prudentiam
1511 1819 1662 1862 expedire
1681 1819 1728 1851 iu-

994 1871 1156 1911 dicaverit,
1187 1871 1376 1903 auctoritate
1410 1875 1521 1904 nostra
1547 1873 1727 1914 apostolica

995 1924 1170 1963 remittere,
1198 1934 1255 1955 seu
1280 1924 1419 1967 desuper
1436 1935 1508 1956 cum
1527 1924 1590 1957 illis
1609 1936 1728 1968 oppor-

996 1982 1070 2008 tune
1099 1976 1299 2019 dispensare,
1326 1987 1361 2008 ac
1387 1977 1482 2009 etiam
1516 1977 1589 2009 illos
1615 1977 1654 2010 ad
1679 1977 1728 2010 ius

995 2029 1241 2071 deputationum
1286 2034 1382 2072 atque
1424 2029 1620 2063 electionum
1663 2037 1727 2063 tam

995 2084 1169 2114 activarum
1206 2093 1301 2125 quam
1341 2082 1547 2125 passivarum,
1584 2083 1728 2127 aliasque

994 2134 1242 2177 praerogativas,
1268 2134 1382 2177 quibus
1400 2139 1473 2167 ante
1492 2145 1603 2168 eorum
1622 2146 1730 2178 egres-

994 2198 1062 2219 sum
1087 2187 1285 2225 fruebantur,
1312 2187 1444 2220 omnino
1469 2188 1517 2220 vel
1541 2188 1658 2230 partim
1684 2189 1731 2222 di-

994 2242 1043 2272 cta
1067 2240 1257 2273 auctoritate
1276 2239 1445 2272 restituere
1464 2245 1495 2273 et
1519 2240 1728 2283 reintegrare,

995 2293 1107 2333 libere,
1132 2293 1218 2326 licite
1244 2298 1275 2325 et
1297 2293 1400 2325 valide
1426 2293 1531 2336 possit
1556 2299 1586 2326 et
1610 2295 1727 2334 valeat,

995 2356 1227 2389 quamcumque
1264 2345 1481 2378 necessariam
1512 2351 1543 2379 et
1573 2352 1731 2390 opportu-

996 2410 1067 2431 nam
1093 2399 1286 2438 facultatem,
1313 2398 1427 2430 eadem
1457 2399 1660 2440 auctoritate,
1684 2404 1730 2431 te-

995 2462 1072 2484 nore
1097 2450 1333 2493 praesentium,
1361 2450 1533 2484 tribuimus
1559 2456 1590 2485 et
1614 2452 1732 2496 impar-

998 2509 1104 2536 [imur.

1039 2556 1053 2599 ἓ
1076 2556 1106 2605 3.
1134 2555 1351 2590 Decerncntes
1384 2557 1511 2591 easdem
1536 2563 1728 2602 praesentes

1733 189 1781 215 An.
1799 190 1829 217 C.
1850 189 1915 215 1679

1790 668 1918 690 Concedunt·

1733 695 1789 715 dicto
1813 696 1915 721 superiori

1733 723 1755 741 ut
1769 724 1833 747 queat
1848 724 1917 740 ι-..ιηί-

1734 750 1778 767 tnre
1795 750 1873 772 partem
1885 748 1917 766 vel

1734 776 1798 793 tntum
1810 774 1916 792 seininarii

1734 800 1847 822 biennium.
1863 802 1918 818 sicut

1735 828 1754 845 el·
1770 826 1815 845 iura
1836 828 1855 844 et
1875 832 1917 849 pri-

1734 852 1810 876 vilegia
1820 854 1916 871 resume-

1734 884 1755 897 re
1789 878 1917 902 presbyteris

1734 904 1894 924 revertentibus.

1765 2564 1885 2587 Clausulas.
