2111 3157
10 190 59 218 Au.
79 188 107 215 C.
127 187 192 215 tow

35 456 152 477 Clausulas.

33 1603 188 1625 Contrariorum

8 1631 124 1657 derogatio,

62 2533 124 2557 Fides
139 2537 195 2558 tran·

11 2565 146 2589 nummorum.

777 188 988 212 INNOCENTIL'S
1011 189 1041 212 XI
1067 189 1115 212 PP.

201 246 253 268 sus
278 236 469 277 differentia,
502 237 560 277 uti,
587 237 647 269 frui
673 241 703 270 et
728 237 866 279 gaudere
891 236 928 268 li-

199 290 275 323 bere
300 296 331 323 et
355 290 441 324 licite
467 291 594 333 possint
612 296 643 322 et
662 291 798 328 valeant,
823 294 930 321 aucto-

199 343 292 376 ritate
331 343 519 386 apostoliea,
547 348 659 375 tenore
684 342 926 385 praesentium,

200 397 404 429 concedimus
429 402 462 429 et
485 396 704 438 indulgemus.

243 451 257 492 ,ξ
281 450 313 482 4.
339 450 556 482 Decernentes
583 449 712 481 easdem
742 452 928 490 praesentes

200 502 321 534 litteras
341 511 469 543 semper
492 500 608 540 firmas,
633 500 753 533 validas
784 500 928 532 efficaces

200 554 336 586 existere
361 558 393 585 et
417 553 495 591 sore,
527 562 668 594 suosque
700 551 863 594 plenarios
899 557 930 583 et

199 605 344 647 integros
369 604 498 637 etl'ectus
516 604 622 637 sortiri
647 604 686 636 ed
711 604 869 643 obtinere,
894 614 929 635 ac

198 657 275 696 illis,
302 657 340 689 ad
364 667 445 699 quos
477 661 599 698 spectat
629 661 661 688 et
691 666 749 698 pro
783 661 929 697 tempore

198 709 466 752 quandocumque
490 708 653 750 spectabit,
672 709 704 740 in
729 707 880 740 omnibus
901 712 931 739 ct

197 772 257 804 per
280 761 386 794 omnia
412 761 596 803 plenissime
628 759 796 802 suffragari
829 765 861 791 et
892 760 929 791 ab

198 814 245 846 eis
269 813 448 856 respective
483 812 712 845 inviolabiliter
743 811 927 850 observari,

198 866 306 908 sicque
331 865 362 897 in
396 864 585 907 praemissis
617 874 675 906 per
710 874 929 906 quoscumspu·

198 918 321 950 iudices
354 917 534 950 ordinarios
568 922 599 948 et
626 917 801 959 delegatos,
835 917 929 948 etiam

198 980 365 1002 causarum
397 969 506 1012 palatii
540 969 712 1011 apostolici
744 969 928 1008 auditores,

198 1032 234 1054 ac
257 1021 288 1054 S.
320 1022 356 1054 R.
387 1022 420 1054 E.
449 1021 635 1061 cardinales,
662 1022 755 1054 etiam
773 1022 811 1054 de
830 1023 931 1054 latere

198 1075 321 1116 legatos
346 1080 377 1106 et
412 1074 617 1116 Apostolicae
650 1074 739 1106 Sedis
769 1074 930 1116 praefatae

198 1127 344 1165 nuuciOS,
382 1126 503 1159 aliosve
538 1126 697 1168 quoslibet
729 1136 929 1168 quacumque

199 1178 454 1220 praeeminentia
480 1183 686 1220 etpotestate
707 1178 879 1220 fungentes
901 1184 931 1210 et

198 1231 376 1270 sune-turos,
404 1230 528 1262 sublata
553 1230 599 1262 eis
620 1235 777 1262 eteorum
799 1230 931 1262 cuilibet

199 1283 307 1325 quavis
333 1282 426 1314 aliter
449 1282 614 1315 iudicandi
639 1288 671 1314 et
694 1283 929 1325 interpretandi

197 1335 349 1368 facultate
374 1340 405 1366 et
430 1335 633 1373 auctoritate,
660 1335 796 1367 iudicari
822 1341 853 1368 et
877 1335 930 1367 de-

197 1387 284 1420 finiri
309 1387 451 1426 debere,
484 1398 520 1419 ac
553 1387 677 1420 irritum
709 1394 740 1420 et
771 1388 866 1421 inane
905 1388 928 1421 si

197 1450 290 1472 secus
311 1450 406 1482 super
430 1440 480 1471 his
506 1450 523 1472 a
548 1450 721 1482 quoquam,
741 1440 851 1483 quavis
876 1451 930 1473 au-

198 1493 357 1532 ctoritate,
379 1493 517 1525 scienter
540 1493 590 1525 rel
615 1492 813 1534 ignoranter,
829 1493 931 1526 conti-

200 1543 285 1586 gerit
308 1544 474 1576 attentari.

243 1596 258 1639 ξ
283 1596 313 1629 5.
339 1596 408 1629 Non
434 1597 638 1630 obstantibus
674 1596 787 1630 litteris
819 1608 931 1641 supra-

200 1649 303 1689 dictis,
315 1649 450 1692 aliisque
461 1650 743 1683 constitutionibus
757 1656 789 1683 et
805 1651 933 1684 ordina-

200 1703 343 1735 tionibus
373 1703 570 1745 apostolicis,
597 1714 642 1743 ac,
667 1709 827 1746 quatenus
852 1715 932 1747 opus

199 1755 250 1795 sit,
265 1755 503 1798 provinciarum
528 1761 558 1788 et
582 1756 709 1789 Ordinis
735 1757 930 1798 huiusmodi,

200 1808 337 1851 aliisque
348 1808 521 1851 quibusvis,
535 1809 630 1841 etiam
648 1809 838 1850 iuramento,
857 1821 931 1843 con-

199 1860 383 1894 firmatione
411 1862 598 1904 apostolica,
625 1864 673 1895 vel
699 1863 808 1906 quavis
833 1862 933 1896 firmi-

200 1918 265 1946 tate
288 1914 351 1947 alia
374 1915 557 1953 roboratis,
586 1915 710 1947 statutis
736 1921 767 1949 et
799 1927 933 1949 consuc-

200 1966 386 2006 tudinibus,
419 1966 600 2009 privilegiis
635 1978 773 2010 quoque,
798 1968 932 2001 indultis

200 2022 234 2050 et
249 2018 364 2051 litteris
387 2018 572 2061 apostolicis
586 2019 618 2051 in
632 2020 826 2053 contrarium
840 2031 934 2063 prac-

199 2070 370 2105 missorum
389 2072 637 2115 quomodolibet
660 2073 837 2113 concessis,
862 2084 933 2106 con-

199 2123 335 2157 firmatis
368 2129 400 2157 et
424 2124 605 2165 innovatisv,
638 2125 751 2168 quibus
784 2126 933 2159 omnibus

200 2182 233 2209 ct
266 2176 404 2219 singulis
420 2203 427 2216 ‚
454 2176 585 2209 illorum
605 2182 734 2210 tenores
760 2179 934 2221 praesenti-

199 2227 260 2262 bus
284 2240 345 2273 pro
376 2230 471 2273 plene
496 2235 528 2262 et
551 2230 750 2263 sufficienter
774 2232 934 2274 expressis

201 2287 234 2314 et
257 2282 387 2315 insertis
412 2282 586 2322 habentes,
618 2282 683 2315 illis
707 2283 785 2316 alias
809 2284 843 2317 in
875 2294 933 2317 suo

201 2335 321 2368 robore
345 2336 576 2379 permansuris,
611 2336 650 2368 ad
682 2337 934 2379 praemissorum

202 2386 364 2429 effectum,
382 2388 443 2421 hac
463 2388 532 2421 vice
559 2388 732 2429 dumtaxat,
751 2390 936 2432 specialiter

203 2445 236 2472 et
258 2451 411 2484 expresse
429 2441 635 2483 derogamus;
657 2441 838 2485 ceterisque
860 2453 936 2475 con-

204 2493 310 2526 trariis
335 2493 604 2537 quibuscumque.

249 2545 264 2589 g
287 2545 319 2579 6.
346 2546 498 2580 Volumus
528 2552 634 2580 autem
655 2552 690 2580 ut
716 2549 935 2591 praesentium

972 235 1196 278 transumptis,
1230 245 1285 268 seu
1318 234 1487 278 exemplis,
1513 233 1606 266 etiam
1643 233 1701 264 iin-

972 287 1115 330 prcssis,
1143 298 1238 320 mauu
1269 287 1400 320 alicuius
1425 286 1542 319 notarii
1579 285 1700 329 publici

971 339 1178 382 subscriptis,
1209 345 1240 372 et
1267 340 1375 382 sigillo
1403 349 1561 382 personae
1587 339 1619 370 in
1652 349 1703 370 ee-

972 391 1152 423 clesiastica
1172 392 1328 433 dignitate
1346 392 1538 425 constitutae
1560 390 1701 429 munitis,

973 443 1083 475 eadem
1122 454 1257 486 prorsus
1298 445 1376 476 sides
1416 449 1479 476 tam
1517 444 1549 475 in
1585 443 1702 475 iudicio

972 505 1066 537 quam
1093 500 1179 527 extra
1192 495 1269 527 illud
1287 496 1405 538 ubique
1423 497 1567 528 locorum
1585 495 1704 527 babea-

974 552 1032 586 tur,
1062 557 1144 589 quae
1172 548 1346 580 haberetur
1370 547 1446 590 ipsis
1477 548 1703 590 praesentibus

973 599 997 630 si
1024 599 1131 631 forent
1156 599 1318 632 exhibitae
1342 601 1392 632 vel
1418 606 1580 633 ostensae.

1015 651 1128 683 Datum
1142 652 1274 691 Romae,
1288 653 1372 695 apud
1387 652 1418 684 S.
1432 652 1568 690 Petrum,
1581 653 1641 685 sub
1653 662 1705 684 an-

973 704 1050 735 nulo
1069 703 1252 743 piscatoris,
1273 704 1323 737 die
1342 715 1360 737 x
1378 705 1513 737 ianuarii
1532 715 1704 744 ainctxxtx,

973 755 1183 798 pontificatus
1211 756 1314 788 nostri
1340 767 1426 789 anno
1447 767 1495 789 ιιι.

1008 816 1066 843 Dat.
1084 817 1127 844 die
1142 818 1176 844 10
1191 817 1304 844 ianuarii
1329 819 1405 850 1579,
1427 817 1520 852 pontis.
1541 826 1583 844 an.
1604 824 1642 844 111.

1315 958 1363 991 LI.

975 1035 1194 1076 &infirmatur
1211 1036 1368 1069 decretum
1388 1037 1420 1070 S.
1442 1037 1707 1079 Congyreqaeiom‘s

1016 1089 1164 1127 Rt'lmtm,
1187 1090 1281 1121 citius
1313 1091 1421 1131 ‘mpure
1446 1091 1481 1121 in
1516 1091 1633 1133 oppido
1669 1091 1707 1122 <le

1017 1140 1134 1178 ΛίιΙιιῐ,
1150 1142 1381 1183 Ampuricnm's
1401 1142 1563 1178 dioecesis,
1589 1143 1707 1184 fratres

1016 1193 1157 1225 Minores
1183 1194 1391 1227 Ula-errantes
1413 1195 1642 1236 praecedebant
1671 1195 1707 1226 z'n

1013 1247 1270 1288 processionibus
1295 1247 1500 1289 Cupuccinos.

1157 1326 1352 1353 Innocentius
1376 1326 1454 1359 Papa
1473 1327 1521 1358 XI,

1107 1369 1143 1395 ad
1164 1369 1297 1395 futuram
1318 1370 1362 1396 rei
1385 1371 1569 1397 memoriam.

1567 174 1653 208 ¹4:21
1703 183 1753 210 An.
1775 183 1804 210 c.
1824 183 1889 210 1070

1017 1439 1031 1482 ἓ
1049 1439 1079 1470 l.
1096 1439 1205 1482 Nuper
1226 1451 1242 1472 a
1263 1439 1521 1483 Congregationc
1542 1440 1707 1473 venerabi·
1727 1451 1899 1484 neemnnucgn-

1718 1481 1844 1503 ssri·>¹at==·nis
1862 1480 1875 1499 S

974 1492 1050 1524 lium
1068 1493 1200 1525 fratrum
1215 1500 1402 1526 nostrorum
1420 1494 1450 1527 S.
1464 1494 1545 1527 [LE.
1562 1486 1900 1528 cardina-0.-„..1...1‹.1.‚..J,'.

975 1545 1051 1577 lium
1066 1545 1164 1577 sacris
1181 1545 1295 1578 ritibus
1312 1547 1573 1589 praepositorum
1583 1558 1707 1580 emana-

975 1598 1019 1631 vit
1036 1599 1201 1631 deeretum
1223 1599 1344 1632 tenoris
1364 1600 1417 1642 qui
1437 1600 1596 1642 sequitur,
1614 1601 1705 1634 vide-

975 1651 1068 1683 licet:
1100 1664 1113 1682 α
1138 1651 1234 1684 Facta
1258 1652 1415 1685 relatione
1443 1663 1501 1695 per
1518 1653 1707 1685 emiuentis-

975 1704 1091 1736 simum
1117 1704 1282 1736 dominum
1314 1705 1512 1738 cardinalem
1543 1705 1707 1738 Sabellum

976 1761 1151 1799 ponentem
1183 1768 1296 1790 causae
1321 1758 1543 1800 Ampuriensis
1575 1769 1709 1800 pracce-

976 1809 1103 1842 dentiae
1128 1809 1161 1841 in
1186 1812 1274 1842 sacra
1299 1810 1426 1843 Rituum
1451 1810 1708 1853 Congregatione

976 1863 1015 1895 dc
1039 1863 1260 1895 controversia
1284 1874 1381 1907 super
1413 1864 1644 1906 praecedentia
1676 1864 1709 1895 in

976 1915 1238 1957 processionibus
1256 1916 1407 1949 vertentis
1427 1916 1512 1948 inter
1528 1917 1640 1949 fratres
1660 1916 1711 1948 Mi-

976 1978 1071 2000 nores
1097 1967 1310 2001 Observantes
1331 1979 1366 2000 ex
1385 1971 1447 2000 una
1464 1973 1495 2000 et
1511 1968 1710 2011 Capuccinos

977 2026 1066 2063 parte
1092 2031 1126 2054 ex
1153 2022 1265 2060 altera,
1299 2022 1457 2054 habentes
1490 2022 1601 2054 ambos
1635 2032 1711 2054 con—

975 2079 1103 2105 ventum
1122 2073 1153 2105 in
1172 2074 1293 2116 oppido
1319 2075 1357 2106 de
1383 2073 1477 2106 Nului
1497 2074 1528 2106 in
1549 2074 1708 2114 Sardinia,

976 2126 1199 2168 Ampuriensis
1225 2126 1395 2166 dioecesis,
1415 2125 1462 2159 et¹
1489 2127 1600 2160 cadem
1620 2138 1711 2159 sacra

975 2177 1199 2220 Congregatio,
1225 2179 1341 2212 auditis
1367 2179 1442 2211 hinc
1466 2179 1539 2211 inde
1565 2179 1711 2222 partibus

976 2231 1008 2263 in
1034 2242 1110 2263 voce
1134 2237 1165 2264 et
1188 2231 1221 2263 in
1246 2231 1373 2274 scriptis
1397 2232 1519 2274 pluries
1537 2232 1711 2265 informan-

977 2284 1071 2324 tibus,
1097 2290 1128 2317 et
1152 2285 1325 2327 praecipue
1349 2295 1409 2328 pro
1434 2291 1526 2328 parte
1552 2286 1711 2318 lllinorum

977 2337 1230 2378 Observantium,
1251 2338 1425 2371 declaravit
1448 2339 1711 2381 praecedentiam

978 2389 1089 2423 deberi
1103 2390 1252 2422 fratribus
1265 2390 1440 2423 Minoribus
1450 2390 1710 2430 Observantibus,

979 2453 1016 2475 ex
1041 2453 1105 2485 quo
1123 2442 1335 2476 Observantes
1359 2448 1434 2475 sunt
1457 2443 1583 2486 priores
1609 2444 1641 2476 in
1659 2454 1711 2476 or-

980 2496 1053 2528 dine
1093 2495 1256 2539 qualitatis
1290 2501 1322 2529 et
1357 2496 1603 2539 approbationis
1635 2506 1711 2539 apo-

1018 2559 1027 2585 1
1050 2556 1188 2585 Coniunct.
1206 2560 1232 2586 εί
1248 2558 1336 2593 aptius
1355 2558 1537 2594 deleretur(n.
1555 2559 1603 2593 T.).
