2111 3157
208 196 255 224 su.
275 196 304 223 c.
330 196 395 223 1077
441 187 483 220 4⁹2

232 470 352 491 Clausulas.

402 246 546 286 tinentis,
571 245 609 279 ad
630 246 755 280 iudices
787 244 1023 280 ecclesiasticos
1050 251 1082 278 et
1101 246 1139 278 ad

402 298 432 331 S.
447 299 671 342 inquisitionis
692 299 838 332 Officium
858 299 1059 341 praedictum
1076 299 1142 342 pri-

401 352 504 385 vative
533 358 691 395 spectare,
715 352 828 384 eadem
853 351 1058 392 auctoritate,
1085 352 1141 384 ha-

401 414 472 437 rum
499 405 583 437 serie
616 410 643 436 et
671 409 763 437 motu
785 404 898 443 simili,
925 404 1138 437 declaramus.

445 458 460 501 §
485 457 516 491 3.
548 458 767 490 Det-eruentes
798 462 985 499 praesentes
1014 463 1141 489 nostras

402 511 527 543 litteras
550 516 578 543 ct
606 510 637 542 in
663 510 709 543 eis
734 515 886 543 contenta
907 520 1139 553 quaecumque,

401 564 496 596 etiam
519 574 556 596 cx
582 574 620 596 eo
647 563 735 606 quod
767 563 903 606 quilibet
928 563 960 595 in
986 563 1142 606 praemis-

401 625 444 648 sis
480 627 535 649 seu
558 627 669 649 eorum
695 617 804 659 aliquo
830 616 878 649 ius
906 618 956 649 vel
981 616 1140 649 interesse

399 669 561 702 habentes
578 680 633 701 seu
653 669 772 701 habere
791 669 1035 712 quomodolibet
1050 679 1142 712 prae-

399 722 581 761 tendentes,
608 721 747 754 cuiusvis
772 727 882 762 status,
904 722 1034 764 gradus,
1054 721 1141 754 ordi-

398 775 456 813 nis,
484 774 760 817 praeeminentiae
796 775 845 807 vel
883 775 1050 817 dignitatis
1080 774 1141 807 exi-

397 833 496 866 stant,
524 828 591 859 sive
623 828 701 860 alias
732 826 882 870 specifica
912 833 944 860 et
974 828 1140 862 individua

396 881 566 913 mentione
588 886 621 913 et.
645 881 856 923 expressione
874 881 971 924 digni,
990 881 1054 914 illis
1075 892 1138 914 non

400 933 636 973 consenserint,
656 943 714 966 nec
732 933 770 965 ad
796 944 833 965 ea
850 934 952 966 vocati
977 940 1009 967 et
1024 934 1137 974 auditi,

397 996 504 1029 neque
520 997 644 1026 causae,
659 991 791 1029 propter
805 997 883 1029 quas
898 987 1033 1020 eaedem
1046 997 1140 1030 prae-

397 1045 507 1072 sentes
534 1039 766 1079 emanaverint,
793 1040 962 1079 adductae,
994 1040 1140 1073 verifica-

397 1098 462 1130 tae,
487 1094 537 1125 vel
568 1092 767 1125 sufficienter
796 1098 852 1125 aut
878 1094 945 1126 ullo
974 1094 1071 1126 modo
1092 1093 1140 1125 iu-

398 1144 552 1177 stificatae
581 1145 698 1177 suerint
717 1172 724 1185 ,
751 1151 805 1177 aut
829 1157 865 1178 ex
898 1146 959 1179 alia
993 1146 1137 1189 qualibet

394 1199 493 1231 etiam
510 1199 716 1242 quantumvis
733 1199 871 1232 iuridica
888 1205 919 1232 et
935 1200 1138 1243 privilegiata

396 1254 502 1291 causa,
522 1253 644 1292 colore,
664 1257 832 1295 praetextu
853 1258 885 1285 et
900 1253 1014 1296 capite,
1042 1254 1136 1286 etiam

396 1305 430 1336 in
456 1315 596 1348 corpore
621 1305 698 1337 iuris
723 1306 852 1345 clauso,
879 1307 968 1339 nullo
993 1317 1136 1349 unquam

398 1362 544 1400 tempore
571 1358 609 1390 de
635 1358 854 1401 subreptionis
889 1359 938 1391 vel
974 1359 1137 1401 obreptio-

396 1410 446 1441 nis
477 1415 533 1442 aut
556 1410 714 1443 nullitatis
738 1411 833 1452 vitio,
861 1421 918 1443 seu
943 1411 1135 1444 intentionis

396 1468 524 1495 nostrae
559 1469 612 1495 aut
644 1463 799 1496 interesse
832 1464 1024 1496 habentium
1061 1475 1136 1497 con-

396 1527 511 1549 sensus
538 1517 639 1549 aliove
666 1518 812 1560 quolibet
841 1518 936 1550 etiam
966 1525 1136 1560 quantum-

395 1570 441 1601 vis
478 1580 596 1611 magno
633 1580 668 1601 ac
706 1570 830 1602 formali
867 1575 898 1601 et
931 1571 1134 1603 substantiali

396 1622 526 1654 defectu
549 1623 663 1661 notari,
690 1622 885 1665 impugnari,
912 1623 1058 1665 infringi,
1086 1635 1135 1656 re-

398 1676 543 1716 traetari,
564 1675 595 1708 in
614 1676 868 1709 controversiam
884 1677 1002 1717 vocari,
1026 1683 1079 1709 aut
1096 1679 1133 1710 ad

397 1729 551 1760 terminos
578 1728 654 1761 iuris
680 1729 798 1769 reduci,
819 1735 873 1761 seu
891 1730 1045 1762 adversus
1062 1730 1133 1763 illas

395 1781 587 1822 aperitionis
602 1782 677 1820 oris,
690 1782 905 1814 restitutionis
918 1783 949 1814 in
964 1782 1133 1825 integrum,

395 1833 522 1865 aliudve
549 1834 775 1877 quodcumque
794 1834 883 1874 iuris,
904 1835 976 1867 sacti
998 1836 1047 1868 vel
1067 1846 1135 1877 gra—

396 1885 457 1918 tiae
483 1886 662 1918 remedium
694 1887 845 1919 intentari
878 1888 927 1920 vel
960 1887 1133 1930 impetrari,

395 1945 445 1970 aut
473 1939 570 1971 etiarn
596 1945 684 1972 motu
709 1940 780 1982 pari
804 1945 836 1972 et
868 1940 907 1972 de
939 1941 1133 1983 apostolicae

394 1992 563 2035 potestatis
578 1992 783 2034 plenitudine
800 1992 896 2025 simili
912 2004 1066 2026 concesso
1085 1994 1134 2026 vel

395 2050 544 2077 emanato
567 2045 751 2087 quempiam
778 2045 809 2076 in
831 2045 949 2077 iudicio
973 2047 1022 2078 vel
1047 2052 1134 2079 extra

395 2098 474 2131 illud
503 2099 547 2130 uti
574 2109 631 2131 seu
657 2109 689 2131 se
716 2098 823 2131 iuvare
848 2099 915 2131 ullo
940 2099 1037 2132 modo
1063 2110 1135 2142 pos-

394 2162 437 2189 se,
465 2152 519 2184 sed
547 2151 631 2194 ipsas
656 2157 842 2194 praesentes
869 2162 998 2194 semper
1016 2152 1134 2190 firmas,

394 2204 514 2236 validas
551 2210 583 2236 et
618 2203 763 2237 efficaces
802 2204 941 2237 existere
978 2209 1009 2237 et
1045 2205 1131 2243 sore,

394 2267 533 2299 suosque
568 2257 733 2299 plenarios
770 2262 801 2289 et
836 2257 977 2299 integros
1003 2256 1133 2289 etl‘cctus

394 2309 504 2341 sortiri
531 2315 562 2341 et
587 2309 749 2349 obtinere,
769 2320 804 2342 ac
825 2310 865 2342 ab
891 2309 967 2350 illis,
993 2310 1032 2342 ad
1053 2321 1133 2353 quos
1154 2321 1156 2339 ι

394 2367 522 2404 spectat
547 2367 579 2394 et
602 2373 662 2405 pro
689 2368 836 2405 tempore
863 2364 1132 2406 quandocumque
1154 2392 1155 2401 ,

393 2416 562 2458 spectabit,
580 2415 811 2448 inviolabiliter
828 2421 859 2449 et
876 2416 1066 2449 inconcusse
1081 2417 1134 2449 ob-

393 2468 527 2510 servari,
547 2469 657 2511 sicque
679 2474 710 2501 ct
734 2479 798 2501 non
817 2468 910 2501 aliter
930 2469 961 2501 in
980 2470 1132 2512 praemis-

394 2522 437 2554 sis
463 2522 603 2561 censeri,
628 2528 723 2564 atque
750 2522 792 2553 ita
818 2533 876 2565 per
907 2533 1130 2566 quoscumque

393 2576 517 2609 iudices
553 2575 735 2609 ordinmios
772 2581 799 2605 ct
834 2576 1008 2618 delegatos,
1036 2576 1129 2608 ctiam

977 197 1157 222 BULLARIL'M
1180 198 1333 223 Romnum

1184 256 1355 279 causarum
1374 246 1484 290 palatii
1502 245 1611 290 palatii
1638 246 1808 290 apostolici
1835 246 1923 279 audi-

1184 304 1285 338 tores,
1312 309 1347 331 ac
1373 300 1519 332 eiusdem
1544 299 1575 333 S.
1603 301 1639 333 R.
1667 300 1700 332 E.
1730 300 1921 339 cardinales,

1184 351 1278 384 etiam
1305 352 1343 384 de
1368 353 1468 385 latere
1500 354 1625 395 legatos
1657 359 1689 386 et
1717 352 1922 396 Apostolicae

1184 405 1274 438 Sedis
1300 406 1484 448 praedictae
1510 406 1654 445 nuncios,
1681 406 1800 439 aliosve
1827 415 1924 448 quos-

1162 457 1265 491 ⁴libet
1290 469 1493 502 quacumque
1518 458 1778 502 praeeminentia
1803 469 1840 490 ac
1865 468 1923 500 po·

1185 516 1299 544 testate
1331 512 1501 554 fungentes
1531 517 1562 544 et
1593 512 1771 551 functuros,
1796 511 1923 543 sublata

1185 563 1230 595 eis
1256 568 1288 596 et
1312 574 1424 596 eorum
1459 564 1590 596 cuilibet
1627 564 1722 596 aliter
1757 562 1922 596 iudicandi

1185 621 1217 648 et
1233 616 1470 659 interpretandi
1489 617 1650 655 facultate,
1669 616 1806 649 iudicari
1824 621 1855 649 et
1873 617 1924 648 de-

1184 667 1268 700 finiri
1294 669 1413 702 debere
1429 696 1436 708 ,
1461 679 1496 701 ac
1521 669 1647 702 irritum
1666 674 1698 702 et
1715 669 1811 702 inane
1829 669 1855 701 si
1874 679 1924 702 se-

1184 732 1240 753 cus
1266 732 1364 764 super
1388 721 1438 754 his
1463 732 1479 753 a
1497 731 1669 764 quoquam,
1689 721 1798 765 quavis
1815 726 1924 754 aueto-

1184 775 1289 815 ritate,
1314 775 1454 808 scienter
1471 776 1520 807 vel
1538 775 1738 817 ignoranter,
1751 774 1925 818 contigerit

1183 827 1347 860 attentari.

1226 881 1240 923 ξ
1262 881 1293 913 4.
1319 880 1387 913 Non
1414 881 1629 921 obstantibus,
1657 885 1815 923 quatenus
1840 891 1922 924 opus

1183 934 1232 974 sit,
1248 936 1359 967 nostra
1376 940 1407 968 et
1425 934 1641 980 Cancellariae
1657 934 1861 977 Apostolicae
1878 945 1923 967 re-

1183 989 1256 1030 gula
1273 988 1312 1020 de
1330 988 1399 1020 iure
1418 988 1565 1030 quaesito
1582 998 1648 1020 non
1666 987 1823 1027 tollendo,
1840 987 1922 1020 aliis-

1931 195 1978 223 An.
1995 191 2025 224 C.
2047 193 2111 224 1677

1985 891 2111 914 Obstantiutt

1935 921 2030 939 icuiotto.

1182 1051 1243 1083 que
1269 1040 1468 1083 apostolicis,
1485 1051 1521 1073 ac
1538 1041 1570 1072 in
1590 1040 1830 1073 universalibus
1847 1051 1930 1083 pro-v

1182 1093 1439 1136 vineialibusque
1471 1098 1503 1125 et
1534 1093 1744 1137 synodalibus
1773 1092 1922 1126 conciliis

1182 1147 1289 1185 editis,
1313 1146 1519 1188 generalibus
1542 1148 1591 1179 vel
1617 1147 1823 1189 specialibus,
1847 1157 1922 1180 con-

1182 1199 1404 1231 stitutionibus
1430 1206 1461 1232 et
1485 1200 1753 1239 ordinationibus,
1772 1210 1831 1233 nec
1854 1210 1917 1232 non

1182 1253 1358 1295 quibusvis,
1377 1253 1474 1286 etiam
1493 1254 1691 1293 iuramento,
1705 1252 1920 1286 confir-matto-

1181 1316 1220 1337 ne
1247 1306 1436 1348 apostolica,
1463 1307 1512 1339 vel
1541 1306 1651 1348 quavis
1679 1305 1832 1338 firmitate
1857 1306 1920 1338 alia

1180 1359 1364 1399 roboratis,
1391 1359 1519 1391 statutis
1546 1364 1577 1391 et
1607 1359 1916 1397 consuetudinibus,

1181 1411 1276 1443 etiam
1294 1411 1617 1451 immemorabilibus,
1637 1411 1817 1454 privilegiis
1838 1422 1919 1454 qiu—

1179 1474 1252 1506 que,
1277 1463 1410 1496 indultis
1429 1468 1461 1496 et
1481 1463 1597 1497 litteris
1623 1464 1821 1507 apostolicis,
1847 1465 1919 1507 qui-

1179 1516 1289 1548 busvis
1311 1517 1470 1559 personis,
1488 1516 1634 1558 collegiis
1659 1521 1691 1549 et
1714 1517 1803 1556 locis,
1821 1516 1918 1549 etiam

1179 1568 1326 1611 specifica
1353 1574 1384 1601 et
1407 1569 1573 1602 individua
1605 1569 1768 1602 mentione
1801 1569 1916 1612 dignis,

1179 1622 1275 1654 etiam
1302 1622 1359 1654 sub
1385 1622 1643 1665 quibuscumque
1674 1622 1847 1655 verborum
1872 1628 1918 1655 te-

1180 1673 1313 1706 noribus
1347 1679 1378 1707 et
1409 1675 1541 1715 formis,
1574 1685 1610 1707 ac
1645 1685 1719 1707 cum
1752 1675 1917 1718 quibusvis

1180 1727 1275 1759 etiam
1308 1728 1460 1760 clausulis
1486 1733 1517 1760 et
1541 1727 1692 1768 decretis,
1719 1728 1816 1760 etiam
1847 1728 1919 1760 irri-

1181 1780 1332 1819 mutibus,
1347 1781 1380 1813 in
1405 1790 1526 1822 genere
1551 1781 1602 1813 vel
1627 1780 1659 1812 in
1680 1780 1799 1823 specie,
1821 1780 1917 1813 etiam

1180 1839 1266 1865 motu
1291 1833 1387 1865 simili
1413 1838 1445 1865 et
1462 1833 1501 1865 de
1519 1833 1720 1876 apostolicae
1745 1833 1915 1875 potestatis

1179 1885 1381 1929 plenitudine
1406 1896 1463 1918 seu
1488 1885 1754 1918 consistorialiter
1777 1896 1814 1918 ac
1837 1886 1916 1918 alias

1179 1938 1427 1982 quomodolibet
1451 1939 1483 1971 in
1509 1939 1706 1972 contrarium
1724 1938 1917 1982 praemisso-

1179 2004 1248 2025 rum
1273 1992 1453 2032 concessis,
1480 2002 1516 2024 ac
1547 1992 1670 2034 pluries
1701 1991 1914 2032 confirmatis,

1179 2046 1366 2089 approbatis
1383 2051 1414 2077 et
1430 2045 1608 2085 innovatis,
1630 2045 1748 2088 quibus
1765 2045 1915 2078 omnibus

1178 2104 1209 2131 et
1223 2097 1370 2141 singulis,
1385 2097 1507 2130 etiamsi
1522 2108 1581 2140 pro
1595 2098 1726 2130 illorum
1741 2097 1913 2130 sufficienti

1178 2151 1391 2193 derogatione
1417 2151 1456 2183 de
1482 2150 1545 2182 illis
1563 2159 1741 2192 eorumque
1767 2149 1843 2183 totis
1868 2156 1915 2183 tc-

1178 2204 1311 2237 noribus
1336 2203 1494 2246 specialis,
1521 2202 1670 2246 specifica
1694 2208 1726 2235 et
1748 2202 1915 2235 individua

1177 2257 1298 2289 mentio
1323 2266 1379 2289 seu
1404 2255 1533 2298 quaevis
1550 2255 1612 2288 alia
1635 2254 1801 2298 expressio
1819 2256 1859 2288 ad
1881 2256 1914 2289 id

1176 2310 1336 2342 servanda
1361 2310 1454 2349 soret,
1473 2309 1602 2342 illorum
1621 2314 1763 2349 tenores
1783 2308 1912 2350 formas,

1175 2373 1288 2395 causas
1314 2368 1345 2395 et
1369 2363 1560 2395 occasiones
1591 2362 1819 2405 praesentibus
1853 2372 1912 2405 pro

1175 2418 1269 2458 plene
1289 2421 1319 2448 et
1339 2415 1540 2448 sufficienter
1553 2414 1713 2458 expressis
1734 2419 1767 2447 et
1780 2414 1914 2447 exactis-

1175 2470 1254 2501 sime
1280 2468 1414 2501 servatis
1447 2474 1476 2501 et
1510 2467 1703 2511 specificatis
1731 2467 1912 2510 respective

1176 2523 1347 2562 habentes,
1375 2522 1438 2554 illis
1464 2522 1542 2554 alias
1567 2521 1600 2553 in
1625 2531 1683 2553 suo
1708 2522 1827 2554 robore
1844 2531 1912 2565 per-

1175 2575 1342 2615 mansuris,
1358 2575 1419 2608 liac
1432 2575 1499 2609 vice
1514 2575 1686 2615 dumtaxat,
1701 2573 1740 2607 ad
1756 2575 1914 2618 praemis-
