2111 3157
0 203 41 231 ln.
56 201 85 229 G.
106 199 172 228 1687

26 1626 144 1650 cun-utu.

38 2463 190 2486 Contrariorum

14 2488 129 2516 derogatio.

756 193 967 221 INNOCENTlUS
991 194 1020 218 xl
1046 194 1094 218 ΙΨ.

179 247 327 287 terdicti,
363 247 499 290 aliisque
524 244 751 279 ecclesiasticis
776 247 908 276 senten-

181 300 244 340 tiis,
267 300 414 333 censuris
446 304 478 332 et
507 298 636 342 poenis,
664 308 682 330 a
703 297 775 329 iure
799 295 848 328 vel
872 293 911 326 ab

181 353 324 392 homine,
343 352 452 396 quavis
466 351 636 384 occasione
654 350 704 383 vel
723 346 912 385 causalatis,

182 406 208 438 si
234 405 350 449 quibus
376 404 621 448 quomodolibet
652 402 826 435 innodatae
851 398 914 432 exi-

183 463 281 498 stunt,
294 458 332 491 ad
348 457 494 490 effectum
515 455 732 500 praesentium
755 454 913 487 dumtaxat

184 511 464 554 consequendum,
484 510 597 542 harum
609 518 693 541 serie
711 507 915 540 absolventes
934 514 937 523 ·

185 563 392 596 etabsolutas
413 562 482 595 sore
500 567 680 601 censentes,
706 558 916 602 supplicatio-

184 615 280 650 nibus
299 625 358 659 pro
374 620 465 658 parte
486 614 563 647 dicti
588 612 826 646 Bartholomaei
844 621 916 654 pro-

186 667 343 701 curatoris
379 666 558 709 generans,
595 664 690 697 etiam
730 664 915 697 eorumdem

186 719 328 762 magistri
350 718 509 762 generalis
534 723 565 750 et
591 716 764 750 definitorii
785 717 916 748 nomine

187 772 280 806 nobis
304 781 401 814 super
424 771 486 803 hoc
508 769 672 802 humiliter
695 769 852 812 porrectis
871 769 917 801 in-

186 824 307 864 clinati,
325 824 364 856 de
382 822 613 855 venerabilium
639 822 774 854 fratrum
792 826 918 854 nostro-

186 888 256 910 rum
279 876 311 910 S.
338 875 375 909 R.
401 875 436 908 E.
470 874 681 908 cardinalium
714 874 851 917 negotiis
888 879 918 906 et

186 928 479 963 consultationibus
504 928 733 971 episcoporum
763 932 796 959 et
829 938 919 969 regu-

186 982 302 1015 larium
326 980 585 1025 praepositorum
620 980 765 1019 consilio,
793 980 918 1022 praein-

187 1040 274 1068 serta
299 1038 417 1067 statuta
440 1043 496 1066 seu
520 1033 656 1071 decreta,
673 1044 744 1065 euin
770 1032 917 1065 omnibus

189 1092 220 1120 et
245 1086 382 1129 singulis
408 1086 439 1118 in
465 1086 510 1119 eis
548 1086 705 1119 contentis
735 1091 766 1117 et
792 1096 920 1128 expres-

190 1140 243 1180 sis,
270 1139 457 1172 auctoritate
482 1138 673 1182 apostolica,
704 1144 814 1171 tenore
833 1149 921 1181 prae-

189 1192 339 1232 sentium,
366 1191 590 1224 confirmamus
620 1196 652 1223 et
680 1191 918 1234 appi-ohannis,

190 1245 319 1288 illisque
338 1243 530 1277 inviolabilis
549 1245 747 1287 apostolicae
763 1243 921 1276 firmitatis

189 1297 290 1331 robur
313 1297 493 1336 adiicimus,
520 1308 555 1330 ac
581 1307 692 1330 omnes
721 1303 751 1329 et
776 1296 922 1339 singulos

191 1351 266 1383 iuris
292 1356 324 1383 et
354 1350 428 1383 sacti
461 1350 613 1389 desectus,
648 1350 673 1382 si
705 1350 757 1393 qui
783 1350 923 1393 desuper

192 1403 440 1448 quomodolibet
457 1402 702 1443 intervenerint,
719 1403 921 1445 supplemus3

191 1458 398 1491 salvatamen
413 1466 541 1499 semper
559 1456 589 1488 in
611 1455 793 1498 praemissis
817 1462 924 1488 aucto-

191 1510 285 1543 ritate
303 1507 571 1552 Congregationis
589 1513 841 1541 memoratorum
859 1520 924 1541 car-

192 1562 362 1596 dinalium.

236 1616 251 1659 ἓ
274 1615 305 1649 3.
332 1615 550 1648 Decernentes
578 1615 707 1648 easdem
739 1620 926 1658 praesentes

192 1669 317 1702 litteras
343 1673 375 1700 et
399 1673 517 1700 statuta
547 1677 600 1700 seu
634 1668 764 1700 decreta
799 1668 927 1710 praein-

193 1727 280 1756 serta
304 1731 433 1763 semper
456 1720 564 1760 firma,
590 1720 693 1753 valida
723 1726 754 1752 et
788 1721 928 1753 efficacia

194 1775 334 1808 existere
363 1779 396 1807 et
419 1774 506 1813 fore,
533 1784 674 1816 suosque
706 1773 869 1816 plenarios
896 1779 927 1806 et

195 1828 341 1871 integros
365 1826 496 1860 effectus
521 1827 629 1859 sortiri
656 1832 687 1859 et
712 1827 874 1865 obtinere,
893 1838 928 1859 ac

195 1881 282 1922 illis,
312 1880 352 1913 ad
378 1890 456 1923 quos
486 1884 611 1922 spectat
642 1885 673 1912 et
695 1890 754 1922 pro
780 1885 927 1923 tempore

195 1933 363 1978 spectabit,
379 1933 410 1965 in
429 1933 577 1966 omnibus
595 1937 626 1965 et
645 1944 705 1976 per
729 1933 837 1966 omnia
862 1935 929 1976 ple-

195 1987 328 2020 nissime
353 1985 528 2027 suffragari,
547 1991 578 2018 et
598 1986 637 2017 ab
663 1985 726 2018 illis
750 1986 928 2029 respective

195 2038 428 2073 inviolabiliter
451 2038 623 2077 observari,
648 2038 758 2081 sicque
783 2038 815 2070 in
838 2049 930 2081 prae-

195 2092 301 2125 missis
328 2101 385 2135 per
411 2101 632 2134 quoscumque
658 2091 781 2123 iudices
806 2092 931 2124 ordina-

196 2145 260 2178 rios
277 2149 309 2177 et
328 2145 507 2186 delegatOS,
525 2143 622 2176 etiam
636 2154 805 2177 causarum
820 2144 930 2187 palatii

197 2196 366 2242 apostolici
387 2197 564 2236 auditores,
586 2195 721 2229 iudicari
746 2203 778 2229 et
804 2197 930 2230 definiri

198 2251 329 2290 debere,
346 2260 381 2282 ac
400 2249 527 2281 irritum
552 2253 584 2281 et
608 2249 702 2281 inane
723 2249 747 2281 si
767 2260 857 2282 secus
883 2261 934 2282 su-

198 2313 259 2346 per
282 2302 333 2335 his
362 2313 379 2334 a
404 2311 576 2344 quoquam,
592 2301 703 2344 quavis
730 2303 932 2343 auctoritate,

199 2355 343 2389 scienter
370 2355 420 2387 vel
452 2353 662 2396 ignoranter,
689 2354 865 2397 contigerit
888 2361 934 2388 at-

200 2407 332 2442 tentari.

244 2460 314 2503 §4
350 2459 419 2493 Non
456 2459 658 2492 obstantibus
689 2460 930 2494 constitutioni-

200 2514 259 2546 bus
284 2517 317 2546 et
349 2512 611 2545 ordinationibus
640 2513 849 2556 apostolicis,
879 2525 932 2554 ac,

201 2570 358 2609 quatenus
383 2575 465 2609 opus
490 2565 540 2605 sit,
570 2565 643 2598 dicti
664 2564 800 2602 Ordinis.
822 2566 932 2600 aliisve

296 2629 373 2657 Bull.
394 2628 475 2656 Itom.
496 2643 529 2648 —-
553 2628 613 2657 Vol.
633 2628 701 2655 XIX
839 2628 871 2656 97

953 241 1140 284 quibusvis,
1167 241 1262 273 etiam
1287 239 1487 278 iuramento,
1513 236 1684 269 conflrma-

955 294 1041 327 tione
1073 293 1274 337 apostolica,
1306 294 1355 326 vel
1391 290 1501 335 quavis
1535 289 1684 322 firmitate

954 347 1016 380 alia
1040 347 1210 385 roboratis,
1236 345 1363 378 statutis
1388 351 1420 378 et
1443 341 1683 377 consuetudini·

954 399 1032 441 bus,
1057 399 1235 443 privilegiis
1259 409 1397 442 quoque,
1422 396 1557 429 indultis
1581 401 1613 427 et
1637 394 1688 427 lit-

957 452 1033 484 teris
1069 452 1255 495 apostolicis
1294 451 1327 484 in
1362 449 1561 484 contrarium
1596 457 1688 490 prae-

957 505 1127 537 missorum
1153 504 1397 548 quomodolibet
1414 501 1596 541 concessis,
1615 509 1690 532 con-

957 557 1090 590 firmatis
1115 564 1146 590 et
1177 557 1358 597 innovatis,
1392 555 1507 598 quibus
1540 554 1690 587 omnibus

958 615 990 643 et
1019 610 1178 652 singulis,
1212 610 1341 643 illorum
1384 614 1513 642 tenores
1540 616 1693 650 praesen-

959 662 1044 695 tibus
1072 673 1130 705 pro
1160 664 1256 705 plene
1289 668 1319 695 et
1344 661 1542 695 sufficienter
1559 669 1692 702 expres-

960 715 1004 747 sis
1037 723 1073 747 ac
1104 715 1238 748 insertis
1272 714 1441 753 habentes,
1466 713 1530 745 illis
1555 712 1634 745 alias
1659 711 1692 743 in

960 778 1018 800 suo
1043 768 1163 800 robore
1188 766 1418 810 permansuris,
1445 766 1483 798 ad
1498 764 1694 808 praemisso·

960 830 1030 853 rum
1049 820 1207 860 ellectum,
1222 820 1281 853 hac
1294 820 1361 852 vice
1377 820 1551 858 dumtaxat,
1571 818 1696 861 specia-

961 875 1035 907 liter
1055 879 1086 907 et
1106 884 1258 917 expresse
1279 874 1493 915 derogamus,
1513 871 1695 913 ceterisque

961 926 1133 960 contrariis
1157 926 1426 969 quibuscumque.

1005 980 1019 1022 {s}
1054 979 1082 1011 5.
1116 979 1268 1012 Yolumus
1303 984 1409 1011 autem
1440 984 1475 1010 ut
1510 979 1695 1011 eurumdem

962 1032 1180 1075 praesentium
1200 1032 1378 1065 litterarum
1398 1030 1618 1073 transumptis,
1638 1041 1697 1063 seu

963 1086 1127 1128 exemplis,
1142 1086 1237 1118 etiam
1256 1085 1437 1128 impressis,
1453 1095 1548 1117 manu
1563 1083 1697 1118 alicuius

965 1138 1082 1170 notarii
1100 1138 1219 1180 publici
1238 1137 1437 1180 subscriptis,
1457 1143 1489 1170 et
1505 1137 1612 1179 sigillo
1630 1147 1699 1180 per-

963 1202 1062 1224 sonae
1080 1191 1113 1222 in
1134 1191 1352 1224 ecelesiastica
1377 1190 1533 1232 dignitate
1551 1190 1699 1222 eonstitu—

965 1250 1014 1277 tae
1036 1244 1177 1283 munitis,
1197 1244 1310 1276 eadem
1330 1253 1464 1286 prorsus
1482 1243 1561 1276 sides
1586 1248 1649 1274 tam
1668 1243 1699 1274 in

966 1296 1085 1329 iudicio
1111 1307 1207 1339 quan]
1241 1301 1329 1328 extra
1354 1296 1433 1329 illud
1466 1295 1586 1338 ubique
1612 1296 1700 1328 loco-

967 1360 1034 1382 rum
1049 1350 1216 1387 liabeatur,
1229 1359 1309 1391 quae
1325 1349 1501 1381 haberetur
1518 1348 1598 1390 ipsis
1612 1358 1697 1390 prac-

967 1402 1113 1436 sentibus
1127 1401 1154 1434 si
1170 1401 1274 1433 forent
1294 1400 1458 1433 exhibitae
1474 1401 1523 1432 rel
1538 1405 1698 1432 ostensae.

1011 1455 1122 1487 Datum
1148 1454 1278 1493 Romae,
1297 1454 1382 1496 apud
1401 1453 1432 1485 S.
1449 1452 1578 1484 Mariam
1604 1452 1702 1484 Maio-

968 1518 1046 1547 rem,
1072 1507 1130 1539 sub
1156 1507 1277 1539 annulo
1296 1506 1481 1545 piscatoris,
1502 1505 1554 1538 die
1570 1515 1609 1537 xv
1628 1505 1701 1538 maii

969 1570 1170 1600 ninctxxxvm
1196 1559 1404 1602 pontificatus
1429 1558 1532 1591 nostri
1551 1569 1636 1591 anno
1658 1569 1701 1592 x1.

1006 1622 1063 1648 nai.
1082 1621 1126 1648 die
1143 1621 1175 1648 15
1190 1620 1252 1647 maii
1273 1620 1350 1653 1687,
1367 1620 1463 1654 pontis.
1486 1628 1557 1646 anno
1574 1626 1609 1646 xt.

1234 1762 1441 1794 CLxxxvut.

974 1843 1192 1884 Conlirnmlm·
1216 1842 1329 1874 erectio
1354 1842 1579 1873 universitatis
1603 1841 1706 1873 studii

1013 1895 1172 1937 qeneralis
1192 1896 1228 1926 in
1248 1895 1377 1926 ciuitate
1391 1894 1581 1927 Guacimala
1599 1894 1634 1926 in
1652 1893 1706 1926 In-

1014 1948 1078 1980 diis
1104 1946 1380 1981 Owidentahhvs'

1159 2026 1355 2054 Innocentius
1377 2025 1454 2060 Papa
1474 2026 1522 2060 xl,

1089 2072 1125 2099 ad
1145 2074 1321 2105 perpetuam
1341 2071 1387 2098 rei
1407 2071 1588 2098 memoriam.

1017 2144 1058 2176 Ex
1084 2145 1232 2186 suprema
1255 2142 1422 2175 militantis
1447 2142 1609 2176 Ecclesiae
1634 2153 1707 2186 spe·

974 2198 1046 2230 culfi
1064 2196 1246 2239 pastorales
1260 2194 1385 2237 vigilias
1407 2205 1505 2238 super
1520 2195 1707 2228 universum

975 2257 1105 2292 gregem
1130 2247 1256 2280 Domini
1282 2245 1371 2280 cum¹
1393 2258 1488 2280 curae
1507 2253 1637 2280 nostrae
1663 2248 1710 2281 di-

974 2303 1092 2335 vinitus
1119 2300 1325 2334 commissum
1355 2300 1474 2342 iugiter
1498 2306 1650 2341 agentes,
1674 2310 1711 2333 ac

975 2355 1093 2389 mentis
1117 2358 1249 2387 nostrae
1281 2352 1381 2386 aciem
1406 2363 1465 2396 per
1489 2363 1601 2386 omnes
1625 2353 1711 2385 chri-

1012 2446 1021 2469 ¹
1046 2443 1083 2470 De
1102 2441 1238 2469 erectione
1257 2440 1443 2467 universitatis
1457 2440 1483 2467 in
1503 2440 1620 2467 dioecesi
1637 2440 1713 2468 Chel-

976 2487 1059 2514 mensi
1080 2486 1140 2513 vide
1160 2485 1267 2512 constit.
1288 2484 1332 2511 ed.
1353 2491 1519 2518 moetxxxiv‚
1544 2485 1589 2512 die
1608 2493 1641 2512 xx
1670 2485 1712 2512 se-

976 2531 1087 2562 bruarii,
1109 2530 1202 2565 pontif.
1223 2535 1281 2555 vni.

1012 2577 1023 2602 1
1047 2574 1179 2601 Particula
1197 2582 1262 2602 cum
1281 2572 1417 2600 redundat
1436 2573 1474 2608 (n.
1490 2573 1540 2609 τ.).

1579 178 1642 212 759
1687 187 1737 214 An.
1754 185 1783 214 C.
1804 179 1875 214 (6*ῖῖ

1746 981 1809 1002 Fides
1834 982 1888 1000 tran-

1707 1010 1842 1034 sumpturum.

1746 2137 1867 2161 Exordium.
