2111 3157
0 243 32 264 aa.
48 232 76 263 C.
98 231 162 262 tw!
752 236 964 261 JNNOCENTIUS
986 238 1015 261 xi
1041 234 1090 262 rr.

173 284 369 317 confirmatis
395 291 426 317 et
450 285 629 325 innovatis·,
657 285 775 328 quibus
801 284 904 317 omni-

174 337 233 370 bus
246 342 277 369 et
289 337 435 378 singulis,
451 338 578 370 illorum
592 343 721 370 tenores
736 346 793 378 pro
807 337 903 378 plene

175 393 207 420 et
242 387 441 422 sufficienter
473 389 635 432 expressis
667 399 704 421 ae
736 389 775 420 de
807 388 904 420 verbo

175 441 214 474 ad
236 441 369 474 verbum
393 442 524 474 insertis
546 441 714 480 habentes,
739 441 802 473 illis
827 440 905 472 alias

176 493 208 525 in
236 504 292 526 suo
310 494 429 526 robore
448 493 678 536 permansuris,
696 494 735 525 ad
753 493 906 535 praemis-

177 557 287 579 sorum
301 546 462 587 effectum,
484 548 544 579 bac
561 547 628 579 vice
647 547 817 585 dumtaxat,
837 556 910 588 spe-

177 598 303 631 cialiter
327 604 359 631 et
382 609 536 642 expresse
573 599 788 640 derogamus3
823 603 909 630 cete-

178 651 287 694 risque
313 651 484 684 contrariis
510 651 783 694 quibuscumque.

220 704 332 735 Datum
357 704 495 743 Romae,
522 704 605 746 apud
635 703 666 736 S.
693 703 822 735 Mariam
848 703 910 734 Ma-

178 756 290 795 iorem,
308 757 367 789 sub
388 757 508 790 annulo
533 755 713 795 piscatoris,
738 756 789 788 die
808 766 838 788 ιν
857 756 911 788 de-

179 809 318 842 cembris
352 819 536 849 ninctxxvn,
570 808 777 851 pontificatus
808 808 910 840 nostri

180 872 266 895 anno
284 872 320 895 11.

1595 225 1635 257 07
1682 231 1775 259 Aue.
1800 229 1864 258 1077

947 285 1045 317 curiis
1071 284 1287 322 exercuerint,
1310 282 1488 326 privilegiis
1509 281 1679 324 exprovin-

948 337 1074 369 cialium
1100 337 1259 369 fruantur.
1287 335 1363 369 Cum
1390 341 1507 374 autem,
1527 334 1606 365 sicut
1629 343 1681 370 ea:

949 389 1022 421 dem
1048 389 1206 432 expositio
1232 389 1458 430 subiungebat,
1486 397 1551 419 non
1576 387 1679 418 solum

950 446 1017 473 tota
1041 441 1207 483 provincia
1227 441 1404 484 praedicta,
1428 439 1485 472 sed
1507 439 1602 471 etiam
1624 448 1683 469 nn-

950 504 1046 535 perus
1072 493 1162 536 prior
1186 494 1348 535 generalis
1381 492 1456 525 dicti
1481 491 1609 524 Ordinis
1635 491 1683 522 in-

950 545 1030 577 dulti
1056 545 1241 578 huiusmodi
1261 544 1463 578 concessioni
1489 553 1682 575 consensum

951 598 1185 640 praestiterint,
1212 598 1306 629 nobis
1330 602 1505 639 propterea
1530 595 1604 628 dicti
1630 604 1683 626 ex-

952 655 1111 691 ponentes
1137 649 1304 682 humiliter
1336 647 1513 690 supplicari
1540 647 1686 679 fecerunt

953 707 987 733 ut
1018 701 1050 734 in
1080 701 1265 745 praemissis
1298 706 1481 742 opportune
1513 699 1684 742 providere

954 754 992 787 de
1008 754 1209 797 benignitate
1227 754 1405 796 apostolica
1421 753 1639 794 dignaremur.

999 807 1013 849 ἓ
1031 807 1061 839 ⁶2.
1084 806 1145 839 Nos
1167 806 1274 849 igitur,
1292 805 1379 848 ipsos
1396 809 1596 847 exponentes
1617 813 1687 845 spe·
1711 814 1878 845 tamasim-ri-

955 859 1089 892 cialibus
1125 858 1287 891 favoribus
1326 863 1357 890 et
1389 856 1499 899 gratiis
1532 842 1818 898 p1·oseq11i⁹¹¹⁴'‘³'⁰¹⁰'¹'
1846 845 1879 858 Μ’

954 913 1108 950 volentes,
1127 917 1158 944 et
1174 921 1288 943 eorum
1305 909 1485 951 singulares
1499 918 1654 951 personas
1670 918 1701 939 ai

956 964 1122 1006 quibusvis
1139 962 1489 1001 excommunicationis,
1506 952 1801 1003 stispensio-Efl['‘§Li-⁵
1846 952 1856 989 ἑ
1873 980 1880 984 -

956 1016 1006 1048 nis
1029 1021 1061 1048 et
1084 1015 1256 1054 interdicti,
1290 1014 1427 1056 aliisque
1461 998 1881 1046 ecelesiasticistl¹¹t=¹¹u1-1.2''1³.¹2.l}33

957 1068 1144 1106 sententiis,
1169 1067 1316 1100 censuris
1343 1072 1374 1098 et
1406 1066 1522 1108 poenis
1539 1093 1546 1104 ,
1698 1056 1724 1070 ⁰²¹
1750 1052 1781 1069 ’Ἥ
1806 1049 1881 1073 ὤμ’

215 923 277 950 Dat.
297 922 340 950 die
365 924 380 950 4
399 923 550 950 decembris
571 923 656 956 1677,
676 922 773 958 pontif.
793 929 864 949 anno
884 928 910 948 u.

495 1066 598 1098 XXVI.

1578 1075 1595 1097 a
1618 1065 1688 1096 illl‘ss
1699 1077 1754 1096 nica.

12 1609 84 1639 ¹(lausa
94 1613 179 1630 eonces-

0 1641 70 1656 nonis.

184 1144 408 1179 conceduntur
431 1144 594 1187 reliyiosi's
619 1143 812 1177 Insularum
837 1142 915 1175 Phi-

229 1197 433 1240 lippinarum
454 1197 589 1230 Ordinis
605 1197 827 1230 Eremilarum
843 1206 917 1227 san-

228 1298 411 1346 Hispaniae
436 1302 535 1336 Curid
561 1301 783 1344 procuratoris
815 1300 916 1341 officio

227 1364 285 1397 per
319 1355 498 1386 triennium
536 1355 642 1396 functi
675 1358 774 1392 sunt,
811 1353 918 1385 omm'a

229 1407 520 1450 exprovincialmm
544 1406 730 1450 privileqia.

374 1486 568 1513 Innocentius
589 1487 667 1519 Papa
686 1485 733 1519 x1,

331 1530 367 1557 ad
386 1530 518 1557 suturam
537 1529 580 1557 rei
600 1530 779 1557 memoriam.

233 1600 248 1643 ξ
283 1600 314 1632 1.
355 1599 462 1642 Nuper
500 1610 559 1642 pro
598 1605 690 1642 parte
730 1599 919 1631 dilectorum

189 1652 330 1686 filiorum
362 1653 494 1684 fratrum
527 1651 710 1694 provinciae
742 1651 918 1683 Insularum

191 1694 449 1747 Philipp'inarum
479 1708 755 1745 nuncupatarum,
785 1702 817 1734 in
842 1701 919 1734 mari

190 1756 326 1796 Oceano,
351 1756 479 1788 Ordinis
501 1756 712 1788 Eremitarum
737 1755 840 1787 sancti
859 1755 921 1786 Au-

191 1809 307 1851 gustini
326 1809 419 1840 nobis
441 1809 621 1851 expositum
647 1809 704 1840 suit
729 1808 829 1851 (quod
850 1818 921 1839 cum

191 1862 251 1904 ipsi
268 1861 306 1894 ad
325 1862 530 1904 procuranda
554 1861 585 1892 in
612 1861 753 1893 Romana
778 1865 809 1893 et
832 1860 922 1901 regia

192 1914 364 1956 Hispaniae
382 1912 482 1945 Curiis
500 1912 649 1954 urgentia
671 1913 774 1944 dictae
792 1911 922 1954 provin-

192 1965 260 1997 ciae
279 1964 408 2007 negotia
428 1964 568 2007 aliquem
587 1964 774 2006 religiosum
793 1964 922 1996 mittere

193 2017 347 2056 debeant,
378 2026 437 2048 nec
469 2017 652 2059 reperiatur
679 2017 765 2048 ullus
793 2016 923 2057 religio-

192 2079 247 2102 sus
267 2069 319 2111 qui
345 2069 376 2101 id
401 2069 510 2101 oneris
533 2069 566 2100 in
584 2079 616 2101 se
646 2068 812 2111 suscipere
833 2067 922 2107 velit,

193 2128 260 2155 tum
278 2126 412 2164 propter
437 2122 518 2154 adeo
534 2123 667 2163 longum
685 2130 924 2153 aerumnosum-

194 2185 257 2217 que
282 2174 344 2206 iter
368 2174 455 2216 quod
480 2173 548 2206 sine
573 2173 723 2216 gravibus
748 2174 924 2205 incommo-

195 2227 243 2260 dis
274 2227 420 2269 vitaeque
456 2227 601 2268 periculo
638 2226 748 2269 peragi
783 2226 921 2268 nequit,

197 2285 263 2311 tum
287 2279 381 2312 etiam
402 2279 476 2321 quia
502 2278 659 2311 eiusmodi
684 2283 924 2321 procuratores,

195 2337 369 2375 postquam
401 2330 542 2363 triennio
575 2336 607 2363 et
635 2330 773 2373 amplius
802 2330 835 2362 in
865 2340 924 2362 suo

196 2395 330 2417 munere
359 2383 541 2416 exercendo
568 2383 808 2422 laboraverunt,
837 2383 926 2415 nulla

197 2436 421 2480 praerogativa
438 2435 601 2478 fruuntur)
614 2435 712 2468 iidem
727 2440 927 2478 exponentes

198 2489 372 2532 plurimum
395 2487 531 2530 cupiunt
547 2498 563 2519 a
583 2487 678 2520 nobis
702 2487 874 2529 indulgeri,
894 2492 929 2519 ut

199 2541 255 2579 illi,
277 2541 331 2583 qui
357 2550 416 2582 per
440 2534 618 2572 triennium'
638 2539 825 2572 continuum
851 2550 928 2582 pro-

199 2593 356 2627 curatoris
394 2592 578 2625 liuiusmodi
613 2602 731 2625 munus
767 2593 798 2624 in
835 2593 928 2625 dictis

958 1123 1005 1154 vel
1038 1121 1077 1153 ab
1110 1121 1260 1157 bomine,
1293 1119 1402 1162 quavis
1436 1118 1607 1150 occasione
1640 1118 1688 1149 vel

958 1176 1053 1205 causa
1077 1173 1159 1211 latis,
1184 1172 1210 1204 si
1237 1171 1354 1215 quibus
1373 1170 1619 1213 quomodolibet
1643 1169 1691 1200 in-

229 1252 271 1282 ch-
302 1250 507 1292 Auyuslmi'
533 1250 594 1292 qm·
624 1250 660 1281 in
691 1249 838 1281 Romami
868 1247 917 1279 vel
936 1246 938 1276 ἶ
958 1227 1096 1258 nodatae
1128 1225 1279 1264 existunt,
1303 1225 1342 1256 ad
1368 1222 1516 1256 ellectum
1541 1232 1692 1265 praesen-

960 1280 1037 1311 tium
1075 1279 1236 1311 dumtaxat
1273 1277 1552 1319 consequendum,
1580 1276 1692 1307 barum

959 1333 1042 1365 serie
1068 1332 1273 1364 absolventes
1299 1336 1330 1362 et
1354 1330 1517 1362 absolutas
1535 1328 1602 1360 sore
1619 1338 1694 1359 cen-

960 1391 1081 1425 sentes,
1106 1384 1292 1417 huiusmodi
1317 1381 1611 1426 supplicationibus
1646 1380 1694 1411 in-

959 1439 1078 1478 clinati,
1098 1439 1136 1472 de
1160 1437 1393 1470 venerabilium
1412 1436 1548 1468 fratrum
1569 1440 1695 1466 nostro-

961 1503 1029 1525 rum
1055 1492 1085 1524 S.
1113 1491 1150 1523 R.
1177 1490 1211 1523 E.
1245 1489 1459 1522 cardinalium
1491 1487 1631 1528 negotiis
1663 1491 1695 1518 ct

961 1542 1254 1577 consultationibus
1289 1541 1520 1584 episcoporum
1546 1545 1578 1572 et
1601 1548 1695 1580 regu-

962 1597 1078 1630 larium
1103 1595 1369 1638 praepositornm
1393 1592 1540 1630 consilio,
1573 1597 1695 1623 attento

962 1659 1122 1682 consensu
1139 1646 1310 1680 memorati
1328 1646 1448 1689 prioris
1469 1643 1641 1687 generalis,
1661 1648 1696 1674 ut

963 1703 994 1735 in
1019 1706 1183 1744 posterum
1209 1700 1256 1732 illi
1281 1699 1423 1741 religiosi
1442 1698 1542 1730 dictae
1566 1696 1697 1739 provin-

963 1754 1043 1792 ciae,
1065 1753 1119 1795 qui
1144 1751 1364 1795 procuratoris
1382 1750 1483 1793 ipsius
1508 1748 1695 1792 provinciae

964 1817 1079 1839 munus
1102 1806 1135 1837 in
1159 1804 1255 1836 curiis
1280 1803 1476 1846 supradictis
1501 1803 1616 1834 saltem
1639 1810 1698 1843 per

965 1858 1138 1891 triennium
1164 1856 1387 1895 exercuerint,
1423 1854 1574 1887 omnibus
1599 1852 1698 1895 privi-

965 1911 1078 1952 legiis,
1106 1908 1336 1952 praerogativis
1362 1914 1394 1940 et
1418 1905 1695 1949 exemptionibus,

965 1964 1082 2006 quibus
1101 1962 1160 2001 illi,
1180 1962 1233 2004 qui
1253 1960 1373 2003 prioris
1392 1958 1598 2002 provincialis
1616 1958 1699 1989 eius-

966 2017 1038 2048 dem
1074 2014 1261 2057 provinciae
1298 2023 1433 2045 munere
1471 2011 1571 2043 suncti
1609 2015 1696 2048 sunt,

966 2068 1133 2111 potiuntur
1157 2072 1189 2100 et
1213 2066 1365 2107 gaudent,
1389 2064 1457 2107 pari
1478 2063 1574 2096 modo
1600 2061 1697 2105 potiri

967 2126 998 2153 et
1022 2120 1161 2162 gaudere
1198 2118 1300 2151 libere
1333 2123 1365 2149 et
1389 2117 1475 2149 licite
1509 2116 1636 2159 possint
1668 2118 1700 2146 et

967 2174 1112 2211 valeant,
1148 2170 1339 2203 auctoritate
1365 2168 1554 2211 apostolica,
1587 2173 1699 2199 tenore

967 2224 1197 2268 praesentium,
1212 2222 1419 2255 concedimus
1434 2226 1465 2253 et
1479 2221 1700 2262 indulgemus:

968 2278 1054 2310 salva
1084 2281 1191 2308 tamen
1216 2284 1344 2316 semper
1368 2274 1400 2306 in
1426 2273 1612 2316 praemissis
1645 2282 1701 2303 au-

967 2329 1116 2362 ctoritate
1139 2327 1407 2371 Congregationis
1425 2325 1615 2359 eorumdem
1633 2334 1701 2357 car-

969 2382 1139 2416 dinalium.

1013 2435 1076 2478 §3-
1102 2434 1317 2468 Decernentes
1335 2432 1422 2477 ipsas
1441 2437 1628 2477 praesentes
1651 2432 1701 2465 lit-

971 2494 1063 2527 teras,
1094 2497 1222 2530 semper
1246 2487 1369 2526 firmas,
1396 2486 1516 2519 validas
1541 2491 1573 2517 et
1596 2486 1701 2517 effica-

970 2551 1022 2573 ces
1046 2540 1184 2572 existere
1209 2545 1240 2571 et
1259 2539 1340 2578 sore,
1368 2548 1510 2580 suosque
1535 2537 1700 2580 plenarios

972 2599 1002 2625 et
1028 2593 1170 2626 intentos
1195 2591 1328 2625 effeetus
1358 2591 1465 2623 sortiri
1490 2597 1521 2623 et
1545 2591 1690 2622 obtinere

1739 2438 1857 2460 (ammian.
