2111 3157
186 187 236 213 An.
253 186 282 214 c.
305 185 373 214 1683
417 178 484 213 494

202 1944 323 1967 clausulae.

379 247 452 271 xxix
475 237 598 270 mensis
623 237 691 270 iulii
709 246 891 271 MDchxxn.
916 236 968 269 Fr.
991 237 1115 270 Pmnus

378 291 521 325 MAanus
555 291 712 324 Minorurn
744 290 925 333 generalis:
951 290 990 323 de
1028 300 1117 323 man-

379 346 454 378 dato
490 355 567 378 suae
601 343 904 384 reverendissimae,
939 344 978 376 sr.
1016 343 1116 377 Smn-

376 408 505 432 STIANUS
523 408 564 431 DE
583 399 714 431 Annoro
739 396 933 430 secretarius
954 396 1115 440 generalis

375 451 514 484 Ordinis.
541 451 715 493 Reqistrac.
743 450 809 483 Fit.
836 450 975 491 Procae,
1003 454 1057 483 etc.

420 504 434 547 g
458 504 489 536 ⁶2.
516 503 593 536 Cum
610 508 730 544 autem,
753 503 833 536 sicut
854 504 968 536 eadem
989 502 1116 546 exposi-

374 558 419 591 tio
445 557 675 600 subiungebat,
703 557 778 590 dicti
797 562 999 600 exponentes
1020 567 1114 600 prae·
1133 578 1136 591 ι

373 611 480 650 missa,
506 621 569 653 qno
595 609 716 643 firmius
735 604 911 643 subsistant
932 614 964 643 et
981 619 1112 643 serven-

373 668 424 695 tur
449 664 600 703 exactius,
626 662 824 706 apostolicae
855 662 1111 696 confirmationis
1132 683 1135 696 .

372 725 501 750 nostrae
534 716 716 760 patrocinio
749 716 940 750 communiri
972 726 1112 749 summo-

371 780 450 813 pore
484 770 684 803 desiderent:
721 780 801 809 nos,
828 769 1001 813 specialem
1034 768 1111 812 ipsis

372 823 614 866 exponentibus
648 823 782 866 gratiam
809 823 914 856 facere
939 823 1110 862 volentes,

371 883 540 910 eteorum
583 877 764 920 singulares
798 886 954 920 personas
989 887 1006 909 a
1041 876 1132 919 qui-l

370 929 475 962 bnsvis
509 929 861 969 excommunicationis,
888 928 1108 972 suspensionis

371 989 403 1016 et
421 983 585 1016 interdicti
603 1010 610 1023 ,
637 984 774 1026 aliisque
794 981 1017 1016 ecclesiasticis
1036 993 1109 1015 sen-

371 1036 487 1076 tentiis,
514 1036 659 1068 censuris
677 1042 708 1069 et
728 1036 854 1079 poenis,
877 1047 894 1068 a
915 1035 983 1068 iure
1000 1036 1048 1068 vel
1069 1035 1107 1067 ab

370 1089 511 1128 homine,
531 1089 642 1132 quavis
661 1089 832 1122 occasione
848 1089 898 1121 vel
917 1090 1011 1121 causa
1025 1088 1106 1128 latiS,

368 1141 394 1173 si
420 1142 537 1184 quibus
561 1141 808 1184 quomodolibet
841 1141 1015 1174 innodatae
1041 1140 1107 1174 exi-

369 1200 465 1235 stunt,
483 1196 522 1228 ad
544 1195 691 1228 effectum
709 1195 929 1238 praesentium
945 1195 1107 1228 dumtaxat

368 1248 643 1291 consequendum,
664 1248 775 1281 harum
793 1249 878 1281 serie
899 1248 1105 1280 absolventes

369 1305 400 1333 et
425 1302 588 1334 absolutas
613 1301 681 1334 fore
707 1306 888 1340 censentes,
921 1300 1105 1333 huiusmodi
1126 1307 1128 1331 t

368 1355 659 1398 supplicationibus
701 1365 810 1388 eorum
847 1354 978 1387 nomine
1011 1353 1105 1386 nobis

369 1408 537 1442 humiliter
562 1408 724 1452 porrectis
749 1407 906 1448 inclinati,
927 1407 1107 1450 praeinser·
1126 1421 1128 1431 ι

370 1468 416 1495 tas
440 1463 609 1496 memorati
635 1462 720 1495 Petri
745 1461 856 1494 Marini
888 1460 1027 1493 ministri
1053 1471 1106 1503 ge-

369 1515 489 1548 neralis
514 1521 663 1559 patentes
688 1515 824 1554 litteras,
858 1525 928 1547 cum
954 1513 1104 1546 omnibus

370 1573 401 1601 et
425 1568 561 1611 singulis
584 1569 617 1601 in
643 1568 688 1601 eis
713 1568 886 1607 contentis,
914 1566 1104 1600 auctoritate
1126 1600 1128 1607 ,

370 1622 562 1664 apostolica,
591 1626 703 1655 tenore
723 1620 962 1664 praesentium,
989 1619 1106 1653 confir-

369 1684 492 1707 mamus
523 1680 555 1708 et
580 1675 809 1718 approbamus,
849 1673 977 1716 illisque
1003 1672 1106 1706 invio-

369 1727 475 1760 labilis
500 1727 697 1771 apostolicae
727 1727 885 1759 firmitatis
906 1726 1004 1759 robur
1028 1716 1127 1758 adii-³

370 1781 482 1822 cimus,
521 1791 557 1814 ac
581 1791 692 1814 omnes
718 1786 749 1813 et
773 1781 918 1822 singulos
956 1780 1035 1812 iuris
1075 1771 1127 1811 et¹

370 1835 443 1868 sacti
469 1835 623 1874 desectus,
649 1834 673 1866 si
699 1834 752 1877 qui
775 1834 915 1876 desuper
933 1829 1127 1876 quomodo-³

369 1889 449 1921 libet
469 1888 712 1928 intervenerint,
731 1888 926 1930 supplemus.
1126 1924 1127 1927 Ἴ

413 1942 427 1985 ἓ
452 1941 483 1975 3.
511 1941 697 1973 Mandantes
729 1946 904 1983 propterea
930 1940 962 1972 in
988 1939 1128 1973 virtute.

369 1999 500 2027 sanctae
515 1994 731 2033 obedientiae,
751 1998 782 2025 et
799 1993 858 2025 sub
877 1993 1107 2035 indignationis
1126 1983 1128 2016 3

370 2053 510 2088 nostrae,
537 2047 674 2089 aliisque
702 2051 820 2086 nostro,
843 2056 898 2079 seu
935 2055 992 2088 pro
1029 2051 1129 2078 tem--

370 2111 449 2144 pore
475 2100 639 2133 existentis
667 2098 801 2132 Romani
827 2098 992 2132 Pontificis
1024 2099 1107 2131 arbi-

371 2154 432 2187 trio
457 2153 663 2196 imponendis
689 2152 813 2195 poenis,
833 2152 980 2185 omnibus
998 2156 1029 2184 et
1048 2152 1107 2184 sin-

372 2207 455 2249 gulis
495 2207 652 2239 dictorum
689 2205 816 2238 Ordinis
856 2209 887 2237 et
923 2204 1129 2247 provinciaet

372 2259 606 2302 superioribus,
625 2258 774 2291 fratribus
793 2263 825 2290 et
845 2258 1005 2300 personis,
1027 2262 1107 2289 cete-

371 2311 478 2354 risque
504 2312 543 2344 ad
570 2322 650 2354 quos
675 2317 797 2354 spectat
822 2316 851 2343 et
876 2321 934 2353 pro
962 2316 1106 2353 tempore

371 2365 539 2406 spectabit,
565 2370 600 2396 ut
624 2365 751 2397 easdem
773 2370 961 2407 praesentes
983 2363 1106 2396 litter-'is

373 2423 404 2450 et
428 2418 458 2449 in
484 2418 528 2450 eis
554 2422 703 2451 contenta
726 2428 947 2461 quaecumque
970 2416 1108 2449 fideliter

372 2471 550 2503 executioni
589 2472 791 2509 demandent,
824 2482 878 2503 seu
919 2470 1104 2503 detumulari

371 2530 486 2556 curent
512 2530 543 2557 et
570 2525 703 2562 sas-ianm
731 2536 764 2556 ac
783 2525 995 2557 decernentes
1021 2523 1106 2566 ipsas

369 2583 559 2622 praesentes
586 2579 710 2610 litteras
735 2588 864 2621 semper
900 2577 1016 2617 sirmas,
1054 2587 1106 2609 va-

952 174 1140 213 'nuLLAnuJu
1163 187 1317 214 Romnum

1159 236 1239 270 lidas
1264 242 1296 270 et
1320 236 1462 270 efficaces
1474 227 1618 271 'existere
1643 248 1675 271 et
1697 236 1780 279 sore,
1807 249 1899 273 suos-

1159 300 1221 333 que
1239 290 1403 333 plenarios
1423 295 1454 324 et
1474 291 1620 334 integros
1639 291 1771 325 effectus
1789 293 1897 326 sortiri

1158 348 1188 376 et
1214 343 1371 383 obtinere,
1391 355 1426 376 ac
1441 344 1527 385 illis,
1553 344 1592 377 ad
1616 355 1698 388 quos
1725 351 1850 388 spectat
1866 352 1899 380 et

1156 406 1215 439 pro
1230 401 1377 440 tempore
1391 397 1661 441 quandocumque
1676 398 1845 440 spectabit,
1862 399 1897 432 in

1156 449 1307 482 omnibus
1335 455 1366 483 et
1390 460 1447 493 per
1472 450 1580 483 omnia
1609 450 1798 494 plenissime
1831 452 1896 484 sus-

1157 503 1286 546 sragari,
1306 508 1337 536 et
1353 504 1392 536 ab
1408 503 1453 536 eis
1470 500 1650 547 respective
1667 503 1896 539 inviolabiliter

1155 556 1331 597 observari,
1345 556 1456 600 sicque
1470 556 1503 589 in
1520 556 1708 600 praemissis
1726 567 1786 600 per
1801 568 1896 601 quos-

1155 620 1292 653 cumque
1312 610 1437 643 iudices
1455 610 1638 643 ordinarios
1661 614 1693 642 et
1717 610 1894 653 delegatos,

1154 663 1252 695 etiam
1279 673 1448 696 causarum
1473 663 1584 707 palatii
1610 664 1780 706 apostolici
1805 665 1895 698 audi-

1156 721 1255 756 tores,
1291 716 1429 750 iudicari
1465 721 1497 750 et
1520 716 1649 750 definiri
1687 717 1820 758 dehere,
1857 728 1894 750 ac

1154 770 1281 802 irritum
1309 775 1341 802 et
1372 769 1469 803 inane
1501 769 1526 803 si
1555 780 1646 803 secus
1670 781 1769 814 super
1800 770 1851 803 his
1875 781 1892 804 a

1153 833 1332 866 quoquam,
1359 823 1471 866 quavis
1503 823 1713 864 auctoritate,
1752 824 1892 857 scienter

1151 876 1201 908 vel
1232 875 1435 918 ignoranter,
1461 876 1635 918 contigerit
1657 876 1822 910 attentari.

1195 928 1266 971 54,
1292 928 1361 961 Non
1393 928 1596 962 obstantibus
1625 929 1821 972 praemissis,
1855 940 1891 963 ac

1150 982 1440 1015 constitutionibus
1470 987 1503 1015 et
1527 982 1787 1015 ordinationibus
1816 993 1891 1026 apo-

1151 1034 1284 1075 stolicis,
1309 1045 1436 1067 necnon
1458 1034 1696 1078 provinciarum
1714 1040 1746 1068 et
1761 1035 1889 1069 Ordinis

1150 1087 1379 1130 praefatorum,
1389 1087 1498 1124 aliisve
1510 1087 1686 1131 quibusvis,
1698 1087 1794 1121 etiam
1808 1088 1888 1121 iura-

1149 1146 1274 1180 mento,
1313 1141 1559 1174 confirmatione
1595 1141 1799 1183 apostolica,
1838 1142 1888 1175 vel

1150 1193 1263 1237 quavis
1288 1193 1438 1226 firmitate
1477 1194 1538 1226 alia
1562 1194 1734 1233 roboratis,
1761 1194 1890 1227 statutis

1149 1252 1181 1279 et
1204 1247 1514 1287 consuetudinibus,
1540 1247 1719 1290 privilegiis
1743 1257 1887 1290 quoque,

1148 1299 1282 1333 indultis
1303 1304 1336 1332 et
1362 1300 1478 1333 litteris
1496 1299 1680 1343 apostolicis
1704 1299 1738 1332 in
1762 1305 1890 1333 contra-

1148 1352 1231 1385 rium
1256 1353 1508 1396 praemissorum
1539 1353 1788 1396 quomodolibet
1811 1363 1888 1386 con-

1148 1406 1256 1446 cessis,
1281 1406 1475 1440 confirmatis
1505 1411 1538 1439 et
1561 1406 1738 1447 innovatis;
1771 1406 1887 1449 quihus

1148 1459 1300 1492 omnibus
1333 1464 1365 1492 et
1397 1459 1556 1502 singulis,
1589 1459 1722 1492 illorum
1753 1464 1887 1492 tenores

1148 1513 1373 1556 praesentibus
1410 1524 1469 1556 pro
1498 1514 1596 1556 plene
1630 1518 1663 1546 et
1691 1513 1888 1546 sufficienter

1148 1566 1307 1608 expressis
1328 1576 1363 1598 ac
1388 1567 1427 1599 ad
1444 1566 1578 1599 verbum
1604 1565 1738 1599 insertis
1764 1565 1888 1598 haben-

1149 1624 1204 1658 tes,
1224 1618 1288 1651 illis
1309 1619 1386 1652 alias
1400 1619 1433 1651 in
1450 1629 1508 1651 suo
1522 1619 1641 1652 robore
1656 1617 1886 1662 permansuris,

1148 1671 1187 1704 ad
1224 1672 1476 1714 praemissorum
1510 1671 1683 1712 effectum,
1721 1672 1782 1705 hac
1816 1671 1886 1704 vice

1149 1725 1327 1763 dumtaxat,
1351 1725 1537 1768 specialiter
1561 1730 1593 1757 et
1617 1734 1767 1768 expresse
1793 1724 1887 1757 dero-

1149 1788 1280 1820 gamus;
1318 1778 1500 1821 ceterisque
1537 1778 1709 1810 contrariis
1745 1777 1882 1821 quihus-

1148 1841 1298 1873 cumque.

1192 1885 1303 1917 Datum
1313 1884 1443 1925 Romae,
1459 1885 1545 1928 apud
1560 1884 1590 1918 S.
1610 1884 1749 1924 Petrum,
1762 1883 1821 1917 sub
1834 1893 1885 1916 an-

1149 1938 1226 1970 nulo
1244 1937 1430 1977 piscatoris,
1454 1938 1505 1970 die
1520 1947 1575 1971 xm
1594 1937 1669 1969 maii
1687 1944 1883 1977 rincaxxxni,

1149 1989 1358 2032 pontificatus
1385 1990 1488 2023 nostri
1514 2000 1600 2023 anno
1627 1999 1683 2023 vn.

1185 2051 1242 2079 Dat.
1258 2051 1302 2079 die
1319 2051 1351 2079 13
1371 2052 1434 2079 maii
1455 2052 1535 2086 1683,
1552 2051 1648 2087 pontif.
1670 2059 1740 2079 anno
1757 2056 1802 2078 vu.

1451 2176 1578 2211 cxxxi.

1151 2258 1370 2299 Confirmalur
1387 2258 1499 2290 erectio
1515 2255 1780 2299 Conqreqationis
1795 2265 1884 2299 pres·

1192 2310 1373 2353 hylerorum
1397 2309 1614 2341 saecularium
1642 2310 1681 2341 B.
1698 2308 1740 2341 M.
1764 2308 1796 2341 V.
1824 2309 1881 2341 As-

1192 2368 1339 2406 sumpeae
1363 2364 1502 2395 civitatis
1528 2362 1800 2404 Perluyallensis‚
1839 2361 1883 2394 ei-

1190 2428 1254 2460 que
1278 2417 1453 2459 prim'leqia
1477 2420 1505 2449 et
1530 2415 1754 2458 indulyentiae
1779 2425 1884 2447 conce-

1193 2470 1346 2502 clztnlur¹.

1182 2541 1189 2565 1
1204 2540 1240 2566 ΑΙ]
1253 2541 1301 2566 hoc
1312 2541 1479 2567 Pontinceiu
1493 2543 1575 2567 const.
1590 2538 1731 2566 e‹l.7i11nii
1744 2544 1883 2570 unctxxx,

1149 2585 1190 2611 die
1208 2585 1220 2611 7
1237 2584 1318 2617 iunii,
1340 2589 1410 2619 pont.
1430 2591 1470 2618 iv,
1489 2584 1664 2620 approbatum
1684 2582 1733 2609 fuit
1749 2581 1883 2618 quoddam

1903 190 1950 218 An.
1966 181 1995 219 c.⁴
2015 192 2080 222 1683

1928 937 2079 960 Contrariorum

1901 964 1976 990 deroga
1981 965 2016 986 uo.
