2111 3157
168 252 219 279 An.
237 251 266 279 C.
288 250 355 278 1688
402 240 465 275 88ss

361 309 397 331 ac
418 299 487 331 sine
512 297 578 330 ullo
603 294 753 338 strepitu,
771 296 927 335 quantum
954 290 1023 321 lieri
1043 299 1098 331 po-

362 358 436 389 test,
456 360 585 384 manere
611 348 744 381 debent.

405 414 456 436 xv.
484 403 515 435 ln
534 402 683 435 omnibus
702 398 850 433 domibus
867 406 1097 431 conversorum

364 467 446 500 quae
472 467 488 488 a
513 455 661 488 domibus
686 452 922 485 monachorum
948 455 1024 481 sunt
1048 459 1099 481 se-

363 516 505 553 paratae,
522 515 554 541 et
570 508 664 541 aliter
687 506 859 539 inferiores
884 510 1050 543 vocantur,
1066 503 1097 535 in

365 564 481 606 quibus
506 567 555 594 est
579 562 745 599 sacellum,
762 559 811 591 bis
835 559 884 591 vel
910 564 961 590 ter
985 557 1022 589 ad
1044 557 1100 588 mi-

364 626 424 648 nus
450 616 482 648 in
516 614 721 647 hebdomada
753 613 848 644 missa
880 611 1064 643 celebretur
1084 620 1101 642 a

363 673 578 712 procuratore
610 668 659 699 vel
685 667 796 709 priore
822 676 878 697 seu
905 664 968 696 alio
994 673 1102 696 sacer-

364 722 460 759 dote·‚
480 721 565 763 quod
591 719 681 762 prior
706 718 849 751 studiose
875 717 967 750 saciat
992 716 1103 749 obser-

363 774 446 806 vari:
474 774 592 806 ibidem
611 773 707 805 etiam
734 782 862 804 sacrum
879 780 996 813 corpus
1013 769 1102 801 Chri-

363 829 401 859 sti
420 833 607 859 reverenter
624 832 770 859 servetur
788 825 825 857 ad
844 823 1102 856 succurrendum

364 879 522 918 inlirmis,
548 885 579 912 et
611 879 643 910 in
676 878 823 920 quolibet
857 886 966 908 mense
1000 885 1102 907 reno—

363 938 467 965 vetur.

406 996 470 1019 xvi.
498 985 590 1019 Nulla
622 984 865 1028 dispensatione
896 984 946 1016 vel
971 982 1102 1016 licentia

363 1040 570 1082 permittatur
603 1039 690 1082 quod
727 1038 872 1071 conversi
904 1042 958 1069 aut
993 1035 1100 1068 donati

364 1098 497 1135 portent
521 1099 686 1124 tonsuram
713 1091 916 1129 clericalem,
942 1090 992 1121 vel
1018 1088 1101 1131 quod

365 1145 606 1187 grammaticam
633 1145 758 1177 discant
784 1149 838 1175 aut
863 1148 1012 1180 cantum,
1042 1152 1102 1173 nec

365 1198 451 1240 quod
467 1198 644 1229 ascendant
661 1197 698 1230 ad
718 1201 834 1228 statum
853 1195 1101 1233 monachorum,

365 1250 420 1281 sed
446 1250 666 1292 unusquisque
691 1254 879 1291 perseveret
900 1248 930 1279 in
957 1249 992 1279 ea
1015 1257 1104 1280 voca-

366 1303 453 1335 tione
480 1313 543 1344 qua
570 1307 701 1333 vocatus
728 1306 800 1340 est,
829 1311 888 1333 nec
918 1310 1018 1343 super
1043 1300 1104 1332 lioc

367 1356 432 1388 sint
457 1355 561 1387 infesti
589 1354 752 1397 prioribus
784 1360 838 1386 aut
863 1353 1101 1392 visitatoribus,

368 1419 438 1441 cum
464 1408 553 1440 nullo
572 1408 669 1440 modo
687 1418 786 1450 super
812 1408 874 1439 boc
898 1407 1023 1449 possint
1041 1406 1105 1438 dis-

367 1472 517 1504 pensare.

409 1514 552 1544 Ordinatio
573 1515 641 1543 (mni
657 1522 801 1543 noctxxix
823 1524 836 1541 «
852 1513 923 1548 Quia
942 1513 971 1542 in
988 1513 1107 1552 quibus-

369 1563 434 1592 dam
459 1563 575 1593 Ordinis
597 1561 730 1591 domibus
758 1570 963 1591 conversorum
987 1570 1107 1590 conver-

370 1613 443 1641 satio
466 1611 585 1640 omnino
609 1611 749 1649 tepescit,
773 1614 801 1639 et
823 1620 836 1639 a
860 1614 1035 1639 statutorum
1058 1609 1107 1639 ob-

371 1660 519 1690 servantiav
540 1659 708 1688 notabiliter
735 1659 882 1695 deflectit,
906 1659 1060 1688 statuimus
1082 1664 1109 1687 et

372 1709 540 1739 ordinamus
564 1717 599 1737 ue
624 1708 745 1736 ulterior
768 1707 817 1736 siat
838 1716 1045 1736 conversorum
1068 1717 1109 1736 re-

373 1757 468 1796 ceptio
490 1757 517 1786 in
542 1756 696 1791 domibus,
721 1755 768 1785 ubi
793 1756 875 1785 tertia
901 1765 967 1795 pars
989 1759 1111 1785 statuto-

374 1815 438 1836 rum
461 1805 494 1835 ad
517 1814 672 1834 couversos
690 1804 838 1843 pertinens
861 1805 937 1834 circa
957 1804 1112 1834 observan-

375 1855 443 1884 tiam
467 1854 627 1892 regularem
652 1863 708 1882 non
726 1853 808 1892 plene
826 1852 1005 1890 observatur,
1022 1854 1113 1883 donec

375 1903 474 1932 stricte
491 1907 519 1932 et
535 1902 722 1932 laudabiliter
737 1902 918 1931 visitatorum
934 1902 1040 1931 iudicio
1055 1911 1114 1931 ser-

377 1957 477 1988 vetur,
501 1952 549 1981 sed
583 1956 694 1981 tautum
728 1952 825 1981 donati
849 1951 889 1980 ibi
913 1951 1112 1990 recipiantur,

379 2001 565 2040 prohibentes
584 2000 730 2039 prioribus
753 2005 780 2029 et.
801 2001 906 2029 ceteris
928 2001 1113 2038 officialibus,

379 2050 432 2080 sub
456 2052 548 2089 poena
581 2049 792 2085 absolutionis,
818 2058 853 2078 ne
885 2049 994 2088 aliquid
1016 2054 1114 2079 contra

380 2099 454 2127 hanc
486 2097 680 2127 net-essarium
716 2098 929 2127 ordinationem
963 2102 1114 2128 attentent.

381 2146 517 2176 Conversi
541 2150 635 2175 autem
659 2151 686 2175 et
708 2146 824 2183 donati,
850 2151 910 2175 tum
935 2147 962 2175 in
982 2147 1115 2184 ecch-sia,

384 2201 443 2224 tum
466 2195 495 2224 in
519 2195 646 2233 capitulo
668 2199 695 2224 et
718 2196 880 2233 refectorio,
908 2196 993 2224 simul
1017 2205 1119 2225 conve-

385 2244 477 2280 niant,
494 2247 521 2272 et
538 2243 622 2271 simul
647 2243 833 2272 resectionem
856 2248 984 2281 sumant,
1007 2248 1119 2272 servato

386 2297 498 2321 tantum
521 2292 574 2320 hoc
597 2292 720 2329 ordine,
745 2296 776 2321 ut
801 2292 982 2330 antiquiores
1004 2292 1121 2321 donato-

388 2350 451 2370 rum
474 2340 568 2369 locum
596 2340 720 2370 habeant
743 2345 806 2379 post
828 2341 946 2370 ultimos
968 2350 1122 2370 conversos

390 2399 422 2418 ev
447 2390 567 2427 utraque
591 2393 671 2428 parte
694 2389 844 2426 ecclesiae,
868 2389 986 2428 capituli
1009 2393 1058 2418 aut
1080 2398 1124 2418 re-

392 2437 512 2466 fectorii.
535 2437 563 2466 Si
587 2437 651 2476 quis
673 2442 767 2466 autem
799 2437 875 2467 inter
897 2447 945 2467 eos
968 2442 1031 2476 post
1055 2438 1124 2466 haec

394 2486 516 2515 voluerit
538 2486 650 2524 primus
672 2495 754 2523 esse,
780 2486 827 2515 siat
855 2486 984 2515 omnium
1007 2486 1126 2515 ultimus

395 2537 422 2563 et
443 2543 554 2571 servus,
573 2535 649 2563 iuxta
667 2535 728 2564 lesu
747 2535 851 2565 Christi
867 2535 1020 2565 salvatoris
1036 2535 1126 2564 nostri

395 2583 589 2618 sententiam,
613 2583 694 2611 cuius
716 2584 915 2613 executionem
940 2584 1029 2623 priori
1051 2593 1128 2613 com-

395 2631 536 2662 mittimus
558 2636 585 2660 et
607 2633 841 2662 commendamus
855 2643 880 2662 11.

946 240 1125 265 ΒὶῚΛῐΛῘΠΠΜ
1150 238 1301 263 Romnum

1885 235 1933 263 An.
1950 234 1979 263 C.
1999 235 2073 273 ¹688,

1179 287 1322 317 Ordinatio
1344 286 1411 316 αηηί
1431 293 1590 315 nocxxxw.
1617 294 1631 314 «
1646 284 1685 315 De
1700 288 1796 315 cetero
1817 294 1876 315 non

1140 333 1320 372 recipiantur
1341 332 1473 362 conversi
1495 332 1529 362 ad
1552 332 1694 371 habitum,
1718 333 1774 364 nisi
1797 334 1878 373 prius

1141 379 1254 418 probati
1285 380 1394 409 suerint
1417 389 1468 418 per
1489 379 1721 418 quinquennium
1745 384 1809 419 post
1838 381 1864 410 t'a

1141 430 1215 455 ctam
1232 426 1416 455 donationem
1434 425 1487 455 sub
1500 425 1600 455 habitu
1616 425 1799 465 donatorum,
1816 427 1877 457 sine

1141 472 1258 511 speciali
1281 472 1402 502 licentia
1422 471 1541 511 capituli
1561 472 1706 510 generalis
1729 476 1778 502 aut
1799 482 1880 503 reve-

1142 519 1223 548 rendi
1240 519 1341 558 patriS‚
1359 527 1444 557 quam
1467 522 1564 548 tamen
1586 519 1682 548 rarius
1700 522 1728 548 et
1745 528 1801 549 non
1816 520 1879 550 sine

1142 565 1222 603 gravi
1245 566 1334 595 causa
1355 565 1569 594 concedendam
1591 573 1654 594 esse
1678 574 1833 596 censemus
1853 577 1880 596 1).

1188 623 1208 645 1.
1225 612 1387 651 Conversi,
1407 611 1460 654 qui
1478 612 1509 644 in
1528 612 1624 644 domo
1641 613 1799 656 superiori
1817 623 1881 646 mo·
1926 623 1995 645 clm
2009 623 2033 646 11.

1144 669 1279 704 rantur,
1306 664 1337 696 in
1364 664 1472 706 vigilia
1503 665 1656 697 festorum
1682 665 1815 708 capituli
1839 666 1878 699 ad
1890 650 2071 703 ‚«÷?‘},:}¹;i.¹=¹¹2¹;‘-,‘23

1145 717 1314 749 ecclesiam
1336 728 1396 760 pro
1412 717 1555 761 vesperis
1579 718 1748 751 audiendis
1766 729 1881 752 conve·
1891 704 1975 749 332?
1995 709 2071 750 2632?

1145 769 1245 802 niant.
1270 769 1326 807 Qui
1353 771 1478 803 veroin
1501 771 1596 804 domo
1621 771 1767 805 interiori
1793 758 1972 805 liabi-mmr'

1146 829 1213 855 tant
1237 823 1268 855 in
1287 823 1380 856 dictis
1397 824 1524 866 vigiliis,
1542 835 1613 857 cum
1632 835 1648 856 a
1668 825 1733 858 suis
1758 825 1881 859 disiun-

1146 882 1265 920 guntur
1283 876 1458 916 laboribus,
1474 878 1512 910 ad
1533 878 1660 910 domum
1679 878 1880 921 superiorem

1145 929 1340 968 ascendant,
1367 929 1412 961 sic
1436 935 1471 961 ut
1494 930 1650 964 medietas
1676 930 1823 974 ipsorum
1848 941 1881 964 a-

1145 982 1278 1015 scendat
1302 992 1444 1024 vespere,
1470 988 1564 1025 prout
1588 993 1699 1015 eorum
1725 983 1881 1017 obedien-

1148 1034 1207 1066 tiae
1232 1034 1400 1076 patiuntur
1417 1061 1424 1074 ,
1454 1034 1627 1067 matutinas
1660 1040 1703 1072 et,
1719 1035 1882 1079 reliquum

1146 1087 1208 1118 diei
1236 1086 1306 1118 sesti
1333 1086 1473 1118 officium
1499 1087 1638 1119 audituri
1663 1098 1734 1120 cum
1761 1088 1812 1121 his
1828 1088 1882 1132 qui

1147 1140 1177 1171 in
1203 1140 1298 1172 domo
1323 1140 1482 1182 superiori
1508 1140 1667 1181 habitant,
1690 1141 1744 1185 qui
1770 1152 1882 1175 omnes

1146 1193 1315 1225 imitentur
1339 1193 1517 1226 monachos
1537 1194 1568 1226 in
1587 1195 1791 1237 regularibus
1809 1205 1883 1228 cae-

1147 1247 1300 1279 remoniis
1331 1247 1361 1279 in
1388 1247 1488 1280 choro
1513 1247 1699 1280 existentes.
1726 1248 1802 1280 Pars
1828 1259 1884 1280 au-

1149 1307 1210 1333 tem
1236 1311 1486 1340 conversorum,
1513 1311 1593 1344 quae
1624 1301 1653 1333 in
1681 1301 1778 1334 domo
1803 1302 1885 1334 inse-

1148 1355 1224 1386 riori
1240 1354 1406 1394 remansit,
1427 1353 1469 1386 ibi
1491 1353 1522 1385 in
1541 1354 1676 1386 ecclesia
1694 1365 1769 1387 suas
1786 1360 1885 1387 matu·

1150 1408 1230 1439 tinas
1248 1407 1419 1449 persolvat,
1447 1412 1478 1439 et
1502 1417 1628 1439 summo
1654 1417 1747 1440 mane
1772 1417 1884 1440 ascen-

1150 1461 1202 1493 dat
1218 1460 1255 1492 ad
1274 1460 1404 1492 domum
1421 1460 1631 1502 superiorein,
1650 1460 1702 1492 ubi
1723 1459 1884 1493 dominus¹

1150 1524 1239 1545 suum
1267 1513 1406 1545 osticium
1433 1513 1552 1546 audiat.

1194 1577 1228 1599 11.
1271 1566 1346 1598 Post
1378 1566 1578 1608 capitulum,
1609 1566 1693 1599 dicta
1717 1566 1814 1599 missa
1847 1567 1886 1600 de

1152 1620 1285 1652 Domina
1309 1619 1341 1650 in
1370 1619 1515 1661 privato,
1538 1623 1684 1651 teneatur
1701 1620 1747 1652 eis
1765 1619 1888 1663 capitu-

1153 1674 1229 1711 lum,
1246 1672 1299 1703 ubi
1320 1671 1452 1703 verbum
1474 1671 1528 1703 Dei
1551 1681 1567 1702 a
1587 1671 1707 1714 priore,
1722 1673 1771 1705 vel
1793 1673 1832 1704 ab
1850 1682 1887 1705 eo

1154 1726 1203 1757 eui
1224 1724 1411 1763 iniunxerit,
1431 1730 1552 1757 attente
1572 1725 1710 1765 audiant,
1731 1730 1763 1758 et
1779 1727 1889 1769 culpas

1155 1790 1227 1811 suas
1245 1783 1492 1820 recognoscant,
1513 1778 1740 1820 praesentibus
1763 1778 1889 1811 donatis

1156 1833 1250 1866 ctiam
1277 1832 1308 1863 in
1343 1831 1500 1873 singulari
1537 1832 1704 1874 culparum
1740 1831 1891 1874 recogni-

1158 1886 1255 1918 tione.
1283 1885 1314 1917 ln
1341 1883 1599 1917 solemnitatibus
1635 1889 1742 1916 tamen
1772 1884 1891 1917 Natalis

1158 1938 1293 1977 Domini,
1311 1938 1453 1970 Paschae
1479 1942 1509 1969 et
1533 1937 1739 1969 Pentecostes
1764 1947 1827 1969 non
1847 1943 1892 1970 te-

1158 1990 1270 2025 11111111ἵ
1287 1992 1332 2024 eis
1352 1990 1539 2032 capitulum,
1555 1990 1608 2022 sed
1625 1990 1655 2021 in
1672 1989 1788 2032 vigiliis
1801 2000 1894 2033 prae-

1159 2046 1316 2079 dictarum
1342 2044 1583 2076 solemnitatum
1615 2048 1689 2086 post
1720 2042 1820 2076 dictas
1843 2054 1895 2076 ve-

1160 2109 1282 2143 speras.

1204 2163 1250 2186 iu.
1267 2153 1322 2184 Die
1340 2150 1459 2184 Natalis
1478 2150 1616 2190 Domini,
1635 2155 1666 2183 et
1683 2150 1809 2184 duobus
1828 2150 1896 2183 dic-

1163 2208 1221 2239 bus
1248 2204 1473 2247 sequentibus,
1493 2209 1524 2235 et
1542 2203 1573 2235 in
1596 2203 1708 2246 primis
1726 2209 1757 2236 et
1782 2214 1897 2236 secun-¹

1164 2261 1211 2292 (lis
1231 2259 1344 2291 diebus
1370 2258 1509 2290 Paschae
1535 2262 1566 2289 et
1590 2257 1807 2296 Pentecostes‚
1824 2262 1899 2300 post

1165 2323 1293 2350 nonam,
1312 2311 1343 2342 in
1366 2310 1506 2352 capitulo
1531 2310 1663 2342 audiant
1686 2310 1818 2342 verbum
1842 2308 1897 2342 Dei

1166 2366 1203 2397 ab
1230 2376 1267 2397 eo
1295 2364 1344 2395 cui
1382 2363 1473 2406 prior
1507 2362 1694 2395 iniunxerit.
1721 2362 1755 2395 In
1781 2362 1898 2405 quibus

1167 2418 1280 2450 dicbus
1305 2422 1378 2459 post
1402 2416 1578 2458 capitulum
1605 2415 1837 2448 monachorum
1856 2415 1901 2448 le-

1168 2476 1283 2511 gantur
1314 2469 1360 2501 eis
1392 2479 1504 2501 eorum
1541 2473 1658 2500 statuta
1674 2494 1682 2507 ,
1707 2472 1738 2500 et
1761 2467 1793 2500 in
1819 2467 1900 2500 sesto

1168 2523 1269 2557 sancti
1294 2522 1423 2555 loannis
1448 2521 1676 2564 evangelistae,
1701 2526 1798 2564 atque
1824 2520 1902 2554 seria

1206 2592 1214 2617 1
1235 2591 1271 2615 An
1288 2593 1361 2616 ret-ta
1377 2589 1456 2616 lectio
1471 2589 1570 2615 iudicet
1583 2589 1667 2615 lector
1681 2589 1750 2615 scius
1764 2590 1801 2622 (n.
1818 2588 1866 2622 T.)-

1204 2636 1219 2661 ⁰2
1241 2634 1309 2660 Edit.
1332 2634 1409 2659 lllain.
1432 2634 1494 2668 legit
1515 2636 1647 2661 tmicnlur
1665 2632 1769 2668 (n.'1·.).
