<?xml version="1.0" encoding="UTF-8"?>
<!DOCTYPE html PUBLIC "-//W3C//DTD XHTML 1.0 Transitional//EN"
    "http://www.w3.org/TR/xhtml1/DTD/xhtml1-transitional.dtd">
<html xmlns="http://www.w3.org/1999/xhtml" xml:lang="en" lang="en">
 <head>
  <title>
</title>
<meta http-equiv="Content-Type" content="text/html;charset=utf-8" />
  <meta name='ocr-system' content='tesseract 3.04.00' />
  <meta name='ocr-capabilities' content='ocr_page ocr_carea ocr_par ocr_line ocrx_word'/>
</head>
<body>
  <div class='ocr_page' id='page_1' title='image "./bullarumdiplomat19cath_0797.png"; bbox 0 0 2111 3157; ppageno 0'>
   <div class='ocr_carea' id='block_1_1' title="bbox 0 259 175 292">
    <p class='ocr_par' dir='ltr' id='par_1_1' title="bbox 0 259 175 292">
     <span class='ocr_line' id='line_1_1' title="bbox 0 259 175 292; baseline -0.023 -1"><span class='ocrx_word' id='word_1_1' title='bbox 0 262 47 292; x_wconf 66' lang='lat' dir='ltr'>An.</span> <span class='ocrx_word' id='word_1_2' title='bbox 59 261 88 291; x_wconf 80' lang='lat' dir='ltr'>G.</span> <span class='ocrx_word' id='word_1_3' title='bbox 110 259 175 290; x_wconf 76' lang='lat'><strong>1687</strong></span> 
     </span>
    </p>
   </div>
   <div class='ocr_carea' id='block_1_2' title="bbox 0 792 171 843">
    <p class='ocr_par' dir='ltr' id='par_1_2' title="bbox 0 792 171 843">
     <span class='ocr_line' id='line_1_2' title="bbox 47 792 171 814; baseline 0 -1"><span class='ocrx_word' id='word_1_4' title='bbox 47 792 171 814; x_wconf 77' lang='lat' dir='ltr'>constituito</span> 
     </span>
     <span class='ocr_line' id='line_1_3' title="bbox 0 819 71 843; baseline 0.014 -1"><span class='ocrx_word' id='word_1_5' title='bbox 0 820 23 842; x_wconf 80' lang='lat' dir='ltr'>’ti</span> <span class='ocrx_word' id='word_1_6' title='bbox 36 819 71 843; x_wconf 83' lang='lat' dir='ltr'>tv.</span> 
     </span>
    </p>
   </div>
   <div class='ocr_carea' id='block_1_3' title="bbox 768 257 1102 282">
    <p class='ocr_par' dir='ltr' id='par_1_3' title="bbox 768 257 1102 282">
     <span class='ocr_line' id='line_1_4' title="bbox 768 257 1102 282; baseline -0.003 0"><span class='ocrx_word' id='word_1_7' title='bbox 768 257 976 282; x_wconf 80' lang='lat' dir='ltr'>lNNOCENTlUS</span> <span class='ocrx_word' id='word_1_8' title='bbox 999 259 1029 282; x_wconf 83' lang='lat' dir='ltr'>Xl</span> <span class='ocrx_word' id='word_1_9' title='bbox 1055 259 1102 281; x_wconf 79' lang='lat' dir='ltr'>Pr.</span> 
     </span>
    </p>
   </div>
   <div class='ocr_carea' id='block_1_4' title="bbox 184 304 918 606">
    <p class='ocr_par' dir='ltr' id='par_1_4' title="bbox 184 304 918 606">
     <span class='ocr_line' id='line_1_5' title="bbox 185 304 917 348; baseline -0.007 -6"><span class='ocrx_word' id='word_1_10' title='bbox 185 307 318 348; x_wconf 86' lang='lat' dir='ltr'>litionis,</span> <span class='ocrx_word' id='word_1_11' title='bbox 339 307 469 347; x_wconf 77' lang='lat' dir='ltr'>decreti,</span> <span class='ocrx_word' id='word_1_12' title='bbox 489 306 670 345; x_wconf 89' lang='lat' dir='ltr'>voluntatis,</span> <span class='ocrx_word' id='word_1_13' title='bbox 690 304 917 339; x_wconf 79' lang='lat' dir='ltr'>declarationis</span> 
     </span>
     <span class='ocr_line' id='line_1_6' title="bbox 186 360 918 405; baseline -0.005 -10"><span class='ocrx_word' id='word_1_14' title='bbox 186 367 219 395; x_wconf 88' lang='lat' dir='ltr'>et</span> <span class='ocrx_word' id='word_1_15' title='bbox 240 361 405 405; x_wconf 81' lang='lat' dir='ltr'>praecepti</span> <span class='ocrx_word' id='word_1_16' title='bbox 436 360 613 403; x_wconf 79' lang='lat' dir='ltr'>infringere</span> <span class='ocrx_word' id='word_1_17' title='bbox 638 361 688 393; x_wconf 93' lang='lat' dir='ltr'>vel</span> <span class='ocrx_word' id='word_1_18' title='bbox 714 360 743 392; x_wconf 92' lang='lat' dir='ltr'>ei</span> <span class='ocrx_word' id='word_1_19' title='bbox 767 369 847 391; x_wconf 89' lang='lat' dir='ltr'>ausu</span> <span class='ocrx_word' id='word_1_20' title='bbox 871 363 918 391; x_wconf 89' lang='lat' dir='ltr'>te-</span> 
     </span>
     <span class='ocr_line' id='line_1_7' title="bbox 184 412 917 456; baseline -0.004 -9"><span class='ocrx_word' id='word_1_21' title='bbox 184 413 322 448; x_wconf 74' lang='lat' dir='ltr'>merario</span> <span class='ocrx_word' id='word_1_22' title='bbox 347 413 516 446; x_wconf 89' lang='lat' dir='ltr'>contraire.</span> <span class='ocrx_word' id='word_1_23' title='bbox 550 412 582 446; x_wconf 88' lang='lat' dir='ltr'>Si</span> <span class='ocrx_word' id='word_1_24' title='bbox 618 413 689 456; x_wconf 89' lang='lat' dir='ltr'>quis</span> <span class='ocrx_word' id='word_1_25' title='bbox 715 418 821 444; x_wconf 87' lang='lat' dir='ltr'>autem</span> <span class='ocrx_word' id='word_1_26' title='bbox 855 412 917 444; x_wconf 87' lang='lat' dir='ltr'>hoc</span> 
     </span>
     <span class='ocr_line' id='line_1_8' title="bbox 185 465 916 510; baseline -0.004 -10"><span class='ocrx_word' id='word_1_27' title='bbox 185 472 342 500; x_wconf 83' lang='lat' dir='ltr'>attentare</span> <span class='ocrx_word' id='word_1_28' title='bbox 367 466 633 510; x_wconf 77' lang='lat' dir='ltr'>praesumpserit,</span> <span class='ocrx_word' id='word_1_29' title='bbox 660 465 916 509; x_wconf 75' lang='lat' dir='ltr'>indignationem</span> 
     </span>
     <span class='ocr_line' id='line_1_9' title="bbox 184 517 917 563; baseline -0.004 -11"><span class='ocrx_word' id='word_1_30' title='bbox 184 520 417 563; x_wconf 88' lang='lat' dir='ltr'>omnipotentis</span> <span class='ocrx_word' id='word_1_31' title='bbox 442 519 498 552; x_wconf 88' lang='lat' dir='ltr'>Dei</span> <span class='ocrx_word' id='word_1_32' title='bbox 524 530 559 552; x_wconf 83' lang='lat' dir='ltr'>ac</span> <span class='ocrx_word' id='word_1_33' title='bbox 583 520 752 552; x_wconf 85' lang='lat' dir='ltr'>beatorum</span> <span class='ocrx_word' id='word_1_34' title='bbox 780 517 865 551; x_wconf 83' lang='lat' dir='ltr'>Petri</span> <span class='ocrx_word' id='word_1_35' title='bbox 886 522 917 550; x_wconf 91' lang='lat' dir='ltr'>et</span> 
     </span>
     <span class='ocr_line' id='line_1_10' title="bbox 184 572 763 606; baseline -0.002 -1"><span class='ocrx_word' id='word_1_36' title='bbox 184 573 273 606; x_wconf 86' lang='lat' dir='ltr'>Pauli</span> <span class='ocrx_word' id='word_1_37' title='bbox 312 583 346 605; x_wconf 90' lang='lat' dir='ltr'>se</span> <span class='ocrx_word' id='word_1_38' title='bbox 382 572 509 605; x_wconf 88' lang='lat' dir='ltr'>noverit</span> <span class='ocrx_word' id='word_1_39' title='bbox 547 572 763 605; x_wconf 87' lang='lat' dir='ltr'>incursurum.</span> 
     </span>
    </p>
   </div>
   <div class='ocr_carea' id='block_1_5' title="bbox 182 632 914 756">
    <p class='ocr_par' dir='ltr' id='par_1_5' title="bbox 182 632 914 756">
     <span class='ocr_line' id='line_1_11' title="bbox 218 632 914 669; baseline -0.001 -9"><span class='ocrx_word' id='word_1_40' title='bbox 218 633 312 665; x_wconf 77' lang='lat' dir='ltr'>Datum</span> <span class='ocrx_word' id='word_1_41' title='bbox 332 633 443 668; x_wconf 82' lang='lat' dir='ltr'>Romae,</span> <span class='ocrx_word' id='word_1_42' title='bbox 464 633 533 669; x_wconf 85' lang='lat' dir='ltr'>apud</span> <span class='ocrx_word' id='word_1_43' title='bbox 553 634 579 661; x_wconf 92' lang='lat' dir='ltr'>S.</span> <span class='ocrx_word' id='word_1_44' title='bbox 601 632 718 666; x_wconf 88' lang='lat' dir='ltr'>Petrum,</span> <span class='ocrx_word' id='word_1_45' title='bbox 734 641 803 660; x_wconf 87' lang='lat' dir='ltr'>anno</span> <span class='ocrx_word' id='word_1_46' title='bbox 823 632 914 659; x_wconf 85' lang='lat' dir='ltr'>Incar-</span> 
     </span>
     <span class='ocr_line' id='line_1_12' title="bbox 182 676 914 711; baseline -0.001 -7"><span class='ocrx_word' id='word_1_47' title='bbox 182 677 298 704; x_wconf 81' lang='lat' dir='ltr'>nationis</span> <span class='ocrx_word' id='word_1_48' title='bbox 311 678 463 704; x_wconf 80' lang='lat' dir='ltr'>dominicae</span> <span class='ocrx_word' id='word_1_49' title='bbox 487 684 575 709; x_wconf 76' lang='lat' dir='ltr'>tunm,</span> <span class='ocrx_word' id='word_1_50' title='bbox 595 685 612 704; x_wconf 90' lang='lat' dir='ltr'>x</span> <span class='ocrx_word' id='word_1_51' title='bbox 635 676 762 704; x_wconf 85' lang='lat' dir='ltr'>kalendas</span> <span class='ocrx_word' id='word_1_52' title='bbox 786 676 914 711; x_wconf 83' lang='lat' dir='ltr'>octobris,</span> 
     </span>
     <span class='ocr_line' id='line_1_13' title="bbox 182 720 607 756; baseline 0 -8"><span class='ocrx_word' id='word_1_53' title='bbox 182 720 353 756; x_wconf 80' lang='lat' dir='ltr'>pontificatus</span> <span class='ocrx_word' id='word_1_54' title='bbox 372 721 457 748; x_wconf 79' lang='lat' dir='ltr'>nostri</span> <span class='ocrx_word' id='word_1_55' title='bbox 476 729 546 748; x_wconf 87' lang='lat' dir='ltr'>anno</span> <span class='ocrx_word' id='word_1_56' title='bbox 565 728 607 748; x_wconf 82' lang='lat' dir='ltr'>ni.</span> 
     </span>
    </p>
   </div>
   <div class='ocr_carea' id='block_1_6' title="bbox 225 782 915 816">
    <p class='ocr_par' dir='ltr' id='par_1_6' title="bbox 225 782 915 816">
     <span class='ocr_line' id='line_1_14' title="bbox 225 782 915 816; baseline -0.003 0"><span class='ocrx_word' id='word_1_57' title='bbox 225 783 348 816; x_wconf 86' lang='lat' dir='ltr'>Deinde</span> <span class='ocrx_word' id='word_1_58' title='bbox 364 783 558 816; x_wconf 85' lang='lat' dir='ltr'>recolendae</span> <span class='ocrx_word' id='word_1_59' title='bbox 576 782 754 816; x_wconf 77' lang='lat' dir='ltr'>memoriae</span> <span class='ocrx_word' id='word_1_60' title='bbox 773 782 847 815; x_wconf 91' lang='lat' dir='ltr'>Pius</span> <span class='ocrx_word' id='word_1_61' title='bbox 863 782 915 814; x_wconf 88' lang='lat' dir='ltr'>Pa-</span> 
     </span>
    </p>
   </div>
   <div class='ocr_carea' id='block_1_7' title="bbox 181 835 936 879">
    <p class='ocr_par' dir='ltr' id='par_1_7' title="bbox 181 835 936 879">
     <span class='ocr_line' id='line_1_15' title="bbox 181 835 936 879; baseline -0.003 -11"><span class='ocrx_word' id='word_1_62' title='bbox 181 846 222 879; x_wconf 91' lang='lat' dir='ltr'>pa</span> <span class='ocrx_word' id='word_1_63' title='bbox 238 835 283 875; x_wconf 91' lang='lat' dir='ltr'>1v,</span> <span class='ocrx_word' id='word_1_64' title='bbox 302 835 398 868; x_wconf 89' lang='lat' dir='ltr'>etiam</span> <span class='ocrx_word' id='word_1_65' title='bbox 422 835 656 878; x_wconf 85' lang='lat' dir='ltr'>praedecessor</span> <span class='ocrx_word' id='word_1_66' title='bbox 680 840 802 874; x_wconf 84' lang='lat' dir='ltr'>noster,</span> <span class='ocrx_word' id='word_1_67' title='bbox 821 835 914 867; x_wconf 87' lang='lat' dir='ltr'>vesti·</span> <span class='ocrx_word' id='word_1_68' title='bbox 934 849 936 860; x_wconf 75' lang='grc' dir='ltr'>ι</span> 
     </span>
    </p>
   </div>
   <div class='ocr_carea' id='block_1_8' title="bbox 177 887 917 2512">
    <p class='ocr_par' dir='ltr' id='par_1_8' title="bbox 179 887 914 982">
     <span class='ocr_line' id='line_1_16' title="bbox 181 887 914 931; baseline -0.003 -10"><span class='ocrx_word' id='word_1_69' title='bbox 181 887 241 930; x_wconf 79' lang='lat' dir='ltr'>giis</span> <span class='ocrx_word' id='word_1_70' title='bbox 257 888 522 931; x_wconf 84' lang='lat' dir='ltr'>praedecessoris</span> <span class='ocrx_word' id='word_1_71' title='bbox 539 887 725 927; x_wconf 79' lang='lat' dir='ltr'>inhaerens,</span> <span class='ocrx_word' id='word_1_72' title='bbox 745 887 841 920; x_wconf 86' lang='lat' dir='ltr'>aliam</span> <span class='ocrx_word' id='word_1_73' title='bbox 858 897 914 930; x_wconf 90' lang='lat' dir='ltr'>pu-</span> 
     </span>
     <span class='ocr_line' id='line_1_17' title="bbox 179 939 911 982; baseline -0.003 -9"><span class='ocrx_word' id='word_1_74' title='bbox 179 939 328 974; x_wconf 87' lang='lat' dir='ltr'>blicavit¹</span> <span class='ocrx_word' id='word_1_75' title='bbox 345 940 620 979; x_wconf 90' lang='lat' dir='ltr'>constitutionem,</span> <span class='ocrx_word' id='word_1_76' title='bbox 637 950 718 982; x_wconf 85' lang='lat' dir='ltr'>quae</span> <span class='ocrx_word' id='word_1_77' title='bbox 737 940 781 972; x_wconf 89' lang='lat' dir='ltr'>sic</span> <span class='ocrx_word' id='word_1_78' title='bbox 798 940 911 972; x_wconf 83' lang='lat' dir='ltr'>habet:</span> 
     </span>
    </p>

    <p class='ocr_par' dir='ltr' id='par_1_9' title="bbox 177 994 917 2512">
     <span class='ocr_line' id='line_1_18' title="bbox 229 994 914 1036; baseline -0.001 -11"><span class='ocrx_word' id='word_1_79' title='bbox 229 1006 243 1025; x_wconf 65' lang='lat' dir='ltr'>a</span> <span class='ocrx_word' id='word_1_80' title='bbox 273 994 356 1027; x_wconf 81' lang='lat' dir='ltr'>Pius</span> <span class='ocrx_word' id='word_1_81' title='bbox 391 994 577 1036; x_wconf 77' lang='lat' dir='ltr'>episcopus,</span> <span class='ocrx_word' id='word_1_82' title='bbox 611 1003 720 1025; x_wconf 76' lang='lat' dir='ltr'>servus</span> <span class='ocrx_word' id='word_1_83' title='bbox 751 1003 914 1025; x_wconf 83' lang='lat' dir='ltr'>servorum</span> 
     </span>
     <span class='ocr_line' id='line_1_19' title="bbox 180 1046 914 1089; baseline -0.003 -10"><span class='ocrx_word' id='word_1_84' title='bbox 180 1046 259 1086; x_wconf 85' lang='lat' dir='ltr'>Dei,</span> <span class='ocrx_word' id='word_1_85' title='bbox 285 1046 327 1079; x_wconf 77' lang='lat' dir='ltr'>ad</span> <span class='ocrx_word' id='word_1_86' title='bbox 356 1047 504 1089; x_wconf 76' lang='lat' dir='ltr'>futuram</span> <span class='ocrx_word' id='word_1_87' title='bbox 529 1046 578 1078; x_wconf 80' lang='lat' dir='ltr'>rei</span> <span class='ocrx_word' id='word_1_88' title='bbox 600 1046 800 1079; x_wconf 77' lang='lat' dir='ltr'>memoriam.</span> <span class='ocrx_word' id='word_1_89' title='bbox 828 1046 914 1078; x_wconf 83' lang='lat' dir='ltr'>Inter</span> 
     </span>
     <span class='ocr_line' id='line_1_20' title="bbox 180 1098 914 1141; baseline 0 -10"><span class='ocrx_word' id='word_1_90' title='bbox 180 1104 312 1138; x_wconf 83' lang='lat' dir='ltr'>ceteraS,</span> <span class='ocrx_word' id='word_1_91' title='bbox 339 1098 456 1141; x_wconf 89' lang='lat' dir='ltr'>quibus</span> <span class='ocrx_word' id='word_1_92' title='bbox 482 1109 519 1131; x_wconf 83' lang='lat' dir='ltr'>ex</span> <span class='ocrx_word' id='word_1_93' title='bbox 548 1098 693 1131; x_wconf 86' lang='lat' dir='ltr'>iniuncto</span> <span class='ocrx_word' id='word_1_94' title='bbox 719 1099 814 1131; x_wconf 85' lang='lat' dir='ltr'>nobis</span> <span class='ocrx_word' id='word_1_95' title='bbox 838 1109 914 1141; x_wconf 86' lang='lat' dir='ltr'>apo-</span> 
     </span>
     <span class='ocr_line' id='line_1_21' title="bbox 180 1151 914 1193; baseline -0.003 -8"><span class='ocrx_word' id='word_1_96' title='bbox 180 1152 314 1185; x_wconf 87' lang='lat' dir='ltr'>stolicae</span> <span class='ocrx_word' id='word_1_97' title='bbox 341 1151 502 1184; x_wconf 86' lang='lat' dir='ltr'>servitutis</span> <span class='ocrx_word' id='word_1_98' title='bbox 532 1151 639 1184; x_wconf 80' lang='lat' dir='ltr'>officio</span> <span class='ocrx_word' id='word_1_99' title='bbox 665 1151 791 1184; x_wconf 82' lang='lat' dir='ltr'>assidue</span> <span class='ocrx_word' id='word_1_100' title='bbox 825 1152 914 1193; x_wconf 81' lang='lat' dir='ltr'>angi·</span> 
     </span>
     <span class='ocr_line' id='line_1_22' title="bbox 179 1204 912 1247; baseline -0.003 -10"><span class='ocrx_word' id='word_1_101' title='bbox 179 1215 258 1245; x_wconf 88' lang='lat' dir='ltr'>mur,</span> <span class='ocrx_word' id='word_1_102' title='bbox 273 1214 348 1237; x_wconf 87' lang='lat' dir='ltr'>cura</span> <span class='ocrx_word' id='word_1_103' title='bbox 363 1204 419 1237; x_wconf 89' lang='lat' dir='ltr'>illa</span> <span class='ocrx_word' id='word_1_104' title='bbox 440 1204 534 1236; x_wconf 88' lang='lat' dir='ltr'>nobis</span> <span class='ocrx_word' id='word_1_105' title='bbox 552 1204 724 1247; x_wconf 85' lang='lat' dir='ltr'>praecipue</span> <span class='ocrx_word' id='word_1_106' title='bbox 745 1204 835 1237; x_wconf 87' lang='lat' dir='ltr'>cordi</span> <span class='ocrx_word' id='word_1_107' title='bbox 854 1209 912 1243; x_wconf 85' lang='lat' dir='ltr'>est,</span> 
     </span>
     <span class='ocr_line' id='line_1_23' title="bbox 177 1255 912 1300; baseline 0 -11"><span class='ocrx_word' id='word_1_108' title='bbox 177 1262 213 1289; x_wconf 88' lang='lat' dir='ltr'>ut</span> <span class='ocrx_word' id='word_1_109' title='bbox 237 1257 320 1289; x_wconf 87' lang='lat' dir='ltr'>alma</span> <span class='ocrx_word' id='word_1_110' title='bbox 344 1255 425 1290; x_wconf 87' lang='lat' dir='ltr'>Urbs</span> <span class='ocrx_word' id='word_1_111' title='bbox 450 1262 579 1296; x_wconf 87' lang='lat' dir='ltr'>nostra,</span> <span class='ocrx_word' id='word_1_112' title='bbox 613 1257 651 1289; x_wconf 89' lang='lat' dir='ltr'>ad</span> <span class='ocrx_word' id='word_1_113' title='bbox 678 1267 773 1300; x_wconf 86' lang='lat' dir='ltr'>quam</span> <span class='ocrx_word' id='word_1_114' title='bbox 799 1267 912 1289; x_wconf 89' lang='lat' dir='ltr'>omnes</span> 
     </span>
     <span class='ocr_line' id='line_1_24' title="bbox 179 1308 915 1352; baseline -0.001 -10"><span class='ocrx_word' id='word_1_115' title='bbox 179 1308 407 1342; x_wconf 78' lang='lat' dir='ltr'>christifideles</span> <span class='ocrx_word' id='word_1_116' title='bbox 434 1319 469 1341; x_wconf 74' lang='lat' dir='ltr'>ex</span> <span class='ocrx_word' id='word_1_117' title='bbox 495 1309 651 1341; x_wconf 87' lang='lat' dir='ltr'>universis</span> <span class='ocrx_word' id='word_1_118' title='bbox 681 1309 791 1341; x_wconf 86' lang='lat' dir='ltr'>mundi</span> <span class='ocrx_word' id='word_1_119' title='bbox 817 1309 915 1352; x_wconf 88' lang='lat' dir='ltr'>parti-</span> 
     </span>
     <span class='ocr_line' id='line_1_25' title="bbox 178 1361 915 1404; baseline -0.003 -9"><span class='ocrx_word' id='word_1_120' title='bbox 178 1363 238 1395; x_wconf 84' lang='lat' dir='ltr'>bus</span> <span class='ocrx_word' id='word_1_121' title='bbox 261 1361 360 1395; x_wconf 87' lang='lat' dir='ltr'>veluti</span> <span class='ocrx_word' id='word_1_122' title='bbox 384 1361 425 1394; x_wconf 84' lang='lat' dir='ltr'>ad</span> <span class='ocrx_word' id='word_1_123' title='bbox 443 1361 814 1404; x_wconf 65' lang='lat' dir='ltr'>tutissimumtnelugium</span> <span class='ocrx_word' id='word_1_124' title='bbox 840 1372 915 1394; x_wconf 92' lang='lat' dir='ltr'>con-</span> 
     </span>
     <span class='ocr_line' id='line_1_26' title="bbox 179 1414 914 1456; baseline 0 -10"><span class='ocrx_word' id='word_1_125' title='bbox 179 1415 289 1454; x_wconf 83' lang='lat' dir='ltr'>fluunt,</span> <span class='ocrx_word' id='word_1_126' title='bbox 314 1414 506 1447; x_wconf 82' lang='lat' dir='ltr'>facinorosis</span> <span class='ocrx_word' id='word_1_127' title='bbox 526 1414 713 1447; x_wconf 88' lang='lat' dir='ltr'>hominibus</span> <span class='ocrx_word' id='word_1_128' title='bbox 738 1419 914 1456; x_wconf 82' lang='lat' dir='ltr'>expurgata</span> 
     </span>
     <span class='ocr_line' id='line_1_27' title="bbox 179 1467 913 1511; baseline 0 -11"><span class='ocrx_word' id='word_1_129' title='bbox 179 1473 211 1500; x_wconf 89' lang='lat' dir='ltr'>et</span> <span class='ocrx_word' id='word_1_130' title='bbox 240 1467 369 1510; x_wconf 88' lang='lat' dir='ltr'>penitus</span> <span class='ocrx_word' id='word_1_131' title='bbox 399 1478 497 1500; x_wconf 90' lang='lat' dir='ltr'>vacua</span> <span class='ocrx_word' id='word_1_132' title='bbox 527 1472 724 1511; x_wconf 84' lang='lat' dir='ltr'>permaneat,</span> <span class='ocrx_word' id='word_1_133' title='bbox 760 1478 795 1500; x_wconf 86' lang='lat' dir='ltr'>ac</span> <span class='ocrx_word' id='word_1_134' title='bbox 820 1468 852 1500; x_wconf 89' lang='lat' dir='ltr'>in</span> <span class='ocrx_word' id='word_1_135' title='bbox 878 1469 913 1500; x_wconf 74' lang='lat' dir='ltr'>ea</span> 
     </span>
     <span class='ocr_line' id='line_1_28' title="bbox 177 1519 912 1563; baseline -0.003 -10"><span class='ocrx_word' id='word_1_136' title='bbox 177 1519 255 1553; x_wconf 87' lang='lat' dir='ltr'>boni</span> <span class='ocrx_word' id='word_1_137' title='bbox 280 1530 392 1553; x_wconf 89' lang='lat' dir='ltr'>omnes</span> <span class='ocrx_word' id='word_1_138' title='bbox 417 1520 524 1563; x_wconf 77' lang='lat' dir='ltr'>quieta</span> <span class='ocrx_word' id='word_1_139' title='bbox 553 1520 724 1553; x_wconf 82' lang='lat' dir='ltr'>securitate</span> <span class='ocrx_word' id='word_1_140' title='bbox 751 1520 912 1559; x_wconf 82' lang='lat' dir='ltr'>fruantur,</span> 
     </span>
     <span class='ocr_line' id='line_1_29' title="bbox 178 1572 913 1615; baseline 0 -9"><span class='ocrx_word' id='word_1_141' title='bbox 178 1572 272 1606; x_wconf 77' lang='lat' dir='ltr'>malis</span> <span class='ocrx_word' id='word_1_142' title='bbox 297 1577 402 1606; x_wconf 86' lang='lat' dir='ltr'>autem</span> <span class='ocrx_word' id='word_1_143' title='bbox 428 1573 547 1612; x_wconf 84' lang='lat' dir='ltr'>nullus,</span> <span class='ocrx_word' id='word_1_144' title='bbox 579 1583 640 1615; x_wconf 86' lang='lat' dir='ltr'>quo</span> <span class='ocrx_word' id='word_1_145' title='bbox 671 1583 703 1605; x_wconf 87' lang='lat' dir='ltr'>se</span> <span class='ocrx_word' id='word_1_146' title='bbox 744 1573 913 1606; x_wconf 78' lang='lat' dir='ltr'>confovere</span> 
     </span>
     <span class='ocr_line' id='line_1_30' title="bbox 178 1625 915 1670; baseline -0.001 -11"><span class='ocrx_word' id='word_1_147' title='bbox 178 1626 313 1670; x_wconf 88' lang='lat' dir='ltr'>possint,</span> <span class='ocrx_word' id='word_1_148' title='bbox 347 1626 437 1658; x_wconf 88' lang='lat' dir='ltr'>locus</span> <span class='ocrx_word' id='word_1_149' title='bbox 470 1625 679 1667; x_wconf 81' lang='lat' dir='ltr'>relinquatur,</span> <span class='ocrx_word' id='word_1_150' title='bbox 707 1630 738 1658; x_wconf 92' lang='lat' dir='ltr'>ct</span> <span class='ocrx_word' id='word_1_151' title='bbox 762 1625 793 1664; x_wconf 83' lang='lat' dir='ltr'>ii,</span> <span class='ocrx_word' id='word_1_152' title='bbox 819 1626 872 1668; x_wconf 86' lang='lat' dir='ltr'>qui</span> <span class='ocrx_word' id='word_1_153' title='bbox 897 1636 915 1658; x_wconf 87' lang='lat' dir='ltr'>a</span> 
     </span>
     <span class='ocr_line' id='line_1_31' title="bbox 178 1677 914 1720; baseline -0.001 -9"><span class='ocrx_word' id='word_1_154' title='bbox 178 1677 417 1720; x_wconf 86' lang='lat' dir='ltr'>magistratibus</span> <span class='ocrx_word' id='word_1_155' title='bbox 427 1677 661 1710; x_wconf 88' lang='lat' dir='ltr'>iusdicentibus</span> <span class='ocrx_word' id='word_1_156' title='bbox 674 1677 827 1709; x_wconf 87' lang='lat' dir='ltr'>iustitiam</span> <span class='ocrx_word' id='word_1_157' title='bbox 843 1688 914 1710; x_wconf 89' lang='lat' dir='ltr'>con-</span> 
     </span>
     <span class='ocr_line' id='line_1_32' title="bbox 180 1729 913 1769; baseline -0.003 -5"><span class='ocrx_word' id='word_1_158' title='bbox 180 1730 280 1764; x_wconf 82' lang='lat' dir='ltr'>secuti</span> <span class='ocrx_word' id='word_1_159' title='bbox 305 1730 436 1769; x_wconf 87' lang='lat' dir='ltr'>fuerint,</span> <span class='ocrx_word' id='word_1_160' title='bbox 463 1729 550 1763; x_wconf 89' lang='lat' dir='ltr'>illius</span> <span class='ocrx_word' id='word_1_161' title='bbox 572 1730 667 1762; x_wconf 86' lang='lat' dir='ltr'>etiam</span> <span class='ocrx_word' id='word_1_162' title='bbox 690 1730 913 1763; x_wconf 82' lang='lat' dir='ltr'>executionem</span> 
     </span>
     <span class='ocr_line' id='line_1_33' title="bbox 180 1783 912 1823; baseline -0.003 -6"><span class='ocrx_word' id='word_1_163' title='bbox 180 1784 303 1823; x_wconf 90' lang='lat' dir='ltr'>libere,</span> <span class='ocrx_word' id='word_1_164' title='bbox 329 1788 364 1815; x_wconf 86' lang='lat' dir='ltr'>ut</span> <span class='ocrx_word' id='word_1_165' title='bbox 388 1783 500 1822; x_wconf 89' lang='lat' dir='ltr'>decet,</span> <span class='ocrx_word' id='word_1_166' title='bbox 530 1788 640 1815; x_wconf 86' lang='lat' dir='ltr'>contra</span> <span class='ocrx_word' id='word_1_167' title='bbox 665 1783 912 1823; x_wconf 84' lang='lat' dir='ltr'>condemnatos,</span> 
     </span>
     <span class='ocr_line' id='line_1_34' title="bbox 179 1835 914 1880; baseline -0.003 -11"><span class='ocrx_word' id='word_1_168' title='bbox 179 1837 375 1880; x_wconf 88' lang='lat' dir='ltr'>ubicumque</span> <span class='ocrx_word' id='word_1_169' title='bbox 401 1846 455 1868; x_wconf 89' lang='lat' dir='ltr'>eos</span> <span class='ocrx_word' id='word_1_170' title='bbox 494 1846 617 1868; x_wconf 87' lang='lat' dir='ltr'>moram</span> <span class='ocrx_word' id='word_1_171' title='bbox 650 1835 779 1868; x_wconf 80' lang='lat' dir='ltr'>trahere</span> <span class='ocrx_word' id='word_1_172' title='bbox 816 1836 914 1868; x_wconf 86' lang='lat' dir='ltr'>conti-</span> 
     </span>
     <span class='ocr_line' id='line_1_35' title="bbox 181 1888 913 1933; baseline -0.003 -10"><span class='ocrx_word' id='word_1_173' title='bbox 181 1890 273 1933; x_wconf 81' lang='lat' dir='ltr'>gerit,</span> <span class='ocrx_word' id='word_1_174' title='bbox 287 1894 538 1933; x_wconf 84' lang='lat' dir='ltr'>consequantur.</span> <span class='ocrx_word' id='word_1_175' title='bbox 559 1888 654 1927; x_wconf 85' lang='lat' dir='ltr'>Sane,</span> <span class='ocrx_word' id='word_1_176' title='bbox 672 1898 743 1920; x_wconf 93' lang='lat' dir='ltr'>cum</span> <span class='ocrx_word' id='word_1_177' title='bbox 761 1899 824 1921; x_wconf 87' lang='lat' dir='ltr'>non</span> <span class='ocrx_word' id='word_1_178' title='bbox 846 1889 913 1922; x_wconf 87' lang='lat' dir='ltr'>sine</span> 
     </span>
     <span class='ocr_line' id='line_1_36' title="bbox 181 1941 911 1985; baseline -0.003 -9"><span class='ocrx_word' id='word_1_179' title='bbox 181 1943 279 1976; x_wconf 86' lang='lat' dir='ltr'>animi</span> <span class='ocrx_word' id='word_1_180' title='bbox 296 1942 397 1976; x_wconf 88' lang='lat' dir='ltr'>nostri</span> <span class='ocrx_word' id='word_1_181' title='bbox 415 1941 659 1985; x_wconf 86' lang='lat' dir='ltr'>perturbatione</span> <span class='ocrx_word' id='word_1_182' title='bbox 677 1942 911 1984; x_wconf 86' lang='lat' dir='ltr'>acceperimus,</span> 
     </span>
     <span class='ocr_line' id='line_1_37' title="bbox 180 1994 913 2038; baseline 0 -10"><span class='ocrx_word' id='word_1_183' title='bbox 180 1996 376 2034; x_wconf 85' lang='lat' dir='ltr'>nonnullos,</span> <span class='ocrx_word' id='word_1_184' title='bbox 403 2000 466 2027; x_wconf 85' lang='lat' dir='ltr'>tam</span> <span class='ocrx_word' id='word_1_185' title='bbox 498 1994 539 2028; x_wconf 90' lang='lat' dir='ltr'>ob</span> <span class='ocrx_word' id='word_1_186' title='bbox 576 1994 713 2027; x_wconf 88' lang='lat' dir='ltr'>crimina</span> <span class='ocrx_word' id='word_1_187' title='bbox 738 2005 796 2037; x_wconf 88' lang='lat' dir='ltr'>per</span> <span class='ocrx_word' id='word_1_188' title='bbox 826 1995 913 2038; x_wconf 86' lang='lat' dir='ltr'>ipsos</span> 
     </span>
     <span class='ocr_line' id='line_1_38' title="bbox 182 2047 913 2092; baseline -0.003 -10"><span class='ocrx_word' id='word_1_189' title='bbox 182 2049 365 2087; x_wconf 88' lang='lat' dir='ltr'>commissa,</span> <span class='ocrx_word' id='word_1_190' title='bbox 401 2058 497 2092; x_wconf 87' lang='lat' dir='ltr'>quam</span> <span class='ocrx_word' id='word_1_191' title='bbox 531 2048 572 2081; x_wconf 92' lang='lat' dir='ltr'>ob</span> <span class='ocrx_word' id='word_1_192' title='bbox 606 2047 715 2080; x_wconf 87' lang='lat' dir='ltr'>debita</span> <span class='ocrx_word' id='word_1_193' title='bbox 739 2053 913 2087; x_wconf 85' lang='lat' dir='ltr'>contracta,</span> 
     </span>
     <span class='ocr_line' id='line_1_39' title="bbox 181 2100 914 2145; baseline -0.003 -10"><span class='ocrx_word' id='word_1_194' title='bbox 181 2101 242 2135; x_wconf 88' lang='lat' dir='ltr'>sibi</span> <span class='ocrx_word' id='word_1_195' title='bbox 275 2101 353 2145; x_wconf 89' lang='lat' dir='ltr'>ipsis</span> <span class='ocrx_word' id='word_1_196' title='bbox 384 2111 401 2133; x_wconf 93' lang='lat' dir='ltr'>a</span> <span class='ocrx_word' id='word_1_197' title='bbox 431 2100 586 2133; x_wconf 88' lang='lat' dir='ltr'>ministris</span> <span class='ocrx_word' id='word_1_198' title='bbox 623 2105 655 2133; x_wconf 89' lang='lat' dir='ltr'>et</span> <span class='ocrx_word' id='word_1_199' title='bbox 689 2101 914 2133; x_wconf 78' lang='lat' dir='ltr'>executoribus</span> 
     </span>
     <span class='ocr_line' id='line_1_40' title="bbox 181 2153 913 2195; baseline -0.001 -8"><span class='ocrx_word' id='word_1_200' title='bbox 181 2154 323 2188; x_wconf 84' lang='lat' dir='ltr'>iustitiae</span> <span class='ocrx_word' id='word_1_201' title='bbox 348 2154 510 2192; x_wconf 89' lang='lat' dir='ltr'>timentes,</span> <span class='ocrx_word' id='word_1_202' title='bbox 532 2153 571 2185; x_wconf 90' lang='lat' dir='ltr'>ad</span> <span class='ocrx_word' id='word_1_203' title='bbox 597 2153 693 2186; x_wconf 88' lang='lat' dir='ltr'>aedes</span> <span class='ocrx_word' id='word_1_204' title='bbox 719 2159 913 2195; x_wconf 83' lang='lat' dir='ltr'>magnatum,</span> 
     </span>
     <span class='ocr_line' id='line_1_41' title="bbox 182 2205 916 2250; baseline -0.003 -10"><span class='ocrx_word' id='word_1_205' title='bbox 182 2213 214 2240; x_wconf 85' lang='lat' dir='ltr'>et</span> <span class='ocrx_word' id='word_1_206' title='bbox 236 2206 429 2250; x_wconf 83' lang='lat' dir='ltr'>praesertim</span> <span class='ocrx_word' id='word_1_207' title='bbox 454 2205 485 2238; x_wconf 90' lang='lat' dir='ltr'>S.</span> <span class='ocrx_word' id='word_1_208' title='bbox 512 2205 549 2237; x_wconf 87' lang='lat' dir='ltr'>R.</span> <span class='ocrx_word' id='word_1_209' title='bbox 576 2205 610 2237; x_wconf 88' lang='lat' dir='ltr'>E.</span> <span class='ocrx_word' id='word_1_210' title='bbox 638 2205 848 2238; x_wconf 83' lang='lat' dir='ltr'>cardinalium</span> <span class='ocrx_word' id='word_1_211' title='bbox 884 2212 916 2239; x_wconf 94' lang='lat' dir='ltr'>et</span> 
     </span>
     <span class='ocr_line' id='line_1_42' title="bbox 181 2257 915 2301; baseline -0.003 -8"><span class='ocrx_word' id='word_1_212' title='bbox 181 2265 346 2293; x_wconf 88' lang='lat' dir='ltr'>oratorum</span> <span class='ocrx_word' id='word_1_213' title='bbox 377 2257 572 2301; x_wconf 88' lang='lat' dir='ltr'>principum,</span> <span class='ocrx_word' id='word_1_214' title='bbox 607 2257 653 2289; x_wconf 87' lang='lat' dir='ltr'>uti</span> <span class='ocrx_word' id='word_1_215' title='bbox 689 2258 758 2290; x_wconf 81' lang='lat' dir='ltr'>loca</span> <span class='ocrx_word' id='word_1_216' title='bbox 782 2268 799 2290; x_wconf 87' lang='lat' dir='ltr'>a</span> <span class='ocrx_word' id='word_1_217' title='bbox 824 2258 915 2291; x_wconf 86' lang='lat' dir='ltr'>dictis</span> 
     </span>
     <span class='ocr_line' id='line_1_43' title="bbox 182 2310 917 2349; baseline -0.003 -4"><span class='ocrx_word' id='word_1_218' title='bbox 182 2311 324 2345; x_wconf 88' lang='lat' dir='ltr'>iustitiae</span> <span class='ocrx_word' id='word_1_219' title='bbox 348 2311 504 2343; x_wconf 86' lang='lat' dir='ltr'>ministris</span> <span class='ocrx_word' id='word_1_220' title='bbox 530 2314 607 2349; x_wconf 86' lang='lat' dir='ltr'>tuta,</span> <span class='ocrx_word' id='word_1_221' title='bbox 641 2310 766 2342; x_wconf 89' lang='lat' dir='ltr'>tametsi</span> <span class='ocrx_word' id='word_1_222' title='bbox 793 2316 917 2343; x_wconf 89' lang='lat' dir='ltr'>contra-</span> 
     </span>
     <span class='ocr_line' id='line_1_44' title="bbox 182 2361 914 2405; baseline -0.001 -8"><span class='ocrx_word' id='word_1_223' title='bbox 182 2365 266 2397; x_wconf 89' lang='lat' dir='ltr'>rium</span> <span class='ocrx_word' id='word_1_224' title='bbox 290 2373 361 2397; x_wconf 80' lang='lat' dir='ltr'>esse</span> <span class='ocrx_word' id='word_1_225' title='bbox 387 2363 532 2400; x_wconf 85' lang='lat' dir='ltr'>deberet,</span> <span class='ocrx_word' id='word_1_226' title='bbox 563 2362 596 2394; x_wconf 88' lang='lat' dir='ltr'>in</span> <span class='ocrx_word' id='word_1_227' title='bbox 629 2361 696 2395; x_wconf 90' lang='lat' dir='ltr'>dies</span> <span class='ocrx_word' id='word_1_228' title='bbox 728 2363 914 2405; x_wconf 80' lang='lat' dir='ltr'>confugere,</span> 
     </span>
     <span class='ocr_line' id='line_1_45' title="bbox 183 2414 914 2457; baseline -0.003 -7"><span class='ocrx_word' id='word_1_229' title='bbox 183 2417 276 2450; x_wconf 79' lang='lat' dir='ltr'>acin</span> <span class='ocrx_word' id='word_1_230' title='bbox 301 2416 365 2449; x_wconf 91' lang='lat' dir='ltr'>illis</span> <span class='ocrx_word' id='word_1_231' title='bbox 402 2425 436 2448; x_wconf 87' lang='lat' dir='ltr'>se</span> <span class='ocrx_word' id='word_1_232' title='bbox 475 2414 622 2457; x_wconf 87' lang='lat' dir='ltr'>recipere</span> <span class='ocrx_word' id='word_1_233' title='bbox 662 2419 694 2447; x_wconf 91' lang='lat' dir='ltr'>et</span> <span class='ocrx_word' id='word_1_234' title='bbox 731 2415 914 2456; x_wconf 86' lang='lat' dir='ltr'>confovere,</span> 
     </span>
     <span class='ocr_line' id='line_1_46' title="bbox 183 2467 914 2512; baseline -0.001 -10"><span class='ocrx_word' id='word_1_235' title='bbox 183 2470 294 2512; x_wconf 84' lang='lat' dir='ltr'>sicque</span> <span class='ocrx_word' id='word_1_236' title='bbox 319 2468 495 2512; x_wconf 89' lang='lat' dir='ltr'>impunitos</span> <span class='ocrx_word' id='word_1_237' title='bbox 528 2467 722 2510; x_wconf 85' lang='lat' dir='ltr'>quandoque</span> <span class='ocrx_word' id='word_1_238' title='bbox 755 2469 888 2501; x_wconf 88' lang='lat' dir='ltr'>evadere</span> <span class='ocrx_word' id='word_1_239' title='bbox 906 2495 914 2509; x_wconf 90' lang='lat'>,</span> 
     </span>
    </p>
   </div>
   <div class='ocr_carea' id='block_1_9' title="bbox 934 898 938 2405">
    <p class='ocr_par' dir='ltr' id='par_1_10' title="bbox 934 898 938 2405">
     <span class='ocr_line' id='line_1_47' title="bbox 934 898 938 2405; baseline 0 0"><span class='ocrx_word' id='word_1_240' title='bbox 934 898 938 2405; x_wconf 95' lang='lat' dir='ltr'> </span> 
     </span>
    </p>
   </div>
   <div class='ocr_carea' id='block_1_10' title="bbox 957 247 1692 718">
    <p class='ocr_par' dir='ltr' id='par_1_11' title="bbox 1584 247 1640 279">
     <span class='ocr_line' id='line_1_48' title="bbox 1584 247 1640 279; baseline -0.018 0"><span class='ocrx_word' id='word_1_241' title='bbox 1584 247 1640 279; x_wconf 66' lang='lat'>701</span> 
     </span>
    </p>

    <p class='ocr_par' dir='ltr' id='par_1_12' title="bbox 957 303 1692 718">
     <span class='ocr_line' id='line_1_49' title="bbox 960 303 1692 348; baseline -0.004 -10"><span class='ocrx_word' id='word_1_242' title='bbox 960 305 1145 338; x_wconf 87' lang='lat' dir='ltr'>huiusmodi</span> <span class='ocrx_word' id='word_1_243' title='bbox 1170 305 1305 338; x_wconf 86' lang='lat' dir='ltr'>abusum</span> <span class='ocrx_word' id='word_1_244' title='bbox 1331 304 1554 348; x_wconf 79' lang='lat' dir='ltr'>extirpandum</span> <span class='ocrx_word' id='word_1_245' title='bbox 1580 315 1596 336; x_wconf 93' lang='lat' dir='ltr'>a</span> <span class='ocrx_word' id='word_1_246' title='bbox 1622 303 1692 336; x_wconf 89' lang='lat' dir='ltr'>feli-</span> 
     </span>
     <span class='ocr_line' id='line_1_50' title="bbox 960 357 1691 402; baseline -0.003 -11"><span class='ocrx_word' id='word_1_247' title='bbox 960 359 1004 391; x_wconf 89' lang='lat' dir='ltr'>cis</span> <span class='ocrx_word' id='word_1_248' title='bbox 1039 359 1272 392; x_wconf 88' lang='lat' dir='ltr'>recordationis</span> <span class='ocrx_word' id='word_1_249' title='bbox 1308 358 1386 391; x_wconf 89' lang='lat' dir='ltr'>Iulio</span> <span class='ocrx_word' id='word_1_250' title='bbox 1415 358 1500 402; x_wconf 86' lang='lat' dir='ltr'>Papa</span> <span class='ocrx_word' id='word_1_251' title='bbox 1523 357 1561 390; x_wconf 88' lang='grc' dir='ltr'>ΙΙΙ</span> <span class='ocrx_word' id='word_1_252' title='bbox 1597 367 1691 400; x_wconf 89' lang='lat' dir='ltr'>prae-</span> 
     </span>
     <span class='ocr_line' id='line_1_51' title="bbox 960 410 1690 455; baseline -0.003 -11"><span class='ocrx_word' id='word_1_253' title='bbox 960 412 1129 446; x_wconf 85' lang='lat' dir='ltr'>decessore</span> <span class='ocrx_word' id='word_1_254' title='bbox 1168 418 1280 445; x_wconf 88' lang='lat' dir='ltr'>nostro</span> <span class='ocrx_word' id='word_1_255' title='bbox 1316 411 1470 455; x_wconf 86' lang='lat' dir='ltr'>quaedam</span> <span class='ocrx_word' id='word_1_256' title='bbox 1502 410 1690 443; x_wconf 87' lang='lat' dir='ltr'>constitutio</span> 
     </span>
     <span class='ocr_line' id='line_1_52' title="bbox 959 463 1691 505; baseline -0.003 -8"><span class='ocrx_word' id='word_1_257' title='bbox 959 465 1045 498; x_wconf 90' lang='lat' dir='ltr'>edita</span> <span class='ocrx_word' id='word_1_258' title='bbox 1069 465 1174 505; x_wconf 90' lang='lat' dir='ltr'>fuerit,</span> <span class='ocrx_word' id='word_1_259' title='bbox 1201 465 1312 498; x_wconf 83' lang='lat' dir='ltr'>talium</span> <span class='ocrx_word' id='word_1_260' title='bbox 1338 470 1443 497; x_wconf 88' lang='lat' dir='ltr'>tamen</span> <span class='ocrx_word' id='word_1_261' title='bbox 1468 463 1620 496; x_wconf 87' lang='lat' dir='ltr'>iustitiam</span> <span class='ocrx_word' id='word_1_262' title='bbox 1647 464 1691 495; x_wconf 92' lang='lat' dir='ltr'>fu-</span> 
     </span>
     <span class='ocr_line' id='line_1_53' title="bbox 958 517 1691 559; baseline -0.001 -10"><span class='ocrx_word' id='word_1_263' title='bbox 958 518 1114 559; x_wconf 82' lang='lat' dir='ltr'>gientium</span> <span class='ocrx_word' id='word_1_264' title='bbox 1140 518 1349 552; x_wconf 86' lang='lat' dir='ltr'>temeritatem</span> <span class='ocrx_word' id='word_1_265' title='bbox 1375 517 1407 549; x_wconf 89' lang='lat' dir='ltr'>in</span> <span class='ocrx_word' id='word_1_266' title='bbox 1433 521 1556 549; x_wconf 90' lang='lat' dir='ltr'>tantum</span> <span class='ocrx_word' id='word_1_267' title='bbox 1582 526 1691 549; x_wconf 81' lang='lat' dir='ltr'>excre-</span> 
     </span>
     <span class='ocr_line' id='line_1_54' title="bbox 957 569 1690 609; baseline 0.001 -8"><span class='ocrx_word' id='word_1_268' title='bbox 957 570 1048 609; x_wconf 80' lang='lat' dir='ltr'>visse,</span> <span class='ocrx_word' id='word_1_269' title='bbox 1074 576 1110 603; x_wconf 90' lang='lat' dir='ltr'>ut</span> <span class='ocrx_word' id='word_1_270' title='bbox 1133 581 1197 603; x_wconf 91' lang='lat' dir='ltr'>non</span> <span class='ocrx_word' id='word_1_271' title='bbox 1222 570 1325 603; x_wconf 87' lang='lat' dir='ltr'>solum</span> <span class='ocrx_word' id='word_1_272' title='bbox 1358 580 1391 602; x_wconf 90' lang='lat' dir='ltr'>se</span> <span class='ocrx_word' id='word_1_273' title='bbox 1424 570 1455 602; x_wconf 89' lang='lat' dir='ltr'>in</span> <span class='ocrx_word' id='word_1_274' title='bbox 1488 570 1580 602; x_wconf 87' lang='lat' dir='ltr'>dictis</span> <span class='ocrx_word' id='word_1_275' title='bbox 1601 569 1690 602; x_wconf 85' lang='lat' dir='ltr'>locis</span> 
     </span>
     <span class='ocr_line' id='line_1_55' title="bbox 957 622 1690 665; baseline 0 -11"><span class='ocrx_word' id='word_1_276' title='bbox 957 623 1114 665; x_wconf 87' lang='lat' dir='ltr'>recipere,</span> <span class='ocrx_word' id='word_1_277' title='bbox 1140 623 1196 656; x_wconf 90' lang='lat' dir='ltr'>sed</span> <span class='ocrx_word' id='word_1_278' title='bbox 1222 623 1315 655; x_wconf 87' lang='lat' dir='ltr'>etiam</span> <span class='ocrx_word' id='word_1_279' title='bbox 1340 623 1404 661; x_wconf 87' lang='lat' dir='ltr'>illa,</span> <span class='ocrx_word' id='word_1_280' title='bbox 1430 623 1526 656; x_wconf 88' lang='lat' dir='ltr'>veluti</span> <span class='ocrx_word' id='word_1_281' title='bbox 1552 622 1690 655; x_wconf 88' lang='lat' dir='ltr'>iustitiae</span> 
     </span>
     <span class='ocr_line' id='line_1_56' title="bbox 957 666 1691 718; baseline 0 -10"><span class='ocrx_word' id='word_1_282' title='bbox 957 666 1087 708; x_wconf 75' lang='lat' dir='ltr'>minime</span> <span class='ocrx_word' id='word_1_283' title='bbox 1118 676 1280 715; x_wconf 81' lang='lat' dir='ltr'>subiecta,</span> <span class='ocrx_word' id='word_1_284' title='bbox 1303 675 1500 717; x_wconf 79' lang='lat' dir='ltr'>franchilias</span> <span class='ocrx_word' id='word_1_285' title='bbox 1524 676 1691 718; x_wconf 82' lang='lat' dir='ltr'>appellare</span> 
     </span>
    </p>
   </div>
   <div class='ocr_carea' id='block_1_11' title="bbox 928 725 1691 770">
    <p class='ocr_par' dir='ltr' id='par_1_13' title="bbox 928 725 1691 770">
     <span class='ocr_line' id='line_1_57' title="bbox 928 725 1691 770; baseline -0.001 -10"><span class='ocrx_word' id='word_1_286' title='bbox 928 725 930 735; x_wconf 56' lang='lat'>‘</span> <span class='ocrx_word' id='word_1_287' title='bbox 957 738 1022 760; x_wconf 90' lang='lat' dir='ltr'>non</span> <span class='ocrx_word' id='word_1_288' title='bbox 1040 728 1246 767; x_wconf 84' lang='lat' dir='ltr'>erubescant,</span> <span class='ocrx_word' id='word_1_289' title='bbox 1274 732 1435 770; x_wconf 84' lang='lat' dir='ltr'>tamquam</span> <span class='ocrx_word' id='word_1_290' title='bbox 1467 728 1498 759; x_wconf 91' lang='lat' dir='ltr'>in</span> <span class='ocrx_word' id='word_1_291' title='bbox 1523 728 1691 770; x_wconf 75' lang='lat' dir='ltr'>praedicta</span> 
     </span>
    </p>
   </div>
   <div class='ocr_carea' id='block_1_12' title="bbox 956 779 1695 2561">
    <p class='ocr_par' dir='ltr' id='par_1_14' title="bbox 956 779 1695 2561">
     <span class='ocr_line' id='line_1_58' title="bbox 957 779 1691 823; baseline 0.001 -11"><span class='ocrx_word' id='word_1_292' title='bbox 957 780 1052 820; x_wconf 85' lang='lat' dir='ltr'>Urbe,</span> <span class='ocrx_word' id='word_1_293' title='bbox 1077 781 1110 812; x_wconf 92' lang='lat' dir='ltr'>in</span> <span class='ocrx_word' id='word_1_294' title='bbox 1135 791 1197 823; x_wconf 88' lang='lat' dir='ltr'>qua</span> <span class='ocrx_word' id='word_1_295' title='bbox 1221 779 1369 813; x_wconf 89' lang='lat' dir='ltr'>Summus</span> <span class='ocrx_word' id='word_1_296' title='bbox 1392 780 1535 813; x_wconf 80' lang='lat' dir='ltr'>Pontifex</span> <span class='ocrx_word' id='word_1_297' title='bbox 1558 791 1629 813; x_wconf 88' lang='lat' dir='ltr'>cum</span> <span class='ocrx_word' id='word_1_298' title='bbox 1647 791 1691 813; x_wconf 84' lang='lat' dir='ltr'>sa-</span> 
     </span>
     <span class='ocr_line' id='line_1_59' title="bbox 957 832 1690 873; baseline 0 -9"><span class='ocrx_word' id='word_1_299' title='bbox 957 842 1010 865; x_wconf 91' lang='lat' dir='ltr'>cro</span> <span class='ocrx_word' id='word_1_300' title='bbox 1036 832 1246 865; x_wconf 81' lang='lat' dir='ltr'>cardinalium</span> <span class='ocrx_word' id='word_1_301' title='bbox 1272 832 1411 873; x_wconf 80' lang='lat' dir='ltr'>collegio</span> <span class='ocrx_word' id='word_1_302' title='bbox 1437 832 1575 873; x_wconf 85' lang='lat' dir='ltr'>residet,</span> <span class='ocrx_word' id='word_1_303' title='bbox 1602 838 1633 865; x_wconf 90' lang='lat' dir='ltr'>et</span> <span class='ocrx_word' id='word_1_304' title='bbox 1657 839 1690 865; x_wconf 88' lang='lat' dir='ltr'>ut</span> 
     </span>
     <span class='ocr_line' id='line_1_60' title="bbox 956 884 1691 928; baseline 0 -11"><span class='ocrx_word' id='word_1_305' title='bbox 956 885 1074 917; x_wconf 88' lang='lat' dir='ltr'>Christi</span> <span class='ocrx_word' id='word_1_306' title='bbox 1099 885 1233 917; x_wconf 84' lang='lat' dir='ltr'>vicarius</span> <span class='ocrx_word' id='word_1_307' title='bbox 1258 890 1324 917; x_wconf 90' lang='lat' dir='ltr'>toto</span> <span class='ocrx_word' id='word_1_308' title='bbox 1341 884 1417 917; x_wconf 85' lang='lat' dir='ltr'>Orbi</span> <span class='ocrx_word' id='word_1_309' title='bbox 1442 886 1623 928; x_wconf 81' lang='lat' dir='ltr'>exemptum</span> <span class='ocrx_word' id='word_1_310' title='bbox 1642 885 1691 917; x_wconf 88' lang='lat' dir='ltr'>iu-</span> 
     </span>
     <span class='ocr_line' id='line_1_61' title="bbox 956 937 1691 980; baseline 0.001 -11"><span class='ocrx_word' id='word_1_311' title='bbox 956 937 1062 970; x_wconf 86' lang='lat' dir='ltr'>stitiae</span> <span class='ocrx_word' id='word_1_312' title='bbox 1087 937 1247 980; x_wconf 90' lang='lat' dir='ltr'>praebere</span> <span class='ocrx_word' id='word_1_313' title='bbox 1274 937 1382 976; x_wconf 86' lang='lat' dir='ltr'>debet,</span> <span class='ocrx_word' id='word_1_314' title='bbox 1401 938 1522 980; x_wconf 73' lang='lat' dir='ltr'>asylum</span> <span class='ocrx_word' id='word_1_315' title='bbox 1548 943 1580 969; x_wconf 90' lang='lat' dir='ltr'>et</span> <span class='ocrx_word' id='word_1_316' title='bbox 1604 948 1691 970; x_wconf 85' lang='lat' dir='ltr'>recc-</span> 
     </span>
     <span class='ocr_line' id='line_1_62' title="bbox 956 989 1689 1033; baseline -0.001 -10"><span class='ocrx_word' id='word_1_317' title='bbox 956 991 1083 1033; x_wconf 85' lang='lat' dir='ltr'>ptacula</span> <span class='ocrx_word' id='word_1_318' title='bbox 1119 989 1377 1033; x_wconf 81' lang='lat' dir='ltr'>delinquentium</span> <span class='ocrx_word' id='word_1_319' title='bbox 1412 1000 1447 1022; x_wconf 87' lang='lat' dir='ltr'>ac</span> <span class='ocrx_word' id='word_1_320' title='bbox 1481 990 1547 1022; x_wconf 90' lang='lat' dir='ltr'>suis</span> <span class='ocrx_word' id='word_1_321' title='bbox 1573 990 1689 1022; x_wconf 88' lang='lat' dir='ltr'>debitis</span> 
     </span>
     <span class='ocr_line' id='line_1_63' title="bbox 957 1043 1690 1082; baseline -0.003 -6"><span class='ocrx_word' id='word_1_322' title='bbox 957 1044 1140 1076; x_wconf 79' lang='lat' dir='ltr'>satisfacere</span> <span class='ocrx_word' id='word_1_323' title='bbox 1166 1043 1386 1076; x_wconf 86' lang='lat' dir='ltr'>recusantium</span> <span class='ocrx_word' id='word_1_324' title='bbox 1418 1053 1486 1075; x_wconf 86' lang='lat' dir='ltr'>esse</span> <span class='ocrx_word' id='word_1_325' title='bbox 1522 1043 1690 1082; x_wconf 86' lang='lat' dir='ltr'>toleretur,</span> 
     </span>
     <span class='ocr_line' id='line_1_64' title="bbox 956 1095 1693 1139; baseline 0 -11"><span class='ocrx_word' id='word_1_326' title='bbox 956 1106 1060 1139; x_wconf 83' lang='lat' dir='ltr'>neque</span> <span class='ocrx_word' id='word_1_327' title='bbox 1087 1097 1234 1129; x_wconf 75' lang='lat' dir='ltr'>executio</span> <span class='ocrx_word' id='word_1_328' title='bbox 1260 1095 1399 1127; x_wconf 84' lang='lat' dir='ltr'>iustitiae</span> <span class='ocrx_word' id='word_1_329' title='bbox 1424 1095 1525 1127; x_wconf 87' lang='lat' dir='ltr'>libere</span> <span class='ocrx_word' id='word_1_330' title='bbox 1551 1095 1620 1128; x_wconf 84' lang='lat' dir='ltr'>fieri</span> <span class='ocrx_word' id='word_1_331' title='bbox 1641 1106 1693 1128; x_wconf 86' lang='lat' dir='ltr'>va-</span> 
     </span>
     <span class='ocr_line' id='line_1_65' title="bbox 956 1148 1691 1192; baseline 0.001 -11"><span class='ocrx_word' id='word_1_332' title='bbox 956 1149 1020 1181; x_wconf 88' lang='lat' dir='ltr'>leat</span> <span class='ocrx_word' id='word_1_333' title='bbox 1061 1154 1152 1191; x_wconf 79' lang='lat' dir='ltr'>(rem</span> <span class='ocrx_word' id='word_1_334' title='bbox 1197 1149 1328 1191; x_wconf 71' lang='lat' dir='ltr'>quidem</span> <span class='ocrx_word' id='word_1_335' title='bbox 1364 1148 1497 1191; x_wconf 83' lang='lat' dir='ltr'>pessimi</span> <span class='ocrx_word' id='word_1_336' title='bbox 1534 1149 1691 1192; x_wconf 80' lang='lat' dir='ltr'>valdeque</span> 
     </span>
     <span class='ocr_line' id='line_1_66' title="bbox 957 1202 1689 1246; baseline 0.001 -12"><span class='ocrx_word' id='word_1_337' title='bbox 957 1203 1133 1246; x_wconf 85' lang='lat' dir='ltr'>perniciosi</span> <span class='ocrx_word' id='word_1_338' title='bbox 1160 1202 1310 1245; x_wconf 78' lang='lat' dir='ltr'>exempli,</span> <span class='ocrx_word' id='word_1_339' title='bbox 1336 1212 1417 1244; x_wconf 87' lang='lat' dir='ltr'>quae</span> <span class='ocrx_word' id='word_1_340' title='bbox 1443 1212 1508 1234; x_wconf 86' lang='lat' dir='ltr'>non</span> <span class='ocrx_word' id='word_1_341' title='bbox 1533 1202 1572 1234; x_wconf 87' lang='lat' dir='ltr'>ab</span> <span class='ocrx_word' id='word_1_342' title='bbox 1610 1202 1689 1245; x_wconf 82' lang='lat' dir='ltr'>ipsis</span> 
     </span>
     <span class='ocr_line' id='line_1_67' title="bbox 956 1255 1691 1298; baseline -0.001 -11"><span class='ocrx_word' id='word_1_343' title='bbox 956 1255 1175 1289; x_wconf 81' lang='lat' dir='ltr'>cardinalibus</span> <span class='ocrx_word' id='word_1_344' title='bbox 1201 1261 1232 1288; x_wconf 89' lang='lat' dir='ltr'>et</span> <span class='ocrx_word' id='word_1_345' title='bbox 1256 1255 1449 1294; x_wconf 84' lang='lat' dir='ltr'>oratoribus,</span> <span class='ocrx_word' id='word_1_346' title='bbox 1483 1259 1593 1298; x_wconf 85' lang='lat' dir='ltr'>utpote</span> <span class='ocrx_word' id='word_1_347' title='bbox 1623 1266 1691 1288; x_wconf 85' lang='lat' dir='ltr'>mo-</span> 
     </span>
     <span class='ocr_line' id='line_1_68' title="bbox 957 1307 1692 1351; baseline 0.001 -11"><span class='ocrx_word' id='word_1_348' title='bbox 957 1308 1056 1340; x_wconf 82' lang='lat' dir='ltr'>destis</span> <span class='ocrx_word' id='word_1_349' title='bbox 1081 1313 1112 1340; x_wconf 85' lang='lat' dir='ltr'>et</span> <span class='ocrx_word' id='word_1_350' title='bbox 1143 1308 1282 1340; x_wconf 82' lang='lat' dir='ltr'>iustitiae</span> <span class='ocrx_word' id='word_1_351' title='bbox 1318 1307 1511 1348; x_wconf 86' lang='lat' dir='ltr'>cultoribus,</span> <span class='ocrx_word' id='word_1_352' title='bbox 1544 1308 1600 1341; x_wconf 90' lang='lat' dir='ltr'>sed</span> <span class='ocrx_word' id='word_1_353' title='bbox 1624 1310 1692 1351; x_wconf 83' lang='lat' dir='ltr'>ple-</span> 
     </span>
     <span class='ocr_line' id='line_1_69' title="bbox 956 1359 1692 1404; baseline -0.001 -12"><span class='ocrx_word' id='word_1_354' title='bbox 956 1370 1092 1404; x_wconf 86' lang='lat' dir='ltr'>rumque</span> <span class='ocrx_word' id='word_1_355' title='bbox 1117 1361 1263 1403; x_wconf 82' lang='lat' dir='ltr'>ipsorum</span> <span class='ocrx_word' id='word_1_356' title='bbox 1290 1359 1498 1392; x_wconf 85' lang='lat' dir='ltr'>familiarium</span> <span class='ocrx_word' id='word_1_357' title='bbox 1533 1361 1627 1403; x_wconf 78' lang='lat' dir='ltr'>culpa</span> <span class='ocrx_word' id='word_1_358' title='bbox 1659 1366 1692 1393; x_wconf 89' lang='lat' dir='ltr'>et</span> 
     </span>
     <span class='ocr_line' id='line_1_70' title="bbox 957 1413 1692 1456; baseline 0 -11"><span class='ocrx_word' id='word_1_359' title='bbox 957 1414 1038 1445; x_wconf 82' lang='lat' dir='ltr'>facto</span> <span class='ocrx_word' id='word_1_360' title='bbox 1057 1413 1247 1456; x_wconf 83' lang='lat' dir='ltr'>processit):</span> <span class='ocrx_word' id='word_1_361' title='bbox 1266 1413 1495 1451; x_wconf 48' lang='lat' dir='ltr'>nossvolentes</span> <span class='ocrx_word' id='word_1_362' title='bbox 1516 1417 1578 1445; x_wconf 86' lang='lat' dir='ltr'>tam</span> <span class='ocrx_word' id='word_1_363' title='bbox 1597 1423 1692 1445; x_wconf 87' lang='lat' dir='ltr'>enor-</span> 
     </span>
     <span class='ocr_line' id='line_1_71' title="bbox 957 1465 1692 1507; baseline 0 -9"><span class='ocrx_word' id='word_1_364' title='bbox 957 1477 1023 1498; x_wconf 83' lang='lat' dir='ltr'>mes</span> <span class='ocrx_word' id='word_1_365' title='bbox 1049 1471 1080 1498; x_wconf 88' lang='lat' dir='ltr'>et</span> <span class='ocrx_word' id='word_1_366' title='bbox 1105 1465 1312 1498; x_wconf 84' lang='lat' dir='ltr'>detestandos</span> <span class='ocrx_word' id='word_1_367' title='bbox 1337 1465 1456 1497; x_wconf 86' lang='lat' dir='ltr'>abusus</span> <span class='ocrx_word' id='word_1_368' title='bbox 1476 1466 1605 1507; x_wconf 87' lang='lat' dir='ltr'>penitus</span> <span class='ocrx_word' id='word_1_369' title='bbox 1632 1467 1692 1498; x_wconf 90' lang='lat' dir='ltr'>tol-</span> 
     </span>
     <span class='ocr_line' id='line_1_72' title="bbox 957 1517 1690 1561; baseline -0.003 -10"><span class='ocrx_word' id='word_1_370' title='bbox 957 1520 1032 1558; x_wconf 76' lang='lat' dir='ltr'>lere,</span> <span class='ocrx_word' id='word_1_371' title='bbox 1057 1523 1156 1561; x_wconf 84' lang='lat' dir='ltr'>utque</span> <span class='ocrx_word' id='word_1_372' title='bbox 1183 1519 1289 1550; x_wconf 89' lang='lat' dir='ltr'>nullus</span> <span class='ocrx_word' id='word_1_373' title='bbox 1317 1517 1472 1561; x_wconf 85' lang='lat' dir='ltr'>improbis</span> <span class='ocrx_word' id='word_1_374' title='bbox 1491 1523 1576 1550; x_wconf 87' lang='lat' dir='ltr'>tutus</span> <span class='ocrx_word' id='word_1_375' title='bbox 1601 1519 1690 1550; x_wconf 83' lang='lat' dir='ltr'>locus</span> 
     </span>
     <span class='ocr_line' id='line_1_73' title="bbox 957 1570 1691 1613; baseline -0.001 -10"><span class='ocrx_word' id='word_1_376' title='bbox 957 1571 1068 1610; x_wconf 82' lang='lat' dir='ltr'>detur,</span> <span class='ocrx_word' id='word_1_377' title='bbox 1101 1571 1157 1603; x_wconf 85' lang='lat' dir='ltr'>sed</span> <span class='ocrx_word' id='word_1_378' title='bbox 1184 1576 1372 1603; x_wconf 84' lang='lat' dir='ltr'>executores</span> <span class='ocrx_word' id='word_1_379' title='bbox 1408 1570 1548 1603; x_wconf 88' lang='lat' dir='ltr'>iustitiae</span> <span class='ocrx_word' id='word_1_380' title='bbox 1574 1571 1691 1613; x_wconf 88' lang='lat' dir='ltr'>passim</span> 
     </span>
     <span class='ocr_line' id='line_1_74' title="bbox 957 1623 1693 1656; baseline 0.001 -1"><span class='ocrx_word' id='word_1_381' title='bbox 957 1629 988 1656; x_wconf 88' lang='lat' dir='ltr'>et</span> <span class='ocrx_word' id='word_1_382' title='bbox 1012 1623 1084 1655; x_wconf 83' lang='lat' dir='ltr'>ubi¹</span> <span class='ocrx_word' id='word_1_383' title='bbox 1109 1634 1221 1656; x_wconf 89' lang='lat' dir='ltr'>eorum</span> <span class='ocrx_word' id='word_1_384' title='bbox 1248 1624 1388 1656; x_wconf 79' lang='lat' dir='ltr'>officium</span> <span class='ocrx_word' id='word_1_385' title='bbox 1414 1624 1515 1656; x_wconf 88' lang='lat' dir='ltr'>libere</span> <span class='ocrx_word' id='word_1_386' title='bbox 1541 1629 1572 1656; x_wconf 89' lang='lat' dir='ltr'>et</span> <span class='ocrx_word' id='word_1_387' title='bbox 1595 1624 1693 1656; x_wconf 87' lang='lat' dir='ltr'>intre-</span> 
     </span>
     <span class='ocr_line' id='line_1_75' title="bbox 956 1676 1692 1720; baseline -0.003 -11"><span class='ocrx_word' id='word_1_388' title='bbox 956 1677 1031 1720; x_wconf 88' lang='lat' dir='ltr'>pide</span> <span class='ocrx_word' id='word_1_389' title='bbox 1062 1676 1175 1719; x_wconf 79' lang='lat' dir='ltr'>exequi</span> <span class='ocrx_word' id='word_1_390' title='bbox 1211 1677 1336 1709; x_wconf 87' lang='lat' dir='ltr'>valeant</span> <span class='ocrx_word' id='word_1_391' title='bbox 1373 1676 1562 1718; x_wconf 80' lang='lat' dir='ltr'>providere,</span> <span class='ocrx_word' id='word_1_392' title='bbox 1604 1682 1692 1709; x_wconf 86' lang='lat' dir='ltr'>motu</span> 
     </span>
     <span class='ocr_line' id='line_1_76' title="bbox 957 1730 1690 1773; baseline 0.001 -12"><span class='ocrx_word' id='word_1_393' title='bbox 957 1730 1107 1773; x_wconf 88' lang='lat' dir='ltr'>proprio,</span> <span class='ocrx_word' id='word_1_394' title='bbox 1141 1740 1176 1762; x_wconf 88' lang='lat' dir='ltr'>ac</span> <span class='ocrx_word' id='word_1_395' title='bbox 1209 1740 1244 1762; x_wconf 80' lang='lat' dir='ltr'>ex</span> <span class='ocrx_word' id='word_1_396' title='bbox 1279 1731 1368 1762; x_wconf 77' lang='lat' dir='ltr'>certa</span> <span class='ocrx_word' id='word_1_397' title='bbox 1401 1730 1557 1769; x_wconf 73' lang='lat' dir='ltr'>scientia,</span> <span class='ocrx_word' id='word_1_398' title='bbox 1584 1740 1619 1762; x_wconf 88' lang='lat' dir='ltr'>ac</span> <span class='ocrx_word' id='word_1_399' title='bbox 1651 1730 1690 1762; x_wconf 74' lang='lat' dir='ltr'>dc</span> 
     </span>
     <span class='ocr_line' id='line_1_77' title="bbox 957 1782 1692 1825; baseline 0.001 -10"><span class='ocrx_word' id='word_1_400' title='bbox 957 1783 1151 1825; x_wconf 88' lang='lat' dir='ltr'>apostolicae</span> <span class='ocrx_word' id='word_1_401' title='bbox 1188 1782 1356 1825; x_wconf 83' lang='lat' dir='ltr'>potestatis</span> <span class='ocrx_word' id='word_1_402' title='bbox 1392 1782 1618 1824; x_wconf 87' lang='lat' dir='ltr'>plenitudine,</span> <span class='ocrx_word' id='word_1_403' title='bbox 1657 1794 1692 1816; x_wconf 91' lang='lat' dir='ltr'>o-</span> 
     </span>
     <span class='ocr_line' id='line_1_78' title="bbox 957 1834 1693 1878; baseline 0 -10"><span class='ocrx_word' id='word_1_404' title='bbox 957 1846 1047 1868; x_wconf 83' lang='lat' dir='ltr'>mues</span> <span class='ocrx_word' id='word_1_405' title='bbox 1061 1836 1093 1867; x_wconf 94' lang='lat' dir='ltr'>in</span> <span class='ocrx_word' id='word_1_406' title='bbox 1112 1835 1223 1878; x_wconf 81' lang='lat' dir='ltr'>primis</span> <span class='ocrx_word' id='word_1_407' title='bbox 1242 1834 1487 1868; x_wconf 85' lang='lat' dir='ltr'>constitutiones</span> <span class='ocrx_word' id='word_1_408' title='bbox 1504 1834 1587 1868; x_wconf 88' lang='lat' dir='ltr'>circa</span> <span class='ocrx_word' id='word_1_409' title='bbox 1604 1846 1693 1878; x_wconf 87' lang='lat' dir='ltr'>prac-</span> 
     </span>
     <span class='ocr_line' id='line_1_79' title="bbox 957 1887 1692 1931; baseline 0 -11"><span class='ocrx_word' id='word_1_410' title='bbox 957 1889 1053 1920; x_wconf 83' lang='lat' dir='ltr'>missa</span> <span class='ocrx_word' id='word_1_411' title='bbox 1079 1894 1139 1920; x_wconf 80' lang='lat' dir='ltr'>tani</span> <span class='ocrx_word' id='word_1_412' title='bbox 1169 1898 1228 1930; x_wconf 92' lang='lat' dir='ltr'>per</span> <span class='ocrx_word' id='word_1_413' title='bbox 1245 1888 1447 1930; x_wconf 84' lang='lat' dir='ltr'>praedictum</span> <span class='ocrx_word' id='word_1_414' title='bbox 1465 1887 1578 1920; x_wconf 87' lang='lat' dir='ltr'>Iulium</span> <span class='ocrx_word' id='word_1_415' title='bbox 1597 1899 1692 1931; x_wconf 84' lang='lat' dir='ltr'>quam</span> 
     </span>
     <span class='ocr_line' id='line_1_80' title="bbox 957 1939 1692 1984; baseline 0 -11"><span class='ocrx_word' id='word_1_416' title='bbox 957 1951 1176 1984; x_wconf 83' lang='lat' dir='ltr'>quoscumque</span> <span class='ocrx_word' id='word_1_417' title='bbox 1201 1940 1281 1974; x_wconf 90' lang='lat' dir='ltr'>alios</span> <span class='ocrx_word' id='word_1_418' title='bbox 1306 1939 1476 1973; x_wconf 81' lang='lat' dir='ltr'>Pontifices</span> <span class='ocrx_word' id='word_1_419' title='bbox 1502 1941 1692 1983; x_wconf 81' lang='lat' dir='ltr'>praedeces-</span> 
     </span>
     <span class='ocr_line' id='line_1_81' title="bbox 957 1993 1693 2033; baseline 0.003 -8"><span class='ocrx_word' id='word_1_420' title='bbox 957 2004 1048 2027; x_wconf 89' lang='lat' dir='ltr'>sores</span> <span class='ocrx_word' id='word_1_421' title='bbox 1073 2000 1202 2026; x_wconf 88' lang='lat' dir='ltr'>uostros</span> <span class='ocrx_word' id='word_1_422' title='bbox 1229 1993 1340 2033; x_wconf 89' lang='lat' dir='ltr'>editas,</span> <span class='ocrx_word' id='word_1_423' title='bbox 1373 2003 1445 2025; x_wconf 89' lang='lat' dir='ltr'>cum</span> <span class='ocrx_word' id='word_1_424' title='bbox 1477 1993 1627 2026; x_wconf 87' lang='lat' dir='ltr'>omnibus</span> <span class='ocrx_word' id='word_1_425' title='bbox 1661 1999 1693 2027; x_wconf 87' lang='lat' dir='ltr'>et</span> 
     </span>
     <span class='ocr_line' id='line_1_82' title="bbox 957 2046 1693 2089; baseline -0.001 -9"><span class='ocrx_word' id='word_1_426' title='bbox 957 2047 1095 2089; x_wconf 76' lang='lat' dir='ltr'>singulis</span> <span class='ocrx_word' id='word_1_427' title='bbox 1121 2046 1266 2079; x_wconf 88' lang='lat' dir='ltr'>censuris</span> <span class='ocrx_word' id='word_1_428' title='bbox 1293 2051 1325 2078; x_wconf 90' lang='lat' dir='ltr'>et</span> <span class='ocrx_word' id='word_1_429' title='bbox 1349 2046 1462 2089; x_wconf 89' lang='lat' dir='ltr'>poenis</span> <span class='ocrx_word' id='word_1_430' title='bbox 1487 2046 1520 2078; x_wconf 91' lang='lat' dir='ltr'>in</span> <span class='ocrx_word' id='word_1_431' title='bbox 1546 2046 1591 2079; x_wconf 89' lang='lat' dir='ltr'>eis</span> <span class='ocrx_word' id='word_1_432' title='bbox 1617 2057 1693 2080; x_wconf 88' lang='lat' dir='ltr'>con-</span> 
     </span>
     <span class='ocr_line' id='line_1_83' title="bbox 959 2099 1693 2142; baseline 0 -10"><span class='ocrx_word' id='word_1_433' title='bbox 959 2100 1070 2139; x_wconf 87' lang='lat' dir='ltr'>tentis,</span> <span class='ocrx_word' id='word_1_434' title='bbox 1097 2099 1316 2142; x_wconf 83' lang='lat' dir='ltr'>approbantes</span> <span class='ocrx_word' id='word_1_435' title='bbox 1342 2104 1374 2130; x_wconf 88' lang='lat' dir='ltr'>et</span> <span class='ocrx_word' id='word_1_436' title='bbox 1398 2099 1606 2139; x_wconf 87' lang='lat' dir='ltr'>innovantes,</span> <span class='ocrx_word' id='word_1_437' title='bbox 1632 2100 1693 2132; x_wconf 87' lang='lat' dir='ltr'>hac</span> 
     </span>
     <span class='ocr_line' id='line_1_84' title="bbox 958 2151 1694 2195; baseline 0.001 -11"><span class='ocrx_word' id='word_1_438' title='bbox 958 2152 990 2184; x_wconf 91' lang='lat' dir='ltr'>in</span> <span class='ocrx_word' id='word_1_439' title='bbox 1008 2157 1198 2195; x_wconf 85' lang='lat' dir='ltr'>perpetuum</span> <span class='ocrx_word' id='word_1_440' title='bbox 1218 2151 1353 2183; x_wconf 78' lang='lat' dir='ltr'>valitura</span> <span class='ocrx_word' id='word_1_441' title='bbox 1372 2151 1604 2185; x_wconf 87' lang='lat' dir='ltr'>constitutione</span> <span class='ocrx_word' id='word_1_442' title='bbox 1621 2162 1694 2185; x_wconf 89' lang='lat' dir='ltr'>san-</span> 
     </span>
     <span class='ocr_line' id='line_1_85' title="bbox 958 2203 1692 2247; baseline 0.001 -11"><span class='ocrx_word' id='word_1_443' title='bbox 958 2204 1067 2243; x_wconf 87' lang='lat' dir='ltr'>cimus,</span> <span class='ocrx_word' id='word_1_444' title='bbox 1086 2209 1122 2235; x_wconf 86' lang='lat' dir='ltr'>ut</span> <span class='ocrx_word' id='word_1_445' title='bbox 1142 2204 1249 2236; x_wconf 90' lang='lat' dir='ltr'>nullus</span> <span class='ocrx_word' id='word_1_446' title='bbox 1268 2204 1306 2236; x_wconf 91' lang='lat' dir='ltr'>de</span> <span class='ocrx_word' id='word_1_447' title='bbox 1325 2208 1445 2244; x_wconf 90' lang='lat' dir='ltr'>cetero,</span> <span class='ocrx_word' id='word_1_448' title='bbox 1464 2203 1692 2247; x_wconf 89' lang='lat' dir='ltr'>cuiuscumque</span> 
     </span>
     <span class='ocr_line' id='line_1_86' title="bbox 958 2255 1693 2299; baseline 0.001 -11"><span class='ocrx_word' id='word_1_449' title='bbox 958 2256 998 2288; x_wconf 89' lang='lat' dir='ltr'>sit</span> <span class='ocrx_word' id='word_1_450' title='bbox 1015 2256 1180 2299; x_wconf 84' lang='lat' dir='ltr'>dignitatis</span> <span class='ocrx_word' id='word_1_451' title='bbox 1202 2260 1233 2288; x_wconf 90' lang='lat' dir='ltr'>et</span> <span class='ocrx_word' id='word_1_452' title='bbox 1257 2255 1545 2298; x_wconf 86' lang='lat' dir='ltr'>praeeminentiae,</span> <span class='ocrx_word' id='word_1_453' title='bbox 1564 2257 1624 2289; x_wconf 88' lang='lat' dir='ltr'>sub</span> <span class='ocrx_word' id='word_1_454' title='bbox 1650 2257 1693 2289; x_wconf 89' lang='lat' dir='ltr'>in-</span> 
     </span>
     <span class='ocr_line' id='line_1_87' title="bbox 959 2309 1694 2352; baseline 0.003 -10"><span class='ocrx_word' id='word_1_455' title='bbox 959 2309 1155 2352; x_wconf 83' lang='lat' dir='ltr'>dignationis</span> <span class='ocrx_word' id='word_1_456' title='bbox 1181 2314 1309 2342; x_wconf 86' lang='lat' dir='ltr'>nostrae</span> <span class='ocrx_word' id='word_1_457' title='bbox 1335 2313 1366 2342; x_wconf 92' lang='lat' dir='ltr'>et</span> <span class='ocrx_word' id='word_1_458' title='bbox 1391 2309 1462 2341; x_wconf 89' lang='lat' dir='ltr'>aliis</span> <span class='ocrx_word' id='word_1_459' title='bbox 1486 2309 1612 2342; x_wconf 82' lang='lat' dir='ltr'>arbitrii</span> <span class='ocrx_word' id='word_1_460' title='bbox 1636 2321 1694 2344; x_wconf 92' lang='lat' dir='ltr'>no-</span> 
     </span>
     <span class='ocr_line' id='line_1_88' title="bbox 959 2361 1694 2406; baseline 0.003 -11"><span class='ocrx_word' id='word_1_461' title='bbox 959 2363 1015 2395; x_wconf 89' lang='lat' dir='ltr'>stri</span> <span class='ocrx_word' id='word_1_462' title='bbox 1042 2363 1176 2406; x_wconf 89' lang='lat' dir='ltr'>poenis,</span> <span class='ocrx_word' id='word_1_463' title='bbox 1202 2361 1299 2394; x_wconf 86' lang='lat' dir='ltr'>aedes</span> <span class='ocrx_word' id='word_1_464' title='bbox 1329 2361 1509 2404; x_wconf 87' lang='lat' dir='ltr'>praedictas</span> <span class='ocrx_word' id='word_1_465' title='bbox 1543 2367 1598 2395; x_wconf 86' lang='lat' dir='ltr'>aut</span> <span class='ocrx_word' id='word_1_466' title='bbox 1631 2363 1694 2397; x_wconf 88' lang='lat' dir='ltr'>alia</span> 
     </span>
     <span class='ocr_line' id='line_1_89' title="bbox 959 2414 1693 2459; baseline 0.004 -12"><span class='ocrx_word' id='word_1_467' title='bbox 959 2424 1182 2459; x_wconf 83' lang='lat' dir='ltr'>quaecumque</span> <span class='ocrx_word' id='word_1_468' title='bbox 1215 2415 1286 2447; x_wconf 86' lang='lat' dir='ltr'>loca</span> <span class='ocrx_word' id='word_1_469' title='bbox 1309 2414 1503 2456; x_wconf 76' lang='lat' dir='ltr'>franchilias</span> <span class='ocrx_word' id='word_1_470' title='bbox 1528 2416 1693 2458; x_wconf 86' lang='lat' dir='ltr'>appellare</span> 
     </span>
     <span class='ocr_line' id='line_1_90' title="bbox 959 2467 1695 2511; baseline 0.003 -10"><span class='ocrx_word' id='word_1_471' title='bbox 959 2470 1082 2508; x_wconf 87' lang='lat' dir='ltr'>audeat,</span> <span class='ocrx_word' id='word_1_472' title='bbox 1114 2467 1258 2511; x_wconf 87' lang='lat' dir='ltr'>nullique</span> <span class='ocrx_word' id='word_1_473' title='bbox 1294 2468 1506 2501; x_wconf 85' lang='lat' dir='ltr'>cardinalium</span> <span class='ocrx_word' id='word_1_474' title='bbox 1531 2473 1563 2501; x_wconf 89' lang='lat' dir='ltr'>et</span> <span class='ocrx_word' id='word_1_475' title='bbox 1586 2475 1695 2503; x_wconf 88' lang='lat' dir='ltr'>orato-</span> 
     </span>
     <span class='ocr_line' id='line_1_91' title="bbox 958 2520 1693 2561; baseline 0.003 -9"><span class='ocrx_word' id='word_1_476' title='bbox 958 2532 1029 2553; x_wconf 88' lang='lat' dir='ltr'>rum</span> <span class='ocrx_word' id='word_1_477' title='bbox 1055 2531 1091 2553; x_wconf 88' lang='lat' dir='ltr'>ac</span> <span class='ocrx_word' id='word_1_478' title='bbox 1116 2526 1312 2561; x_wconf 79' lang='lat' dir='ltr'>magnatum,</span> <span class='ocrx_word' id='word_1_479' title='bbox 1339 2520 1464 2552; x_wconf 88' lang='lat' dir='ltr'>etiamsi</span> <span class='ocrx_word' id='word_1_480' title='bbox 1500 2521 1604 2553; x_wconf 90' lang='lat' dir='ltr'>nostri</span> <span class='ocrx_word' id='word_1_481' title='bbox 1635 2532 1693 2555; x_wconf 89' lang='lat' dir='ltr'>seu</span> 
     </span>
    </p>
   </div>
   <div class='ocr_carea' id='block_1_13' title="bbox 1693 253 1881 282">
    <p class='ocr_par' dir='ltr' id='par_1_15' title="bbox 1693 253 1881 282">
     <span class='ocr_line' id='line_1_92' title="bbox 1693 253 1881 282; baseline 0.005 -2"><span class='ocrx_word' id='word_1_482' title='bbox 1693 256 1741 282; x_wconf 73' lang='lat' dir='ltr'>An.</span> <span class='ocrx_word' id='word_1_483' title='bbox 1762 254 1790 282; x_wconf 89' lang='lat' dir='ltr'>C.</span> <span class='ocrx_word' id='word_1_484' title='bbox 1817 253 1881 281; x_wconf 61' lang='lat'><strong>12:37</strong></span> 
     </span>
    </p>
   </div>
   <div class='ocr_carea' id='block_1_14' title="bbox 184 2514 938 2671">
    <p class='ocr_par' dir='ltr' id='par_1_16' title="bbox 184 2514 938 2671">
     <span class='ocr_line' id='line_1_93' title="bbox 184 2514 938 2589; baseline -0.001 -35"><span class='ocrx_word' id='word_1_485' title='bbox 184 2526 216 2554; x_wconf 87' lang='lat' dir='ltr'>et</span> <span class='ocrx_word' id='word_1_486' title='bbox 237 2520 416 2554; x_wconf 87' lang='lat' dir='ltr'>creditores</span> <span class='ocrx_word' id='word_1_487' title='bbox 442 2519 631 2553; x_wconf 82' lang='lat' dir='ltr'>executione</span> <span class='ocrx_word' id='word_1_488' title='bbox 649 2529 759 2552; x_wconf 89' lang='lat' dir='ltr'>eorum</span> <span class='ocrx_word' id='word_1_489' title='bbox 778 2520 917 2553; x_wconf 88' lang='lat' dir='ltr'>credito·</span> <span class='ocrx_word' id='word_1_490' title='bbox 934 2514 938 2589; x_wconf 68' lang='grc' dir='ltr'>Ι</span> 
     </span>
     <span class='ocr_line' id='line_1_94' title="bbox 184 2571 938 2671; baseline 0 -65"><span class='ocrx_word' id='word_1_491' title='bbox 184 2583 256 2607; x_wconf 87' lang='lat' dir='ltr'>rum</span> <span class='ocrx_word' id='word_1_492' title='bbox 279 2578 313 2605; x_wconf 92' lang='lat' dir='ltr'>ut</span> <span class='ocrx_word' id='word_1_493' title='bbox 337 2572 507 2616; x_wconf 89' lang='lat' dir='ltr'>plurimum</span> <span class='ocrx_word' id='word_1_494' title='bbox 532 2571 700 2611; x_wconf 84' lang='lat' dir='ltr'>frustrari;</span> <span class='ocrx_word' id='word_1_495' title='bbox 719 2577 758 2611; x_wconf 89' lang='lat' dir='ltr'>et,</span> <span class='ocrx_word' id='word_1_496' title='bbox 777 2571 852 2605; x_wconf 91' lang='lat' dir='ltr'>licet</span> <span class='ocrx_word' id='word_1_497' title='bbox 876 2574 915 2606; x_wconf 90' lang='lat' dir='ltr'>ad</span> <span class='ocrx_word' id='word_1_498' title='bbox 934 2592 938 2671; x_wconf 49' lang='grc' dir='ltr'>Ι</span> 
     </span>
    </p>
   </div>
   <div class='ocr_carea' id='block_1_15' title="bbox 219 2633 914 2722">
    <p class='ocr_par' dir='ltr' id='par_1_17' title="bbox 219 2633 914 2722">
     <span class='ocr_line' id='line_1_95' title="bbox 219 2633 914 2670; baseline 0 -8"><span class='ocrx_word' id='word_1_499' title='bbox 219 2635 232 2662; x_wconf 82' lang='lat'><strong>1</strong></span> <span class='ocrx_word' id='word_1_500' title='bbox 249 2633 344 2667; x_wconf 81' lang='lat' dir='ltr'>Leger.</span> <span class='ocrx_word' id='word_1_501' title='bbox 357 2642 388 2662; x_wconf 86' lang='lat' dir='ltr'>ex</span> <span class='ocrx_word' id='word_1_502' title='bbox 399 2637 467 2670; x_wconf 77' lang='lat' dir='ltr'>synt.</span> <span class='ocrx_word' id='word_1_503' title='bbox 479 2634 608 2669; x_wconf 76' lang='lat' dir='ltr'>suspensa</span> <span class='ocrx_word' id='word_1_504' title='bbox 619 2633 914 2670; x_wconf 72' lang='lat' dir='ltr'>publicaverit(n.r.).</span> 
     </span>
     <span class='ocr_line' id='line_1_96' title="bbox 267 2687 664 2722; baseline -0.003 -6"><span class='ocrx_word' id='word_1_505' title='bbox 267 2688 347 2722; x_wconf 75' lang='lat' dir='ltr'>Bulb.</span> <span class='ocrx_word' id='word_1_506' title='bbox 363 2689 443 2717; x_wconf 79' lang='lat' dir='ltr'>Rom.</span> <span class='ocrx_word' id='word_1_507' title='bbox 459 2703 492 2709; x_wconf 85' lang='lat'><em>-</em></span> <span class='ocrx_word' id='word_1_508' title='bbox 513 2688 572 2716; x_wconf 86' lang='lat' dir='ltr'>Vol.</span> <span class='ocrx_word' id='word_1_509' title='bbox 588 2687 664 2715; x_wconf 83' lang='lat' dir='ltr'><em>XIX.</em></span> 
     </span>
    </p>
   </div>
   <div class='ocr_carea' id='block_1_16' title="bbox 959 2572 1695 2616">
    <p class='ocr_par' dir='ltr' id='par_1_18' title="bbox 959 2572 1695 2616">
     <span class='ocr_line' id='line_1_97' title="bbox 959 2572 1695 2616; baseline 0.003 -10"><span class='ocrx_word' id='word_1_510' title='bbox 959 2573 1093 2606; x_wconf 85' lang='lat' dir='ltr'>Romani</span> <span class='ocrx_word' id='word_1_511' title='bbox 1119 2572 1280 2605; x_wconf 84' lang='lat' dir='ltr'>Pontificis</span> <span class='ocrx_word' id='word_1_512' title='bbox 1306 2583 1364 2615; x_wconf 88' lang='lat' dir='ltr'>pro</span> <span class='ocrx_word' id='word_1_513' title='bbox 1399 2578 1545 2616; x_wconf 88' lang='lat' dir='ltr'>tempore</span> <span class='ocrx_word' id='word_1_514' title='bbox 1578 2584 1695 2608; x_wconf 89' lang='lat' dir='ltr'>secun-</span> 
     </span>
    </p>
   </div>
   <div class='ocr_carea' id='block_1_17' title="bbox 807 2634 1448 2716">
    <p class='ocr_par' dir='ltr' id='par_1_19' title="bbox 807 2634 1448 2716">
     <span class='ocr_line' id='line_1_98' title="bbox 994 2634 1448 2673; baseline -0.002 -9"><span class='ocrx_word' id='word_1_515' title='bbox 994 2636 1006 2664; x_wconf 91' lang='lat'>1</span> <span class='ocrx_word' id='word_1_516' title='bbox 1029 2634 1119 2663; x_wconf 88' lang='lat' dir='ltr'>Potius</span> <span class='ocrx_word' id='word_1_517' title='bbox 1138 2634 1197 2670; x_wconf 80' lang='lat' dir='ltr'>lege</span> <span class='ocrx_word' id='word_1_518' title='bbox 1216 2635 1322 2670; x_wconf 78' lang='lat' dir='ltr'>ubique</span> <span class='ocrx_word' id='word_1_519' title='bbox 1343 2635 1382 2671; x_wconf 68' lang='lat' dir='ltr'>(a.</span> <span class='ocrx_word' id='word_1_520' title='bbox 1398 2635 1448 2673; x_wconf 70' lang='lat' dir='ltr'>T.)-</span> 
     </span>
     <span class='ocr_line' id='line_1_99' title="bbox 807 2688 842 2716; baseline 0.029 -1"><span class='ocrx_word' id='word_1_521' title='bbox 807 2688 842 2716; x_wconf 78' lang='lat'>06</span> 
     </span>
    </p>
   </div>
  </div>
 </body>
</html>
