2111 3157
409 183 472 217 986
957 189 1137 213 BULLARIUM
1164 188 1315 212 Romnum

452 246 490 278 de
515 244 718 278 Observantia
742 242 873 285 Neapoli
898 241 1035 283 degenti,
1050 241 1268 281 confirmatur,
1289 239 1331 273 99
1346 240 1362 273 b
1387 246 1417 273 et
1440 252 1520 284 seq.;
1546 241 1726 285 praedictis,
1751 248 1784 275 ut
1809 243 1907 276 indul-

452 298 590 342 gentiam
608 296 781 340 plenariam
806 299 992 338 perpetuam
1013 294 1158 338 ipsorum
1183 293 1324 327 ecclesiis
1345 293 1394 326 die
1415 293 1552 327 secunda
1576 294 1700 337 augusti
1725 305 1907 328 concessam

449 354 578 395 possent
597 349 756 392 applicare
774 348 812 380 ad
830 347 959 381 modum
974 346 1127 389 suffragii,
1140 346 1333 388 conceditur,
1353 346 1416 379 7025
1431 347 1464 386 b;
1482 347 1641 390 praefatis,
1657 351 1690 380 ut
1704 349 1907 391 exequutioni

452 403 656 436 mandaretur
672 401 858 434 alternativa
882 401 914 432 in
939 400 1092 433 electione
1117 400 1326 433 commissarii
1351 400 1508 443 generalis
1534 400 1722 434 cismontani
1739 401 1822 434 inter
1839 412 1907 435 eos-

452 457 523 489 dem
549 455 748 488 Reformatos
769 460 798 486 et
822 453 958 486 Minores
983 452 1202 494 observantes,
1229 453 1386 493 statuitur,
1412 453 1475 486 916
1502 453 1519 485 b
1544 459 1575 486 et
1600 464 1660 497 seq.

365 511 498 543 Minores
511 508 607 542 Tertii
620 507 756 541 Ordinis.
771 506 834 540 lllis
855 505 1035 549 provinciae
1052 505 1177 538 Siciliae
1197 505 1359 539 decretum
1377 505 1545 538 cardinalis
1564 507 1754 549 protectoris
1767 507 1907 540 eiusdem

452 562 588 601 Ordinis,
610 560 785 594 scilicetne
803 559 947 592 conversi
971 558 1105 591 clericos
1128 568 1267 601 unquam
1292 558 1530 601 praecederent,
1548 558 1766 601 confirmatur,
1783 558 1847 592 178
1874 561 1907 599 b;

451 614 637 648 eorumdem
661 613 843 657 provinciae
864 611 1016 644 Franciae
1033 611 1146 644 oblatis
1162 617 1233 655 post
1250 611 1437 644 decennium
1455 621 1472 644 a
1488 611 1684 655 professione
1708 612 1778 645 iura
1802 613 1909 646 omnia

450 667 654 710 antiquorum
686 666 819 698 fratrum
854 664 1008 698 laicorum
1039 664 1300 707 Congregationis
1331 664 1510 698 Gallicanae
1544 664 1779 705 conceduntur,
1804 665 1909 697 414α

450 726 479 753 et
504 731 584 763 seq.;
611 725 645 751 ut
669 719 753 751 circa
777 718 934 751 Minorum
958 717 1196 760 praedictorum
1221 717 1379 760 praefatos
1403 717 1525 751 oblatos
1552 717 1755 760 exequutioni
1780 717 1908 750 mande-

450 779 501 805 tur
533 773 565 804 in
589 771 752 815 provincia
785 770 986 813 Lugdunensi
1021 770 1119 803 Breve
1148 770 1317 804 Clementis
1341 771 1385 810 X,
1411 769 1475 804 585
1505 771 1538 809 b;
1564 769 1738 803 Minoribus
1761 770 1908 813 praefatis

449 830 602 858 statutum
627 823 786 867 quoddam
819 823 947 866 capituli
980 824 1203 866 provincialis,
1236 834 1300 867 quo
1332 824 1560 867 praescribitur
1592 823 1668 866 quid
1696 823 1852 866 agendum
1878 823 1908 855 in

449 883 552 910 morte
576 876 779 920 provincialis
811 880 840 909 et
865 876 1027 909 vacatione
1052 875 1300 918 definitoriatus‚
1327 876 1553 917 confirmatur,
1586 875 1650 909 586
1687 876 1720 916 b,
1754 877 1829 909 item
1860 876 1910 909 de-

450 936 571 964 cretum
596 929 856 972 Congregationis
881 929 1104 972 episcoporum
1130 934 1160 962 et
1184 930 1380 972 regularium
1401 940 1496 973 super
1516 929 1726 973 exequutione
1751 930 1905 963 constitu-

449 983 571 1016 tionum
596 983 644 1015 sui
665 982 790 1015 Ordinis
815 980 919 1024 quoad
944 981 1056 1015 fratres
1076 981 1172 1015 laicos
1197 988 1227 1014 et
1251 982 1373 1015 oblatos
1404 982 1587 1025 provinciae
1611 982 1773 1022 Franciae,
1799 980 1863 1014 786
1888 994 1907 1015 ιι

449 1041 480 1068 ct
505 1047 567 1078 seq.

361 1090 472 1122 Missae
496 1094 687 1127 sanctorum,
712 1087 783 1120 vide
807 1087 915 1124 Festa;
942 1088 1013 1118 item
1042 1087 1110 1119 vide
1134 1087 1270 1120 Sanctos
1294 1089 1349 1121 sub
1371 1090 1505 1131 proprio
1529 1099 1682 1132 quemque
1708 1089 1848 1121 nomine.

359 1143 482 1175 Missale
507 1142 638 1174 fratrum
665 1140 930 1180 praedicatorum,
958 1140 1026 1172 tude
1046 1140 1290 1174 Praedicatores.

359 1197 467 1229 Missas
492 1195 712 1227 defunctorum
743 1194 871 1225 minime
905 1192 1109 1225 celebrandas
1142 1203 1209 1225 esse
1242 1193 1352 1226 diebus
1389 1193 1569 1236 duplicibus
1605 1199 1698 1237 atque
1731 1193 1907 1236 impeditis,

449 1249 503 1281 sed
528 1248 571 1280 eis
595 1247 793 1290 aequivalere
820 1246 930 1278 missas
955 1246 992 1277 de
1019 1246 1096 1277 sesto
1133 1246 1202 1278 loco
1228 1246 1352 1278 illarum
1379 1246 1410 1277 in
1447 1246 1599 1278 altaribus
1625 1246 1833 1289 privilegiatis
1859 1257 1909 1279 ce·

450 1301 628 1339 lebrandas,
654 1299 718 1333 914
744 1299 760 1330 b
786 1303 816 1332 et
839 1309 901 1341 seq.

362 1354 567 1388 Missionariis
587 1358 707 1396 septem
724 1351 807 1395 apud
824 1351 913 1384 Sinas
931 1362 967 1383 ex
986 1351 1140 1384 Societate
1157 1352 1236 1389 Iesu,
1254 1356 1286 1384 ut
1303 1352 1341 1383 ad
1358 1352 1475 1384 Urbem
1492 1351 1690 1390 accederent,
1707 1361 1765 1384 nec
1782 1351 1908 1384 interim

450 1417 565 1439 munus
589 1405 716 1448 aliquod
742 1408 935 1443 exercerent,
961 1403 1018 1435 sub
1044 1403 1136 1436 certis
1162 1404 1273 1446 poenis
1293 1404 1454 1447 praecepit
1472 1403 1624 1441 Pontifex,
1643 1402 1707 1435 1116
1732 1403 1749 1435 l>
1774 1409 1803 1435 et
1828 1414 1907 1447 seq.;

450 1471 560 1494 omnes
577 1459 677 1491 teneri
702 1463 863 1501 praestare
889 1458 1101 1489 iuramentum
1127 1457 1158 1488 in
1184 1457 1329 1489 manibus
1354 1466 1485 1488 suorum
1503 1456 1706 1498 superiorum
1726 1462 1756 1488 et
1777 1456 1910 1488 vicario-

451 1524 520 1546 rum
547 1512 807 1555 apostolicorum,
833 1510 890 1542 sub
916 1510 1010 1542 certis
1034 1509 1144 1552 poenis
1170 1509 1285 1549 statuit,
1312 1507 1375 1540 118
1397 1519 1432 1547 α;
1459 1508 1606 1541 omnibus
1631 1507 1798 1551 quamdam
1825 1508 1909 1540 iura-

452 1566 549 1599 menti
579 1565 758 1603 formulam,
784 1574 878 1606 quam
904 1569 1063 1606 praestare
1088 1562 1238 1603 debeant,
1266 1561 1481 1604 praescripsit,
1507 1560 1566 1592 «1021
1598 1561 1614 1592 b
1640 1566 1670 1592 et
1689 1571 1757 1603 seq;
1783 1560 1910 1593 decreta

451 1619 604 1662 quaedam
628 1617 760 1649 ministri
787 1616 944 1658 generalis
976 1615 1100 1648 Ordinis
1132 1614 1230 1647 sancti
1263 1613 1422 1645 Francisci
1448 1613 1485 1645 de
1511 1613 1715 1646 Observantia
1750 1623 1810 1656 pro
1835 1613 1910 1645 mis-

452 1672 598 1705 sionariis
624 1671 670 1702 sui
708 1669 843 1709 Ordinis,
862 1679 1037 1711 eorumque
1063 1667 1240 1700 seminariis
1266 1667 1296 1698 in
1322 1666 1471 1709 Hispania
1492 1670 1521 1699 et
1541 1665 1636 1699 ludiis
1657 1665 1909 1699 Occidentalibus

452 1724 622 1767 erigendis,
640 1728 743 1756 extant
768 1724 965 1761 confirmata,
991 1720 1056 1753 6th
1080 1720 1096 1752 b
1121 1726 1150 1752 ct
1174 1731 1250 1763 .serq.;
1277 1718 1445 1751 seminaria
1468 1729 1528 1762 pro
1559 1718 1766 1751 missionariis
1790 1718 1909 1751 eisdem

453 1784 557 1811 erecta
593 1778 624 1809 in
658 1776 810 1819 Hispania
840 1781 870 1808 et
894 1775 988 1808 Indiis
1013 1773 1266 1807 Occidentalibus
1299 1772 1519 1811 confirmavit,
1551 1773 1613 1805 una
1650 1782 1721 1804 cum
1763 1772 1909 1804 facultate

453 1830 595 1873 erigendi
626 1829 686 1861 alia
714 1828 899 1867 seminaria,
926 1828 1065 1870 itemque
1097 1832 1211 1859 statuta
1240 1826 1395 1869 quaedam
1427 1826 1563 1858 ministri
1595 1826 1752 1868 generalis
1784 1826 1909 1859 Ordinis

453 1884 551 1917 sancti
575 1882 734 1915 Francisci
759 1882 797 1914 de
822 1881 1028 1914 Observantia
1052 1890 1110 1922 pro
1135 1879 1292 1912 dictorum
1319 1878 1563 1911 seminariorum
1589 1879 1754 1920 regimine,
1775 1884 1809 1910 ut
1833 1878 1908 1911 mis-

455 1936 583 1970 sionarii
616 1945 708 1968 suum
739 1935 903 1978 explerent
927 1934 1078 1972 officium,
1100 1931 1163 1964 712
1188 1933 1214 1971 b,
1241 1932 1304 1964 724
1328 1944 1358 1964 a.

367 1990 520 2023 Missionis
545 1988 755 2031 Congregatio
779 1988 851 2020 ride
877 1987 1137 2030 Presbyterorum
1164 1985 1318 2018 Missionis
1344 1984 1563 2026 Congt-egatio.

367 2044 508 2077 Monaclii
534 2042 658 2076 Ordinis
683 2042 711 2074 S.
731 2040 902 2079 Benedicti;
924 2040 998 2083 ipsis
1015 2039 1211 2081 indulgentia
1228 2039 1370 2082 plenaria
1388 2044 1542 2082 perpetua
1567 2038 1598 2070 in
1623 2038 1700 2070 sesto
1728 2037 1826 2070 sancti
1851 2037 1908 2069 Be·

456 2093 571 2127 nedicti
585 2093 659 2125 olim
675 2102 833 2131 concessa,
851 2090 1001 2124 translato
1015 2092 1104 2132 sesto,
1122 2092 1286 2124 transferri
1307 2091 1400 2124 etiam
1419 2095 1453 2124 ut
1466 2096 1582 2134 posset,
1597 2090 1792 2129 conceditur,
1808 2089 1872 2122 ⁶209
1893 2089 1909 2121 b

457 2154 487 2179 et
510 2157 585 2190 seq,
611 2145 751 2178 eiusdem
777 2144 901 2177 Ordinis
927 2145 1089 2177 monachis
1115 2145 1297 2177 monasterii
1318 2145 1417 2177 sancti
1434 2145 1509 2177 Zoili
1535 2144 1572 2176 de
1597 2143 1711 2177 Corion
1731 2143 1909 2175 Palentinae

457 2199 609 2232 dioecesis
634 2198 860 2240 indulgentiam
886 2198 1059 2241 plenariam
1083 2202 1268 2240 perpetuam
1295 2197 1326 2229 in
1344 2197 1429 2229 sestis
1447 2196 1492 2229 Ss.
1509 2197 1584 2230 Zoili
1606 2202 1635 2228 et
1651 2195 1763 2228 Felicis
1780 2205 1908 2228 conces-

458 2253 497 2284 sit
522 2251 673 2291 Pontifex,
699 2251 761 2283 427
780 2251 805 2282 b.

390 2325 433 2328 —
458 2305 582 2338 Ordinis
619 2304 716 2336 sancti
759 2303 916 2335 Benedicti
951 2304 1234 2346 Congregationem
1272 2303 1451 2335 Bavaricam
1493 2302 1550 2334 sub
1591 2301 1682 2333 titulo
1714 2300 1907 2342 Angelorum

459 2358 629 2391 Custodum
656 2358 754 2390 erexit
783 2357 820 2389 ad
846 2358 945 2389 instar
970 2356 1099 2388 alterius
1124 2355 1326 2394 Helveticae,
1352 2354 1411 2387 591
1442 2366 1460 2387 α
1486 2360 1515 2386 et
1540 2365 1618 2397 seq.;
1649 2352 1909 2395 Congregationis

459 2410 639 2453 praedictae
676 2409 849 2441 monachos
886 2419 902 2440 a
940 2408 1155 2441 iurisdictione
1191 2407 1431 2441 Ordinarioium
1469 2407 1604 2447 exemit,
1641 2406 1704 2439 5902
1737 2406 1769 2444 03
1806 2405 1907 2438 eidem

460 2463 702 2505 Cougregationi
740 2463 915 2495 lacultatem
948 2461 1143 2504 aggregandi
1179 2461 1237 2493 alia
1274 2462 1465 2494 monasteria
1496 2466 1526 2494 ct
1559 2459 1712 2493 condendi
1751 2458 1906 2491 constitu-

459 2516 559 2547 tiones
590 2515 720 2554 tribuit,
745 2515 840 2554 2'b1'd.;
878 2515 1062 2548 corumdem
1095 2514 1335 2547 constitutiones
1372 2514 1556 2553 nonnullas,
1593 2514 1676 2545 iuxta
1711 2512 1909 2544 facultatem-

461 2569 505 2599 eis
530 2578 708 2599 concessam
736 2568 765 2599 in
791 2568 928 2611 capitulo
954 2567 1092 2611 generali
1111 2567 1220 2607 editas,
1238 2567 1343 2607 refert,
1362 2566 1425 2599 6:38
1444 2567 1460 2598 b
1478 2572 1506 2599 et
1523 2577 1601 2608 seq,
1621 2565 1734 2597 relatas
1756 2563 1907 2596 constitu-
