2111 3157
39 189 93 215 Αιι.
113 187 144 214 C.
161 187 230 216 1682

57 2032 212 2054 Contrariorum

30 2058 146 2085 derogatio.

231 236 435 270 substantiali
453 264 460 277 ,
487 247 523 271 ac
548 237 725 280 incogitato
758 242 789 271 et
813 237 969 279 incogita-

231 287 298 327 bili,
318 289 581 332 individuamque
600 290 843 332 expressionem
862 289 968 330 requi-

230 346 324 374 rente
348 342 474 374 defectu
498 342 615 381 notari,
640 343 834 385 impugnari,
854 342 968 374 infrin-

231 393 274 435 gi,
300 394 480 433 retractari,
508 394 541 426 in
566 394 822 427 controversiam
848 393 964 433 vocari,

231 450 282 478 aut
305 447 345 479 ad
370 446 527 479 terminos
559 446 637 479 iuris
671 457 728 479 seu
764 446 967 479 constitutio-

230 509 307 531 num
340 498 605 540 Congregationis
639 498 804 541 praefatae
830 498 962 538 reduci,

230 562 288 584 seu
312 552 462 584 adversus
486 551 558 583 illas
585 551 650 584 oris
675 551 887 594 aperitionis,
914 561 965 583 re-

229 603 406 636 stitutionis
438 604 470 636 in
496 604 656 645 integrum
673 630 680 643 ,
708 603 833 636 aliudve
865 603 965 645 quod-

229 665 366 698 cumque
383 656 471 694 iuris,
492 656 565 688 sacti
580 657 628 688 vel
644 656 765 697 gratiae
784 654 964 687 remedium

228 708 382 741 intentari
407 708 457 741 vel
482 708 672 751 impetrari,
700 713 754 740 aut
778 708 961 750 impetrato,

228 771 285 794 seu
322 761 418 794 etiam
442 766 551 800 motu,
577 761 711 794 scientia
739 766 771 794 et
794 761 962 804 potestatis

227 813 428 857 plenitudine
456 813 586 856 paribus
620 824 776 847 concesso
802 815 851 847 vel
876 824 962 847 ema-

226 871 313 906 nato,
338 865 522 908 quempiam
546 866 579 898 in
604 866 722 899 iudicio
742 867 792 899 vel
818 872 906 899 extra
924 867 962 899 il-

226 918 281 951 lud
306 917 351 950 uti
369 928 424 950 seu
441 928 474 950 se
500 918 608 951 iuvare
631 920 698 951 ullo
724 919 821 951 modo
842 929 958 961 possc;

225 969 282 1003 sed
313 970 398 1013 ipsas
430 976 617 1013 praesentes
651 971 795 1011 litteras,
831 982 960 1014 semper

224 1022 356 1063 firmas,
381 1023 502 1056 validas
534 1029 565 1056 et
596 1023 740 1056 efficaces
767 1024 903 1056 existere
928 1029 961 1056 et

225 1075 306 1115 sore,
318 1086 460 1119 suosque
482 1076 646 1119 plenarios
664 1081 695 1108 et
718 1077 864 1119 integros
886 1075 960 1109 etl'e-

225 1133 294 1161 ctus
311 1128 419 1161 sortiri
437 1133 468 1161 et
493 1128 653 1168 obtinere,
669 1139 704 1161 ac
724 1129 800 1169 illis,
821 1129 859 1161 ad
879 1139 959 1172 quos

225 1186 349 1224 spectat
373 1186 405 1213 et
433 1190 491 1224 pro
517 1186 663 1224 tempore
688 1182 958 1224 quandocumque

224 1233 389 1276 spectabit,
405 1232 635 1266 inviolabiliter
648 1239 680 1265 et
694 1234 886 1266 inconcusse
903 1234 960 1266 ob-

225 1285 368 1326 servari;
389 1285 498 1328 sicque
517 1290 548 1317 et
563 1295 627 1318 non
647 1286 740 1318 aliter
756 1286 789 1318 in
806 1286 959 1329 praemis-

225 1337 269 1370 sis
300 1347 359 1380 per
383 1347 602 1380 quoscumque
628 1338 751 1371 iudices
777 1338 958 1371 ordinarios

225 1396 257 1422 et
276 1390 453 1433 delegatos,
468 1390 563 1423 etiam
577 1401 744 1427 causarum
760 1391 869 1434 palatii
886 1402 958 1434 apo-

225 1442 334 1476 stolici
365 1443 551 1484 auditores,
582 1453 618 1475 ac
648 1443 679 1476 S.
719 1444 756 1476 R.
793 1443 828 1476 E.
856 1443 958 1476 cardi-

225 1496 323 1536 nates,
350 1497 446 1530 etiam
477 1497 516 1529 de
546 1498 647 1530 latere
674 1498 797 1539 legatos
822 1502 854 1529 ct
879 1498 959 1540 Apo-

225 1550 359 1583 stolicae
380 1549 471 1583 Sedis
483 1550 629 1590 nuncios,
650 1550 771 1584 aliosve
797 1551 959 1593 quoslibet

226 1611 427 1645 quacumque
452 1602 711 1645 praeeminentia
735 1608 767 1635 et
796 1607 957 1645 potestate

224 1654 398 1697 fungentes
429 1660 459 1688 et
483 1655 649 1688 suncturos
667 1683 674 1695 ,
702 1655 828 1688 sublata
852 1655 899 1688 eis
929 1660 958 1688 et

225 1717 336 1740 eorum
354 1708 487 1741 cuilibet
502 1709 610 1751 quavis
631 1709 724 1742 aliter
743 1708 908 1741 iudicandi
927 1714 956 1740 et

223 1759 462 1803 interpretandi
497 1760 648 1793 facultate
680 1765 713 1793 et
744 1760 954 1799 auctoritate,

223 1812 360 1845 iudicari
386 1818 417 1846 et
448 1812 575 1846 definiri
602 1813 723 1846 debere
739 1840 746 1853 ,
771 1824 808 1845 ac
832 1813 956 1846 irritum

224 1870 256 1898 et
279 1865 375 1900 inane
393 1866 418 1899 si
436 1877 527 1899 secus
548 1877 644 1910 super
662 1867 712 1899 his
739 1877 756 1899 a
780 1877 955 1910 quoquam,

224 1919 335 1962 quavis
352 1919 553 1959 auctoritate,
576 1920 715 1953 scienter
734 1921 785 1953 vel
803 1919 957 1963 ignoran-

225 1976 281 2011 ter,
298 1972 473 2014 contigerit
496 1973 663 2005 attentari.

266 2025 280 2068 5
303 2024 335 2057 4.
365 2024 435 2058 Non
457 2025 662 2058 obstantibus
692 2025 893 2069 praemissis,
920 2036 956 2058 ac

222 2076 506 2110 constitutionibus
517 2078 814 2111 etordinationibus
828 2084 957 2122 aposto-

222 2130 305 2170 licis,
318 2140 447 2163 necnon
461 2130 621 2164 dictorum
632 2131 762 2164 Ordinis
777 2136 808 2164 et
820 2131 957 2175 Congre-

222 2183 359 2226 gationis
378 2183 581 2224 Mantuanae,
597 2185 728 2227 eiusque
743 2190 956 2218 conventuum

223 2241 549 2280 quorumcumqueet
558 2236 628 2270 aliis
640 2237 850 2281 quibuslibet,
859 2238 955 2271 etiam

222 2289 417 2331 iuramento,
438 2289 684 2325 confirmatione
701 2291 890 2334 apostolica,
907 2293 956 2325 vel

223 2342 333 2385 quavis
347 2341 496 2376 firmitate
514 2342 575 2376 alia
591 2343 763 2383 roboratis,
782 2344 908 2376 statutis
927 2350 957 2377 et

222 2395 531 2436 consuetudinibus,
565 2395 662 2429 etiam
694 2396 957 2430 immemorabili-

222 2446 292 2488 bus,
311 2447 489 2491 privilegiis
506 2458 645 2491 quoque,
667 2448 800 2481 indultis
820 2454 852 2481 et
872 2449 958 2482 litte-

222 2500 267 2533 ris
286 2502 486 2545 apostoliciS,
506 2502 628 2535 eisdem
640 2501 750 2535 Ordini
769 2507 801 2535 et
817 2502 957 2545 Congre-

224 2552 346 2597 gationi
363 2559 395 2589 et
410 2555 630 2595 conventibus,
649 2555 844 2598 illorumque
861 2566 956 2599 supe-

332 2618 410 2646 Bull.
428 2619 507 2647 Rom.
524 2634 559 2640 —
578 2620 636 2646 Vol.
654 2619 720 2647 XIX
872 2620 907 2649 54

831 189 1044 214 INNOCENTIL'S
1065 191 1095 214 xl
1120 192 1168 214 Pr.

1642 178 1707 212 4025

1010 237 1161 278 rioribus,
1185 238 1336 271 fratribus
1362 242 1393 271 et
1416 236 1567 281 personis
1589 235 1746 279 quibusli-

1009 291 1071 329 bet,
1084 291 1179 323 etiam
1193 291 1343 333 specifica
1358 295 1388 322 et
1401 289 1565 322 individua
1578 288 1745 321 mentione

1010 342 1138 384 dignis,
1176 344 1237 375 sub
1274 343 1533 386 quibuscumque
1568 342 1745 374 verborum

1010 395 1176 428 tenoribus
1215 402 1247 428 et
1282 396 1411 435 formis,
1441 406 1477 428 ac
1508 406 1579 428 cum
1611 395 1744 438 quibus-

1007 447 1053 478 vis
1077 447 1173 479 etiam
1201 448 1478 489 derogatoriarum
1504 447 1742 489 derogatoriis,

1008 498 1145 540 aliisque
1177 499 1429 538 efficacioribus,
1455 499 1684 532 efficacissimis
1713 504 1744 532 et

1007 550 1146 583 insolitis
1169 551 1321 583 clausulis
1339 558 1369 583 et
1394 552 1544 591 decretis,
1563 552 1595 584 in
1621 562 1743 594 genere

1006 604 1057 635 vel
1084 603 1118 635 in
1145 604 1265 646 specie,
1299 604 1394 636 etiam
1419 609 1521 643 motu,
1549 604 1685 637 scientia
1711 610 1744 637 et

1006 656 1173 698 potestatis
1206 656 1410 698 plenitudine
1434 656 1578 699 paribus,
1606 662 1637 689 et
1664 657 1742 690 alias

1005 708 1251 751 quomodolibet
1274 709 1308 740 in
1332 709 1531 741 contrarium
1549 710 1743 751 praemisso-

1004 771 1075 792 rum
1091 761 1266 800 concessis,
1281 771 1317 793 ac
1334 761 1454 803 pluries
1473 766 1504 793 et
1522 761 1742 804 quantiscum-

1004 823 1066 855 que
1091 813 1214 846 vicibus
1239 813 1457 853 confirmatis,
1491 814 1678 856 approbatis
1711 820 1742 847 et

1753 187 1802 215 An.
1823 187 1851 215 C.
1869 184 1939 216 1052

1003 866 1187 905 innovatis·,
1207 866 1324 909 quibus
1346 866 1495 898 omnibus
1520 872 1552 898 et
1583 866 1738 908 singulis,
1773 892 1775 895 .

1003 918 1127 951 etiamsi
1159 928 1219 961 pro
1248 918 1379 951 illorum
1404 919 1576 951 sufficienti
1602 920 1739 961 deroga-

1004 971 1092 1003 tione
1117 971 1156 1003 de
1180 970 1244 1003 illis
1271 981 1447 1014 eorumque
1473 971 1547 1004 totis
1574 972 1739 1004 tenoribus

1002 1024 1174 1066 specialis,
1207 1024 1378 1067 specifica,
1406 1035 1558 1067 expressa
1590 1030 1621 1057 et
1656 1026 1739 1058 indi-

1002 1076 1115 1114 vidua,
1142 1086 1177 1108 ac
1208 1076 1247 1108 de
1283 1077 1381 1109 verbo
1419 1077 1457 1109 ad
1493 1078 1645 1117 verbum,
1671 1088 1737 1110 non

1002 1133 1105 1160 autem
1122 1138 1181 1170 per
1200 1128 1360 1160 clausulas
1383 1130 1552 1171 generales
1575 1129 1660 1162 idem
1682 1130 1738 1162 inl-

1002 1185 1181 1222 portantes‚
1214 1181 1336 1213 mentio
1364 1191 1419 1213 scu
1444 1181 1573 1223 quaevis
1598 1181 1659 1214 alia
1684 1193 1737 1214 cx-

1001 1232 1126 1274 pressio
1151 1233 1300 1265 habenda
1328 1238 1381 1265 aut
1405 1233 1513 1276 aliqua
1538 1234 1600 1266 alia
1625 1234 1736 1277 exqui-

1001 1284 1061 1317 sita
1085 1285 1187 1317 forma
1212 1285 1251 1317 ad
1281 1286 1346 1318 hoc
1370 1287 1525 1318 servanda
1556 1287 1655 1327 soret,
1692 1292 1737 1319 tc-

1000 1348 1095 1370 norcs
1110 1338 1298 1370 huiusmodi
1312 1339 1538 1381 praesentibus
1558 1349 1617 1382 pro
1636 1340 1733 1382 plene

1001 1395 1032 1422 et
1063 1389 1261 1423 sufficienter
1290 1391 1447 1433 expressis
1480 1401 1516 1423 ac
1540 1391 1578 1423 ad
1603 1391 1735 1424 verbum

1000 1443 1131 1476 insertis
1167 1443 1350 1483 habentcS,
1390 1443 1454 1476 illis
1491 1444 1570 1476 alias
1608 1444 1641 1476 in
1677 1455 1734 1477 suo

1001 1496 1118 1529 robore
1143 1495 1381 1539 permansuris,
1409 1497 1447 1528 ad
1480 1497 1734 1539 praemissorum

1001 1550 1161 1589 effectum,
1182 1550 1242 1582 hac
1275 1549 1341 1582 vice
1360 1549 1533 1589 dumtaxat,
1551 1549 1734 1592 specialiter

1001 1606 1031 1634 et
1062 1612 1212 1644 expresse
1250 1602 1444 1644 derogamus
1481 1607 1512 1634 ct
1544 1602 1733 1644 derogatum

1002 1665 1073 1687 esse
1097 1656 1257 1695 volumus,
1276 1655 1458 1698 ceterisque
1476 1655 1647 1688 contrariis
1665 1655 1733 1698 qui-

1000 1707 1212 1749 buscumque.

1044 1759 1112 1802 ἐξ).
1140 1760 1294 1793 Volumus
1331 1765 1435 1793 autem
1475 1766 1509 1792 ut
1545 1761 1732 1793 eartmidcm
1784 1766 1845 1787 ΜΝ
1870 1769 1926 1788 *mn-

999 1812 1220 1855 praesentium
1239 1813 1416 1846 litterarum
1436 1813 1656 1856 transumptis,
1676 1824 1733 1845 seu

999 1865 1163 1908 exemplis,
1191 1865 1286 1898 etiam
1312 1865 1490 1908 impressis,
1513 1876 1609 1898 manu
1635 1865 1734 1897 alicu-

999 1917 1049 1950 ius
1074 1917 1191 1950 notarii
1209 1917 1329 1960 publici
1347 1917 1548 1960 subscriptis,
1572 1923 1604 1950 et
1623 1918 1732 1960 sigillo

998 1980 1159 2013 personae
1179 1970 1212 2002 in
1237 1970 1456 2003 ecclesiastica
1477 1970 1633 2013 dignitate
1659 1980 1734 2003 con-

998 2023 1126 2056 stitutae
1143 2022 1286 2062 munitis,
1303 2023 1417 2055 eadem
1434 2033 1565 2065 prorsus
1581 2023 1733 2056 fidestan]

998 2076 1031 2108 in
1056 2076 1176 2109 iudicio
1198 2086 1292 2119 quam
1318 2080 1406 2108 extra
1438 2075 1517 2108 illud
1542 2076 1661 2118 ubique
1688 2077 1734 2109 lo-

999 2142 1110 2165 corum
1135 2132 1314 2171 habeatur,
1340 2140 1422 2173 quae
1454 2130 1630 2163 haberetur
1653 2130 1733 2173 ipsis

999 2185 1226 2229 praesentibus
1255 2184 1281 2217 si
1312 2184 1417 2217 forent
1437 2183 1602 2217 exhibitae
1626 2185 1675 2217 vel
1699 2194 1733 2216 o-

999 2243 1139 2271 stensac.

1043 2293 1155 2325 Datum
1170 2291 1300 2332 Romae,
1316 2290 1400 2334 apud
1411 2290 1441 2323 S.
1454 2290 1596 2331 Petrum,
1610 2290 1668 2323 sub
1683 2300 1733 2323 an-

1000 2346 1076 2378 nulo
1105 2344 1288 2383 piscatoris,
1308 2343 1359 2376 die
1387 2353 1430 2377 x11
1448 2342 1526 2376 iunii
1546 2352 1732 2384 nnctxxxn,

999 2397 1204 2442 pontificatus
1232 2396 1333 2430 nostri
1359 2407 1444 2429 anno
1469 2406 1512 2430 v1.

1034 2459 1093 2487 Dat.
1111 2460 1156 2487 die
1173 2459 1204 2486 12
1220 2458 1287 2486 iunii
1304 2457 1388 2493 1682,
1408 2459 1507 2494 pontif.
1525 2466 1568 2486 an.
1591 2464 1627 2486 vt.

1743 1796 1878 1819 stlniptorun).
