<?xml version="1.0" encoding="UTF-8"?>
<!DOCTYPE html PUBLIC "-//W3C//DTD XHTML 1.0 Transitional//EN"
    "http://www.w3.org/TR/xhtml1/DTD/xhtml1-transitional.dtd">
<html xmlns="http://www.w3.org/1999/xhtml" xml:lang="en" lang="en">
 <head>
  <title>
</title>
<meta http-equiv="Content-Type" content="text/html;charset=utf-8" />
  <meta name='ocr-system' content='tesseract 3.04.00' />
  <meta name='ocr-capabilities' content='ocr_page ocr_carea ocr_par ocr_line ocrx_word'/>
</head>
<body>
  <div class='ocr_page' id='page_1' title='image "./bullarumdiplomat19cath_0721.png"; bbox 0 0 2111 3157; ppageno 0'>
   <div class='ocr_carea' id='block_1_1' title="bbox 51 214 234 244">
    <p class='ocr_par' dir='ltr' id='par_1_1' title="bbox 51 214 234 244">
     <span class='ocr_line' id='line_1_1' title="bbox 51 214 234 244; baseline -0.016 0"><span class='ocrx_word' id='word_1_1' title='bbox 51 219 100 244; x_wconf 66' lang='lat' dir='ltr'>An.</span> <span class='ocrx_word' id='word_1_2' title='bbox 116 216 144 243; x_wconf 86' lang='lat' dir='ltr'>C.</span> <span class='ocrx_word' id='word_1_3' title='bbox 169 214 234 242; x_wconf 74' lang='lat'><strong>¹686</strong></span> 
     </span>
    </p>
   </div>
   <div class='ocr_carea' id='block_1_2' title="bbox 824 215 1163 240">
    <p class='ocr_par' dir='ltr' id='par_1_2' title="bbox 824 215 1163 240">
     <span class='ocr_line' id='line_1_2' title="bbox 824 215 1163 240; baseline -0.006 0"><span class='ocrx_word' id='word_1_4' title='bbox 824 215 1034 240; x_wconf 82' lang='lat' dir='ltr'>lNNOCEN&#39;flUS</span> <span class='ocrx_word' id='word_1_5' title='bbox 1059 215 1088 238; x_wconf 72' lang='grc' dir='ltr'>Χῖ</span> <span class='ocrx_word' id='word_1_6' title='bbox 1114 216 1163 239; x_wconf 65' lang='lat' dir='ltr'>FP.</span> 
     </span>
    </p>
   </div>
   <div class='ocr_carea' id='block_1_3' title="bbox 228 263 972 2520">
    <p class='ocr_par' dir='ltr' id='par_1_3' title="bbox 228 263 972 2520">
     <span class='ocr_line' id='line_1_3' title="bbox 240 263 972 307; baseline -0.001 -11"><span class='ocrx_word' id='word_1_7' title='bbox 240 270 303 296; x_wconf 87' lang='lat' dir='ltr'>noc</span> <span class='ocrx_word' id='word_1_8' title='bbox 327 263 492 297; x_wconf 87' lang='lat' dir='ltr'>humiliter</span> <span class='ocrx_word' id='word_1_9' title='bbox 516 264 673 307; x_wconf 76' lang='lat' dir='ltr'>porrectis</span> <span class='ocrx_word' id='word_1_10' title='bbox 694 263 850 303; x_wconf 86' lang='lat' dir='ltr'>inclinati,</span> <span class='ocrx_word' id='word_1_11' title='bbox 869 263 972 296; x_wconf 90' lang='lat' dir='ltr'>omni-</span> 
     </span>
     <span class='ocr_line' id='line_1_4' title="bbox 239 315 969 359; baseline 0 -12"><span class='ocrx_word' id='word_1_12' title='bbox 239 315 300 348; x_wconf 88' lang='lat' dir='ltr'>bns</span> <span class='ocrx_word' id='word_1_13' title='bbox 332 321 364 349; x_wconf 89' lang='lat' dir='ltr'>et</span> <span class='ocrx_word' id='word_1_14' title='bbox 394 316 529 359; x_wconf 84' lang='lat' dir='ltr'>singulis</span> <span class='ocrx_word' id='word_1_15' title='bbox 556 316 631 349; x_wconf 90' lang='lat' dir='ltr'>dicti</span> <span class='ocrx_word' id='word_1_16' title='bbox 656 316 784 349; x_wconf 76' lang='lat' dir='ltr'>Ordinis</span> <span class='ocrx_word' id='word_1_17' title='bbox 810 316 969 354; x_wconf 86' lang='lat' dir='ltr'>fratribus,</span> 
     </span>
     <span class='ocr_line' id='line_1_5' title="bbox 239 368 969 402; baseline -0.001 -1"><span class='ocrx_word' id='word_1_18' title='bbox 239 373 271 402; x_wconf 89' lang='lat' dir='ltr'>et</span> <span class='ocrx_word' id='word_1_19' title='bbox 301 369 372 402; x_wconf 89' lang='lat' dir='ltr'>aliis</span> <span class='ocrx_word' id='word_1_20' title='bbox 395 369 552 402; x_wconf 88' lang='lat' dir='ltr'>universis</span> <span class='ocrx_word' id='word_1_21' title='bbox 578 368 841 402; x_wconf 85' lang='lat' dir='ltr'>christifidelibus</span> <span class='ocrx_word' id='word_1_22' title='bbox 865 368 969 401; x_wconf 90' lang='lat' dir='ltr'>ubivis</span> 
     </span>
     <span class='ocr_line' id='line_1_6' title="bbox 239 420 970 461; baseline -0.001 -7"><span class='ocrx_word' id='word_1_23' title='bbox 239 420 383 455; x_wconf 87' lang='lat' dir='ltr'>locorum</span> <span class='ocrx_word' id='word_1_24' title='bbox 409 422 630 461; x_wconf 78' lang='lat' dir='ltr'>existentibus,</span> <span class='ocrx_word' id='word_1_25' title='bbox 647 433 683 455; x_wconf 89' lang='lat' dir='ltr'>ac</span> <span class='ocrx_word' id='word_1_26' title='bbox 696 433 766 455; x_wconf 89' lang='lat' dir='ltr'>cum</span> <span class='ocrx_word' id='word_1_27' title='bbox 781 421 895 454; x_wconf 88' lang='lat' dir='ltr'>iisdem</span> <span class='ocrx_word' id='word_1_28' title='bbox 914 422 970 454; x_wconf 92' lang='lat' dir='ltr'>fra-</span> 
     </span>
     <span class='ocr_line' id='line_1_7' title="bbox 239 473 968 518; baseline -0.001 -13"><span class='ocrx_word' id='word_1_29' title='bbox 239 474 342 506; x_wconf 89' lang='lat' dir='ltr'>tribus</span> <span class='ocrx_word' id='word_1_30' title='bbox 359 474 397 507; x_wconf 85' lang='lat' dir='ltr'>ad</span> <span class='ocrx_word' id='word_1_31' title='bbox 415 474 621 518; x_wconf 85' lang='lat' dir='ltr'>infrascripta</span> <span class='ocrx_word' id='word_1_32' title='bbox 638 473 898 517; x_wconf 82' lang='lat' dir='ltr'>cooperantibus,</span> <span class='ocrx_word' id='word_1_33' title='bbox 916 473 968 516; x_wconf 88' lang='lat' dir='ltr'>qui</span> 
     </span>
     <span class='ocr_line' id='line_1_8' title="bbox 239 526 969 570; baseline -0.001 -11"><span class='ocrx_word' id='word_1_34' title='bbox 239 526 277 559; x_wconf 87' lang='lat' dir='ltr'>de</span> <span class='ocrx_word' id='word_1_35' title='bbox 303 527 507 570; x_wconf 80' lang='lat' dir='ltr'>superiorum</span> <span class='ocrx_word' id='word_1_36' title='bbox 545 537 675 560; x_wconf 88' lang='lat' dir='ltr'>suorum</span> <span class='ocrx_word' id='word_1_37' title='bbox 701 526 830 559; x_wconf 77' lang='lat' dir='ltr'>licentia</span> <span class='ocrx_word' id='word_1_38' title='bbox 860 536 969 569; x_wconf 89' lang='lat' dir='ltr'>respe-</span> 
     </span>
     <span class='ocr_line' id='line_1_9' title="bbox 237 579 968 613; baseline 0 -2"><span class='ocrx_word' id='word_1_39' title='bbox 237 579 318 612; x_wconf 88' lang='lat' dir='ltr'>ctive</span> <span class='ocrx_word' id='word_1_40' title='bbox 344 590 380 612; x_wconf 89' lang='lat' dir='ltr'>ac</span> <span class='ocrx_word' id='word_1_41' title='bbox 406 579 444 612; x_wconf 87' lang='lat' dir='ltr'>de</span> <span class='ocrx_word' id='word_1_42' title='bbox 470 590 633 613; x_wconf 90' lang='lat' dir='ltr'>consensu</span> <span class='ocrx_word' id='word_1_43' title='bbox 658 579 901 612; x_wconf 87' lang='lat' dir='ltr'>Ordinariorum</span> <span class='ocrx_word' id='word_1_44' title='bbox 923 579 968 611; x_wconf 91' lang='lat' dir='ltr'>lo-</span> 
     </span>
     <span class='ocr_line' id='line_1_10' title="bbox 236 632 968 676; baseline 0.001 -12"><span class='ocrx_word' id='word_1_45' title='bbox 236 641 344 665; x_wconf 89' lang='lat' dir='ltr'>corum</span> <span class='ocrx_word' id='word_1_46' title='bbox 360 643 477 676; x_wconf 89' lang='lat' dir='ltr'>pueros</span> <span class='ocrx_word' id='word_1_47' title='bbox 493 638 524 665; x_wconf 89' lang='lat' dir='ltr'>et</span> <span class='ocrx_word' id='word_1_48' title='bbox 536 632 661 665; x_wconf 88' lang='lat' dir='ltr'>adultos</span> <span class='ocrx_word' id='word_1_49' title='bbox 675 642 895 675; x_wconf 88' lang='lat' dir='ltr'>quoscumque</span> <span class='ocrx_word' id='word_1_50' title='bbox 913 632 968 665; x_wconf 92' lang='lat' dir='ltr'>do-</span> 
     </span>
     <span class='ocr_line' id='line_1_11' title="bbox 236 684 964 718; baseline 0 -1"><span class='ocrx_word' id='word_1_51' title='bbox 236 685 368 718; x_wconf 85' lang='lat' dir='ltr'>ctrinam</span> <span class='ocrx_word' id='word_1_52' title='bbox 386 685 592 718; x_wconf 81' lang='lat' dir='ltr'>christianam</span> <span class='ocrx_word' id='word_1_53' title='bbox 616 684 703 717; x_wconf 81' lang='lat' dir='ltr'>iuxta</span> <span class='ocrx_word' id='word_1_54' title='bbox 727 685 857 717; x_wconf 85' lang='lat' dir='ltr'>decreta</span> <span class='ocrx_word' id='word_1_55' title='bbox 881 684 964 717; x_wconf 88' lang='lat' dir='ltr'>Con-</span> 
     </span>
     <span class='ocr_line' id='line_1_12' title="bbox 235 737 965 778; baseline -0.003 -7"><span class='ocrx_word' id='word_1_56' title='bbox 235 737 301 771; x_wconf 92' lang='lat' dir='ltr'>cilii</span> <span class='ocrx_word' id='word_1_57' title='bbox 327 737 506 771; x_wconf 89' lang='lat' dir='ltr'>Tridentini</span> <span class='ocrx_word' id='word_1_58' title='bbox 532 738 663 778; x_wconf 88' lang='lat' dir='ltr'>docere,</span> <span class='ocrx_word' id='word_1_59' title='bbox 685 742 738 770; x_wconf 85' lang='lat' dir='ltr'>aut</span> <span class='ocrx_word' id='word_1_60' title='bbox 762 737 866 770; x_wconf 89' lang='lat' dir='ltr'>eidem</span> <span class='ocrx_word' id='word_1_61' title='bbox 892 737 965 770; x_wconf 85' lang='lat' dir='ltr'>dum</span> 
     </span>
     <span class='ocr_line' id='line_1_13' title="bbox 236 789 966 830; baseline -0.001 -7"><span class='ocrx_word' id='word_1_62' title='bbox 236 789 371 823; x_wconf 82' lang='lat' dir='ltr'>docetur</span> <span class='ocrx_word' id='word_1_63' title='bbox 395 790 551 823; x_wconf 83' lang='lat' dir='ltr'>interesse</span> <span class='ocrx_word' id='word_1_64' title='bbox 576 790 818 830; x_wconf 85' lang='lat' dir='ltr'>consueverint,</span> <span class='ocrx_word' id='word_1_65' title='bbox 836 789 871 829; x_wconf 88' lang='lat' dir='ltr'>si,</span> <span class='ocrx_word' id='word_1_66' title='bbox 891 800 966 823; x_wconf 91' lang='lat' dir='ltr'>vere</span> 
     </span>
     <span class='ocr_line' id='line_1_14' title="bbox 234 842 968 886; baseline 0 -11"><span class='ocrx_word' id='word_1_67' title='bbox 234 843 440 886; x_wconf 86' lang='lat' dir='ltr'>poenitentes</span> <span class='ocrx_word' id='word_1_68' title='bbox 461 848 492 876; x_wconf 89' lang='lat' dir='ltr'>et</span> <span class='ocrx_word' id='word_1_69' title='bbox 504 843 652 883; x_wconf 88' lang='lat' dir='ltr'>confessi,</span> <span class='ocrx_word' id='word_1_70' title='bbox 679 842 883 876; x_wconf 85' lang='lat' dir='ltr'>sanctissimo</span> <span class='ocrx_word' id='word_1_71' title='bbox 907 843 968 875; x_wconf 90' lang='lat' dir='ltr'>Eu—</span> 
     </span>
     <span class='ocr_line' id='line_1_15' title="bbox 234 894 968 929; baseline 0 -2"><span class='ocrx_word' id='word_1_72' title='bbox 234 894 407 928; x_wconf 89' lang='lat' dir='ltr'>charistiae</span> <span class='ocrx_word' id='word_1_73' title='bbox 432 900 631 929; x_wconf 80' lang='lat' dir='ltr'>sacramento</span> <span class='ocrx_word' id='word_1_74' title='bbox 664 895 715 928; x_wconf 92' lang='lat' dir='ltr'>die</span> <span class='ocrx_word' id='word_1_75' title='bbox 742 895 824 928; x_wconf 88' lang='lat' dir='ltr'>festo</span> <span class='ocrx_word' id='word_1_76' title='bbox 849 896 888 928; x_wconf 89' lang='lat' dir='ltr'>ab</span> <span class='ocrx_word' id='word_1_77' title='bbox 915 895 968 927; x_wconf 87' lang='lat' dir='ltr'>iis-</span> 
     </span>
     <span class='ocr_line' id='line_1_16' title="bbox 234 947 966 992; baseline 0 -11"><span class='ocrx_word' id='word_1_78' title='bbox 234 947 306 982; x_wconf 87' lang='lat' dir='ltr'>dem</span> <span class='ocrx_word' id='word_1_79' title='bbox 330 947 506 982; x_wconf 83' lang='lat' dir='ltr'>Ordinariis</span> <span class='ocrx_word' id='word_1_80' title='bbox 538 949 570 981; x_wconf 91' lang='lat' dir='ltr'>in</span> <span class='ocrx_word' id='word_1_81' title='bbox 603 948 765 989; x_wconf 88' lang='lat' dir='ltr'>ecclesiis,</span> <span class='ocrx_word' id='word_1_82' title='bbox 791 948 823 982; x_wconf 90' lang='lat' dir='ltr'>in</span> <span class='ocrx_word' id='word_1_83' title='bbox 849 949 966 992; x_wconf 87' lang='lat' dir='ltr'>quibus</span> 
     </span>
     <span class='ocr_line' id='line_1_17' title="bbox 233 1002 966 1042; baseline -0.001 -7"><span class='ocrx_word' id='word_1_84' title='bbox 233 1002 379 1036; x_wconf 87' lang='lat' dir='ltr'>doctrina</span> <span class='ocrx_word' id='word_1_85' title='bbox 410 1002 585 1035; x_wconf 86' lang='lat' dir='ltr'>christiana</span> <span class='ocrx_word' id='word_1_86' title='bbox 614 1003 769 1042; x_wconf 86' lang='lat' dir='ltr'>docetur,</span> <span class='ocrx_word' id='word_1_87' title='bbox 802 1003 901 1035; x_wconf 82' lang='lat' dir='ltr'>semel</span> <span class='ocrx_word' id='word_1_88' title='bbox 934 1003 966 1034; x_wconf 92' lang='lat' dir='ltr'>in</span> 
     </span>
     <span class='ocr_line' id='line_1_18' title="bbox 233 1054 968 1098; baseline -0.003 -10"><span class='ocrx_word' id='word_1_89' title='bbox 233 1064 318 1088; x_wconf 87' lang='lat' dir='ltr'>anno</span> <span class='ocrx_word' id='word_1_90' title='bbox 344 1054 544 1098; x_wconf 83' lang='lat' dir='ltr'>designando</span> <span class='ocrx_word' id='word_1_91' title='bbox 570 1055 680 1088; x_wconf 86' lang='lat' dir='ltr'>refecti</span> <span class='ocrx_word' id='word_1_92' title='bbox 706 1054 836 1094; x_wconf 90' lang='lat' dir='ltr'>fuerint,</span> <span class='ocrx_word' id='word_1_93' title='bbox 857 1055 968 1097; x_wconf 77' lang='lat' dir='ltr'>plena-</span> 
     </span>
     <span class='ocr_line' id='line_1_19' title="bbox 233 1107 968 1151; baseline -0.003 -11"><span class='ocrx_word' id='word_1_94' title='bbox 233 1107 330 1148; x_wconf 85' lang='lat' dir='ltr'>riam;</span> <span class='ocrx_word' id='word_1_95' title='bbox 357 1118 485 1141; x_wconf 88' lang='lat' dir='ltr'>necnon</span> <span class='ocrx_word' id='word_1_96' title='bbox 509 1107 608 1151; x_wconf 88' lang='lat' dir='ltr'>ipsis,</span> <span class='ocrx_word' id='word_1_97' title='bbox 633 1108 688 1150; x_wconf 85' lang='lat' dir='ltr'>qui</span> <span class='ocrx_word' id='word_1_98' title='bbox 720 1117 793 1140; x_wconf 88' lang='lat' dir='ltr'>vere</span> <span class='ocrx_word' id='word_1_99' title='bbox 819 1107 968 1140; x_wconf 90' lang='lat' dir='ltr'>similiter</span> 
     </span>
     <span class='ocr_line' id='line_1_20' title="bbox 232 1160 967 1204; baseline -0.003 -10"><span class='ocrx_word' id='word_1_100' title='bbox 232 1161 438 1204; x_wconf 87' lang='lat' dir='ltr'>poenitentes</span> <span class='ocrx_word' id='word_1_101' title='bbox 463 1166 495 1193; x_wconf 91' lang='lat' dir='ltr'>et</span> <span class='ocrx_word' id='word_1_102' title='bbox 519 1161 658 1194; x_wconf 79' lang='lat' dir='ltr'>confessi</span> <span class='ocrx_word' id='word_1_103' title='bbox 677 1161 795 1194; x_wconf 92' lang='lat' dir='ltr'>dictum</span> <span class='ocrx_word' id='word_1_104' title='bbox 815 1160 967 1193; x_wconf 86' lang='lat' dir='ltr'>Euchari-</span> 
     </span>
     <span class='ocr_line' id='line_1_21' title="bbox 233 1214 967 1257; baseline -0.003 -10"><span class='ocrx_word' id='word_1_105' title='bbox 233 1214 312 1247; x_wconf 85' lang='lat' dir='ltr'>stiae</span> <span class='ocrx_word' id='word_1_106' title='bbox 332 1219 567 1247; x_wconf 88' lang='lat' dir='ltr'>sacramentnm</span> <span class='ocrx_word' id='word_1_107' title='bbox 581 1214 789 1257; x_wconf 84' lang='lat' dir='ltr'>sumpserint,</span> <span class='ocrx_word' id='word_1_108' title='bbox 804 1218 857 1246; x_wconf 90' lang='lat' dir='ltr'>aut</span> <span class='ocrx_word' id='word_1_109' title='bbox 875 1214 905 1246; x_wconf 90' lang='lat' dir='ltr'>id</span> <span class='ocrx_word' id='word_1_110' title='bbox 925 1214 967 1245; x_wconf 84' lang='lat' dir='ltr'>fa-</span> 
     </span>
     <span class='ocr_line' id='line_1_22' title="bbox 233 1267 967 1307; baseline 0 -8"><span class='ocrx_word' id='word_1_111' title='bbox 233 1277 306 1301; x_wconf 85' lang='lat' dir='ltr'>cere</span> <span class='ocrx_word' id='word_1_112' title='bbox 332 1277 397 1300; x_wconf 91' lang='lat' dir='ltr'>non</span> <span class='ocrx_word' id='word_1_113' title='bbox 418 1268 583 1307; x_wconf 87' lang='lat' dir='ltr'>valentes,</span> <span class='ocrx_word' id='word_1_114' title='bbox 608 1267 714 1300; x_wconf 90' lang='lat' dir='ltr'>animo</span> <span class='ocrx_word' id='word_1_115' title='bbox 747 1267 885 1300; x_wconf 92' lang='lat' dir='ltr'>contrito</span> <span class='ocrx_word' id='word_1_116' title='bbox 912 1277 967 1299; x_wconf 92' lang='lat' dir='ltr'>no-</span> 
     </span>
     <span class='ocr_line' id='line_1_23' title="bbox 231 1319 967 1353; baseline -0.001 -1"><span class='ocrx_word' id='word_1_117' title='bbox 231 1329 307 1352; x_wconf 90' lang='lat' dir='ltr'>men</span> <span class='ocrx_word' id='word_1_118' title='bbox 336 1319 406 1353; x_wconf 90' lang='lat' dir='ltr'>Iesu</span> <span class='ocrx_word' id='word_1_119' title='bbox 431 1321 545 1353; x_wconf 85' lang='lat' dir='ltr'>saltem</span> <span class='ocrx_word' id='word_1_120' title='bbox 577 1319 674 1352; x_wconf 90' lang='lat' dir='ltr'>corde</span> <span class='ocrx_word' id='word_1_121' title='bbox 700 1319 733 1352; x_wconf 92' lang='lat' dir='ltr'>in</span> <span class='ocrx_word' id='word_1_122' title='bbox 757 1320 868 1352; x_wconf 87' lang='lat' dir='ltr'>mortis</span> <span class='ocrx_word' id='word_1_123' title='bbox 893 1319 967 1351; x_wconf 90' lang='lat' dir='ltr'>arti-</span> 
     </span>
     <span class='ocr_line' id='line_1_24' title="bbox 232 1372 966 1415; baseline 0 -11"><span class='ocrx_word' id='word_1_124' title='bbox 232 1373 303 1406; x_wconf 91' lang='lat' dir='ltr'>culo</span> <span class='ocrx_word' id='word_1_125' title='bbox 327 1372 442 1406; x_wconf 91' lang='lat' dir='ltr'>devote</span> <span class='ocrx_word' id='word_1_126' title='bbox 474 1372 704 1411; x_wconf 86' lang='lat' dir='ltr'>invocaverint,</span> <span class='ocrx_word' id='word_1_127' title='bbox 720 1372 898 1415; x_wconf 80' lang='lat' dir='ltr'>plenariam</span> <span class='ocrx_word' id='word_1_128' title='bbox 925 1372 966 1404; x_wconf 89' lang='lat' dir='ltr'>si-</span> 
     </span>
     <span class='ocr_line' id='line_1_25' title="bbox 231 1425 963 1468; baseline -0.001 -10"><span class='ocrx_word' id='word_1_129' title='bbox 231 1425 354 1458; x_wconf 86' lang='lat' dir='ltr'>militer</span> <span class='ocrx_word' id='word_1_130' title='bbox 397 1425 539 1459; x_wconf 89' lang='lat' dir='ltr'>omnium</span> <span class='ocrx_word' id='word_1_131' title='bbox 582 1430 787 1468; x_wconf 83' lang='lat' dir='ltr'>peccatorem</span> <span class='ocrx_word' id='word_1_132' title='bbox 833 1435 963 1458; x_wconf 88' lang='lat' dir='ltr'>suorum</span> 
     </span>
     <span class='ocr_line' id='line_1_26' title="bbox 230 1477 965 1521; baseline -0.001 -10"><span class='ocrx_word' id='word_1_133' title='bbox 230 1477 465 1521; x_wconf 80' lang='lat' dir='ltr'>indulgentiam</span> <span class='ocrx_word' id='word_1_134' title='bbox 491 1484 522 1512; x_wconf 91' lang='lat' dir='ltr'>et</span> <span class='ocrx_word' id='word_1_135' title='bbox 546 1478 769 1511; x_wconf 78' lang='lat' dir='ltr'>remissionem</span> <span class='ocrx_word' id='word_1_136' title='bbox 786 1479 965 1512; x_wconf 87' lang='lat' dir='ltr'>misericor-</span> 
     </span>
     <span class='ocr_line' id='line_1_27' title="bbox 232 1531 965 1565; baseline 0.001 -1"><span class='ocrx_word' id='word_1_137' title='bbox 232 1531 316 1565; x_wconf 85' lang='lat' dir='ltr'>diter</span> <span class='ocrx_word' id='word_1_138' title='bbox 341 1532 373 1565; x_wconf 93' lang='lat' dir='ltr'>in</span> <span class='ocrx_word' id='word_1_139' title='bbox 398 1532 535 1565; x_wconf 87' lang='lat' dir='ltr'>Domino</span> <span class='ocrx_word' id='word_1_140' title='bbox 553 1532 770 1565; x_wconf 86' lang='lat' dir='ltr'>concedimus.</span> <span class='ocrx_word' id='word_1_141' title='bbox 795 1532 965 1565; x_wconf 75' lang='lat' dir='ltr'>Praeterea</span> 
     </span>
     <span class='ocr_line' id='line_1_28' title="bbox 230 1583 965 1628; baseline 0 -11"><span class='ocrx_word' id='word_1_142' title='bbox 230 1583 304 1625; x_wconf 89' lang='lat' dir='ltr'>illis,</span> <span class='ocrx_word' id='word_1_143' title='bbox 323 1585 376 1627; x_wconf 87' lang='lat' dir='ltr'>qui</span> <span class='ocrx_word' id='word_1_144' title='bbox 397 1585 520 1628; x_wconf 90' lang='lat' dir='ltr'>pariter</span> <span class='ocrx_word' id='word_1_145' title='bbox 535 1595 610 1618; x_wconf 89' lang='lat' dir='ltr'>vere</span> <span class='ocrx_word' id='word_1_146' title='bbox 628 1585 832 1628; x_wconf 88' lang='lat' dir='ltr'>poenitentes</span> <span class='ocrx_word' id='word_1_147' title='bbox 847 1590 878 1617; x_wconf 91' lang='lat' dir='ltr'>et</span> <span class='ocrx_word' id='word_1_148' title='bbox 891 1595 965 1617; x_wconf 93' lang='lat' dir='ltr'>con-</span> 
     </span>
     <span class='ocr_line' id='line_1_29' title="bbox 230 1637 963 1681; baseline -0.001 -11"><span class='ocrx_word' id='word_1_149' title='bbox 230 1637 305 1671; x_wconf 89' lang='lat' dir='ltr'>fessi</span> <span class='ocrx_word' id='word_1_150' title='bbox 324 1639 423 1671; x_wconf 90' lang='lat' dir='ltr'>semel</span> <span class='ocrx_word' id='word_1_151' title='bbox 438 1638 586 1681; x_wconf 87' lang='lat' dir='ltr'>quolibet</span> <span class='ocrx_word' id='word_1_152' title='bbox 603 1648 713 1671; x_wconf 89' lang='lat' dir='ltr'>mense</span> <span class='ocrx_word' id='word_1_153' title='bbox 727 1638 963 1671; x_wconf 88' lang='lat' dir='ltr'>sanctissimum</span> 
     </span>
     <span class='ocr_line' id='line_1_30' title="bbox 230 1689 960 1733; baseline -0.003 -9"><span class='ocrx_word' id='word_1_154' title='bbox 230 1689 450 1724; x_wconf 78' lang='lat' dir='ltr'>Eucharistiae</span> <span class='ocrx_word' id='word_1_155' title='bbox 475 1697 710 1724; x_wconf 87' lang='lat' dir='ltr'>sacramentum</span> <span class='ocrx_word' id='word_1_156' title='bbox 737 1690 960 1733; x_wconf 71' lang='lat' dir='ltr'>sumpserint,</span> 
     </span>
     <span class='ocr_line' id='line_1_31' title="bbox 231 1743 960 1787; baseline -0.005 -10"><span class='ocrx_word' id='word_1_157' title='bbox 231 1749 355 1787; x_wconf 84' lang='lat' dir='ltr'>septem</span> <span class='ocrx_word' id='word_1_158' title='bbox 382 1754 481 1777; x_wconf 90' lang='lat' dir='ltr'>annos</span> <span class='ocrx_word' id='word_1_159' title='bbox 506 1749 536 1777; x_wconf 88' lang='lat' dir='ltr'>et</span> <span class='ocrx_word' id='word_1_160' title='bbox 562 1744 695 1777; x_wconf 90' lang='lat' dir='ltr'>totidem</span> <span class='ocrx_word' id='word_1_161' title='bbox 722 1743 960 1786; x_wconf 80' lang='lat' dir='ltr'>quadragenas;</span> 
     </span>
     <span class='ocr_line' id='line_1_32' title="bbox 231 1796 963 1840; baseline -0.001 -11"><span class='ocrx_word' id='word_1_162' title='bbox 231 1796 285 1840; x_wconf 82' lang='lat' dir='ltr'>qui</span> <span class='ocrx_word' id='word_1_163' title='bbox 311 1807 385 1830; x_wconf 83' lang='lat' dir='ltr'>vero</span> <span class='ocrx_word' id='word_1_164' title='bbox 410 1797 443 1829; x_wconf 91' lang='lat' dir='ltr'>in</span> <span class='ocrx_word' id='word_1_165' title='bbox 467 1799 563 1830; x_wconf 77' lang='lat' dir='ltr'>causa</span> <span class='ocrx_word' id='word_1_166' title='bbox 589 1797 708 1830; x_wconf 86' lang='lat' dir='ltr'>suerint</span> <span class='ocrx_word' id='word_1_167' title='bbox 735 1802 770 1829; x_wconf 83' lang='lat' dir='ltr'>ut</span> <span class='ocrx_word' id='word_1_168' title='bbox 794 1796 895 1839; x_wconf 87' lang='lat' dir='ltr'>pueri,</span> <span class='ocrx_word' id='word_1_169' title='bbox 920 1796 963 1828; x_wconf 82' lang='lat' dir='ltr'>fa-</span> 
     </span>
     <span class='ocr_line' id='line_1_33' title="bbox 229 1850 962 1893; baseline 0 -11"><span class='ocrx_word' id='word_1_170' title='bbox 229 1850 317 1890; x_wconf 87' lang='lat' dir='ltr'>muli,</span> <span class='ocrx_word' id='word_1_171' title='bbox 343 1855 399 1883; x_wconf 89' lang='lat' dir='ltr'>aut</span> <span class='ocrx_word' id='word_1_172' title='bbox 424 1850 554 1893; x_wconf 82' lang='lat' dir='ltr'>quaeris</span> <span class='ocrx_word' id='word_1_173' title='bbox 571 1851 652 1883; x_wconf 80' lang='lat' dir='ltr'>aliae</span> <span class='ocrx_word' id='word_1_174' title='bbox 674 1860 834 1893; x_wconf 81' lang='lat' dir='ltr'>personae</span> <span class='ocrx_word' id='word_1_175' title='bbox 852 1850 889 1882; x_wconf 88' lang='lat' dir='ltr'>ad</span> <span class='ocrx_word' id='word_1_176' title='bbox 912 1850 962 1882; x_wconf 90' lang='lat' dir='ltr'>do-</span> 
     </span>
     <span class='ocr_line' id='line_1_34' title="bbox 229 1903 960 1943; baseline -0.001 -8"><span class='ocrx_word' id='word_1_177' title='bbox 229 1903 364 1936; x_wconf 87' lang='lat' dir='ltr'>ctrinam</span> <span class='ocrx_word' id='word_1_178' title='bbox 382 1903 589 1936; x_wconf 79' lang='lat' dir='ltr'>christianam</span> <span class='ocrx_word' id='word_1_179' title='bbox 604 1910 686 1943; x_wconf 91' lang='lat' dir='ltr'>eant,</span> <span class='ocrx_word' id='word_1_180' title='bbox 706 1904 861 1936; x_wconf 88' lang='lat' dir='ltr'>ducentos</span> <span class='ocrx_word' id='word_1_181' title='bbox 877 1903 960 1943; x_wconf 72' lang='lat' dir='ltr'>dics3</span> 
     </span>
     <span class='ocr_line' id='line_1_35' title="bbox 229 1955 960 1999; baseline -0.001 -11"><span class='ocrx_word' id='word_1_182' title='bbox 229 1960 261 1988; x_wconf 90' lang='lat' dir='ltr'>et</span> <span class='ocrx_word' id='word_1_183' title='bbox 294 1956 347 1999; x_wconf 88' lang='lat' dir='ltr'>qui</span> <span class='ocrx_word' id='word_1_184' title='bbox 383 1957 495 1989; x_wconf 87' lang='lat' dir='ltr'>diebus</span> <span class='ocrx_word' id='word_1_185' title='bbox 528 1957 705 1989; x_wconf 87' lang='lat' dir='ltr'>stationum</span> <span class='ocrx_word' id='word_1_186' title='bbox 737 1956 836 1988; x_wconf 88' lang='lat' dir='ltr'>almae</span> <span class='ocrx_word' id='word_1_187' title='bbox 867 1955 960 1988; x_wconf 86' lang='lat' dir='ltr'>Urbis</span> 
     </span>
     <span class='ocr_line' id='line_1_36' title="bbox 228 2008 961 2042; baseline -0.003 0"><span class='ocrx_word' id='word_1_188' title='bbox 228 2014 359 2042; x_wconf 79' lang='lat' dir='ltr'>nostrae</span> <span class='ocrx_word' id='word_1_189' title='bbox 384 2009 466 2042; x_wconf 89' lang='lat' dir='ltr'>hanc</span> <span class='ocrx_word' id='word_1_190' title='bbox 492 2009 671 2042; x_wconf 82' lang='lat' dir='ltr'>doctrinam</span> <span class='ocrx_word' id='word_1_191' title='bbox 687 2009 717 2041; x_wconf 93' lang='lat' dir='ltr'>in</span> <span class='ocrx_word' id='word_1_192' title='bbox 737 2008 882 2041; x_wconf 81' lang='lat' dir='ltr'>ecclesiis</span> <span class='ocrx_word' id='word_1_193' title='bbox 908 2014 961 2040; x_wconf 86' lang='lat' dir='ltr'>ant</span> 
     </span>
     <span class='ocr_line' id='line_1_37' title="bbox 229 2061 960 2096; baseline -0.001 -2"><span class='ocrx_word' id='word_1_194' title='bbox 229 2062 377 2095; x_wconf 86' lang='lat' dir='ltr'>oratoriis</span> <span class='ocrx_word' id='word_1_195' title='bbox 391 2063 429 2095; x_wconf 90' lang='lat' dir='ltr'>de</span> <span class='ocrx_word' id='word_1_196' title='bbox 440 2061 682 2096; x_wconf 80' lang='lat' dir='ltr'>ordinariorum</span> <span class='ocrx_word' id='word_1_197' title='bbox 700 2062 829 2095; x_wconf 73' lang='lat' dir='ltr'>licentia</span> <span class='ocrx_word' id='word_1_198' title='bbox 844 2062 960 2094; x_wconf 85' lang='lat' dir='ltr'>docue-</span> 
     </span>
     <span class='ocr_line' id='line_1_38' title="bbox 228 2113 961 2158; baseline -0.003 -11"><span class='ocrx_word' id='word_1_199' title='bbox 228 2113 298 2155; x_wconf 83' lang='lat' dir='ltr'>rit¹,</span> <span class='ocrx_word' id='word_1_200' title='bbox 315 2126 351 2147; x_wconf 89' lang='lat' dir='ltr'>ac</span> <span class='ocrx_word' id='word_1_201' title='bbox 364 2115 460 2148; x_wconf 84' lang='lat' dir='ltr'>etiam</span> <span class='ocrx_word' id='word_1_202' title='bbox 481 2115 526 2147; x_wconf 92' lang='lat' dir='ltr'>illi</span> <span class='ocrx_word' id='word_1_203' title='bbox 542 2115 594 2158; x_wconf 88' lang='lat' dir='ltr'>qni</span> <span class='ocrx_word' id='word_1_204' title='bbox 621 2115 658 2147; x_wconf 86' lang='lat' dir='ltr'>ad</span> <span class='ocrx_word' id='word_1_205' title='bbox 680 2115 826 2148; x_wconf 88' lang='lat' dir='ltr'>eamdem</span> <span class='ocrx_word' id='word_1_206' title='bbox 841 2115 961 2147; x_wconf 69' lang='lat' dir='ltr'>discen-</span> 
     </span>
     <span class='ocr_line' id='line_1_39' title="bbox 229 2167 960 2210; baseline -0.003 -9"><span class='ocrx_word' id='word_1_207' title='bbox 229 2167 301 2201; x_wconf 79' lang='lat' dir='ltr'>datn</span> <span class='ocrx_word' id='word_1_208' title='bbox 335 2168 545 2207; x_wconf 81' lang='lat' dir='ltr'>accesserint,</span> <span class='ocrx_word' id='word_1_209' title='bbox 573 2168 704 2201; x_wconf 86' lang='lat' dir='ltr'>easdem</span> <span class='ocrx_word' id='word_1_210' title='bbox 742 2167 960 2210; x_wconf 79' lang='lat' dir='ltr'>indulgentias</span> 
     </span>
     <span class='ocr_line' id='line_1_40' title="bbox 229 2219 962 2264; baseline -0.001 -11"><span class='ocrx_word' id='word_1_211' title='bbox 229 2226 501 2264; x_wconf 85' lang='lat' dir='ltr'>consequerentur</span> <span class='ocrx_word' id='word_1_212' title='bbox 510 2219 529 2259; x_wconf 54' lang='grc' dir='ltr'>ἵ,</span> <span class='ocrx_word' id='word_1_213' title='bbox 544 2231 621 2263; x_wconf 87' lang='lat' dir='ltr'>quas</span> <span class='ocrx_word' id='word_1_214' title='bbox 639 2226 913 2263; x_wconf 85' lang='lat' dir='ltr'>consequerentur</span> <span class='ocrx_word' id='word_1_215' title='bbox 931 2226 962 2252; x_wconf 91' lang='lat' dir='ltr'>et</span> 
     </span>
     <span class='ocr_line' id='line_1_41' title="bbox 228 2273 960 2318; baseline -0.001 -11"><span class='ocrx_word' id='word_1_216' title='bbox 228 2274 383 2318; x_wconf 86' lang='lat' dir='ltr'>consequi</span> <span class='ocrx_word' id='word_1_217' title='bbox 409 2279 543 2317; x_wconf 84' lang='lat' dir='ltr'>possent</span> <span class='ocrx_word' id='word_1_218' title='bbox 567 2274 592 2305; x_wconf 89' lang='lat' dir='ltr'>si</span> <span class='ocrx_word' id='word_1_219' title='bbox 617 2274 768 2308; x_wconf 83' lang='lat' dir='ltr'>ecclesias</span> <span class='ocrx_word' id='word_1_220' title='bbox 788 2273 960 2306; x_wconf 88' lang='lat' dir='ltr'>stationum</span> 
     </span>
     <span class='ocr_line' id='line_1_42' title="bbox 229 2326 959 2370; baseline -0.005 -9"><span class='ocrx_word' id='word_1_221' title='bbox 229 2328 371 2363; x_wconf 86' lang='lat' dir='ltr'>eiusdem</span> <span class='ocrx_word' id='word_1_222' title='bbox 397 2326 489 2360; x_wconf 84' lang='lat' dir='ltr'>Urbis</span> <span class='ocrx_word' id='word_1_223' title='bbox 521 2327 740 2370; x_wconf 84' lang='lat' dir='ltr'>personaliter</span> <span class='ocrx_word' id='word_1_224' title='bbox 771 2326 959 2365; x_wconf 86' lang='lat' dir='ltr'>visitarent;</span> 
     </span>
     <span class='ocr_line' id='line_1_43' title="bbox 229 2379 961 2422; baseline -0.004 -8"><span class='ocrx_word' id='word_1_225' title='bbox 229 2381 359 2414; x_wconf 82' lang='lat' dir='ltr'>easdem</span> <span class='ocrx_word' id='word_1_226' title='bbox 396 2380 491 2413; x_wconf 87' lang='lat' dir='ltr'>etiam</span> <span class='ocrx_word' id='word_1_227' title='bbox 532 2380 748 2422; x_wconf 73' lang='lat' dir='ltr'>indulgentias</span> <span class='ocrx_word' id='word_1_228' title='bbox 786 2379 961 2412; x_wconf 85' lang='lat' dir='ltr'>visitatores</span> 
     </span>
     <span class='ocr_line' id='line_1_44' title="bbox 229 2432 960 2475; baseline -0.004 -8"><span class='ocrx_word' id='word_1_229' title='bbox 229 2435 415 2470; x_wconf 84' lang='lat' dir='ltr'>scholarum</span> <span class='ocrx_word' id='word_1_230' title='bbox 440 2433 604 2465; x_wconf 83' lang='lat' dir='ltr'>doetrinae</span> <span class='ocrx_word' id='word_1_231' title='bbox 631 2432 824 2472; x_wconf 75' lang='lat' dir='ltr'>huiusmodi,</span> <span class='ocrx_word' id='word_1_232' title='bbox 853 2433 960 2475; x_wconf 81' lang='lat' dir='ltr'>quiex</span> 
     </span>
     <span class='ocr_line' id='line_1_45' title="bbox 229 2485 961 2520; baseline -0.004 0"><span class='ocrx_word' id='word_1_233' title='bbox 229 2487 404 2520; x_wconf 86' lang='lat' dir='ltr'>commisso</span> <span class='ocrx_word' id='word_1_234' title='bbox 444 2486 503 2519; x_wconf 91' lang='lat' dir='ltr'>sibi</span> <span class='ocrx_word' id='word_1_235' title='bbox 541 2485 647 2518; x_wconf 80' lang='lat' dir='ltr'>officio</span> <span class='ocrx_word' id='word_1_236' title='bbox 683 2485 856 2517; x_wconf 75' lang='lat' dir='ltr'>visitabunt</span> <span class='ocrx_word' id='word_1_237' title='bbox 890 2485 961 2518; x_wconf 84' lang='lat' dir='ltr'>illas</span> 
     </span>
    </p>
   </div>
   <div class='ocr_carea' id='block_1_4' title="bbox 262 2550 819 2636">
    <p class='ocr_par' dir='ltr' id='par_1_4' title="bbox 262 2550 819 2636">
     <span class='ocr_line' id='line_1_46' title="bbox 263 2550 691 2590; baseline -0.005 -6"><span class='ocrx_word' id='word_1_238' title='bbox 263 2557 277 2584; x_wconf 81' lang='grc'>1</span> <span class='ocrx_word' id='word_1_239' title='bbox 299 2556 399 2584; x_wconf 78' lang='lat' dir='ltr'>Forsan</span> <span class='ocrx_word' id='word_1_240' title='bbox 419 2550 568 2583; x_wconf 74' lang='lat' dir='ltr'>docuerint</span> <span class='ocrx_word' id='word_1_241' title='bbox 588 2558 624 2590; x_wconf 85' lang='lat' dir='ltr'>(n.</span> <span class='ocrx_word' id='word_1_242' title='bbox 641 2556 691 2589; x_wconf 87' lang='grc' dir='ltr'>τ.).</span> 
     </span>
     <span class='ocr_line' id='line_1_47' title="bbox 262 2600 819 2636; baseline -0.005 -7"><span class='ocrx_word' id='word_1_243' title='bbox 262 2601 282 2630; x_wconf 78' lang='lat'><strong>2</strong></span> <span class='ocrx_word' id='word_1_244' title='bbox 301 2601 391 2628; x_wconf 80' lang='lat' dir='ltr'>Potius</span> <span class='ocrx_word' id='word_1_245' title='bbox 411 2601 469 2636; x_wconf 85' lang='lat' dir='ltr'>lege</span> <span class='ocrx_word' id='word_1_246' title='bbox 488 2603 700 2635; x_wconf 78' lang='lat' dir='ltr'>consequantur</span> <span class='ocrx_word' id='word_1_247' title='bbox 717 2602 756 2635; x_wconf 76' lang='lat' dir='ltr'>(n.</span> <span class='ocrx_word' id='word_1_248' title='bbox 771 2600 819 2634; x_wconf 85' lang='grc' dir='ltr'>Τ.).</span> 
     </span>
    </p>
   </div>
   <div class='ocr_carea' id='block_1_5' title="bbox 986 263 993 1144">
    <p class='ocr_par' dir='ltr' id='par_1_5' title="bbox 986 263 993 1144">
     <span class='ocr_line' id='line_1_48' title="bbox 986 263 993 1144; baseline 0 0"><span class='ocrx_word' id='word_1_249' title='bbox 986 263 993 1144; x_wconf 95' lang='lat' dir='ltr'> </span> 
     </span>
    </p>
   </div>
   <div class='ocr_carea' id='block_1_6' title="bbox 981 263 993 2438">
    <p class='ocr_par' dir='ltr' id='par_1_6' title="bbox 981 263 993 2438">
     <span class='ocr_line' id='line_1_49' title="bbox 981 263 993 2438; baseline 0 0"><span class='ocrx_word' id='word_1_250' title='bbox 981 263 993 2438; x_wconf 95' lang='lat' dir='ltr'> </span> 
     </span>
    </p>
   </div>
   <div class='ocr_carea' id='block_1_7' title="bbox 1002 261 1743 2634">
    <p class='ocr_par' dir='ltr' id='par_1_7' title="bbox 1002 261 1743 2307">
     <span class='ocr_line' id='line_1_50' title="bbox 1013 261 1740 306; baseline -0.003 -12"><span class='ocrx_word' id='word_1_251' title='bbox 1013 263 1149 301; x_wconf 86' lang='lat' dir='ltr'>scholas,</span> <span class='ocrx_word' id='word_1_252' title='bbox 1169 272 1245 306; x_wconf 86' lang='lat' dir='ltr'>quas</span> <span class='ocrx_word' id='word_1_253' title='bbox 1270 262 1325 295; x_wconf 90' lang='lat' dir='ltr'>illo</span> <span class='ocrx_word' id='word_1_254' title='bbox 1350 262 1399 295; x_wconf 88' lang='lat' dir='ltr'>die</span> <span class='ocrx_word' id='word_1_255' title='bbox 1427 261 1553 294; x_wconf 90' lang='lat' dir='ltr'>visitare</span> <span class='ocrx_word' id='word_1_256' title='bbox 1580 266 1740 303; x_wconf 87' lang='lat' dir='ltr'>poterunt,</span> 
     </span>
     <span class='ocr_line' id='line_1_51' title="bbox 1011 312 1739 358; baseline -0.004 -11"><span class='ocrx_word' id='word_1_257' title='bbox 1011 319 1262 358; x_wconf 85' lang='lat' dir='ltr'>consequantur,</span> <span class='ocrx_word' id='word_1_258' title='bbox 1293 315 1329 354; x_wconf 91' lang='lat' dir='ltr'>si,</span> <span class='ocrx_word' id='word_1_259' title='bbox 1354 319 1484 358; x_wconf 90' lang='lat' dir='ltr'>peccata</span> <span class='ocrx_word' id='word_1_260' title='bbox 1509 324 1564 346; x_wconf 86' lang='lat' dir='ltr'>sua</span> <span class='ocrx_word' id='word_1_261' title='bbox 1589 312 1739 353; x_wconf 88' lang='lat' dir='ltr'>confessi,</span> 
     </span>
     <span class='ocr_line' id='line_1_52' title="bbox 1011 367 1742 401; baseline 0 -2"><span class='ocrx_word' id='word_1_262' title='bbox 1011 368 1247 401; x_wconf 83' lang='lat' dir='ltr'>sanctissimum</span> <span class='ocrx_word' id='word_1_263' title='bbox 1265 367 1486 401; x_wconf 83' lang='lat' dir='ltr'>Eucharistiae</span> <span class='ocrx_word' id='word_1_264' title='bbox 1505 371 1742 399; x_wconf 88' lang='lat' dir='ltr'>sacramentnm</span> 
     </span>
     <span class='ocr_line' id='line_1_53' title="bbox 1011 419 1741 464; baseline 0 -12"><span class='ocrx_word' id='word_1_265' title='bbox 1011 421 1227 464; x_wconf 87' lang='lat' dir='ltr'>sumpserint;</span> <span class='ocrx_word' id='word_1_266' title='bbox 1266 421 1399 463; x_wconf 86' lang='lat' dir='ltr'>insuper</span> <span class='ocrx_word' id='word_1_267' title='bbox 1439 420 1501 453; x_wconf 89' lang='lat' dir='ltr'>illis</span> <span class='ocrx_word' id='word_1_268' title='bbox 1539 420 1592 463; x_wconf 92' lang='lat' dir='ltr'>qui</span> <span class='ocrx_word' id='word_1_269' title='bbox 1628 419 1741 452; x_wconf 87' lang='lat' dir='ltr'>diebus</span> 
     </span>
     <span class='ocr_line' id='line_1_54' title="bbox 1010 471 1740 515; baseline 0 -11"><span class='ocrx_word' id='word_1_270' title='bbox 1010 472 1093 505; x_wconf 89' lang='lat' dir='ltr'>hanc</span> <span class='ocrx_word' id='word_1_271' title='bbox 1111 473 1286 506; x_wconf 86' lang='lat' dir='ltr'>doctrinam</span> <span class='ocrx_word' id='word_1_272' title='bbox 1306 473 1521 512; x_wconf 82' lang='lat' dir='ltr'>christianam,</span> <span class='ocrx_word' id='word_1_273' title='bbox 1543 477 1596 505; x_wconf 89' lang='lat' dir='ltr'>aut</span> <span class='ocrx_word' id='word_1_274' title='bbox 1612 471 1740 515; x_wconf 88' lang='lat' dir='ltr'>publice</span> 
     </span>
     <span class='ocr_line' id='line_1_55' title="bbox 1010 525 1743 568; baseline 0.001 -12"><span class='ocrx_word' id='word_1_275' title='bbox 1010 531 1062 557; x_wconf 91' lang='lat' dir='ltr'>aut</span> <span class='ocrx_word' id='word_1_276' title='bbox 1086 525 1232 568; x_wconf 82' lang='lat' dir='ltr'>privatim</span> <span class='ocrx_word' id='word_1_277' title='bbox 1255 530 1290 558; x_wconf 89' lang='lat' dir='ltr'>ut</span> <span class='ocrx_word' id='word_1_278' title='bbox 1314 525 1531 568; x_wconf 85' lang='lat' dir='ltr'>praemittitur</span> <span class='ocrx_word' id='word_1_279' title='bbox 1555 525 1743 568; x_wconf 75' lang='lat' dir='ltr'>explanave-</span> 
     </span>
     <span class='ocr_line' id='line_1_56' title="bbox 1009 578 1743 619; baseline 0.004 -10"><span class='ocrx_word' id='word_1_280' title='bbox 1009 578 1087 618; x_wconf 90' lang='lat' dir='ltr'>rint,</span> <span class='ocrx_word' id='word_1_281' title='bbox 1113 584 1241 612; x_wconf 89' lang='lat' dir='ltr'>ceutum</span> <span class='ocrx_word' id='word_1_282' title='bbox 1276 579 1361 619; x_wconf 87' lang='lat' dir='ltr'>dies;</span> <span class='ocrx_word' id='word_1_283' title='bbox 1389 589 1514 612; x_wconf 87' lang='lat' dir='ltr'>necnon</span> <span class='ocrx_word' id='word_1_284' title='bbox 1539 579 1686 612; x_wconf 87' lang='lat' dir='ltr'>omnibus</span> <span class='ocrx_word' id='word_1_285' title='bbox 1710 584 1743 612; x_wconf 88' lang='lat' dir='ltr'>et</span> 
     </span>
     <span class='ocr_line' id='line_1_57' title="bbox 1008 631 1742 675; baseline 0.003 -12"><span class='ocrx_word' id='word_1_286' title='bbox 1008 631 1142 674; x_wconf 83' lang='lat' dir='ltr'>singulis</span> <span class='ocrx_word' id='word_1_287' title='bbox 1170 632 1449 675; x_wconf 82' lang='lat' dir='ltr'>praeceptoribus,</span> <span class='ocrx_word' id='word_1_288' title='bbox 1476 633 1529 675; x_wconf 89' lang='lat' dir='ltr'>qui</span> <span class='ocrx_word' id='word_1_289' title='bbox 1556 632 1670 665; x_wconf 84' lang='lat' dir='ltr'>dicbus</span> <span class='ocrx_word' id='word_1_290' title='bbox 1700 633 1742 665; x_wconf 89' lang='lat' dir='ltr'>fe-</span> 
     </span>
     <span class='ocr_line' id='line_1_58' title="bbox 1008 683 1742 726; baseline 0.003 -11"><span class='ocrx_word' id='word_1_291' title='bbox 1008 683 1063 715; x_wconf 84' lang='lat' dir='ltr'>stis</span> <span class='ocrx_word' id='word_1_292' title='bbox 1089 684 1264 726; x_wconf 85' lang='lat' dir='ltr'>discipulos</span> <span class='ocrx_word' id='word_1_293' title='bbox 1295 695 1369 717; x_wconf 83' lang='lat' dir='ltr'>suos</span> <span class='ocrx_word' id='word_1_294' title='bbox 1394 685 1432 717; x_wconf 88' lang='lat' dir='ltr'>ad</span> <span class='ocrx_word' id='word_1_295' title='bbox 1458 685 1635 717; x_wconf 82' lang='lat' dir='ltr'>doctrinam</span> <span class='ocrx_word' id='word_1_296' title='bbox 1661 685 1742 718; x_wconf 77' lang='lat' dir='ltr'>chri·</span> 
     </span>
     <span class='ocr_line' id='line_1_59' title="bbox 1008 736 1740 780; baseline 0.004 -12"><span class='ocrx_word' id='word_1_297' title='bbox 1008 736 1143 769; x_wconf 87' lang='lat' dir='ltr'>stianam</span> <span class='ocrx_word' id='word_1_298' title='bbox 1159 737 1317 772; x_wconf 77' lang='lat' dir='ltr'>duxerint,</span> <span class='ocrx_word' id='word_1_299' title='bbox 1332 746 1451 780; x_wconf 84' lang='lat' dir='ltr'>eosque</span> <span class='ocrx_word' id='word_1_300' title='bbox 1464 738 1550 771; x_wconf 88' lang='lat' dir='ltr'>illam</span> <span class='ocrx_word' id='word_1_301' title='bbox 1562 739 1740 779; x_wconf 86' lang='lat' dir='ltr'>docuerint,</span> 
     </span>
     <span class='ocr_line' id='line_1_60' title="bbox 1008 790 1741 832; baseline 0.004 -12"><span class='ocrx_word' id='word_1_302' title='bbox 1008 794 1131 831; x_wconf 86' lang='lat' dir='ltr'>septem</span> <span class='ocrx_word' id='word_1_303' title='bbox 1151 799 1270 829; x_wconf 88' lang='lat' dir='ltr'>ann0s;</span> <span class='ocrx_word' id='word_1_304' title='bbox 1291 791 1394 832; x_wconf 82' lang='lat' dir='ltr'>etqui</span> <span class='ocrx_word' id='word_1_305' title='bbox 1421 790 1535 823; x_wconf 90' lang='lat' dir='ltr'>diebus</span> <span class='ocrx_word' id='word_1_306' title='bbox 1561 791 1682 824; x_wconf 88' lang='lat' dir='ltr'>feriatis</span> <span class='ocrx_word' id='word_1_307' title='bbox 1708 791 1741 823; x_wconf 89' lang='lat' dir='ltr'>in</span> 
     </span>
     <span class='ocr_line' id='line_1_61' title="bbox 1008 842 1742 884; baseline 0.004 -11"><span class='ocrx_word' id='word_1_308' title='bbox 1008 842 1147 884; x_wconf 85' lang='lat' dir='ltr'>propriis</span> <span class='ocrx_word' id='word_1_309' title='bbox 1173 842 1296 875; x_wconf 84' lang='lat' dir='ltr'>scholis</span> <span class='ocrx_word' id='word_1_310' title='bbox 1323 843 1468 877; x_wconf 85' lang='lat' dir='ltr'>eamdem</span> <span class='ocrx_word' id='word_1_311' title='bbox 1496 843 1673 876; x_wconf 85' lang='lat' dir='ltr'>doctrinam</span> <span class='ocrx_word' id='word_1_312' title='bbox 1694 854 1742 876; x_wconf 79' lang='lat' dir='ltr'>ex-</span> 
     </span>
     <span class='ocr_line' id='line_1_62' title="bbox 1008 894 1743 937; baseline 0.003 -11"><span class='ocrx_word' id='word_1_313' title='bbox 1008 894 1202 937; x_wconf 84' lang='lat' dir='ltr'>plicaverint</span> <span class='ocrx_word' id='word_1_314' title='bbox 1227 900 1279 927; x_wconf 86' lang='lat' dir='ltr'>ant</span> <span class='ocrx_word' id='word_1_315' title='bbox 1297 896 1487 928; x_wconf 66' lang='lat' dir='ltr'>collationes</span> <span class='ocrx_word' id='word_1_316' title='bbox 1506 896 1649 935; x_wconf 81' lang='lat' dir='ltr'>fecerint,</span> <span class='ocrx_word' id='word_1_317' title='bbox 1667 897 1743 929; x_wconf 88' lang='lat' dir='ltr'>licet.</span> 
     </span>
     <span class='ocr_line' id='line_1_63' title="bbox 1008 946 1741 991; baseline 0.003 -13"><span class='ocrx_word' id='word_1_318' title='bbox 1008 946 1064 979; x_wconf 92' lang='lat' dir='ltr'>illo</span> <span class='ocrx_word' id='word_1_319' title='bbox 1080 946 1132 979; x_wconf 87' lang='lat' dir='ltr'>die</span> <span class='ocrx_word' id='word_1_320' title='bbox 1146 956 1212 979; x_wconf 91' lang='lat' dir='ltr'>non</span> <span class='ocrx_word' id='word_1_321' title='bbox 1228 947 1465 980; x_wconf 77' lang='lat' dir='ltr'>intervenerint</span> <span class='ocrx_word' id='word_1_322' title='bbox 1483 948 1514 980; x_wconf 93' lang='lat' dir='ltr'>in</span> <span class='ocrx_word' id='word_1_323' title='bbox 1531 947 1638 991; x_wconf 74' lang='lat' dir='ltr'>aliqua</span> <span class='ocrx_word' id='word_1_324' title='bbox 1652 948 1741 980; x_wconf 91' lang='lat' dir='ltr'>scho-</span> 
     </span>
     <span class='ocr_line' id='line_1_64' title="bbox 1008 999 1743 1043; baseline 0.003 -12"><span class='ocrx_word' id='word_1_325' title='bbox 1008 999 1037 1031; x_wconf 75' lang='lat' dir='ltr'>la</span> <span class='ocrx_word' id='word_1_326' title='bbox 1062 999 1198 1032; x_wconf 89' lang='lat' dir='ltr'>docendi</span> <span class='ocrx_word' id='word_1_327' title='bbox 1224 1002 1330 1039; x_wconf 74' lang='lat' dir='ltr'>causa,</span> <span class='ocrx_word' id='word_1_328' title='bbox 1357 1005 1478 1043; x_wconf 85' lang='lat' dir='ltr'>septem</span> <span class='ocrx_word' id='word_1_329' title='bbox 1496 1011 1618 1041; x_wconf 77' lang='lat' dir='ltr'>annos;</span> <span class='ocrx_word' id='word_1_330' title='bbox 1644 1002 1743 1034; x_wconf 90' lang='lat' dir='ltr'>omni-</span> 
     </span>
     <span class='ocr_line' id='line_1_65' title="bbox 1008 1051 1743 1096; baseline 0.004 -13"><span class='ocrx_word' id='word_1_331' title='bbox 1008 1051 1065 1083; x_wconf 92' lang='lat' dir='ltr'>bus</span> <span class='ocrx_word' id='word_1_332' title='bbox 1090 1058 1194 1084; x_wconf 87' lang='lat' dir='ltr'>autem</span> <span class='ocrx_word' id='word_1_333' title='bbox 1230 1058 1262 1084; x_wconf 84' lang='lat' dir='ltr'>et</span> <span class='ocrx_word' id='word_1_334' title='bbox 1297 1052 1429 1095; x_wconf 73' lang='lat' dir='ltr'>singulis</span> <span class='ocrx_word' id='word_1_335' title='bbox 1455 1053 1601 1096; x_wconf 85' lang='lat' dir='ltr'>patribus</span> <span class='ocrx_word' id='word_1_336' title='bbox 1627 1059 1658 1086; x_wconf 90' lang='lat' dir='ltr'>et</span> <span class='ocrx_word' id='word_1_337' title='bbox 1683 1065 1743 1086; x_wconf 86' lang='lat' dir='ltr'>ma-</span> 
     </span>
     <span class='ocr_line' id='line_1_66' title="bbox 1009 1106 1741 1149; baseline 0.003 -12"><span class='ocrx_word' id='word_1_338' title='bbox 1009 1106 1109 1138; x_wconf 87' lang='lat' dir='ltr'>tribus</span> <span class='ocrx_word' id='word_1_339' title='bbox 1135 1106 1281 1146; x_wconf 81' lang='lat' dir='ltr'>familias,</span> <span class='ocrx_word' id='word_1_340' title='bbox 1301 1106 1366 1149; x_wconf 87' lang='lat' dir='ltr'>qui,</span> <span class='ocrx_word' id='word_1_341' title='bbox 1384 1106 1416 1138; x_wconf 91' lang='lat' dir='ltr'>in</span> <span class='ocrx_word' id='word_1_342' title='bbox 1435 1107 1500 1139; x_wconf 84' lang='lat' dir='ltr'>suis</span> <span class='ocrx_word' id='word_1_343' title='bbox 1526 1107 1682 1148; x_wconf 82' lang='lat' dir='ltr'>domibus,</span> <span class='ocrx_word' id='word_1_344' title='bbox 1708 1107 1741 1139; x_wconf 93' lang='lat' dir='ltr'>li-</span> 
     </span>
     <span class='ocr_line' id='line_1_67' title="bbox 1006 1159 1742 1203; baseline 0.003 -13"><span class='ocrx_word' id='word_1_345' title='bbox 1006 1159 1107 1198; x_wconf 81' lang='lat' dir='ltr'>beris,</span> <span class='ocrx_word' id='word_1_346' title='bbox 1135 1159 1260 1191; x_wconf 76' lang='lat' dir='ltr'>famulis</span> <span class='ocrx_word' id='word_1_347' title='bbox 1288 1164 1317 1191; x_wconf 90' lang='lat' dir='ltr'>et</span> <span class='ocrx_word' id='word_1_348' title='bbox 1343 1159 1554 1192; x_wconf 85' lang='lat' dir='ltr'>familiaribus</span> <span class='ocrx_word' id='word_1_349' title='bbox 1573 1160 1742 1203; x_wconf 88' lang='lat' dir='ltr'>utriusque</span> 
     </span>
     <span class='ocr_line' id='line_1_68' title="bbox 1007 1212 1743 1246; baseline 0.003 -3"><span class='ocrx_word' id='word_1_350' title='bbox 1007 1221 1099 1244; x_wconf 78' lang='lat' dir='ltr'>sexus</span> <span class='ocrx_word' id='word_1_351' title='bbox 1135 1212 1314 1245; x_wconf 82' lang='lat' dir='ltr'>doctrinam</span> <span class='ocrx_word' id='word_1_352' title='bbox 1353 1212 1562 1245; x_wconf 87' lang='lat' dir='ltr'>christianam</span> <span class='ocrx_word' id='word_1_353' title='bbox 1592 1213 1743 1246; x_wconf 88' lang='lat' dir='ltr'>similiter</span> 
     </span>
     <span class='ocr_line' id='line_1_69' title="bbox 1008 1264 1740 1307; baseline 0.004 -12"><span class='ocrx_word' id='word_1_354' title='bbox 1008 1264 1256 1306; x_wconf 71' lang='lat' dir='ltr'>explanaverint,</span> <span class='ocrx_word' id='word_1_355' title='bbox 1283 1265 1426 1307; x_wconf 86' lang='lat' dir='ltr'>qualibet</span> <span class='ocrx_word' id='word_1_356' title='bbox 1446 1266 1512 1298; x_wconf 83' lang='lat' dir='ltr'>vice</span> <span class='ocrx_word' id='word_1_357' title='bbox 1539 1266 1569 1298; x_wconf 93' lang='lat' dir='ltr'>id</span> <span class='ocrx_word' id='word_1_358' title='bbox 1595 1266 1740 1306; x_wconf 86' lang='lat' dir='ltr'>fecerint,</span> 
     </span>
     <span class='ocr_line' id='line_1_70' title="bbox 1007 1317 1739 1362; baseline 0.004 -14"><span class='ocrx_word' id='word_1_359' title='bbox 1007 1323 1136 1350; x_wconf 88' lang='lat' dir='ltr'>centum</span> <span class='ocrx_word' id='word_1_360' title='bbox 1161 1317 1249 1357; x_wconf 73' lang='lat' dir='ltr'>dies,</span> <span class='ocrx_word' id='word_1_361' title='bbox 1276 1317 1353 1350; x_wconf 85' lang='lat' dir='ltr'>item</span> <span class='ocrx_word' id='word_1_362' title='bbox 1371 1318 1420 1358; x_wconf 89' lang='lat' dir='ltr'>iis,</span> <span class='ocrx_word' id='word_1_363' title='bbox 1443 1318 1495 1361; x_wconf 89' lang='lat' dir='ltr'>qui</span> <span class='ocrx_word' id='word_1_364' title='bbox 1510 1329 1568 1362; x_wconf 89' lang='lat' dir='ltr'>per</span> <span class='ocrx_word' id='word_1_365' title='bbox 1586 1319 1739 1356; x_wconf 84' lang='lat' dir='ltr'>civitates,</span> 
     </span>
     <span class='ocr_line' id='line_1_71' title="bbox 1007 1363 1742 1411; baseline 0.003 -9"><span class='ocrx_word' id='word_1_366' title='bbox 1007 1375 1109 1403; x_wconf 90' lang='lat' dir='ltr'>terras</span> <span class='ocrx_word' id='word_1_367' title='bbox 1126 1363 1166 1403; x_wconf 64' lang='lat' dir='ltr'>&gt;et</span> <span class='ocrx_word' id='word_1_368' title='bbox 1190 1370 1252 1403; x_wconf 84' lang='lat' dir='ltr'>alia</span> <span class='ocrx_word' id='word_1_369' title='bbox 1276 1371 1358 1411; x_wconf 86' lang='lat' dir='ltr'>loca,</span> <span class='ocrx_word' id='word_1_370' title='bbox 1386 1371 1482 1411; x_wconf 90' lang='lat' dir='ltr'>viros,</span> <span class='ocrx_word' id='word_1_371' title='bbox 1510 1372 1665 1404; x_wconf 84' lang='lat' dir='ltr'>mulieres</span> <span class='ocrx_word' id='word_1_372' title='bbox 1687 1378 1742 1404; x_wconf 89' lang='lat' dir='ltr'>aut</span> 
     </span>
     <span class='ocr_line' id='line_1_72' title="bbox 1006 1423 1742 1466; baseline 0.004 -11"><span class='ocrx_word' id='word_1_373' title='bbox 1006 1433 1125 1466; x_wconf 84' lang='lat' dir='ltr'>pueros</span> <span class='ocrx_word' id='word_1_374' title='bbox 1156 1423 1195 1456; x_wconf 90' lang='lat' dir='ltr'>ad</span> <span class='ocrx_word' id='word_1_375' title='bbox 1229 1423 1414 1458; x_wconf 88' lang='lat' dir='ltr'>discendam</span> <span class='ocrx_word' id='word_1_376' title='bbox 1446 1425 1594 1458; x_wconf 88' lang='lat' dir='ltr'>eamdem</span> <span class='ocrx_word' id='word_1_377' title='bbox 1626 1424 1742 1458; x_wconf 63' lang='lat' dir='ltr'>doctria</span> 
     </span>
     <span class='ocr_line' id='line_1_73' title="bbox 1006 1476 1740 1517; baseline 0.004 -9"><span class='ocrx_word' id='word_1_378' title='bbox 1006 1486 1079 1509; x_wconf 89' lang='lat' dir='ltr'>nam</span> <span class='ocrx_word' id='word_1_379' title='bbox 1098 1476 1317 1517; x_wconf 83' lang='lat' dir='ltr'>christianam,</span> <span class='ocrx_word' id='word_1_380' title='bbox 1340 1478 1477 1511; x_wconf 89' lang='lat' dir='ltr'>ducendi</span> <span class='ocrx_word' id='word_1_381' title='bbox 1497 1480 1591 1511; x_wconf 77' lang='lat' dir='ltr'>causa</span> <span class='ocrx_word' id='word_1_382' title='bbox 1609 1478 1740 1511; x_wconf 87' lang='lat' dir='ltr'>circum-</span> 
     </span>
     <span class='ocr_line' id='line_1_74' title="bbox 1005 1529 1740 1575; baseline 0.004 -14"><span class='ocrx_word' id='word_1_383' title='bbox 1005 1529 1113 1569; x_wconf 89' lang='lat' dir='ltr'>ierint,</span> <span class='ocrx_word' id='word_1_384' title='bbox 1135 1536 1258 1573; x_wconf 84' lang='lat' dir='ltr'>septem</span> <span class='ocrx_word' id='word_1_385' title='bbox 1284 1540 1398 1571; x_wconf 88' lang='lat' dir='ltr'>annos;</span> <span class='ocrx_word' id='word_1_386' title='bbox 1416 1542 1451 1563; x_wconf 88' lang='lat' dir='ltr'>ac</span> <span class='ocrx_word' id='word_1_387' title='bbox 1469 1532 1563 1564; x_wconf 86' lang='lat' dir='ltr'>etiam</span> <span class='ocrx_word' id='word_1_388' title='bbox 1578 1531 1632 1575; x_wconf 87' lang='lat' dir='ltr'>qui</span> <span class='ocrx_word' id='word_1_389' title='bbox 1654 1537 1740 1564; x_wconf 84' lang='lat' dir='ltr'>extra</span> 
     </span>
     <span class='ocr_line' id='line_1_75' title="bbox 1005 1583 1740 1627; baseline 0.005 -13"><span class='ocrx_word' id='word_1_390' title='bbox 1005 1583 1148 1616; x_wconf 88' lang='lat' dir='ltr'>civitates</span> <span class='ocrx_word' id='word_1_391' title='bbox 1175 1584 1213 1615; x_wconf 89' lang='lat' dir='ltr'>ad</span> <span class='ocrx_word' id='word_1_392' title='bbox 1243 1584 1329 1617; x_wconf 87' lang='lat' dir='ltr'>illam</span> <span class='ocrx_word' id='word_1_393' title='bbox 1354 1589 1389 1616; x_wconf 87' lang='lat' dir='ltr'>ut</span> <span class='ocrx_word' id='word_1_394' title='bbox 1420 1585 1603 1627; x_wconf 86' lang='lat' dir='ltr'>praefertur</span> <span class='ocrx_word' id='word_1_395' title='bbox 1628 1585 1740 1618; x_wconf 81' lang='lat' dir='ltr'>docen-</span> 
     </span>
     <span class='ocr_line' id='line_1_76' title="bbox 1005 1636 1739 1679; baseline 0.003 -11"><span class='ocrx_word' id='word_1_396' title='bbox 1005 1636 1077 1668; x_wconf 86' lang='lat' dir='ltr'>dam</span> <span class='ocrx_word' id='word_1_397' title='bbox 1102 1646 1160 1679; x_wconf 89' lang='lat' dir='ltr'>per</span> <span class='ocrx_word' id='word_1_398' title='bbox 1180 1642 1283 1669; x_wconf 87' lang='lat' dir='ltr'>castra</span> <span class='ocrx_word' id='word_1_399' title='bbox 1309 1642 1339 1669; x_wconf 88' lang='lat' dir='ltr'>et</span> <span class='ocrx_word' id='word_1_400' title='bbox 1364 1637 1456 1669; x_wconf 88' lang='lat' dir='ltr'>villas</span> <span class='ocrx_word' id='word_1_401' title='bbox 1481 1643 1607 1677; x_wconf 74' lang='lat' dir='ltr'>exeunt,</span> <span class='ocrx_word' id='word_1_402' title='bbox 1626 1638 1739 1670; x_wconf 82' lang='lat' dir='ltr'>decem</span> 
     </span>
     <span class='ocr_line' id='line_1_77' title="bbox 1005 1689 1739 1732; baseline 0.003 -12"><span class='ocrx_word' id='word_1_403' title='bbox 1005 1699 1124 1728; x_wconf 81' lang='lat' dir='ltr'>annos3</span> <span class='ocrx_word' id='word_1_404' title='bbox 1153 1689 1303 1721; x_wconf 85' lang='lat' dir='ltr'>omnibus</span> <span class='ocrx_word' id='word_1_405' title='bbox 1329 1690 1424 1722; x_wconf 85' lang='lat' dir='ltr'>etiam</span> <span class='ocrx_word' id='word_1_406' title='bbox 1450 1695 1481 1722; x_wconf 90' lang='lat' dir='ltr'>et</span> <span class='ocrx_word' id='word_1_407' title='bbox 1498 1690 1634 1732; x_wconf 75' lang='lat' dir='ltr'>singulis</span> <span class='ocrx_word' id='word_1_408' title='bbox 1655 1690 1739 1723; x_wconf 86' lang='lat' dir='ltr'>chri-</span> 
     </span>
     <span class='ocr_line' id='line_1_78' title="bbox 1004 1741 1741 1785; baseline 0.004 -13"><span class='ocrx_word' id='word_1_409' title='bbox 1004 1741 1202 1781; x_wconf 82' lang='lat' dir='ltr'>stifidelibus,</span> <span class='ocrx_word' id='word_1_410' title='bbox 1230 1742 1284 1785; x_wconf 88' lang='lat' dir='ltr'>qui</span> <span class='ocrx_word' id='word_1_411' title='bbox 1310 1753 1368 1785; x_wconf 89' lang='lat' dir='ltr'>per</span> <span class='ocrx_word' id='word_1_412' title='bbox 1384 1743 1521 1775; x_wconf 83' lang='lat' dir='ltr'>mediam</span> <span class='ocrx_word' id='word_1_413' title='bbox 1548 1743 1663 1775; x_wconf 87' lang='lat' dir='ltr'>horam</span> <span class='ocrx_word' id='word_1_414' title='bbox 1688 1743 1741 1776; x_wconf 85' lang='lat' dir='ltr'>do·</span> 
     </span>
     <span class='ocr_line' id='line_1_79' title="bbox 1004 1795 1740 1837; baseline 0.003 -11"><span class='ocrx_word' id='word_1_415' title='bbox 1004 1795 1123 1827; x_wconf 87' lang='lat' dir='ltr'>ctrinae</span> <span class='ocrx_word' id='word_1_416' title='bbox 1142 1795 1324 1837; x_wconf 85' lang='lat' dir='ltr'>praedictae</span> <span class='ocrx_word' id='word_1_417' title='bbox 1342 1800 1395 1827; x_wconf 91' lang='lat' dir='ltr'>aut</span> <span class='ocrx_word' id='word_1_418' title='bbox 1410 1796 1545 1828; x_wconf 86' lang='lat' dir='ltr'>docendi</span> <span class='ocrx_word' id='word_1_419' title='bbox 1564 1797 1659 1828; x_wconf 78' lang='lat' dir='ltr'>causa</span> <span class='ocrx_word' id='word_1_420' title='bbox 1676 1801 1740 1828; x_wconf 84' lang='lat' dir='ltr'>stu-</span> 
     </span>
     <span class='ocr_line' id='line_1_80' title="bbox 1004 1847 1737 1887; baseline 0.003 -8"><span class='ocrx_word' id='word_1_421' title='bbox 1004 1848 1143 1887; x_wconf 87' lang='lat' dir='ltr'>duerint,</span> <span class='ocrx_word' id='word_1_422' title='bbox 1169 1853 1223 1880; x_wconf 87' lang='lat' dir='ltr'>ant</span> <span class='ocrx_word' id='word_1_423' title='bbox 1254 1847 1359 1880; x_wconf 84' lang='lat' dir='ltr'>eidem</span> <span class='ocrx_word' id='word_1_424' title='bbox 1385 1848 1549 1881; x_wconf 85' lang='lat' dir='ltr'>doctrinae</span> <span class='ocrx_word' id='word_1_425' title='bbox 1583 1849 1737 1881; x_wconf 85' lang='lat' dir='ltr'>interfue-</span> 
     </span>
     <span class='ocr_line' id='line_1_81' title="bbox 1003 1899 1737 1945; baseline 0.003 -13"><span class='ocrx_word' id='word_1_426' title='bbox 1003 1900 1085 1940; x_wconf 89' lang='lat' dir='ltr'>rint,</span> <span class='ocrx_word' id='word_1_427' title='bbox 1119 1906 1249 1933; x_wconf 88' lang='lat' dir='ltr'>centum</span> <span class='ocrx_word' id='word_1_428' title='bbox 1286 1901 1371 1941; x_wconf 80' lang='lat' dir='ltr'>dies3</span> <span class='ocrx_word' id='word_1_429' title='bbox 1400 1901 1522 1934; x_wconf 79' lang='lat' dir='ltr'>eisdem</span> <span class='ocrx_word' id='word_1_430' title='bbox 1549 1901 1657 1941; x_wconf 79' lang='lat' dir='ltr'>etiam,</span> <span class='ocrx_word' id='word_1_431' title='bbox 1683 1899 1737 1945; x_wconf 84' lang='lat' dir='ltr'>qui</span> 
     </span>
     <span class='ocr_line' id='line_1_82' title="bbox 1003 1953 1737 1997; baseline 0.001 -11"><span class='ocrx_word' id='word_1_432' title='bbox 1003 1954 1180 1987; x_wconf 88' lang='lat' dir='ltr'>doctrinam</span> <span class='ocrx_word' id='word_1_433' title='bbox 1206 1954 1404 1997; x_wconf 81' lang='lat' dir='ltr'>praedictam</span> <span class='ocrx_word' id='word_1_434' title='bbox 1431 1955 1547 1987; x_wconf 85' lang='lat' dir='ltr'>docere</span> <span class='ocrx_word' id='word_1_435' title='bbox 1569 1956 1685 1993; x_wconf 83' lang='lat' dir='ltr'>solent,</span> <span class='ocrx_word' id='word_1_436' title='bbox 1710 1953 1737 1987; x_wconf 87' lang='lat' dir='ltr'>si</span> 
     </span>
     <span class='ocr_line' id='line_1_83' title="bbox 1003 2007 1737 2049; baseline -0.001 -9"><span class='ocrx_word' id='word_1_437' title='bbox 1003 2007 1145 2040; x_wconf 89' lang='lat' dir='ltr'>infirmos</span> <span class='ocrx_word' id='word_1_438' title='bbox 1169 2007 1377 2047; x_wconf 79' lang='lat' dir='ltr'>visitaverint,</span> <span class='ocrx_word' id='word_1_439' title='bbox 1397 2008 1524 2049; x_wconf 84' lang='lat' dir='ltr'>quoties</span> <span class='ocrx_word' id='word_1_440' title='bbox 1542 2008 1572 2039; x_wconf 88' lang='lat' dir='ltr'>id</span> <span class='ocrx_word' id='word_1_441' title='bbox 1592 2008 1737 2048; x_wconf 86' lang='lat' dir='ltr'>fecerint,</span> 
     </span>
     <span class='ocr_line' id='line_1_84' title="bbox 1003 2060 1735 2093; baseline 0 0"><span class='ocrx_word' id='word_1_442' title='bbox 1003 2062 1157 2093; x_wconf 81' lang='lat' dir='ltr'>ducentos</span> <span class='ocrx_word' id='word_1_443' title='bbox 1183 2060 1250 2093; x_wconf 88' lang='lat' dir='ltr'>dies</span> <span class='ocrx_word' id='word_1_444' title='bbox 1276 2061 1313 2093; x_wconf 88' lang='lat' dir='ltr'>de</span> <span class='ocrx_word' id='word_1_445' title='bbox 1339 2060 1491 2092; x_wconf 63' lang='lat' dir='ltr'>intumit&lt;</span> <span class='ocrx_word' id='word_1_446' title='bbox 1516 2061 1561 2092; x_wconf 86' lang='lat' dir='ltr'>eis</span> <span class='ocrx_word' id='word_1_447' title='bbox 1578 2071 1633 2092; x_wconf 77' lang='lat' dir='ltr'>sen</span> <span class='ocrx_word' id='word_1_448' title='bbox 1659 2061 1735 2093; x_wconf 75' lang='lat' dir='ltr'>alias</span> 
     </span>
     <span class='ocr_line' id='line_1_85' title="bbox 1002 2111 1738 2156; baseline 0.001 -12"><span class='ocrx_word' id='word_1_449' title='bbox 1002 2113 1248 2156; x_wconf 80' lang='lat' dir='ltr'>quomodolibet</span> <span class='ocrx_word' id='word_1_450' title='bbox 1266 2123 1324 2155; x_wconf 86' lang='lat' dir='ltr'>por</span> <span class='ocrx_word' id='word_1_451' title='bbox 1349 2123 1404 2145; x_wconf 85' lang='lat' dir='ltr'>cos</span> <span class='ocrx_word' id='word_1_452' title='bbox 1426 2111 1543 2145; x_wconf 85' lang='lat' dir='ltr'>debitis</span> <span class='ocrx_word' id='word_1_453' title='bbox 1570 2113 1738 2156; x_wconf 85' lang='lat' dir='ltr'>poeniten-</span> 
     </span>
     <span class='ocr_line' id='line_1_86' title="bbox 1004 2166 1736 2199; baseline 0 -1"><span class='ocrx_word' id='word_1_454' title='bbox 1004 2167 1053 2199; x_wconf 85' lang='lat' dir='ltr'>tiis</span> <span class='ocrx_word' id='word_1_455' title='bbox 1068 2167 1098 2199; x_wconf 92' lang='lat' dir='ltr'>in</span> <span class='ocrx_word' id='word_1_456' title='bbox 1122 2167 1222 2199; x_wconf 77' lang='lat' dir='ltr'>forma</span> <span class='ocrx_word' id='word_1_457' title='bbox 1243 2166 1408 2199; x_wconf 82' lang='lat' dir='ltr'>Ecclesiae</span> <span class='ocrx_word' id='word_1_458' title='bbox 1438 2168 1591 2198; x_wconf 69' lang='lat' dir='ltr'>consueta</span> <span class='ocrx_word' id='word_1_459' title='bbox 1616 2167 1736 2198; x_wconf 77' lang='lat' dir='ltr'>relaxa-</span> 
     </span>
     <span class='ocr_line' id='line_1_87' title="bbox 1002 2219 1737 2263; baseline 0 -12"><span class='ocrx_word' id='word_1_460' title='bbox 1002 2230 1095 2252; x_wconf 82' lang='lat' dir='ltr'>mus:</span> <span class='ocrx_word' id='word_1_461' title='bbox 1122 2219 1350 2263; x_wconf 87' lang='lat' dir='ltr'>praesentibus</span> <span class='ocrx_word' id='word_1_462' title='bbox 1388 2219 1500 2251; x_wconf 87' lang='lat' dir='ltr'>futuris</span> <span class='ocrx_word' id='word_1_463' title='bbox 1538 2219 1737 2261; x_wconf 84' lang='lat' dir='ltr'>temporibus</span> 
     </span>
     <span class='ocr_line' id='line_1_88' title="bbox 1003 2272 1162 2307; baseline -0.006 -2"><span class='ocrx_word' id='word_1_464' title='bbox 1003 2272 1162 2307; x_wconf 81' lang='lat' dir='ltr'>valituris.</span> 
     </span>
    </p>

    <p class='ocr_par' dir='ltr' id='par_1_8' title="bbox 1002 2323 1737 2474">
     <span class='ocr_line' id='line_1_89' title="bbox 1046 2323 1737 2368; baseline 0 -10"><span class='ocrx_word' id='word_1_465' title='bbox 1046 2327 1060 2368; x_wconf 61' lang='grc' dir='ltr'><strong>ἓ</strong></span> <span class='ocrx_word' id='word_1_466' title='bbox 1084 2325 1115 2358; x_wconf 66' lang='lat'>2.</span> <span class='ocrx_word' id='word_1_467' title='bbox 1143 2324 1209 2359; x_wconf 90' lang='lat' dir='ltr'>Non</span> <span class='ocrx_word' id='word_1_468' title='bbox 1235 2325 1435 2359; x_wconf 86' lang='lat' dir='ltr'>obstantibus</span> <span class='ocrx_word' id='word_1_469' title='bbox 1452 2323 1737 2358; x_wconf 80' lang='lat' dir='ltr'>constitutionibus</span> 
     </span>
     <span class='ocr_line' id='line_1_90' title="bbox 1003 2378 1736 2421; baseline -0.001 -9"><span class='ocrx_word' id='word_1_470' title='bbox 1003 2384 1034 2412; x_wconf 86' lang='lat' dir='ltr'>et</span> <span class='ocrx_word' id='word_1_471' title='bbox 1058 2378 1315 2413; x_wconf 82' lang='lat' dir='ltr'>ordinationibus</span> <span class='ocrx_word' id='word_1_472' title='bbox 1341 2378 1537 2421; x_wconf 81' lang='lat' dir='ltr'>apostolicis,</span> <span class='ocrx_word' id='word_1_473' title='bbox 1556 2378 1736 2421; x_wconf 82' lang='lat' dir='ltr'>ceterisque</span> 
     </span>
     <span class='ocr_line' id='line_1_91' title="bbox 1002 2431 1469 2474; baseline -0.004 -9"><span class='ocrx_word' id='word_1_474' title='bbox 1002 2432 1172 2465; x_wconf 89' lang='lat' dir='ltr'>contrariis</span> <span class='ocrx_word' id='word_1_475' title='bbox 1198 2431 1469 2474; x_wconf 83' lang='lat' dir='ltr'>quibuscumque.</span> 
     </span>
    </p>

    <p class='ocr_par' dir='ltr' id='par_1_9' title="bbox 1003 2484 1737 2634">
     <span class='ocr_line' id='line_1_92' title="bbox 1046 2484 1735 2528; baseline 0 -11"><span class='ocrx_word' id='word_1_476' title='bbox 1046 2486 1060 2527; x_wconf 61' lang='grc' dir='ltr'><strong>ἓ</strong></span> <span class='ocrx_word' id='word_1_477' title='bbox 1085 2484 1115 2517; x_wconf 79' lang='lat'>3.</span> <span class='ocrx_word' id='word_1_478' title='bbox 1143 2484 1295 2517; x_wconf 83' lang='lat' dir='ltr'>Volumus</span> <span class='ocrx_word' id='word_1_479' title='bbox 1329 2490 1455 2523; x_wconf 88' lang='lat' dir='ltr'>autem,</span> <span class='ocrx_word' id='word_1_480' title='bbox 1482 2489 1517 2516; x_wconf 90' lang='lat' dir='ltr'>ut</span> <span class='ocrx_word' id='word_1_481' title='bbox 1551 2484 1575 2517; x_wconf 82' lang='lat' dir='ltr'>si</span> <span class='ocrx_word' id='word_1_482' title='bbox 1611 2484 1735 2528; x_wconf 88' lang='lat' dir='ltr'>aliquae</span> 
     </span>
     <span class='ocr_line' id='line_1_93' title="bbox 1003 2537 1735 2581; baseline 0 -12"><span class='ocrx_word' id='word_1_483' title='bbox 1003 2537 1223 2581; x_wconf 80' lang='lat' dir='ltr'>indulgentiae</span> <span class='ocrx_word' id='word_1_484' title='bbox 1259 2537 1433 2579; x_wconf 81' lang='lat' dir='ltr'>praedictis</span> <span class='ocrx_word' id='word_1_485' title='bbox 1459 2537 1611 2569; x_wconf 88' lang='lat' dir='ltr'>fratribus</span> <span class='ocrx_word' id='word_1_486' title='bbox 1636 2548 1735 2580; x_wconf 86' lang='lat' dir='ltr'>prae-</span> 
     </span>
     <span class='ocr_line' id='line_1_94' title="bbox 1003 2590 1737 2634; baseline 0.001 -12"><span class='ocrx_word' id='word_1_487' title='bbox 1003 2590 1102 2623; x_wconf 86' lang='lat' dir='ltr'>missa</span> <span class='ocrx_word' id='word_1_488' title='bbox 1126 2590 1357 2633; x_wconf 67' lang='lat' dir='ltr'>peragentibus</span> <span class='ocrx_word' id='word_1_489' title='bbox 1384 2601 1400 2622; x_wconf 88' lang='lat' dir='ltr'>a</span> <span class='ocrx_word' id='word_1_490' title='bbox 1426 2590 1519 2622; x_wconf 84' lang='lat' dir='ltr'>nobis</span> <span class='ocrx_word' id='word_1_491' title='bbox 1536 2592 1583 2623; x_wconf 81' lang='lat' dir='ltr'>vel</span> <span class='ocrx_word' id='word_1_492' title='bbox 1603 2591 1737 2634; x_wconf 83' lang='lat' dir='ltr'>praede-</span> 
     </span>
    </p>
   </div>
   <div class='ocr_carea' id='block_1_8' title="bbox 1652 204 1930 239">
    <p class='ocr_par' dir='ltr' id='par_1_10' title="bbox 1652 204 1930 239">
     <span class='ocr_line' id='line_1_95' title="bbox 1652 204 1930 239; baseline 0.014 -4"><span class='ocrx_word' id='word_1_493' title='bbox 1652 204 1700 235; x_wconf 47' lang='lat'>235</span> <span class='ocrx_word' id='word_1_494' title='bbox 1746 213 1794 239; x_wconf 67' lang='lat' dir='ltr'>An.</span> <span class='ocrx_word' id='word_1_495' title='bbox 1812 213 1838 239; x_wconf 88' lang='lat' dir='ltr'>c.</span> <span class='ocrx_word' id='word_1_496' title='bbox 1864 213 1930 239; x_wconf 63' lang='lat' dir='ltr'>roso</span> 
     </span>
    </p>
   </div>
   <div class='ocr_carea' id='block_1_9' title="bbox 1774 2331 1893 2354">
    <p class='ocr_par' dir='ltr' id='par_1_11' title="bbox 1774 2331 1893 2354">
     <span class='ocr_line' id='line_1_96' title="bbox 1774 2331 1893 2354; baseline 0.017 -2"><span class='ocrx_word' id='word_1_497' title='bbox 1774 2331 1893 2354; x_wconf 69' lang='lat' dir='ltr'>clausulae.</span> 
     </span>
    </p>
   </div>
   <div class='ocr_carea' id='block_1_10' title="bbox 1746 2487 1928 2541">
    <p class='ocr_par' dir='ltr' id='par_1_12' title="bbox 1746 2487 1928 2541">
     <span class='ocr_line' id='line_1_97' title="bbox 1796 2487 1928 2510; baseline 0.008 -1"><span class='ocrx_word' id='word_1_498' title='bbox 1796 2487 1857 2509; x_wconf 65' lang='lat' dir='ltr'>Fides</span> <span class='ocrx_word' id='word_1_499' title='bbox 1873 2492 1928 2510; x_wconf 81' lang='lat' dir='ltr'>tran·</span> 
     </span>
     <span class='ocr_line' id='line_1_98' title="bbox 1746 2519 1880 2541; baseline 0.007 -5"><span class='ocrx_word' id='word_1_500' title='bbox 1746 2519 1880 2541; x_wconf 76' lang='lat' dir='ltr'>sumptorum.</span> 
     </span>
    </p>
   </div>
  </div>
 </body>
</html>
