2111 3157
158 215 208 243 An.
225 213 254 243 C.
277 214 344 244 1686

391 208 456 241 724

354 266 463 308 gratiis
480 266 636 310 prosequi
649 266 803 305 volentes,
819 269 973 298 eteorum
987 265 1093 307 singu-

353 319 437 352 lares
464 330 619 362 personas
645 330 663 352 a
689 319 855 362 quibusvis
873 317 1093 352 excommuni-

353 372 499 412 cationis,
515 371 740 415 suspensionis
758 377 790 404 et
806 371 987 411 interdicti,
1007 370 1092 403 aliis-

353 435 416 467 que
441 424 667 457 ecclesiasticis
687 424 870 464 sententiiS,
890 423 1035 457 censuris
1061 428 1093 457 et

352 478 476 521 poenis,
501 489 518 510 a
543 477 612 510 inre
650 479 698 511 vel
734 477 773 510 ab
809 478 952 518 homine,
980 477 1091 521 quavis

352 530 518 563 occasione
544 531 592 563 vel
617 533 713 563 causa
729 530 810 571 latis,
832 531 857 563 si
878 531 995 574 quibus
1012 541 1092 573 quo-

351 583 534 616 modolibet
558 583 732 617 innodatae
758 583 919 624 existunt,
954 583 992 616 ad
1017 583 1090 616 ess'e-

351 642 436 668 ctum
461 636 684 679 praesentium
702 637 867 670 dumtaxat
891 646 1092 679 consequen-

352 689 438 729 dum,
465 689 579 722 harum
605 690 688 722 serie
714 690 921 723 absolventes
947 695 979 722 et
1004 690 1091 722 abso-

350 742 433 774 lutas
460 742 526 775 sore
548 748 730 783 censentes,
758 743 943 777 huiusmodi
969 743 1091 787 suppli-

350 796 535 828 cationibus
560 795 716 837 inclinati,
735 797 773 829 de
798 798 1030 830 nonnullorum
1054 807 1089 829 ex

350 848 594 881 venerabilibus
620 849 773 882 fratribus
800 851 919 883 nostris
944 850 976 883 S.
996 850 1033 883 R.
1053 849 1087 882 Ε.

350 901 569 935 cardinalibus
581 901 847 945 Congregationis
861 903 1006 946 negociis
1021 913 1091 946 pro-

350 956 518 998 pagandae
553 955 627 989 fidei
660 958 865 999 praepositae
898 968 997 1000 super
1029 957 1091 990 hoc

350 1009 488 1051 negocio
514 1009 701 1052 specialiter
727 1011 959 1053 deputatorum
984 1010 1090 1043 consi-

348 1060 403 1100 lio,
430 1062 568 1104 collegia
593 1072 650 1094 seu
675 1063 849 1095 seminaria
866 1073 925 1106 pro
951 1063 1091 1096 educan-

350 1113 399 1146 dis
424 1113 580 1147 sratribus
605 1115 680 1148 dicti
705 1115 834 1148 Ordinis
861 1116 900 1148 ad
918 1115 1090 1149 missiones

349 1166 413 1200 iam
437 1173 559 1208 erecta,
587 1172 651 1201 tam
677 1169 710 1201 in
734 1174 895 1202 conventu
920 1169 952 1202 S.
983 1169 1090 1202 Crucis

350 1220 389 1253 de
416 1219 571 1258 Queretro
597 1221 785 1264 provinciae
811 1222 850 1255 de
875 1222 1089 1263 Mechoacam,

349 1284 445 1316 quam
471 1274 503 1306 in
528 1273 600 1307 aliis
626 1274 802 1318 Hispaniae
828 1276 1018 1318 provinciis,
1036 1287 1090 1308 au-

349 1327 495 1359 ctoritate
520 1328 707 1370 apostolica,
727 1333 839 1361 tenore
857 1329 1089 1371 praesentium,

349 1380 568 1422 approbamus
605 1386 637 1413 et
678 1380 921 1422 confirmamus,
958 1381 1089 1425 illisque

348 1433 546 1467 inviolabilis
572 1435 771 1478 apostolicae
805 1435 966 1469 firmitatis
991 1437 1090 1470 robur

349 1486 518 1519 adiicimus
539 1498 546 1519 t
585 1498 621 1520 ac
646 1488 831 1521 facultatem
855 1489 1002 1532 erigendi
1028 1490 1090 1522 alia

348 1539 487 1581 collegia
505 1550 560 1572 seu
579 1540 754 1573 seminaria
772 1541 970 1582 huiusmodi,
989 1553 1088 1574 unum

349 1592 474 1625 scilicet
497 1594 546 1625 vel
573 1593 634 1626 duo
660 1593 692 1625 in
718 1595 863 1636 qnalibet
893 1605 929 1628 ex
960 1595 1090 1638 provin-

349 1644 408 1678 ciis
433 1645 562 1679 Ordinis
588 1647 745 1690 praedicti
780 1659 862 1690 quae
897 1649 929 1681 in
960 1649 1090 1682 ditioni-

349 1698 410 1731 bus
436 1699 512 1731 dicti
539 1698 641 1732 Caroli
668 1699 765 1741 regis,
801 1706 863 1733 tam
895 1713 975 1744 quae
1005 1702 1087 1744 apud

349 1751 535 1794 Hispaniam
560 1763 655 1794 quam
680 1753 763 1795 apud
788 1753 1003 1797 Pliilippinas,
1021 1754 1085 1788 Me-

349 1805 486 1845 a'icanas,
514 1805 686 1846 Peruanas,
717 1816 753 1838 ac
778 1812 902 1839 ceteras
935 1807 1089 1840 Occiden-

348 1859 430 1890 tales
455 1858 560 1891 Indias
586 1859 656 1901 ipso
683 1858 796 1892 Carolo
827 1860 896 1902 regi
929 1860 1089 1894 subiectas

349 1911 556 1951 consistunt,
593 1912 697 1944 eidem
724 1912 834 1945 Ordiui
872 1913 910 1946 de
946 1913 1089 1947 Ecclesia

348 1964 404 1997 Dei
431 1969 462 1997 et
482 1967 590 1997 sancta
614 1965 696 1998 Sede
722 1966 913 2009 Apostolica
937 1967 1089 2000 beneme-

349 2017 421 2056 rito,
455 2018 648 2050 auctoritate
685 2025 716 2051 et
752 2024 864 2052 tenore
901 2020 1088 2062 praedictis,

348 2070 490 2112 benigne
517 2070 748 2103 concedimus:
774 2072 996 2106 confirmando
1018 2083 1089 2116 sup-

349 2124 551 2166 plementum
577 2134 795 2156 consensuum
815 2135 873 2168 per
889 2125 1010 2158 dictum
1031 2125 1088 2158 Pe-

349 2180 433 2208 trum
450 2176 606 2208 Marinum
632 2176 815 2209 ministrum
842 2179 1035 2220 generalem,
1054 2183 1088 2210 ut

350 2229 533 2272 exponitur,
559 2229 686 2269 sactum,
717 2236 748 2263 et
778 2231 1005 2264 interdicendo
1038 2242 1088 2263 su-

349 2283 532 2325 perioribus
555 2284 761 2325 generalibus
788 2285 918 2317 illarum
936 2285 1086 2327 partium,

350 2335 407 2367 sub
433 2337 546 2379 poenis
572 2337 603 2368 in
630 2337 840 2380 praeinsertis
871 2338 988 2371 litteris
1013 2349 1087 2371 con-

351 2389 457 2428 tentis,
485 2396 515 2422 ct
540 2390 610 2422 aliis
639 2391 773 2423 arbitrio
808 2391 911 2424 dictae
944 2391 1087 2434 Congre-

351 2441 489 2483 gationis
508 2443 721 2475 cardinalium
742 2444 923 2483 reservatis,
936 2455 985 2484 ne,
1001 2446 1087 2477 ultra

350 2500 486 2537 ‹piatuor
512 2506 639 2527 menses
668 2507 685 2528 a
706 2497 918 2538 requisitione
936 2508 995 2540 per
1012 2497 1084 2530 reli-

350 2547 459 2589 giosos
485 2548 523 2579 ad
556 2548 586 2579 id
611 2549 793 2582 facultatem
821 2550 980 2582 habentes
1006 2550 1086 2583 sacta

348 2611 405 2634 seu
422 2601 566 2635 facienda
577 2604 819 2646 computandos,
839 2604 938 2637 dictas
956 2605 1087 2639 erectio-

933 217 1114 241 BULLARIUM
1140 217 1294 241 Romnum

1134 274 1190 297 nes
1215 264 1408 308 protrahere
1426 273 1484 297 seu
1503 264 1701 307 suspendere
1722 264 1869 308 possint:

1134 319 1220 350 salva
1244 328 1374 360 semper
1401 318 1433 350 in
1466 318 1617 350 omnibus
1642 328 1737 360 supra
1760 318 1869 352 relatis

1134 370 1326 404 auctoritate
1347 370 1492 403 eiusdem
1509 369 1777 413 Congregationis
1801 381 1871 404 car-

1134 422 1290 456 dinalium
1326 423 1366 456 ad
1397 423 1530 456 sormam
1556 422 1801 456 Constitutionis
1827 423 1873 456 se·

1134 475 1204 508 licis
1241 476 1476 509 recordationis
1512 475 1659 518 Gregorii
1692 475 1796 519 Papae
1820 476 1873 509 XV

1133 528 1393 571 praedecessoris
1417 528 1530 561 nostri.
1559 528 1732 562 Praeterea
1755 534 1873 563 statuta

1134 582 1337 624 praeinserta
1361 592 1421 625 pro
1447 582 1540 615 dictis
1566 582 1717 625 collegiis
1743 593 1799 616 seu
1825 593 1873 617 se-

1133 635 1288 676 minariis,
1310 640 1373 668 tam
1392 635 1508 669 erectis
1526 646 1623 679 quam
1648 636 1818 678 erigendis,
1837 646 1873 669 ac

1134 698 1246 721 eorum
1272 689 1423 722 fratribus
1442 695 1473 722 et
1490 689 1727 732 superioribus,
1748 700 1766 723 a
1783 700 1872 733 prae-

1133 740 1197 774 fato
1218 741 1313 774 Petro
1339 741 1460 775 Marino
1485 742 1635 775 ministro
1668 743 1813 785 generali
1837 747 1873 775 ut

1133 795 1315 837 praefertur
1340 795 1478 835 condita,
1497 795 1580 828 dicta
1598 795 1799 836 auctoritate,
1815 795 1873 828 ha-

1134 858 1204 881 rum
1230 849 1326 889 serie,
1353 848 1578 882 consu-mamus
1610 849 1733 893 pariter
1762 854 1794 883 et
1818 860 1874 893 ap·

1134 901 1320 943 probamus,
1346 901 1474 945 illisque
1500 902 1697 935 inviolabilis
1723 902 1875 946 apostoli-

1134 964 1189 986 cae
1214 953 1377 987 firmitatis
1404 955 1505 988 robur
1528 955 1712 988 adiicimus:
1729 956 1815 989 salva
1833 961 1875 988 ta-

1134 1017 1207 1040 men
1233 1017 1364 1050 semper
1388 1014 1582 1041 memoratae
1603 1007 1872 1051 Congregationis

1133 1060 1346 1094 cardinalium
1372 1062 1561 1094 auctoritate
1587 1072 1624 1095 ea
1648 1061 1788 1105 augendi
1814 1071 1873 1095 seu

1133 1113 1337 1153 moderandi,
1359 1119 1519 1157 quatenus
1535 1125 1619 1158 opus
1638 1114 1743 1154 fuerit,
1760 1119 1791 1148 et
1807 1124 1873 1147 ma-

1133 1167 1180 1209 gis
1215 1176 1247 1199 1n
1281 1165 1416 1214 Domino
1445 1167 1600 1210 expedire
1624 1167 1810 1208 videbitur;
1837 1177 1874 1200 ae

1134 1230 1353 1263 quoscumque
1368 1220 1447 1253 iuris
1465 1227 1497 1254 et
1514 1221 1586 1254 t'acti
1604 1221 1750 1254 desectus
1764 1221 1873 1264 quoad
1897 1215 1900 1217 ⁵

1133 1273 1272 1315 collegia
1296 1273 1443 1316 praefata
1462 1274 1525 1307 iam
1542 1279 1649 1307 erecta
1667 1274 1870 1318 supplemus.

1176 1325 1191 1368 ξ
1215 1324 1247 1358 3.
1278 1325 1497 1360 Decernentes
1525 1327 1654 1360 easdem
1683 1333 1873 1370 praesentes

1132 1388 1168 1411 ac
1192 1378 1412 1421 praeinsertas
1429 1385 1577 1423 patentes
1603 1380 1728 1414 litteras
1743 1391 1874 1425 semper

1132 1431 1249 1472 firmas,
1282 1432 1406 1465 validas
1443 1439 1475 1465 et
1499 1432 1646 1467 efficaces
1671 1433 1811 1467 existere
1841 1439 1873 1467 et

1132 1484 1213 1525 sore,
1241 1495 1385 1528 suosque
1410 1486 1578 1529 plenarios
1603 1492 1635 1520 et
1658 1487 1805 1530 integros
1826 1487 1873 1521 es-

1133 1538 1234 1570 sectus
1269 1538 1377 1571 sortiri
1412 1545 1445 1572 et
1476 1539 1634 1581 obtinere,
1660 1551 1696 1573 ac
1719 1541 1798 1582 iuis,
1832 1541 1873 1575 ad

1132 1602 1214 1635 quos
1243 1597 1369 1635 spectat
1393 1598 1425 1626 et
1456 1603 1515 1636 pro
1547 1599 1694 1637 tempore
1726 1595 1873 1638 quando-

1132 1656 1272 1689 cumque
1298 1647 1468 1689 spectabit,
1502 1647 1533 1679 in
1568 1648 1720 1681 omnibus
1752 1653 1784 1681 et
1814 1658 1873 1692 per

1133 1700 1243 1732 omnia
1266 1700 1456 1742 plenissime
1482 1700 1648 1744 suffragari
1663 1729 1671 1742 ,
1693 1706 1725 1734 et
1748 1701 1788 1735 ab
1808 1702 1873 1736 illis

1132 1753 1308 1796 respective
1333 1753 1565 1787 inviolabiliter
1592 1755 1779 1796 observari,
1805 1755 1871 1789 sic-

1132 1817 1195 1849 que
1216 1806 1249 1839 in
1280 1807 1469 1850 praemissis
1493 1818 1553 1851 per
1578 1818 1801 1852 quoscumque
1830 1809 1874 1842 iu·

1133 1860 1220 1893 dices
1240 1860 1421 1893 ordinarios
1442 1866 1474 1894 et
1495 1861 1673 1904 delegatos,
1691 1862 1787 1895 etiam
1806 1872 1874 1895 cau-

1131 1923 1236 1946 sarum
1253 1914 1365 1957 palatii
1394 1914 1565 1957 apostolici
1589 1914 1764 1955 auditores,
1791 1914 1875 1965 indis

1131 1966 1197 1999 cari
1223 1971 1255 1999 et
1286 1966 1413 1999 definiri
1440 1967 1558 2000 dehere
1578 1994 1586 2007 ,
1617 1978 1654 2000 ac
1678 1967 1807 2000 irritum
1840 1978 1857 2001 e

1130 2018 1226 2051 inane
1252 2019 1276 2052 si
1307 2029 1401 2052 secus
1438 2030 1536 2063 super
1561 2020 1612 2053 his
1648 2031 1666 2053 a
1695 2031 1871 2064 quoquam,

1131 2072 1242 2115 quavis
1261 2073 1464 2113 auctoritate,
1485 2073 1628 2107 scienter
1652 2075 1702 2108 vel
1722 2074 1874 2118 ignoratn

1131 2130 1189 2164 ter,
1208 2125 1384 2167 contigerit
1402 2127 1565 2159 attentari.

1877 217 1927 243 An.
1942 214 1972 243 G.
1993 216 2079 244 ¹68⁶,

1905 1339 2025 1364 clausulae.

1174 2178 1188 2221 ᾗ
1220 2178 1251 2211 4.
1287 2178 1354 2211 Non
1382 2179 1588 2213 obstantibus
1613 2180 1809 2223 praemissis,
1835 2191 1871 2214 ac
1906 2186 2061 2209 cona-auorum

1130 2232 1418 2265 constitutionibus
1444 2237 1475 2266 et
1499 2233 1759 2268 ordinationibus
1792 2245 1870 2278 apo-

1130 2285 1262 2325 stolicis,
1289 2295 1418 2318 necnon
1440 2286 1678 2328 provinciarum
1696 2292 1727 2320 et
1741 2286 1869 2321 Ordinis

1130 2339 1360 2380 praefatorum,
1399 2339 1535 2382 aliisque
1573 2339 1747 2383 quibusvis,
1773 2341 1870 2374 etiam

1130 2392 1323 2432 iuramento,
1344 2392 1589 2426 confirmatione
1608 2393 1798 2436 apostolica,
1817 2394 1868 2427 vel

1130 2445 1240 2487 quavis
1264 2444 1416 2478 firmitate
1447 2446 1511 2478 alia
1542 2447 1713 2487 roboratis,
1744 2447 1875 2482 statutis.

1130 2503 1160 2529 et
1188 2499 1489 2539 consuetudinibus,
1514 2499 1693 2543 privilegiis
1724 2510 1866 2543 quoquc,

1129 2551 1262 2584 indultis
1284 2558 1315 2584 et
1336 2552 1452 2585 litteris
1477 2552 1665 2596 apostolicis
1687 2552 1719 2585 in
1745 2558 1869 2586 contra-

1131 2604 1212 2638 rium
1237 2606 1491 2649 praemissorum
1516 2607 1763 2650 quomodolibet
1791 2616 1873 2642 eon·.

1880 2213 1998 2240 derogatio.
