2111 3157
117 251 170 279 An.
192 249 211 275 c
238 246 307 275 ποτε
351 235 394 271 30

202 2468 282 2488 Causae
291 2467 365 2490 appro-

183 2496 276 2515 temonis
287 2494 321 2511 ct*

185 2523 308 2547 lu‘matiuui}

185 2549 217 2570 ius
233 2548 314 2567 butun.

323 2496 366 2508 mn-

315 397 521 433 Adorationis
554 396 607 429 SS.
635 389 834 427 Sacramenti
860 394 1051 427 nuncupan-

316 454 393 486 dum
426 449 657 484 monasterium
685 439 977 477 sanctimonialium
1002 446 1052 468 re-

319 502 511 539 formatum¹
536 500 663 534 Ordinis
681 497 780 530 saneti
805 490 972 528 Benedicti
993 489 1052 521 sub

318 559 405 592 illius
437 555 599 600 primitiva
634 551 748 594 regula
779 549 818 581 de
855 545 966 579 stricta
998 542 1055 574 ob-

319 609 483 644 servantia
522 607 553 639 in
589 603 753 638 suburbiis
791 601 822 633 S.
856 594 1005 631 Germani
1038 604 1055 625 a

321 663 423 696 Pratis
448 659 622 702 nuncupati
647 667 747 700 prope
777 652 918 687 Parisios
945 647 1057 680 sunda-

320 717 378 755 vit·,
398 725 479 758 quae
498 713 627 756 quidem
652 709 818 745 moniales,
844 708 974 748 praeter
998 699 1058 731 tria

322 767 546 802 substantialia
570 764 737 807 religionis
764 766 844 798 vota,
863 756 949 790 aliud
969 763 1059 797 quar-

324 828 389 854 tum
420 826 528 853 votum
554 828 661 851 coram
689 815 741 848 SS.
770 813 977 846 Sacramento
1007 805 1059 837 diu

325 880 508 916 noctuque,
535 870 668 904 alternis
694 875 799 900 tamen
824 863 962 899 vicibus,
990 868 1062 902 per-

327 926 462 960 sistendi
490 931 520 958 et
545 923 659 957 orandi
681 921 829 954 emittent
849 928 886 949 eo
908 915 1014 947 animo
1031 914 1065 942 ut

328 979 488 1014 continuis
524 974 712 1010 huiusmodi
746 970 968 1006 orationibus,
995 973 1064 997 sese

330 1039 490 1075 tamquam
515 1030 659 1062 victimas
686 1028 717 1059 in
752 1023 968 1068 expiationem
1000 1018 1066 1049 Deo

331 1084 514 1122 offerentes
534 1079 715 1122 sacrilegia,
744 1077 925 1120 impietates
952 1076 984 1104 et
1008 1069 1068 1101 alia

332 1142 474 1182 peccata,
496 1145 577 1178 quae
599 1134 637 1166 ab
658 1131 766 1174 impiis
787 1136 817 1163 et
830 1126 1002 1161 haereticis
1015 1135 1069 1165 pa-

336 1196 469 1230 trantur,
480 1190 624 1221 zelanter
636 1189 798 1229 reparent,
812 1188 843 1215 et
854 1183 988 1223 insuper
999 1188 1071 1221 qua-

337 1244 416 1277 libet
436 1242 516 1274 feria
534 1241 649 1284 quinta
668 1248 733 1270 non
760 1234 913 1278 impedita
934 1231 1073 1265 officium

340 1296 481 1329 divinum
498 1293 640 1326 eiusdem
655 1291 706 1323 SS.
720 1286 926 1325 Sacramenti,
937 1284 1016 1317 illud
1028 1293 1073 1314 su·

341 1359 400 1392 per
424 1347 515 1380 altari
532 1344 732 1378 venerationi
750 1340 893 1374 fidelium
911 1346 1076 1380 exponen-

343 1402 395 1440 do,
413 1400 602 1432 decantent:
621 1397 703 1429 lianc
722 1400 826 1427 autem
853 1390 1076 1423 fundationem

343 1455 497 1498 piumque
516 1449 698 1483 huiusmodi
713 1448 899 1480 institutum
915 1443 1079 1486 praefatus

345 1506 523 1541 Ludovicus
536 1515 591 1537 rex
607 1503 673 1535 suis
686 1500 871 1545 patentibus
886 1496 1002 1530 litteris
1017 1497 1081 1527 lau-

347 1560 433 1593 davit
459 1563 491 1591 et.
527 1554 783 1593 commendavit,
815 1562 851 1584 ac
878 1550 992 1583 similis
1016 1558 1082 1581 me-

347 1612 468 1646 moriae
489 1609 659 1652 Margarita
676 1619 692 1640 a
717 1604 930 1646 Lotharingia
955 1602 1082 1635 ducissa

350 1665 518 1700 donataria
543 1661 775 1696 Aurilianensis
799 1657 952 1701 singulari
979 1655 1084 1689 studio

351 1730 389 1753 ac
413 1718 547 1751 eximiae
579 1726 654 1749 suae
687 1713 815 1757 pietatis
841 1711 991 1753 exemplo
1012 1719 1086 1752 pro-

352 1772 465 1810 movit,
492 1769 694 1811 subindeque
716 1767 855 1798 dilectus
877 1763 961 1796 filius
979 1767 1088 1794 noster

354 1824 480 1858 Flavius
498 1822 581 1854 tituli
608 1821 642 1854 B.
665 1819 781 1852 Mariae
807 1818 846 1850 de
871 1816 996 1859 Populo
1021 1813 1089 1847 Clii·

356 1879 421 1912 sius
449 1880 664 1918 nuncupatus,
690 1881 817 1905 necnon
841 1871 945 1902 bonae
970 1877 1091 1900 memo-

357 1932 424 1964 riae
441 1928 618 1963 Ludovicus
644 1926 726 1958 tituli
752 1925 786 1958 B.
814 1923 929 1956 Mariae
959 1922 988 1953 in
1018 1921 1092 1953 Por-

359 1985 422 2016 ticu
458 1983 498 2015 de
532 1980 711 2013 Vandosme
744 1978 838 2010 etiam
864 1980 1091 2017 nuncupatus,

361 2038 389 2073 S.
415 2037 450 2069 R.
475 2035 509 2067 E.
536 2032 738 2069 cardinales,
765 2036 840 2061 tune
865 2028 948 2071 apud
975 2027 1095 2059 dictum

363 2089 556 2124 Ludovicum
588 2095 699 2127 regem
735 2089 767 2115 et
798 2081 981 2114 universum
1012 2079 1097 2112 illius

364 2152 500 2185 regnum
519 2139 611 2172 Sedis
631 2135 831 2180 Apostolieae
858 2135 896 2167 de
926 2134 1027 2166 latere
1055 2133 1099 2164 le-

366 2194 466 2239 gati⁹,
503 2202 616 2226 eorum
646 2190 796 2222 brevibus
828 2198 884 2219 seu
917 2185 1100 2229 patentibus

368 2247 484 2283 litteris
502 2245 742 2281 confirmarunt,
762 2241 890 2283 illisque
910 2237 1102 2271 inviolabilis

370 2299 567 2345 apostolicae
595 2295 752 2328 firmitatis
774 2293 873 2326 robur
903 2292 1102 2330 adiecerunt,

373 2351 554 2396 supplendo
575 2359 685 2383 omnes
718 2354 778 2380 tam
810 2346 888 2378 iuris
914 2355 1008 2388 quam
1034 2343 1104 2375 facti

375 2406 531 2439 defectus.

421 2459 435 2501 ᾗ
459 2457 490 2490 ⁶2.
518 2457 594 2490 Cum
619 2460 738 2494 autem,
756 2452 838 2485 sicut
862 2453 974 2485 eadem
995 2449 1108 2493 petitio

330 2510 608 2553 hwsuhiungcbat,
626 2520 642 2541 a
658 2513 805 2550 tempore
831 2503 1027 2538 fundationis
1052 2503 1111 2535 hu-

416 2585 427 2611 1
450 2582 559 2609 Videtur
578 2579 719 2615 legendum
739 2579 967 2612 reformatorum
985 2575 1025 2608 (a.
1041 2574 1090 2608 iu).

417 2628 433 2654 Ξ
454 2627 522 2654 Mate
543 2625 606 2653 edit.
627 2624 705 2650 lllaiu.
728 2623 829 2658 leyatis
848 2627 884 2656 (n.
902 2621 948 2655 T.).

889 229 1069 256 ortianum
1093 218 1244 250 Romami

312 292 470 328 matronis
500 290 596 324 simili
623 286 796 322 devotione
823 292 900 324 erga
925 283 1047 311 tantum
1091 273 1229 307 jusmodi
1255 271 1339 304 dicta

314 348 557 381 Sacramentum
580 340 733 379 accensis,
752 346 851 370 unum
868 334 1048 375 Perpetuae
1091 328 1180 361 mino
1209 326 1252 358 ita
1269 324 1408 357 creverit
1428 322 1459 354 in

1828 207 1880 239 An.
1901 210 1930 238 C.
1948 211 2015 240 1676

1363 267 1490 302 devotio
1524 262 1737 299 benedicente
1763 263 1823 296 Do-

1485 319 1600 353 animis
1622 317 1776 355 fidelium,
1789 320 1825 348 ut

1094 383 1189 415 etiam
1219 378 1311 412 multi
1338 378 1378 411 de
1403 374 1567 418 erigendis
1598 372 1710 405 similis
1734 370 1826 404 insti-

1095 435 1152 467 tuti
1180 431 1386 467 monasteriis
1411 427 1641 472 cogitaverint,
1657 435 1828 459 numerus-

1097 498 1160 530 que
1185 485 1373 519 monialium
1400 480 1586 526 primodicti
1618 477 1827 518 monasterii,

1098 540 1184 583 quod
1206 540 1237 571 in
1262 540 1333 571 loeo
1358 535 1480 570 salubri
1505 541 1537 568 et
1560 544 1698 567 amoeno
1723 538 1831 566 extru-

1099 600 1184 625 ctum
1218 597 1249 625 et
1284 592 1385 624 multa
1420 589 1639 623 aedificiorum
1672 588 1765 631 copia
1799 590 1832 619 et

1099 651 1264 679 venustate
1277 645 1453 688 perfectum
1469 644 1640 687 reperitur,
1662 644 1742 677 adeo
1763 654 1834 676 eve-

1102 705 1170 731 ctus
1197 698 1301 737 fuerit,
1319 703 1354 729 ut
1369 708 1404 730 ex
1423 698 1486 730 illis
1503 699 1681 740 permultae
1699 697 1738 729 ad
1756 696 1834 729 alias

1104 751 1320 788 fundationes,
1339 762 1420 794 quae
1445 751 1477 783 in
1499 751 1566 783 dies
1583 750 1772 790 offeruntur,
1793 752 1837 786 fa-

1106 805 1235 838 ciendas
1268 804 1392 837 habiles
1425 809 1455 836 et
1488 813 1621 846 capaces
1654 804 1776 837 extrahi
1807 809 1839 837 et

1108 858 1248 900 permitti
1273 857 1415 900 possint·‚
1435 862 1477 897 et,
1501 857 1526 889 si
1546 857 1608 890 hoe
1628 863 1771 890 sanctum
1791 858 1840 890 in-

1109 911 1262 950 stitutum,
1281 921 1339 953 pro
1362 910 1448 943 illius
1473 910 1605 943 firmiori
1624 911 1840 952 subsistentia,

1110 965 1206 998 etiam
1224 973 1281 1007 per
1297 973 1357 996 nos
1379 964 1613 1006 approbaretur
1629 970 1662 998 et
1678 964 1844 999 confirma-

1112 1024 1211 1058 retur,
1239 1018 1366 1060 aliaque
1400 1017 1604 1061 infrascripta
1629 1019 1845 1052 concederen-

1115 1077 1164 1104 tur
1188 1077 1219 1103 et
1243 1071 1520 1114 approbarentur,
1548 1081 1584 1104 ex
1609 1071 1672 1104 hoc
1696 1073 1846 1115 profecto

1114 1136 1179 1158 non
1199 1126 1304 1158 solum
1323 1124 1421 1157 divini
1439 1125 1540 1157 cultus
1558 1126 1769 1166 incremento,
1790 1127 1847 1160 sed

1117 1179 1210 1211 etiam
1247 1177 1347 1220 ipsius
1382 1176 1509 1210 Ordinis
1545 1178 1644 1210 sancti
1686 1179 1849 1212 Benedicti

1120 1230 1365 1273 reintegrationi
1391 1235 1422 1263 et
1447 1231 1673 1273 propagationi
1699 1242 1735 1264 ac
1761 1231 1852 1275 spiri-

1120 1284 1194 1316 tuali
1221 1285 1397 1316 multorum
1422 1283 1683 1317 christifidelium
1704 1286 1854 1319 consola-

1122 1337 1198 1369 tioni
1224 1342 1465 1379 peropportune
1490 1338 1734 1379 consuleretur;
1760 1344 1792 1371 et
1816 1338 1854 1372 il-

1123 1389 1174 1421 lud
1201 1389 1312 1421 eadem
1338 1389 1435 1421 Maria
1459 1389 1587 1422 Teresia
1608 1390 1728 1432 regina,
1747 1390 1806 1423 zeli
1824 1395 1856 1423 et

1124 1443 1249 1485 pietatis
1274 1442 1476 1484 aliarumque
1508 1442 1658 1475 virtutum
1685 1443 1856 1476 defunctae

1125 1495 1256 1536 reginae
1290 1494 1433 1527 eiusdem
1457 1494 1609 1527 Ludoviei
1638 1495 1724 1537 regis
1747 1494 1859 1528 matris

1126 1547 1326 1586 aemulatrix,
1341 1547 1414 1580 totis
1435 1547 1533 1580 animi
1550 1547 1669 1580 viribus
1686 1554 1857 1591 exposcat:

1128 1601 1220 1633 nobis
1245 1606 1430 1643 propterea,
1461 1610 1520 1643 pro
1548 1606 1641 1644 parte
1671 1601 1773 1634 dictae
1798 1600 1861 1634 Ma-

1130 1655 1196 1687 riae
1227 1653 1375 1685 Teresiae
1410 1652 1565 1695 reginae,
1599 1664 1635 1686 ac
1671 1653 1862 1687 dilectarum

1131 1708 1225 1741 etiam
1252 1707 1285 1739 in
1309 1707 1436 1739 Christo
1460 1705 1596 1739 filiarum
1633 1707 1807 1750 priorissae
1832 1713 1866 1740 et

1133 1761 1275 1795 omnium
1296 1759 1485 1792 monialium
1504 1759 1578 1792 dicti
1597 1761 1784 1794 monasterii
1806 1760 1866 1794 fuit

1134 1814 1361 1857 supplicatum,
1383 1817 1544 1854 quatenus
1562 1812 1607 1844 eis
1624 1812 1656 1845 in
1681 1812 1866 1856 praemissis

1135 1872 1320 1911 opportune
1338 1865 1506 1908 providere
1525 1865 1563 1897 de
1580 1865 1781 1908 benignitate
1795 1876 1869 1910 apo-

1136 1920 1246 1954 stolica
1269 1918 1490 1960 dignaremur.

1181 1972 1239 2016 {3-
1256 1971 1330 2011 Nos,
1344 1971 1461 2013 quibus
1479 1970 1561 2003 nihil
1580 1971 1681 2014 magis
1700 1981 1795 2006 curae
1813 1977 1870 2014 est,
1882 1966 2065 2018 „„¹,³,³„⁰,¹⁰:'u{{'3221

1140 2036 1233 2070 quam
1248 2030 1283 2056 ut
1296 2024 1359 2056 hoc
1372 2023 1634 2065 augustissimum
1650 2023 1872 2058 Eucharistiae
1882 2019 2063 2072 ssss'ffflffl'fflffm

1141 2081 1377 2112 sacramentum
1402 2081 1562 2119 perpetuo
1580 2076 1744 2118 adoretur,
1761 2083 1793 2110 et
1812 2088 1875 2121 qua

1143 2142 1200 2176 par
1218 2136 1266 2163 est
1284 2129 1493 2162 veneratione
1519 2128 1638 2171 iugiter
1661 2130 1793 2171 colatur,
1819 2131 1877 2164 Ma-

1143 2184 1210 2217 riae
1234 2182 1382 2216 Teresiae
1407 2182 1558 2224 reginae,
1585 2192 1620 2214 ac
1644 2181 1817 2225 priorissae
1848 2189 1879 2216 et

1146 2235 1334 2270 monialium
1364 2235 1579 2277 praefatarum
1615 2235 1676 2278 piis
1706 2235 1787 2268 votis
1820 2236 1881 2268 hac

1148 2291 1179 2321 in
1204 2293 1295 2332 parte
1327 2285 1546 2319 favorabiliter
1570 2292 1770 2328 annuentes,
1796 2298 1882 2320 eam-

1150 2344 1221 2376 dem
1246 2341 1377 2373 Mariam
1409 2339 1593 2380 Teresiam,
1627 2350 1663 2372 ac
1693 2340 1883 2383 priorissam

1152 2402 1183 2429 et
1207 2394 1365 2428 moniales
1391 2394 1561 2437 praefatas,
1579 2398 1611 2425 et
1630 2393 1756 2426 illarum
1774 2393 1885 2435 singu-

1152 2450 1236 2482 lares
1257 2457 1422 2490 personas,
1442 2457 1458 2478 a
1476 2446 1641 2489 quibusvis
1667 2444 1886 2479 excommuni-

1154 2500 1287 2534 cationis
1313 2505 1345 2532 et
1369 2498 1547 2538 interdicti,
1573 2497 1709 2541 aliisque
1735 2498 1888 2531 ecclesia—

1156 2554 1244 2587 sticis
1277 2551 1465 2592 sententiis,
1488 2551 1633 2585 censuris
1664 2556 1697 2584 et
1720 2551 1845 2594 poenis,
1870 2560 1888 2583 a

1157 2608 1224 2641 iure
1250 2608 1297 2640 vel
1324 2607 1361 2639 ab
1393 2606 1546 2643 homine,
1574 2605 1684 2648 quavis
1719 2603 1888 2639 occasione
