2111 3157
145 208 195 235 An.
215 209 243 236 c.
268 208 334 236 reso
378 199 442 234 ⁶270

184 269 246 290 Fides
270 271 328 290 tran-

144 299 280 322 sumptorum.

162 1690 249 1716 Species
262 1690 319 1711 sacti.

382 258 396 300 ἓ
421 257 452 291 5.
479 257 632 290 Volumus
656 260 762 289 autem
795 259 831 287 ut
854 254 1071 297 praesentium

337 311 520 344 litterarum
546 308 757 351 transumptis
773 334 780 347 ‚
814 317 871 339 seu
896 308 1069 350 exemplis,

338 364 434 396 etiam
460 363 645 406 impressis,
675 371 771 393 manu
795 361 930 393 alicuius
954 361 1070 393 notarii

336 415 458 459 publici
484 414 694 457 subscriptis,
724 419 756 445 et
779 413 886 455 sigillo
911 423 1070 455 personae

336 469 368 499 in
388 467 602 500 ecclesiastica
622 467 779 507 dignitate
795 466 987 498 constitutae
1004 476 1071 497 mu-

336 520 420 558 nitis,
448 519 560 551 eadem
587 528 717 560 prorsus
742 517 821 549 sides
844 517 965 560 ubique
982 518 1070 550 loco-

336 582 403 603 rum
432 577 493 603 tam
519 571 550 602 in
574 570 693 603 iudicio
716 580 810 613 quam
836 575 925 602 extra
950 570 1069 602 habea-

336 630 402 663 tur,
430 634 511 666 quae
536 623 616 666 ipsis
641 623 869 666 praesentibus
894 623 1070 655 haberetur

334 677 360 710 si
385 677 491 710 forent
516 677 678 710 exhibitae
698 677 746 709 vel
772 682 935 710 ostensae.

378 730 490 762 Datum
514 729 642 768 Romae,
662 730 746 772 apud
769 729 800 761 S.
819 729 948 761 Mariam
973 729 1069 762 Maio-

331 793 411 821 rem,
442 784 499 815 sub
525 784 643 815 annulo
670 783 849 821 Piscatoris,
873 783 923 815 die
943 793 1003 814 xxx
1023 794 1070 814 se-

334 836 491 878 ptembris
522 845 669 869 MDCLxxx
687 862 694 875 ,
720 835 929 878 pontificatus
967 835 1067 867 nostri

333 899 417 921 anno
443 899 483 922 1v.

369 949 427 975 Dat.
444 949 487 976 die
502 948 536 978 30
555 950 717 985 septembris
734 950 812 983 1680,
830 949 927 984 pontif.
944 958 1014 976 anno
1031 956 1066 976 tv.

650 1089 749 1122 XCIV.

333 1168 578 1210 Consti-mamm·
601 1168 759 1212 quaedam
786 1169 911 1201 decreta
935 1170 1063 1211 capitu-

376 1223 481 1254 lorum
503 1223 645 1264 fratrum
670 1222 701 1255 S.
726 1222 895 1254 Franciscz·
918 1222 1066 1255 Stricti'o-

374 1277 419 1307 ris
446 1275 675 1309 observantiae
704 1276 889 1318 provinciae
920 1275 951 1308 S.
982 1275 1067 1307 Petri

375 1328 414 1360 de
448 1329 631 1361 Alcanlara
664 1328 700 1360 in
731 1328 897 1370 Hispania
927 1339 947 1359 α
976 1331 1066 1360 sacra

376 1382 626 1423 Conqreqam'one
636 1382 822 1423 approbata,
838 1391 957 1413 necnon
973 1382 1067 1414 aliud

374 1433 555 1466 cardinalis
578 1434 767 1476 protectoris
797 1444 856 1477 pro
880 1444 988 1466 eorum
1012 1434 1065 1467 cle-

373 1491 529 1519 crelorum
556 1487 778 1530 eoeeqtculione.

515 1566 710 1594 Innocentius
730 1566 808 1600 Papa
828 1567 876 1600 XI,

470 1611 506 1638 ad
526 1611 660 1638 futuram
679 1610 724 1638 rei
744 1611 926 1638 memoriam.

375 1682 437 1725 gl.
458 1681 565 1724 Nuper
588 1692 647 1724 pro
672 1687 763 1724 parte
789 1682 895 1714 dilecti
918 1683 974 1715 filii
992 1683 1066 1716 Fer—

331 1734 463 1767 dinandi
489 1735 527 1766 de
552 1733 729 1775 Villadiego
754 1739 786 1766 ct
809 1734 934 1766 Peralta
960 1735 1065 1767 l‘ratris

331 1798 482 1830 expresse
508 1787 645 1830 professi
679 1793 711 1819 ct
740 1787 772 1819 in
805 1787 947 1820 Romana
971 1788 1065 1820 Curia

330 1841 549 1884 procuratoris
574 1841 758 1883 provinciae
784 1841 814 1873 S.
839 1841 923 1873 Petri
950 1842 987 1874 de
1015 1843 1066 1874 Al-

330 1899 460 1926 cantara
491 1894 523 1925 in
548 1893 704 1935 Hispania
740 1894 872 1925 fratrum
909 1894 1063 1926 Mincrum

330 1946 458 1979 Ordinis
485 1946 586 1978 sancti
619 1946 779 1978 Francisci
805 1946 980 1979 Strictioris¹
1004 1947 1065 1979 Oli-

331 1999 508 2031 scrvantiae
537 1999 603 2031 sive
636 1999 906 2032 Discalceatorum
942 2010 1065 2032 nuncu-

331 2057 489 2094 patorum,
509 2051 639 2084 nomine
654 2052 758 2084 dictae
776 2052 968 2094 provinciae,
984 2052 1066 2085 Con-

331 2104 512 2146 gregationi
537 2104 772 2136 venerabilium
791 2105 923 2137 fratrum
940 2110 1065 2137 nostro-

330 2167 401 2188 rum
432 2156 463 2188 S.
491 2156 528 2188 R.
555 2156 589 2188 E.
625 2157 834 2189 cardinalium
867 2158 1008 2199 negotiis
1034 2164 1066 2190 ct

330 2209 623 2241 consultationibus
660 2210 885 2252 cpiscoporum
918 2215 948 2243 et
973 2203 1087 2252 regu-l

330 2262 446 2294 larium
480 2262 680 2304 praepositae
715 2263 881 2305 exposito,
913 2264 998 2305 quod
1032 2263 1063 2295 in

331 2315 469 2357 quodam
502 2315 586 2346 libro
622 2320 767 2347 actorum
799 2320 830 2347 et
861 2316 1063 2348 decretorum

331 2367 546 2408 capitulorum
572 2367 828 2408 proxincialium,
846 2367 1065 2409 congregatio—

331 2430 408 2451 num
433 2419 708 2458 intermcdiarum,
736 2426 767 2452 ct
791 2420 1064 2452 coadunationum

332 2472 571 2515 particularium
605 2472 778 2503 delinitorii
805 2473 967 2515 pra-:satae
993 2482 1066 2514 pro-

332 2524 453 2556 vinciae
478 2525 588 2556 aderat
605 2525 770 2556 decretum
792 2525 923 2567 capituli
942 2525 1066 2568 provin-

918 203 1099 230 BuLLAmUM
1123 203 1275 229 ROMANUM

333 2577 423 2611 ciali:
448 2577 477 2609 iu
505 2583 661 2610 conventu
696 2578 883 2610 tjrauatt21r÷i
909 2578 940 2611 S.
969 2578 1066 2611 Anto-

1115 252 1158 284 nii
1184 252 1324 286 Patavini
1344 253 1395 286 die
1411 264 1450 287 xx
1475 252 1616 287 octobris
1633 264 1778 290 moctxni
1799 266 1847 290 ce-

1114 306 1238 346 lebrati,
1267 307 1345 339 solio
1363 307 1404 339 17
1428 307 1621 350 appositum,
1645 310 1764 342 tenoris
1790 311 1845 353 qui

1113 360 1265 402 sequitur,
1283 360 1450 392 videlicet:
1475 372 1488 391 <i
1509 360 1586 392 Item
1608 367 1706 394 totum
1725 364 1845 405 capitu-

1114 413 1176 443 lum
1195 412 1394 454 provinciale
1412 413 1562 452 decrevit,
1582 413 1668 455 quod
1689 415 1845 458 rescripta

1113 474 1169 496 seu
1194 464 1408 497 instrun‘ienta
1434 465 1621 497 authentica
1641 466 1846 508 capitulatio-

1113 528 1205 555 num,
1234 524 1401 560 pactorum
1427 527 1483 551 Seu
1519 519 1763 551 concordiarum
1789 521 1846 552 ob-

1113 575 1210 609 tenta,
1233 571 1280 602 vel
1299 570 1405 602 sutura
1426 581 1496 604 cum
1522 571 1759 611 ecclesiasticis,
1778 572 1844 605 sive

1112 632 1181 654 cuin
1208 623 1434 662 saecularibus,
1467 629 1501 655 ut
1535 623 1641 663 robur,
1667 625 1846 657 consisten-

1113 675 1186 707 tiam
1206 680 1237 707 et
1256 675 1440 709 firmitatem
1456 676 1605 716 habeant,
1624 677 1720 709 totius
1735 677 1847 710 deuni-

1113 728 1184 760 torii
1214 729 1404 761 auctoritate
1431 735 1463 761 et
1488 740 1649 762 consensu
1674 730 1845 763 exhibean-

1113 785 1162 811 tur
1197 790 1303 813 coram
1335 781 1471 813 testibus
1506 787 1538 813 et
1573 782 1630 814 sub
1663 782 1845 816 tabellionis

1112 832 1232 874 publici
1267 835 1315 866 vel
1347 833 1465 867 notarii
1501 834 1669 876 apostolici
1703 836 1845 868 subscri-

1112 884 1240 926 ptione;
1277 885 1441 927 quaelibet
1475 891 1582 918 aul-em
1618 886 1842 928 instrumenta,

1111 947 1191 978 quae
1224 948 1295 969 cum
1333 938 1444 970 eadem
1479 939 1684 972 solemnitate
1717 944 1750 972 et
1785 950 1846 983 per

1111 990 1214 1021 solum
1246 990 1429 1023 ministrum
1465 991 1695 1033 provincialem
1723 992 1845 1026 suerint

1110 1042 1264 1082 exhibita,
1292 1044 1415 1076 etiamsi
1441 1044 1509 1087 ipse
1533 1045 1683 1079 minister
1709 1051 1845 1079 testetur

1110 1106 1144 1127 se
1169 1096 1208 1128 ad
1234 1096 1296 1128 hoc
1321 1097 1471 1130 habuisse
1505 1108 1700 1132 consensum
1732 1100 1846 1132 unani-

1109 1158 1192 1180 mem
1220 1149 1316 1181 totius
1341 1150 1529 1190 delinitorii,
1556 1151 1675 1183 nullius
1700 1152 1843 1192 roboris,

1109 1201 1282 1234 validitatis
1301 1207 1333 1234 et
1349 1202 1547 1236 substantiae
1566 1203 1645 1237 sint:
1670 1205 1767 1238 frater
1784 1205 1844 1238 GA-

1108 1265 1183 1288 sata
1197 1255 1488 1295 GARCJA,1niiiiste1·
1504 1258 1725 1299 pi'ovincialis;
1746 1260 1844 1292 frater

1111 1307 1301 1341 t‘nmfflscus
1319 1318 1360 1341 DE
1377 1308 1535 1349 Manates,
1556 1315 1649 1353 pater
1674 1316 1706 1344 et
1730 1311 1844 1344 delini-

1110 1366 1178 1400 tor;
1199 1360 1296 1393 frater
1314 1362 1464 1394 Asnnffis
1482 1372 1523 1394 ni:
1541 1363 1694 1396 Attacori
1712 1370 1840 1405 custos;

1111 1414 1209 1446 l'rater
1222 1414 1419 1447 Itouroix'scs
1433 1425 1474 1447 DE
1486 1415 1599 1449 MONTE
1615 1417 1754 1454 Atesim,
1771 1418 1842 1450 dcti-

1110 1466 1207 1506 nitor;
1224 1467 1322 1499 frater
1334 1467 1501 1501 saturon
1515 1478 1556 1501 nu
1570 1469 1708 1509 nonies,
1727 1470 1842 1503 delini-

1110 1525 1173 1559 tor,
1193 1520 1293 1552 frater
1310 1521 1450 1553 Dromos
1465 1521 1570 1554 Pmoz
1591 1522 1743 1556 delinitor
1757 1535 1784 1555 »ς
1804 1534 1841 1556 ac

1109 1573 1260 1605 similiter
1273 1573 1305 1605 in
1320 1574 1465 1616 praefato
1480 1574 1571 1613 libro,
1590 1575 1644 1608 sot.
1663 1575 1734 1616 160,
1750 1584 1842 1619 repe-

1110 1627 1255 1659 riebatur
1270 1627 1357 1660 aliud
1375 1627 1542 1660 decretum
1558 1628 1608 1661 die
1622 1639 1705 1662 xxvn
1720 1629 1842 1662 februa-

1108 1680 1145 1712 rii
1159 1689 1305 1713 nioctxxx
1323 1680 1454 1720 editum,
1474 1681 1595 1713 tenoris
1611 1682 1787 1724 sequentis,
1801 1682 1842 1715 vi-

1108 1733 1244 1765 delicet:
1269 1745 1282 1763 «t
1299 1733 1333 1765 In
1359 1733 1426 1775 ipsa
1451 1744 1548 1776 supra
1566 1735 1668 1767 relata
1693 1735 1744 1768 die
1763 1746 1841 1769 xxm

1109 1786 1260 1818 februarii
1277 1796 1422 1819 muctxxx
1439 1796 1511 1818 suas
1529 1786 1747 1820 definitorium
1765 1798 1842 1821 con-

1109 1839 1214 1871 serens
1229 1839 1421 1881 capitulares
1434 1839 1604 1879 sessiones,
1620 1839 1649 1871 in
1666 1840 1725 1872 hac
1741 1841 1841 1873 novis-

1107 1891 1185 1924 sima
1205 1891 1406 1934 subsequens
1425 1891 1589 1924 decretum
1611 1903 1667 1925 scu
1688 1898 1841 1927 statutum

1108 1945 1270 1977 condidit:
1292 1944 1367 1976 Cum
1387 1955 1423 1977 ex
1441 1945 1523 1979 libro
1549 1945 1718 1988 capitulari
1744 1946 1840 1978 huius

1107 1997 1305 2041 provinciae,
1329 2007 1404 2040 pag.
1431 1997 1482 2037 47,
1514 2003 1642 2030 constet
1666 1998 1841 2041 capitulum

1107 2051 1302 2093 provinciale
1327 2050 1359 2082 in
1380 2050 1441 2082 hoc
1466 2049 1655 2083 Granatensi
1680 2057 1841 2084 conventu

1108 2103 1170 2136 divi
1203 2103 1334 2135 Antonii
1370 2103 1512 2135 Patavini
1548 2103 1598 2136 die
1630 2114 1670 2137 xx
1700 2104 1841 2137 octobris

1107 2166 1252 2190 noemin
1278 2156 1474 2189 celebratum
1510 2157 1692 2189 decrevisse
1706 2156 1724 2198 ¹,
1753 2157 1841 2200 quod

1108 2214 1254 2252 patentes
1279 2214 1311 2241 ct
1334 2208 1541 2241 authenticae
1567 2209 1692 2242 litterae
1718 2210 1842 2252 capitu-

1107 2264 1211 2295 lorum
1234 2263 1284 2294 vel
1309 2262 1570 2302 concordiarum,
1596 2262 1661 2295 sive
1689 2273 1759 2294 cum
1788 2273 1841 2295 ec-

1107 2315 1311 2355 clesiasticis,
1338 2314 1404 2347 sive
1430 2325 1503 2347 cum
1538 2315 1778 2355 saecularibus,
1805 2319 1842 2347 u'.

1107 2367 1288 2400 lirrnitatem
1313 2373 1344 2400 et
1367 2367 1579 2400 substantiam
1605 2368 1759 2406 habeant,
1787 2367 1841 2400 de-

1108 2420 1247 2452 linitorio
1272 2421 1390 2462 pleno,
1416 2419 1545 2452 nemine
1571 2420 1784 2462 discrepante,
1810 2424 1842 2452 et

1107 2472 1302 2505 unanimiter
1327 2473 1571 2514 consentiente,
1597 2473 1785 2514 firmentur,
1809 2477 1842 2506 et

1146 2588 1154 2612 l
1179 2586 1247 2613 Edit.
1270 2586 1347 2613 Maiu.
1370 2587 1432 2622 legit
1454 2587 1618 2615 decret-isset
1636 2587 1674 2622 (n.
1695 2587 1744 2619 T.)-

1844 204 1893 232 An.
1914 203 1944 232 C.
1970 202 2038 233 ¹880
