2111 3157
152 182 206 209 An.
227 181 256 208 c.
273 180 343 208 1080
388 171 452 206 078

346 230 485 268 insu-ma,
512 227 601 262 irrita
627 234 657 262 et
681 229 771 261 nulla
796 228 934 260 existere
953 233 984 259 et
1004 227 1080 266 sore,

347 289 379 316 et
405 284 467 316 illis
492 284 623 316 minime
650 281 854 315 obstantibus
881 285 997 312 statum
1025 290 1083 312 no-

345 348 402 370 vae
429 336 592 373 ecclesiae,
633 334 867 378 cappellaniae,
900 332 1082 366 officiorum

347 396 377 423 et
402 389 652 422 ministeriorum
678 387 863 420 huiusmodi
884 386 914 418 in
934 385 1083 418 omnibus

346 450 377 476 et
403 454 460 486 per
484 442 602 480 omnia,
637 446 735 483 prout
766 439 991 483 praesentibus
1022 439 1084 471 dis-

347 496 487 539 ponitur,
515 496 664 528 illaesum
690 499 721 526 et
746 493 980 526 immutabilem
1013 502 1085 535 per-

347 555 445 593 petuo
486 558 680 592 permanere
717 552 749 579 et
783 547 901 579 servari
945 546 1083 585 debere,

346 609 446 641 motu,
473 601 617 640 scientia,
643 600 891 638 deliberatione,
916 598 1083 642 potestatis

347 656 552 700 plenitudine
579 660 609 688 et
636 660 746 687 tenore
765 653 952 697 praedictis,
975 652 1086 685 decer-

348 710 464 748 nimus,
491 709 694 741 declaramus
714 712 745 739 ct
762 706 1027 750 pronunciamus

194 770 251 795 orm
266 769 336 791 utendi
393 763 406 806 ἓ
443 761 474 794 5.
513 761 660 794 Ceterum
696 760 727 792 in
764 760 883 802 pleni,
917 758 1021 791 libera
1054 764 1085 790 et

153 802 336 844 iifniusa‘ssii'
349 815 535 848 omnimoda
564 818 723 857 potestat<
749 823 827 844 mer
819 815 900 855 aque
934 812 1083 844 facultate

152 857 176 878 Ρ
169 851 287 872 “mmm
348 869 426 902 dicti
444 868 521 901 Livii
545 867 644 907 ducis,
663 867 799 909 eiusque
819 864 1084 899 descendentium

348 933 383 955 ac
408 922 586 955 haeredum
612 927 644 954 et
673 930 901 953 successorum
933 929 1085 962 quorum-

348 987 486 1019 cumque
512 976 616 1009 dictae
645 985 747 1007 novae
783 973 941 1007 ecclesiae
977 978 1085 1016 patro-

348 1040 465 1063 norum
498 1039 556 1072 pro
590 1034 736 1070 tempore
773 1026 987 1066 existentium,
1014 1036 1084 1058 esse

347 1084 495 1116 volumus
521 1081 741 1125 supradictum
768 1091 849 1123 opus
879 1079 968 1122 pium
1002 1079 1086 1112 exei-

347 1135 458 1179 piendi
485 1135 627 1178 hospitio
649 1139 681 1167 et
698 1134 806 1167 alendi
824 1143 983 1176 pauperes
1002 1143 1087 1166 men-

348 1189 435 1222 dicos
460 1199 521 1232 per
545 1188 662 1221 Urbem
692 1192 844 1229 vagantes
878 1187 963 1229 apud
1000 1197 1084 1219 eam-

348 1242 420 1275 dem
441 1253 553 1275 novam
572 1241 753 1279 ecclesiam,
771 1240 923 1284 quamdiu
951 1245 981 1272 et
1009 1250 1087 1282 qua-

347 1300 443 1328 tenus
467 1305 503 1328 ac
527 1300 625 1337 prout
649 1294 694 1326 eis
723 1293 876 1334 libuerit,
911 1292 1008 1325 etiam
1042 1292 1087 1325 vi-

348 1349 426 1381 carii
452 1347 587 1392 praefati
618 1353 670 1380 aut
699 1347 928 1389 cuiuscumque
954 1345 1086 1379 alterius

347 1401 480 1434 licentia
506 1401 646 1444 desuper
662 1400 794 1433 minime
813 1399 978 1443 requisita,
998 1409 1087 1432 excr-

348 1464 422 1487 cere
447 1465 502 1487 seu
523 1454 670 1487 exerceri
695 1454 820 1493 sacere;
848 1453 891 1485 ita
917 1458 1021 1485 tamen
1053 1458 1087 1484 ut

348 1517 431 1551 opus
464 1508 553 1551 pium
580 1506 785 1545 huiusmodi,
814 1506 1085 1548 quandocumque

348 1561 395 1594 eis
410 1571 558 1594 eorumve
569 1560 699 1593 cuilibet
713 1559 879 1603 placuerit,
892 1559 1042 1592 omittere
1056 1565 1086 1592 et

347 1615 545 1655 relinquere,
576 1614 614 1646 ab
644 1613 731 1646 illius
757 1613 910 1646 exercitio
936 1618 968 1645 et
987 1613 1087 1645 eonti-

347 1667 502 1700 nuatione
531 1677 657 1700 cessare
681 1668 821 1703 valeant,
849 1676 909 1698 nec
937 1666 976 1698 ad
1006 1665 1084 1698 illud

349 1720 616 1759 continuandum,
634 1720 758 1752 tametsi
783 1719 830 1752 itu
833 1720 861 1752 td
881 1729 939 1762 per
954 1720 1085 1761 longum

926 179 1105 203 nt'LLAntz‘M
1128 178 1280 203 ROMANUM

1124 227 1247 260 dolibet
1271 227 1534 271 praetendentes,
1549 227 1613 261 illis
1636 220 1702 262 non
1725 239 1862 264 consen-

1125 281 1236 320 serint,
1256 290 1315 313 nec
1339 280 1377 313 ad
1396 291 1434 313 ea
1457 281 1570 321 vocati,
1587 281 1674 315 citati
1695 288 1726 316 et
1749 284 1860 326 auditi,

1124 344 1231 377 neque
1263 344 1387 373 causae,
1408 340 1543 378 propter
1574 345 1654 379 quas
1674 328 1877 379 praesentes*

1126 387 1314 427 emanarint,
1340 387 1507 428 adductae,
1534 393 1566 421 et
1590 399 1696 422 coram
1717 390 1862 433 praefato

1125 440 1218 472 Urbis
1237 440 1369 479 vicario,
1390 441 1520 484 alioque
1545 442 1704 484 quolibet,
1720 443 1864 477 verifica-

1126 499 1175 526 tae
1212 498 1243 526 et
1278 493 1466 526 iustificatae
1499 494 1630 534 suerint,
1661 500 1716 528 aut
1740 506 1776 529 ex
1801 497 1862 531 alia

1127 547 1271 589 qualibet
1306 547 1402 580 etiam
1424 547 1626 590 quantumvis
1649 547 1799 590 iuridical,
1817 551 1864 584 le-

1127 599 1253 641 gitima,
1290 600 1352 643 pia,
1391 599 1560 632 favorabili
1597 605 1627 633 et
1662 601 1865 645 privilegiata

1127 655 1231 692 causa,
1259 654 1380 693 colore,
1399 658 1568 695 praetextu
1587 658 1619 686 et
1635 654 1749 697 capite,
1767 655 1865 688 etiam

1126 705 1158 737 in
1184 716 1321 748 corpore
1343 706 1421 738 iuris
1443 707 1562 744 clauso,
1587 707 1683 740 etiam
1709 708 1863 749 enormis,

1127 758 1368 791 enormissimae
1388 764 1419 791 et
1436 759 1544 792 totaHs
1561 760 1727 802 laesionis,
1745 771 1781 793 ac
1798 771 1866 804 gra·

1126 811 1246 844 vissimi
1272 811 1478 855 praeiudicii,
1505 813 1594 846 nullo
1618 823 1760 856 unquam
1785 820 1867 848 tem-

1126 875 1205 908 pore
1237 864 1276 897 de
1313 865 1535 908 subreptionis
1577 867 1628 899 vel
1663 867 1866 911 obreptionis

1127 923 1181 950 aut
1205 918 1362 951 nullitatis
1391 918 1490 958 vitio,
1512 930 1568 952 seu
1594 919 1784 954 intentionis
1809 931 1867 954 no-

1128 976 1212 1004 strae
1250 976 1303 1004 aut
1334 971 1492 1004 interesse
1517 972 1708 1006 habentium
1733 984 1867 1007 eonsen-

1128 1034 1193 1062 sttS,
1219 1024 1323 1057 aliove
1348 1025 1505 1067 quolibet,
1540 1025 1636 1058 etiarn
1663 1026 1868 1068 quantumvis

1128 1087 1246 1119 magno
1271 1082 1303 1110 et
1327 1077 1540 1117 substantiali,
1568 1088 1604 1111 ac
1629 1077 1803 1121 incogitato
1836 1084 1869 1112 et

1129 1129 1380 1172 inexcogitabili,
1403 1130 1666 1175 individuamque
1689 1132 1869 1176 expressio-

1128 1194 1202 1216 nem
1238 1184 1425 1226 requirente
1462 1184 1590 1217 deseetu
1616 1185 1731 1226 notari,
1757 1184 1866 1230 impu·

1129 1237 1231 1279 gnari,
1258 1237 1399 1279 infringi,
1422 1237 1604 1279 retraetari,
1627 1238 1815 1279 modificari,
1834 1239 1868 1273 in

1129 1290 1380 1325 controversiam
1409 1290 1527 1331 vocari,
1553 1301 1610 1324 seu
1645 1292 1684 1324 ad
1711 1292 1868 1326 terminos

1129 1343 1207 1375 iuris
1233 1343 1357 1384 reduci,
1385 1344 1452 1377 sive
1479 1344 1631 1378 adversus
1663 1344 1735 1379 illas
1761 1345 1870 1390 aperi-

1131 1396 1226 1429 tionis
1252 1397 1340 1437 oris,
1378 1398 1593 1431 restitutionis
1629 1398 1662 1431 in
1694 1399 1868 1442 integrum,

1130 1450 1283 1493 aliudque
1308 1451 1537 1494 quodcumque
1556 1451 1635 1484 iuris
1660 1457 1692 1485 et
1716 1452 1788 1485 sacti
1817 1453 1868 1487 vel

1129 1504 1251 1545 gratiae
1272 1505 1453 1537 remedium
1479 1505 1629 1538 intentari
1648 1507 1697 1539 vel
1716 1505 1870 1550 impetra-

1130 1556 1166 1594 ri,
1192 1568 1247 1589 sou
1269 1558 1365 1590 etiam
1391 1564 1491 1598 motu,
1514 1558 1651 1592 seientia
1677 1564 1709 1592 et
1731 1565 1870 1602 potesta-

1130 1610 1168 1642 tis
1205 1611 1412 1653 plenitudine
1450 1611 1582 1654 paribus
1620 1622 1779 1646 concesso
1816 1614 1868 1647 vel

1130 1671 1277 1698 emanato
1298 1664 1483 1735 quempiam
1508 1665 1541 1698 in
1566 1665 1688 1700 iudicio
1711 1667 1760 1700 vel
1779 1672 1869 1701 extra

1130 1718 1208 1751 illud
1234 1718 1291 1759 uti,
1318 1717 1389 1751 seu¹
1416 1718 1523 1752 iuvare
1547 1720 1613 1753 ullo
1638 1719 1735 1753 modo
1761 1730 1866 1764 posse,

349 1780 381 1808 et
405 1774 628 1816 longissimum
654 1774 749 1806 etiam
777 1779 906 1806 centum
927 1783 1085 1806 annorum
1106 1791 1109 1810 1
1130 1782 1235 1814 neque
1260 1772 1348 1815 ipsas
1367 1783 1405 1815 pi
1408 1778 1556 1805 iesentes
1578 1773 1702 1806 litteras
1720 1773 1780 1806 sub
1797 1772 1868 1818 qui-

350 1832 474 1871 tempus
504 1828 687 1861 exercuisse
714 1833 746 1860 et
777 1826 921 1859 exerceri
957 1837 1086 1859 curasse
1107 1844 1109 1863 ,
1129 1826 1237 1858 busvis
1263 1825 1419 1858 similium
1443 1826 1492 1858 vel
1519 1825 1724 1859 dissimilium
1752 1825 1869 1861 contir-

348 1882 579 1924 reperirentur,
605 1892 622 1913 a
647 1891 810 1924 quoquam
844 1881 911 1913 ullo
944 1891 1085 1923 unquam

349 1940 495 1977 tempore
521 1934 771 1977 quomodolibet
807 1934 878 1976 cogi
909 1935 959 1967 vel
993 1944 1083 1966 com-

1107 1865 1109 1890 Ι
1130 1878 1322 1917 mationum,

1107 1899 1111 1989 Ι

1361 1878 1615 1918 abdicationum,
1653 1879 1866 1920 evectionum,

1130 1932 1392 1975 applicationuin,
1417 1906 1686 1972 reservationium,
1719 1932 1869 1965 aliarum-

348 1989 439 2032 pelli,
465 1994 520 2021 aut
545 1988 686 2031 desuper
711 1987 824 2030 quovis
857 1988 954 2020 modo
987 1989 1088 2021 mole-
1106 1998 1110 2031 g
1130 1996 1190 2028 que
1223 1985 1399 2027 gratiarum
1430 1990 1461 2017 et
1493 1985 1745 2028 dispositionum
1774 1997 1868 2020 revo-

349 2042 434 2080 stari,
461 2041 646 2084 perturbari
673 2042 722 2073 rel
749 2041 925 2084 inquietari
947 2041 1083 2084 possint.
1106 2034 1319 2089 leationibus,
1353 2038 1612 2080 limitationibus,
1644 2039 1869 2083 suspensioni-

177 2099 297 2122 clausulae.

350 2155 457 2182 sentes
482 2148 618 2187 litteras,
638 2152 670 2180 et
690 2147 721 2179 in
747 2148 792 2180 eis
815 2152 967 2180 contenta
992 2158 1087 2190 quae-

350 2211 509 2244 cumque,
537 2201 632 2234 etiam
654 2211 691 2233 ex
717 2211 754 2233 eo
788 2200 875 2243 quod
907 2200 1085 2243 supradicti

350 2254 458 2287 clerici
483 2255 660 2296 regulares,
688 2264 865 2296 eorumque
892 2253 1087 2295 superiores,

352 2313 384 2340 et
409 2308 557 2340 homines
583 2313 611 2340 et
639 2307 791 2340 officiales
825 2307 928 2339 dictae
961 2307 1088 2339 univer-

351 2361 452 2393 sitatis
477 2361 758 2401 Candelariorum,
786 2366 818 2393 et
848 2360 901 2393 alii
928 2360 1084 2404 quilibet,

353 2413 584 2457 cuiuscumque
620 2419 738 2454 status,
778 2414 914 2456 gradus,
951 2413 1086 2453 ordinis,

353 2466 624 2509 praeeminentiae
660 2469 710 2500 vel
736 2467 902 2509 dignitatis
927 2466 1086 2505 existant,

355 2519 387 2552 in
414 2520 601 2562 praemissis
632 2522 680 2553 vel
702 2532 811 2553 eorum
831 2521 939 2564 aliquo
964 2519 1013 2552 ius
1040 2521 1086 2553 vel

355 2572 513 2608 interesse
539 2573 695 2607 habentes
719 2585 773 2607 scu
805 2575 926 2608 habere
956 2584 1088 2619 quomo-

393 2096 407 2139 ἓ
428 2095 459 2128 6.
479 2094 687 2128 Decernimus
707 2095 827 2137 pariter
848 2095 974 2127 easdem
995 2105 1087 2138 prae·
1106 2092 1109 2120 t
1129 2092 1197 2132 bus,
1222 2093 1356 2136 aliisque
1392 2092 1563 2126 contrariis
1600 2092 1867 2136 dispositionibus

1129 2146 1363 2188 comprehendi
1383 2151 1438 2179 aut
1458 2146 1712 2190 comprehensas
1729 2145 1865 2188 censeri,

1129 2200 1184 2232 sed
1203 2210 1332 2243 semper
1353 2201 1393 2233 ab
1414 2200 1478 2233 illis
1499 2205 1660 2244 exceptas,
1679 2205 1720 2240 et,
1739 2199 1866 2244 quoties

1130 2253 1204 2286 illae
1231 2253 1458 2293 emanaverint,
1478 2254 1573 2287 toties
1594 2253 1625 2286 in
1643 2253 1816 2297 pristinum
1833 2258 1867 2288 et

1129 2307 1364 2339 validissimum
1390 2313 1508 2340 statum
1526 2307 1689 2348 restituas,
1705 2307 1885 2351 repositas,

1130 2365 1160 2392 et
1194 2361 1338 2403 plenarie
1375 2361 1604 2404 reintegratus,
1631 2371 1668 2393 ae
1700 2360 1799 2394 etiarn
1825 2359 1866 2394 de

1131 2423 1212 2445 noro
1244 2413 1302 2445 sub
1334 2424 1536 2458 quacumque
1569 2413 1744 2457 posteriori
1769 2413 1856 2450 data,

1131 2476 1187 2509 per
1211 2467 1392 2510 praefatum
1413 2468 1535 2501 Livium
1561 2467 1693 2509 ducem,
1723 2472 1862 2502 ceteros·

1167 2584 1175 2609 l
1200 2583 1280 2611 Deest
1299 2583 1393 2613 vocuta
1412 2592 1439 2612 se
1459 2584 1499 2622 (n.
1515 2588 1584 2622 τψ.ν

1865 177 1917 206 An.
1938 178 1965 207 C.
1984 180 2049 210 1686
