2111 3157
157 195 192 222 An
223 195 249 221 r..
277 194 341 221 uso
388 184 453 218 032

521 245 717 273 Innocentius
743 243 917 278 Episcopus,

534 298 640 318 servus
661 296 814 317 servorum
834 289 897 320 Dei,

468 337 504 363 nd
530 339 704 369 perpetuam
723 335 768 361 rei
788 333 969 361 memoriam.

394 407 489 440 Decet
514 407 694 439 Romanum
721 405 920 444 Pontificem,
946 409 989 445 ut,
1008 405 1091 438 sieut

349 471 384 493 ex
412 460 580 502 impositae
611 459 671 490 sibi
704 458 858 491 divinitus
889 457 1089 501 apostolicae

348 513 511 545 servitutis
538 512 644 544 officio
671 512 765 544 totius
799 511 953 545 dominici
979 511 1088 554 gregis

348 565 540 598 utilitatibus
578 565 804 597 indesinenter
841 564 1019 604 incumbit,
1056 563 1088 596 in

350 619 458 651 Alutae
485 618 579 651 Urbis
612 628 647 651 ae
672 618 703 650 in
727 619 763 649 ea
797 617 1002 660 litigantium,
1029 627 1088 649 nee

348 682 411 705 non
438 682 571 704 suorum
590 677 621 704 et
642 671 846 714 Apostsdicae
872 670 964 703 Sedis
990 670 1086 702 etiam

348 725 453 768 quoad
481 724 674 768 temporalia
707 724 912 757 subditorum
946 732 1089 756 commo-

350 778 408 818 dis,
431 778 515 810 circa
540 788 576 810 ea
602 777 794 821 praesertim
813 787 897 821 quae
915 776 1086 809 meliorem

348 841 383 863 ac
400 832 591 864 celeriorem
608 831 746 863 iustitiae
765 830 1086 870 administrationem,

347 885 501 917 resecatis
526 885 699 928 superfluis
725 883 926 923 circuitibus,
953 882 1088 915 sublatis

348 937 573 980 subterfugiis,
607 937 854 979 reformatisque
891 935 1086 978 litigantium

349 991 522 1035 expensis,
551 996 769 1029 concernunt,
797 989 946 1023 sollicitis
971 989 1087 1021 studiis

348 1044 505 1082 intendat,
530 1048 565 1075 ut
589 1043 613 1075 si
640 1053 722 1085 quae
748 1052 807 1086 per
841 1052 915 1074 suos
952 1042 1088 1084 praede-

348 1107 495 1129 cessores
514 1107 572 1139 pro
590 1096 674 1128 felici
696 1095 898 1138 reipublicae
917 1100 1000 1127 statu
1019 1105 1089 1138 pro-

347 1150 418 1182 vide
445 1149 566 1181 sancita
585 1150 676 1192 lapsu
704 1149 861 1192 temporis
883 1148 915 1181 in
936 1148 1089 1181 desuetu-

348 1203 455 1235 dinem
483 1202 602 1235 abiisse
641 1202 706 1234 visa
735 1212 791 1234 seu
825 1201 1003 1234 deformata
1037 1202 1087 1234 vel

348 1257 520 1298 depravata
546 1255 680 1295 fuerint,
706 1264 870 1297 congruae
896 1253 1089 1287 declaratio-

347 1309 396 1341 nis
425 1319 481 1341 seu
508 1308 748 1341 reformationis
779 1318 850 1351 ope,
877 1307 1013 1350 pristino
1039 1307 1088 1339 ni-

349 1361 408 1394 tori
431 1372 467 1394 ac
491 1361 593 1404 vigori
620 1360 856 1400 restituantur;
887 1359 911 1392 si
934 1371 1015 1403 quac
1034 1371 1088 1392 au-

348 1421 411 1447 tern
438 1415 476 1448 de
498 1425 580 1448 novo
606 1414 816 1454 emerserint,
836 1423 927 1457 quae,
949 1419 983 1445 ut
1008 1419 1087 1446 tem-

345 1472 462 1511 porum
489 1468 549 1500 fert
574 1467 728 1506 conditio,
750 1477 833 1500 novo
859 1466 978 1499 auxilio
1004 1466 1087 1498 indi-

348 1531 424 1564 gere
458 1526 642 1559 noscantur,
669 1525 873 1563 opportunae
909 1520 1085 1554 sanctionis

347 1585 402 1607 seu
436 1574 632 1617 provisionis
664 1573 807 1606 remedio
840 1578 1032 1616 reparentur
1056 1579 1087 1606 et

348 1629 546 1664 muniantur.

188 1691 283 1720 inanum
300 1677 341 1710 tut¹¹
391 1682 406 1724 ξ
429 1680 459 1713 1.
487 1680 568 1713 Hinc
591 1685 640 1713 est
664 1681 749 1724 quod
775 1690 834 1713 nos
860 1679 899 1713 ab
923 1680 1086 1724 ipsoestis-

153 1720 454 1777 ffffsffssz'tf'ass{cepti‚
479 1734 603 1766 meritis
628 1734 705 1766 licet
736 1733 936 1776 imparibus,
961 1733 1087 1766 univer-

153 1772 213 1817 liiss'l'
233 1778 237 1780 ’
259 1773 337 1817 ustie?
348 1788 422 1820 salis
442 1787 604 1820 Ecclesiae
631 1787 801 1830 regiminis
826 1787 1017 1830 primordio,
1042 1788 1087 1820 fe-

155 1824 417 1874 si‘iisstffdffl'tfiffllicis
454 1840 692 1873 recordationis
727 1840 818 1873 Pauli
848 1839 912 1885 PF.
940 1840 963 1872 V
993 1851 1086 1884 prae-

153 1882 270 1897 ⁸¹⁴⁵⁰ffl⁰'
349 1894 528 1927 decessoris
568 1893 671 1926 nostri
712 1904 811 1937 super
854 1894 1086 1928 reformatione

348 1947 557 1979 tribunalium
579 1946 674 1979 Urbis
692 1947 856 1990 praefatae
886 1946 1021 1990 eiusque
1040 1947 1087 1980 of-

347 1999 499 2032 ficialium
527 2000 646 2032 editam
679 1999 943 2032 constitutionem
975 2000 1088 2033 incon-

349 2063 440 2085 cusse
461 2053 589 2093 servari,
617 2063 738 2093 omnes,
757 2053 811 2096 qui
839 2053 871 2085 in
889 2053 1087 2085 contrarium

348 2105 565 2149 irrepsissent,
584 2106 704 2138 abusus
719 2106 853 2145 aboleri,
871 2111 1089 2149 opportunas-

349 2169 411 2201 que
431 2160 678 2199 declarationes,
697 2159 947 2192 reformationes
966 2165 997 2192 et
1013 2170 1088 2203 pro-

348 2212 507 2252 visiones,
535 2223 615 2255 quae
642 2213 679 2245 ad
707 2218 839 2253 rectam,
866 2212 967 2255 magis
993 2223 1088 2256 expe-

349 2265 461 2305 ditam,
484 2266 652 2309 minusque
678 2266 920 2309 dispendiosam
945 2266 1087 2299 iustitiae

181 417 302 438 Eur-lituu.

348 2335 380 2362 pe
400 2328 610 2355 ti11›·tadomuia
627 2328 786 2355 tribunalia:
805 2328 831 2354 in
849 2328 935 2354 Clem.
951 2328 985 2354 lX
1000 2332 1086 2355 const.

349 2371 418 2397 edit-:i
439 2378 570 2405 MDCLlel,
588 2372 630 2398 die
655 2374 662 2398 t
683 2372 853 2407 septembris,
871 2372 964 2407 pontif.
982 2379 999 2405 t,
1016 2376 1088 2399 extat

349 2416 504 2442 ref-rniatio
524 2416 667 2442 tribunalis
692 2416 793 2451 Burgi3
818 2420 845 2443 ct
871 2416 1018 2443 innocentii
1044 2416 1085 2443 ΧΗ

349 2461 457 2486 constit.
474 2461 544 2487 edita
558 2468 671 2493 nomeu,
694 2462 737 2488 die
756 2462 784 2486 31
814 2462 932 2496 augusti,
958 2462 1052 2496 pontif.
1068 2468 1086 2494 1,

350 2504 473 2530 reductio
493 2505 667 2531 tribunalium
684 2505 717 2531 ad
732 2505 772 2532 ius
793 2514 953 2538 commune3
979 2507 1086 2532 constit.

353 2557 415 2575 vero
435 2548 504 2575 edita
525 2556 640 2581 nucxcu,
653 2550 695 2576 die
712 2551 743 2577 19
763 2550 931 2583 novembris,
947 2550 1042 2585 pontif.
1058 2557 1086 2583 lt,

351 2593 507 2622 reformatio
528 2593 668 2620 tribunalis
690 2594 802 2619 viarum.

1079 2625 1097 2633 ω
1105 2630 1107 2633 ,

931 193 1111 218 antemium
1134 193 1286 218 nomnen

1870 199 1920 225 An.
1941 199 1970 227 G.
1992 200 2057 230 ¹689

1132 242 1447 277 administrationem
1463 245 1657 285 conferrent,
1677 247 1800 290 expleri
1816 257 1870 281 eu·

1132 297 1276 340 pientes,
1301 298 1592 342 Congregationem
1626 301 1868 336 reformationis

1133 352 1341 385 tribunalium
1368 352 1471 386 dietae
1498 353 1591 387 Urbis
1617 355 1755 398 singulis
1779 367 1867 390 111611-

1131 404 1221 437 sibus
1248 405 1362 438 haberi
1387 406 1605 450 praecipimus
1621 419 1629 447 ;
1648 407 1794 452 factaque
1811 419 1870 444 no-

1132 457 1181 490 bis
1215 459 1423 501 postmodum
1457 459 1508 492 die
1545 470 1581 493 111
1606 460 1685 493 iunii
1710 471 1870 496 nncnxxix

1132 512 1251 554 duplici
1271 512 1439 553 relatione,
1457 513 1587 546 decreta
1603 514 1643 546 ab
1661 515 1774 548 eadem
1792 515 1870 548 Con-

1131 565 1322 608 gregatione
1359 576 1504 609 eousque
1532 572 1680 599 emanata
1714 570 1870 611 approba-

1131 618 1245 658 vimus,
1272 620 1496 662 nonnullaque
1521 629 1556 651 ex
1583 619 1648 652 illis
1679 620 1718 653 ad
1743 621 1869 654 univer-

1130 681 1199 703 suin
1223 671 1345 704 Statum
1362 677 1507 704 nostrum
1531 672 1789 707 Ecclesiasticum
1810 675 1870 708 lta-

1131 724 1191 756 liae
1213 725 1414 757 extendimus
1438 730 1470 757 et
1494 725 1728 768 ampliavimus,
1746 726 1870 770 illaque

1130 776 1239 810 omnia
1262 778 1434 820 publicari,
1453 788 1489 811 ae
1507 778 1567 811 sub
1584 779 1698 822 poenis
1724 779 1757 812 in
1778 790 1870 823 prae-

1132 831 1194 863 fata
1218 831 1385 864 memorati
1404 831 1493 864 Pauli
1518 832 1780 874 praedecessoris
1798 843 1871 866 con-

1131 884 1301 917 stitutione
1327 884 1500 924 contentis,
1517 895 1578 917 nec
1596 895 1661 918 non
1681 885 1767 925 aliis,
1786 895 1870 929 quae

1132 937 1164 970 in
1199 937 1316 971 iisdem
1352 938 1490 971 decretis
1526 938 1696 980 impositae
1729 939 1868 979 fuerant,

1131 990 1313 1034 ceterisque
1338 996 1451 1023 nostro
1476 992 1526 1023 vel
1552 990 1687 1024 Romani
1708 991 1870 1025 Pontificis

1132 1054 1190 1086 pro
1215 1049 1362 1086 tempore
1387 1043 1554 1076 existentis
1591 1044 1726 1077 arbitrio
1762 1044 1871 1078 iniun-

1131 1097 1258 1140 gemiis,
1284 1097 1317 1130 in
1343 1097 1429 1130 Urbe
1462 1103 1494 1130 et
1517 1097 1606 1130 Statu
1638 1097 1793 1141 praefatis
1817 1108 1869 1132 re-

1130 1151 1273 1193 spective
1303 1156 1412 1183 exacte
1442 1150 1603 1183 abservari
1633 1150 1884 1197 mandavimus,

1130 1202 1272 1235 Subinde
1298 1208 1404 1235 autem
1429 1203 1615 1246 supradicta
1639 1202 1867 1245 Congregatio,
1879 1210 2060 1260 n.?2‘'a⁰‘²i21{'}s‚⁰.{2

1130 1267 1201 1289 cum
1227 1256 1266 1292 de
1291 1256 1403 1289 eadem
1422 1256 1653 1290 reformatione
1670 1256 1755 1289 serio
1771 1266 1869 1298 agere
1879 1266 1920 1285 tur-

1132 1318 1197 1342 non
1213 1309 1384 1349 destiterit„
1402 1319 1437 1342 ac
1454 1309 1612 1352 quaedam
1630 1319 1665 1342 ex
1683 1309 1868 1342 memoratis

1129 1362 1278 1401 decretis,
1305 1372 1407 1405 eaque
1434 1362 1603 1404 signanter
1628 1372 1728 1405 super
1751 1362 1870 1395 subha-

1130 1414 1324 1447 stationihus
1335 1414 1689 1453 edita‚rationabilibus
1703 1425 1738 1447 ex
1754 1415 1869 1455 causis,

1130 1478 1165 1499 ac
1191 1467 1389 1511 experientia
1407 1467 1451 1500 ita
1466 1468 1633 1507 suadente,
1650 1467 1787 1501 delenda
1811 1478 1869 1501 seu

1130 1521 1322 1561 revocanda,
1353 1520 1414 1553 alia
1434 1520 1583 1554 similiter
1600 1521 1794 1554 declaranda
1812 1531 1869 1554 seu

1129 1573 1346 1613 reformanda,
1371 1574 1530 1606 nonnulla
1557 1574 1685 1606 demum
1703 1573 1797 1606 etiam
1816 1573 1870 1606 ad-

1128 1627 1235 1660 denda
1259 1626 1435 1667 censuerit,
1461 1631 1534 1670 post
1557 1637 1676 1659 novum
1701 1625 1869 1669 multiplex

1129 1686 1160 1713 et
1184 1685 1330 1713 exactum
1354 1691 1498 1721 examen,
1525 1674 1655 1713 decreta
1680 1679 1869 1713 huiusmodi

1129 1732 1160 1766 in
1180 1738 1372 1776 sequentem
1391 1733 1527 1766 formam
1547 1733 1682 1776 redegit,
1699 1733 1868 1766 videlicet:

1233 1793 1277 1821 De
1299 1791 1445 1829 Capilolz'o,
1465 1792 1577 1830 eiusque
1598 1791 1771 1831 officialibus.

1172 1840 1301 1873 Pluries
1327 1840 1509 1872 examinata
1527 1840 1708 1873 directione
1733 1839 1794 1873 fori
1812 1850 1870 1874 seu

1129 1893 1300 1926 tribunalis
1318 1892 1502 1936 Capitolini,
1523 1897 1555 1925 et
1572 1893 1736 1936 quomodo
1757 1903 1871 1926 occur-

1130 1947 1266 1979 rendum
1291 1946 1333 1980 sit
1357 1946 1518 1990 aliquibus
1550 1946 1867 1988 inconvenientibus,

1130 2012 1211 2043 quae
1235 2000 1322 2034 circa
1347 2004 1489 2032 mentem
1513 2004 1545 2032 et
1570 2010 1702 2032 sensum
1727 2004 1871 2032 statuen-

1132 2054 1209 2086 tium
1227 2058 1259 2086 et
1275 2052 1543 2085 calumniatorum
1562 2052 1685 2085 malitia
1697 2051 1869 2095 irrepsisse

1130 2107 1293 2147 videntur,
1329 2106 1499 2138 deventum
1535 2110 1584 2138 est
1619 2106 1659 2139 ad
1694 2110 1868 2148 sequentes

1131 2159 1352 2193 resolutiones
1378 2165 1409 2191 et
1433 2158 1636 2202 provisiones
1653 2157 1674 2191 ¹.

1173 2213 1292 2252 Primo,
1310 2217 1345 2244 ut
1370 2211 1402 2244 in
1428 2212 1542 2252 causis,
1564 2212 1596 2244 in
1617 2212 1733 2255 quibus
1752 2223 1789 2246 ex
1805 2213 1869 2247 dis·

1130 2265 1294 2309 positione
1320 2265 1454 2299 omnino
1484 2265 1608 2298 tollitur
1631 2275 1668 2298 ac
1689 2266 1869 2309 denegatur

1130 2318 1324 2362 appellatio,
1364 2318 1429 2351 sive
1469 2318 1556 2361 quod
1595 2318 1651 2351 illa
1689 2319 1867 2362 respective

1130 2372 1322 2405 conceditur
1346 2371 1386 2405 ad
1411 2372 1516 2405 solum
1542 2371 1691 2405 effectum
1716 2372 1868 2406 resoluti-

1906 2217 1936 2241 De
1955 2221 2059 2242 uenatore.

1165 2461 1177 2486 1
1204 2459 1270 2487 Vide
1296 2459 1336 2486 Pii
1355 2459 1386 2486 tv
1411 2459 1631 2486 constitutionem
1660 2459 1759 2486 editam
1779 2466 1867 2487 mot-xli

1129 2504 1173 2532 die
1188 2503 1218 2531 31
1237 2503 1312 2537 iunii,
1329 2505 1422 2539 pontifi
1442 2511 1481 2537 ut,
1497 2504 1524 2540 ᾗῇ
1539 2505 1583 2537 27,
1600 2505 1643 2537 33,
1657 2505 1699 2536 71,
1712 2508 1739 2530 et
1754 2504 1827 2530 Pauli
1844 2505 1866 2531 V

1129 2548 1349 2577 constitutionem
1369 2549 1468 2576 editam
1488 2553 1577 2576 innexu
1596 2549 1640 2575 die
1656 2551 1666 2575 1
1686 2549 1787 2584 martii,
1802 2557 1865 2584 pon-

1130 2593 1168 2621 tif.
1192 2599 1239 2626 vn,
1258 2592 1270 2627 ἓ
1291 2593 1317 2625 7,
