2111 3157
0 232 45 252 ni.-
59 224 88 252 C.
106 222 173 252 1679

765 222 978 248 ffiNOCENTlt's
1000 225 1030 249 XI
1056 224 1114 259 ΓΡ..

178 264 449 306 Discalceatorum
485 276 745 314 nuncupatorum
783 272 816 304 in
851 281 905 304 re-

179 326 250 368 gnis
285 325 509 368 Hispaniarum
546 324 757 358 existentibus
794 324 906 356 fratres

179 379 218 411 ad
241 378 271 411 S.
300 378 415 420 AEgidii
448 384 479 410 et
511 378 541 411 S.
573 377 764 411 Bernardini
795 377 907 410 domos

179 432 343 474 regulares
375 431 519 464 eiusdem
546 430 673 463 Ordinis
706 429 818 473 oppidi
846 429 909 461 Ma-

180 484 245 517 triti
279 484 449 518 Toletanae
482 483 640 515 dioecesis
675 493 733 525 pro
768 481 909 524 negotiis

180 537 314 581 aliisque
338 547 450 569 eorum
474 535 571 568 rebus
596 535 748 577 gerendis
775 545 808 567 se
833 535 910 567 reci-

180 600 258 633 pere
283 590 429 628 soleant,
455 593 486 621 et
508 588 583 627 illis,
609 598 671 631 quo
706 593 851 631 tempore
876 587 908 619 in

180 643 303 676 eisdem
337 641 486 675 domibus
524 640 725 683 regularibus
763 650 906 673 commo-

180 699 302 734 rantur,
322 694 361 726 de
379 693 526 731 omnibus
545 694 642 725 rebus
665 693 704 725 ad
731 703 840 725 eorum
859 703 910 724 su-

180 747 405 780 stentationem
422 746 613 779 necessariis
631 746 848 789 provideatur,
863 745 910 777 in-

180 801 306 833 terdum
332 805 437 832 tamen
468 799 500 832 in
533 799 682 832 domibus
708 799 910 841 regularibus

181 853 311 886 fratrum
343 852 419 885 dicti
443 851 570 886 Ordinis
603 862 668 884 non
698 852 911 884 Discalceato-

180 915 250 938 rum
271 905 484 945 diversantur,
505 905 784 948 eleemosynisque
813 904 911 936 bene-

181 958 337 991 factorum
354 958 588 1002 praedictarum
607 958 741 989 duarum
759 957 910 989 domuum

180 1011 375 1053 regularium
399 1015 550 1049 utuntur,
579 1009 759 1052 exindeque
782 1009 912 1041 benefa-

181 1068 287 1095 ctores
310 1062 372 1105 ipsi
396 1063 470 1105 plus
490 1072 592 1104 aequo
620 1067 804 1104 gravantur,
825 1061 910 1093 nulla

181 1115 290 1147 habita
309 1124 368 1157 per
398 1114 528 1147 eosdem
553 1114 667 1146 fratres
693 1115 912 1156 eleemosyna-

180 1177 250 1200 rum
274 1168 420 1208 ratione,
446 1178 525 1210 quas
546 1178 562 1200 a
587 1167 759 1210 praedictis
783 1167 912 1199 benefa-

181 1220 321 1253 ctoribus
352 1220 564 1262 primodictae
604 1220 685 1252 duae
722 1220 834 1252 domus
863 1229 912 1251 re-

181 1274 308 1316 gulares
333 1273 441 1305 dietim
467 1272 635 1315 recipiunt,
653 1283 717 1315 quo
735 1271 769 1303 sit
792 1278 825 1303 ut
848 1282 910 1304 non

181 1326 252 1358 leve
276 1325 362 1357 felici
387 1325 624 1367 praedictarum
648 1325 784 1357 duarum
803 1325 913 1357 domo-

181 1388 252 1410 rum
275 1376 472 1419 regularium
501 1377 658 1419 gubernio
683 1377 911 1420 praeiudicium

181 1431 347 1471 inseratur,
368 1441 448 1474 quae
473 1431 594 1463 nullam
619 1431 713 1464 aliam
739 1432 913 1473 eleemosy-

182 1495 241 1517 nae
265 1484 516 1526 assignationem
542 1485 672 1523 liabent,
691 1489 822 1527 praeter
842 1494 910 1515 carr.-

183 1547 278 1581 quam
301 1536 334 1569 in
359 1536 429 1569 dies
448 1542 603 1580 quaerunt
623 1542 654 1570 et
671 1547 752 1580 quae
778 1536 840 1569 illis
859 1536 913 1569 da-

183 1595 242 1629 tur,
268 1590 530 1633 quandoquidem
552 1589 618 1633 pia¹
637 1590 804 1622 missarum
829 1590 914 1622 cele-

182 1642 329 1676 bratione
359 1643 478 1675 nullius
514 1643 642 1685 generis
677 1645 912 1686 eleemosynam

183 1696 360 1740 accipiant,
385 1696 440 1728 sed
474 1695 547 1729 illae
572 1707 630 1739 pro
654 1696 913 1730 benefactoribus

183 1748 402 1782 celebrantur:
419 1758 516 1791 quare
534 1759 599 1788 nos
618 1749 802 1792 praemissis
819 1759 915 1792 quan-

183 1806 250 1834 tum
274 1811 344 1834 cum
362 1801 498 1833 Domino
522 1811 692 1844 possumus
717 1802 857 1841 obviare,
879 1812 914 1833 ac

183 1854 450 1898 primodictarum
477 1854 612 1886 duarum
631 1854 801 1887 domorum
821 1864 915 1896 regu-

183 1907 297 1939 larium
323 1906 526 1939 indemnitati
555 1907 724 1939 consulere
748 1907 912 1945 volentes,

183 1965 272 1992 motu
297 1959 428 2002 proprio
443 1985 450 1998 ‚
475 1969 511 1991 ac
535 1970 571 1992 ex
596 1961 683 1992 certa
703 1959 835 1991 scientia
859 1969 916 1991 no-

184 2012 422 2050 sti'a‚omnib11s
453 2017 485 2044 et
514 2012 649 2054 singulis
681 2011 818 2044 cuiusvis
843 2022 916 2054 pro-

183 2065 307 2097 vinciae
343 2060 568 2108 Hispaniarum
600 2065 727 2098 Ordinis
759 2065 914 2108 praedicti

184 2117 335 2150 fratribus
355 2117 558 2151 Discalceatis
584 2118 779 2158 lmiusmodi,
801 2118 855 2161 qui
878 2118 915 2150 dc

184 2171 388 2213 superiorum
421 2181 550 2202 suorum
583 2171 710 2203 licentia
742 2171 780 2203 ad
812 2172 915 2203 aulam

184 2223 305 2264 regiam
331 2223 444 2255 Matriti
462 2234 519 2266 pro
541 2223 635 2255 rebus
654 2228 685 2256 et
702 2223 841 2265 negotiis
859 2224 917 2256 liu-

185 2273 322 2307 iusmodi
354 2286 412 2318 pro
446 2280 591 2318 tempore
617 2286 651 2308 se
676 2277 857 2315 conterent,
883 2276 916 2308 in

186 2327 301 2359 virtute
326 2333 455 2360 sanetae
480 2328 684 2361 obedientiae
700 2355 708 2369 ‚
731 2339 767 2361 ac
791 2329 847 2362 sub
868 2329 915 2361 in-

185 2379 381 2422 dignationis
407 2386 548 2421 nostrae‚
576 2391 701 2413 necnon
727 2381 916 2424 privationis

184 2432 269 2465 vocis
293 2432 412 2466 activae
439 2438 470 2466 et
493 2433 648 2476 passivae,
675 2444 710 2466 ac
735 2444 918 2467 excommu-

185 2485 357 2519 nicationis
388 2487 471 2519 latae
506 2486 686 2519 sententiae
718 2477 832 2530 poenis
858 2498 918 2531 per

221 2556 232 2582 1
256 2555 302 2582 Vel
320 2555 462 2590 legendum
480 2565 552 2591 pro,
574 2564 626 2583 non
648 2557 717 2591 pic'u
739 2557 780 2584 vel
805 2557 917 2585 coniun-

184 2599 249 2627 ctim
266 2607 320 2634 pro
337 2601 389 2634 pz'c‘c
410 2602 446 2634 gn.
465 2602 514 2634 τ.).

291 2655 368 2683 Ruit.
387 2656 464 2684 Rom.
482 2671 515 2676 -—
537 2657 592 2683 ῐόῑ.
610 2656 686 2683 XIX.
830 2657 863 2684 24

948 277 1135 314 praesentes
1170 272 1385 315 praecipimus
1410 276 1441 304 et
1466 270 1655 303 mandamus
1671 296 1678 310 ‚

949 335 989 357 ne
1014 325 1047 357 in
1072 324 1133 357 alia
1160 335 1254 367 quam
1276 325 1307 356 in
1328 326 1391 356 una
1416 334 1453 356 ex
1479 322 1680 366 primodie-tis

950 377 1070 409 duabus
1090 377 1237 409 domibus
1258 375 1474 418 regularibus,
1490 373 1622 407 arbitrio
1638 379 1683 405 ta-

949 440 1024 461 men
1042 428 1149 461 dilecti
1166 428 1221 461 filii
1234 428 1374 460 ministri
1390 426 1596 471 provincialis
1613 436 1684 469 pro-

949 482 1071 514 vinciae
1105 481 1134 513 S.
1162 481 1290 524 Iosephi
1327 481 1514 514 eorumdem
1539 480 1683 518 fratrum,

952 536 1163 574 diverscntur,
1181 545 1261 567 neve
1283 534 1422 567 cuiusvis
1448 533 1577 576 generis
1602 533 1686 564 elee-

951 598 1116 631 mosynam
1141 587 1173 619 in
1198 587 1363 629 praedicta
1389 586 1461 618 aula
1485 584 1545 617 sub
1570 584 1683 628 quovis

951 645 1119 684 praetextu
1155 646 1207 672 aut
1247 639 1393 682 quaesito
1428 639 1537 670 colore
1572 642 1686 680 petere

951 694 1089 726 audeant
1113 703 1167 725 seu
1193 696 1424 735 praesumant,
1454 690 1627 723 dummodo
1653 690 1686 722 in

952 745 1152 789 primodietis
1185 745 1310 778 duabus
1347 743 1495 776 domibus
1528 742 1687 785 regulari-

952 801 1012 832 bus
1030 799 1137 832 onmia
1150 797 1331 831 necessaria
1346 796 1497 829 fratribus
1512 794 1687 838 praedictis

953 852 1040 884 iuxta
1074 850 1232 894 regularis
1276 848 1500 882 observantiae
1539 857 1687 880 normam

953 904 1252 943 sulnninistrentur3
1268 902 1300 934 in
1314 908 1430 934 eventu
1447 911 1532 940 vero,
1549 900 1580 932 in
1593 909 1688 942 quem

954 955 1051 988 iidem
1078 956 1190 987 fratres
1215 954 1322 995 aliqua
1350 963 1383 985 re
1409 951 1622 994 indiguerint,
1647 950 1687 982 ad

954 1008 1165 1050 guardianum
1183 999 1369 1039 alteriusex
1389 1003 1593 1048 prin'iodictis
1615 1003 1690 1035 dua-

954 1062 1013 1093 bus
1039 1061 1190 1094 domibus
1216 1059 1432 1102 regularibus,
1450 1058 1481 1090 in
1500 1067 1562 1099 qua
1588 1056 1690 1088 diver-

954 1115 1124 1153 sabuntur,
1151 1122 1218 1145 nou
1242 1117 1347 1144 autem
1373 1111 1412 1143 atl
1437 1110 1517 1142 alios
1542 1109 1690 1151 superio-

955 1178 1005 1200 res
1030 1177 1083 1199 seu
1110 1167 1194 1199 dicto
1220 1164 1399 1207 guardiano
1434 1161 1614 1201 inferiores,
1640 1170 1691 1192 re-

954 1230 1085 1252 cursum
1101 1219 1252 1250 habeant.
1268 1217 1483 1249 Decernentes
1498 1219 1689 1258 praesentes

955 1271 1095 1304 litteras*
1122 1271 1253 1309 validas,
1280 1269 1386 1301 sirmas
1404 1273 1435 1301 et
1453 1268 1600 1300 efficaces
1625 1266 1692 1298 exi-

954 1330 1039 1357 stere
1057 1330 1087 1357 et
1105 1324 1186 1363 sore,
1206 1332 1344 1364 suosque
1363 1320 1527 1365 plenarios
1552 1324 1583 1352 et
1607 1319 1690 1351 inte-

956 1388 1029 1420 gros
1054 1376 1184 1409 etl'ectus
1210 1374 1316 1408 sortiri
1342 1378 1373 1406 et
1397 1372 1557 1411 obtinere,
1578 1381 1614 1403 ac
1634 1380 1693 1413 pcr

955 1440 1066 1464 omnes
1091 1434 1122 1461 et
1146 1428 1301 1470 singulos,
1329 1426 1366 1458 ad
1399 1435 1479 1468 quos
1511 1428 1636 1466 spectat
1661 1427 1694 1455 et

956 1481 1201 1526 quomodolibet
1226 1479 1386 1523 spectabit
1411 1478 1442 1510 in
1469 1477 1624 1515 futurum,
1645 1475 1693 1507 in-

957 1535 1153 1569 violabiliter
1178 1532 1353 1572 observari,
1372 1531 1484 1574 sicque
1513 1540 1572 1573 per
1597 1539 1694 1572 quos-

956 1600 1092 1631 cumque
1128 1587 1249 1620 iudices
1289 1592 1320 1618 et
1355 1583 1617 1621 commissarios,
1656 1593 1694 1614 ae

957 1643 987 1675 S.
1016 1643 1051 1675 P..
1080 1642 1122 1674 Es
1137 1640 1327 1679 cardinales,
1347 1638 1441 1671 etiam
1467 1637 1506 1669 de
1531 1637 1630 1669 latere
1647 1637 1694 1668 le-

958 1701 1047 1738 gatos
1065 1700 1096 1728 et
1112 1693 1262 1732 nuncios,
1282 1703 1317 1725 ae
1346 1691 1426 1724 alios
1451 1689 1560 1733 quavis
1585 1694 1695 1721 aucto-

959 1748 1050 1780 ritate
1087 1747 1279 1788 fungentes,
1303 1743 1429 1776 sublata
1454 1742 1499 1775 eis
1525 1747 1557 1774 et
1581 1751 1695 1774 eorum

959 1801 1091 1833 cuilibet
1115 1798 1224 1841 quavis
1245 1797 1338 1829 aliter
1359 1794 1520 1828 iudicandi
1540 1799 1572 1826 et
1596 1793 1695 1826 inter-

959 1852 1108 1897 pretandi
1127 1851 1272 1883 facultate
1291 1854 1323 1881 et
1339 1847 1538 1886 auctoritate,
1557 1846 1694 1879 iudicari

960 1911 985 1938 et
1008 1904 1133 1937 deliniri
1159 1904 1288 1942 debere,
1305 1912 1339 1934 ac
1360 1901 1484 1933 irritum
1507 1905 1539 1932 et
1555 1899 1649 1932 inane
1667 1899 1695 1931 si

960 1969 1051 1991 secus
1067 1967 1164 1999 super
1178 1956 1227 1988 his
1241 1966 1257 1987 a
1275 1964 1446 1997 quoquam,
1462 1952 1570 1996 quavis
1588 1957 1696 1984 aucto-

962 2012 1066 2050 ritate,
1091 2010 1231 2042 scienter
1255 2009 1303 2041 vel
1328 2008 1536 2050 ignoranter,
1556 2005 1697 2048 contige·

962 2065 1002 2096 rit
1028 2062 1189 2096 attentari.
1213 2061 1283 2094 Non
1304 2060 1507 2094 obstantibus
1540 2058 1697 2091 constitu-

962 2117 1101 2149 tionibus
1139 2121 1170 2148 et
1194 2113 1456 2147 ordinationibus
1483 2111 1670 2155 apostolicis
1688 2138 1695 2151 ,

961 2168 1136 2213 privilegiis
1162 2177 1292 2211 quoque
1309 2193 1316 2206 ‚
1359 2164 1493 2198 indultis
1528 2169 1559 2196 et
1583 2164 1697 2197 litteris

960 2221 1144 2265 apostolicis
1164 2220 1195 2252 in
1221 2218 1421 2252 contrarium
1441 2217 1698 2260 praemissorum

961 2273 1208 2318 quomodolibet
1231 2271 1417 2310 concessis,
1444 2269 1642 2303 confirmatis
1667 2274 1700 2302 et.

960 2327 1139 2366 innovatis,
1166 2325 1282 2369 quibus
1308 2324 1461 2357 omnibus
1487 2329 1519 2357 et
1544 2323 1699 2366 singulis,

961 2390 1072 2413 eorum
1097 2385 1228 2411 tenores
1263 2376 1492 2421 praesentibus
1526 2386 1586 2419 pro
1613 2376 1701 2408 sussi-

961 2434 1084 2466 cicnter
1109 2432 1272 2475 expressis
1298 2431 1468 2470 habentes,
1488 2429 1552 2463 illis
1571 2430 1649 2463 alias
1667 2429 1701 2463 in

961 2498 1018 2520 suo
1044 2487 1162 2519 robore
1187 2483 1421 2528 permansuris,
1442 2484 1503 2517 hac
1520 2483 1588 2517 vice
1611 2484 1702 2525 dum-

998 2602 1008 2628 1
1028 2600 1063 2628 De
1078 2608 1152 2628 more
1169 2599 1245 2628 solito
1263 2599 1408 2627 adderetur
1425 2607 1472 2627 vox
1487 2606 1600 2633 semper
1609 2600 1700 2636 (ιιι).

1580 212 1641 247 185
1686 222 1735 248 An.
1757 221 1784 248 c.
1802 220 1872 248 1679
