2111 3157
0 241 64 280 ῗἍιι.
83 251 112 280 C.
129 242 195 279 1688

781 250 994 274 INNOCENTIUS
1016 251 1047 274 Xl
1072 251 1120 274 PP-

203 309 262 344 pro
287 300 360 339 una,
378 309 413 332 ac
431 310 467 332 ex
492 298 643 332 fratribus
669 298 707 332 de
724 298 936 332 Observantia

203 364 263 397 pro
299 353 361 386 alia
393 353 571 396 respective
606 353 727 385 vicibus
752 352 933 385 alternatim

203 406 279 448 eligi
305 406 448 446 deberet,
474 406 710 450 approbaverit,
731 404 936 438 confirmave-

202 460 244 492 rit
268 464 299 492 et
324 460 486 492 observari
517 459 735 496 mandaverit,
770 464 801 491 et
833 454 933 497 alias,

203 517 301 555 prout
325 512 357 544 in
383 511 484 555 ipsius
510 512 683 544 Alexandri
707 511 935 554 praedecesso—

202 564 246 597 ris
266 564 394 604 litteris‚
413 575 546 608 quarum
564 570 692 597 tenores
709 563 935 606 praesentibus

203 627 263 660 pro
288 627 443 659 expresso
469 617 581 650 haberi
605 618 774 656 volumus,
801 615 934 649 uberius

203 670 403 710 continetur;
431 675 463 702 et
487 669 590 712 (sicut
614 669 815 711 accepimus)
841 670 935 701 alter-

203 722 308 754 nativa
344 722 459 755 electio
496 722 677 754 huiusmodi
704 722 870 762 hactenus,
897 733 934 755 eo

203 774 299 808 modo
318 786 382 818 quo
407 774 582 814 debuisset,
595 774 762 807 observata
780 785 844 807 non
868 775 935 806 sue-

204 827 253 865 rit,
265 827 439 870 capitulum
454 837 527 860 vero
542 828 693 869 generale
706 826 833 859 Ordinis
847 837 936 869 prae-

204 879 258 912 l'ati
282 880 315 912 in
340 880 424 912 illius
451 879 547 912 domo
574 879 714 922 regulari
738 879 853 911 Beatae
874 879 936 911 Ma-

203 931 270 964 riae
303 932 341 964 de
366 932 511 965 Aracaeli
545 937 747 975 nuncupatae
780 932 818 965 de
850 931 934 964 Urbe

201 985 265 1018 iam
283 985 440 1018 celebrari
454 986 631 1029 inceperit:
650 995 720 1025 nos,
740 986 884 1018 volentes
902 991 936 1017 ut

203 1038 314 1071 eadem
339 1038 528 1071 alternativa
563 1038 677 1071 electio
707 1038 792 1071 inter
823 1038 936 1071 fratres

194 1091 387 1135 praedictos
423 1091 462 1124 de
498 1096 605 1124 cetero
638 1090 935 1134 quamexactissime

203 1145 401 1184 observetur,
419 1155 455 1177 ac
468 1144 553 1177 felici
575 1144 673 1186 ipsius
691 1144 819 1177 Ordinis
842 1144 935 1176 statui

203 1202 300 1239 atque
332 1207 510 1240 prosperae
543 1197 714 1229 directioni
728 1195 749 1237 ¹,
783 1202 935 1239 quantum

202 1250 297 1283 nobis
324 1260 360 1282 ex
387 1251 450 1283 alto
472 1250 668 1289 conceditur,
692 1250 860 1282 consulere
883 1259 936 1281 cu-

201 1303 341 1347 pientes,
355 1308 442 1336 motu
452 1303 596 1347 proprio,
607 1313 643 1335 ac
653 1314 689 1336 ex
704 1305 792 1335 certa
803 1302 935 1335 scientia

204 1361 235 1388 et
259 1357 385 1388 matura
411 1356 646 1388 deliberatione
671 1355 805 1395 nostris,
830 1355 934 1398 deque

203 1409 400 1452 apostolicae
419 1409 587 1451 potestatis
612 1408 825 1451 plenitudine,
848 1408 933 1450 quod

203 1461 394 1494 alternativa
411 1461 525 1494 electio
545 1461 689 1504 praefata
706 1461 870 1504 perpetuis
889 1461 934 1492 su-

203 1514 282 1547 turis
308 1514 509 1557 temporibus
538 1514 767 1547 inviolabiliter
787 1515 935 1546 observe-

203 1572 263 1606 tur,
283 1578 383 1610 eaque
405 1567 437 1599 in
453 1567 614 1610 praesenti
632 1567 772 1609 capitulo
791 1566 932 1609 generali

203 1631 221 1653 a
240 1620 393 1653 fratribus
411 1620 604 1652 Reformatis
627 1619 782 1662 incipere,
802 1625 833 1652 et
853 1626 934 1652 com-

203 1672 368 1705 missarius
380 1673 539 1715 generalis
556 1672 694 1705 familiae
713 1672 933 1705 cismontanae

203 1725 389 1759 huiusmodi
405 1725 437 1758 in
454 1725 565 1758 eodem
579 1725 717 1768 capitulo
731 1736 767 1757 ex
783 1724 860 1768 ipsis
878 1725 936 1757 sra-

203 1778 307 1811 tribus
317 1778 517 1819 Reformatis,
527 1778 658 1810 servatis
672 1778 748 1810 alias
760 1778 934 1815 servandis,

204 1842 241 1864 ac
255 1831 372 1864 deinde
394 1831 526 1864 alternis
548 1830 682 1871 vicibus,
703 1831 816 1864 ordine
839 1841 934 1873 supra

204 1894 364 1927 expresso,
378 1883 453 1926 eligi
468 1883 599 1916 omnino
609 1883 735 1922 debeat,
746 1883 934 1915 auctoritate

203 1937 390 1980 apostolica,
405 1942 515 1969 tenore
534 1936 763 1979 praesentium,
778 1937 933 1975 volumus,

203 1990 374 2023 statuimus
394 1995 426 2022 et
446 1990 641 2022 ordinamus.
657 1989 845 2022 inhibentes
862 2000 935 2032 pro-

202 2048 314 2086 pterea
333 2043 390 2076 suh
408 2042 759 2081 excommunicationis,
782 2052 818 2074 ac
836 2042 937 2084 priva-

203 2096 301 2129 tionis
310 2095 396 2128 vocis
412 2095 530 2128 activae
547 2095 730 2138 etpassivae
747 2095 937 2127 officiorum-

204 2159 266 2192 que
292 2159 351 2192 per
376 2159 431 2181 eos
457 2159 514 2191 pro
541 2154 686 2191 tempore
712 2149 934 2187 obtentorum,

203 2201 274 2244 ipso
300 2202 394 2240 sacto,
414 2201 536 2243 absque
560 2202 625 2233 ulla
649 2200 875 2239 declaratione,
891 2200 936 2234 in-

204 2254 372 2286 currendis
389 2254 515 2297 poenis,
539 2253 613 2285 dicti
635 2252 761 2285 Ordinis
787 2253 935 2285 tratribus

203 2306 391 2349 suffragium
405 2307 469 2339 sive
492 2316 601 2339 vocem
619 2306 651 2338 in
673 2305 855 2338 huiusmodi
876 2308 936 2339 ele-

204 2359 363 2392 ctionibus
395 2358 610 2398 habentibus,
634 2368 674 2391 ne
701 2364 761 2390 tam
788 2358 820 2390 in
846 2369 936 2401 prae-

203 2412 287 2444 senti
313 2422 408 2454 quam
433 2411 464 2443 in
491 2411 603 2443 suturis
628 2410 776 2454 capitulis
801 2420 936 2453 genera-

204 2464 288 2497 libus
304 2464 432 2498 Ordinis
454 2463 588 2507 praesati
608 2464 645 2495 ad
667 2463 842 2496 electiones
855 2474 936 2496 com-

203 2518 340 2551 missarii
370 2517 531 2560 generalis
558 2516 696 2550 familiae
717 2516 934 2549 cismontanac

204 2569 388 2607 huiusmodi
418 2575 529 2603 contra
559 2569 775 2612 praesentium
803 2570 934 2601 sormam

240 2633 252 2660 ¹
274 2630 323 2660 Ed.
335 2631 416 2659 Maia.
429 2631 492 2667 legit
504 2632 644 2666 prospera
660 2631 817 2659 directione
832 2633 869 2664 (a.
885 2632 932 2664 r).

977 303 1008 331 et
1033 303 1179 332 tenorem
1205 296 1356 331 devenire
1382 297 1521 330 audeant
1542 307 1597 330 seu
1615 308 1709 341 prac-

976 357 1116 384 sumant.

1019 406 1033 448 ἓ
1058 404 1088 438 ⁶2.
1109 406 1152 438 Ac
1177 405 1389 437 decernentes
1407 414 1629 448 quascumque
1648 404 1708 437 ele-

976 459 1110 498 ctiones,
1128 458 1152 490 si
1168 469 1247 501 quas
1272 463 1382 490 contra
1407 457 1590 490 earumdem
1615 468 1710 501 prae-

976 510 1115 542 sentium
1142 510 1275 543 sormam
1300 516 1331 543 et
1354 515 1498 543 tenorem
1519 509 1587 542 fieri
1609 510 1711 543 conti-

976 563 1069 605 gerit,
1087 563 1205 603 nullas,
1232 562 1349 601 irritas,
1376 562 1500 602 inanes,
1525 563 1708 606 nulliusque

975 615 1102 647 roboris
1126 621 1157 648 et
1189 615 1365 655 momenti;
1393 615 1478 657 ipsas
1513 625 1587 648 vero
1616 625 1710 658 prae—

976 673 1084 700 sentes
1108 667 1230 700 litteras
1252 677 1378 709 semper
1395 672 1426 699 ct
1452 673 1609 710 perpetuo
1634 667 1710 700 vali-

976 720 1042 760 das,
1061 719 1179 760 firmas,
1199 726 1230 753 et
1247 721 1394 753 efficaces
1415 721 1551 753 existere
1579 726 1610 753 et
1626 720 1708 760 sore,

976 784 1114 816 suosque
1149 774 1315 816 plenarios
1344 779 1375 807 et
1399 774 1544 817 integros
1577 774 1709 806 effectus

974 826 1082 858 sortiri
1101 831 1132 858 et
1156 826 1318 866 obtinere,
1337 837 1373 859 ac
1390 827 1466 867 iltis,
1480 828 1518 860 ad
1540 837 1620 870 quos
1637 837 1711 870 spe-

975 884 1039 911 ctat
1063 884 1095 911 et
1120 890 1179 922 pro
1209 884 1355 922 tempore
1381 879 1542 922 spectabit
1566 880 1598 912 in
1631 880 1711 912 futu-

975 943 1056 971 rum,
1084 932 1114 964 in
1141 932 1292 964 omnibus
1315 937 1346 964 et
1370 942 1429 975 per
1449 932 1557 965 omnia
1588 932 1710 975 plenis-

977 985 1057 1017 sinie
1084 984 1263 1027 suffragari,
1282 989 1313 1017 et
1330 986 1369 1017 ab
1392 985 1437 1017 eis
1463 985 1645 1028 respective
1664 985 1711 1017 in-

976 1037 1172 1070 violabiliter
1202 1037 1365 1070 observari
1396 1037 1540 1077 debere,
1571 1037 1709 1081 illasque

978 1090 1015 1122 de
1041 1090 1262 1134 subreptionis
1296 1092 1344 1123 vel
1377 1090 1578 1134 obreptionis
1612 1090 1708 1131 vitio,

956 1149 1030 1179 ‚aut
1047 1144 1238 1176 intentionis
1254 1149 1384 1177 nostrae
1408 1145 1458 1177 vel
1476 1144 1628 1188 quopiam
1646 1144 1709 1177 alio

978 1197 1105 1229 defectu
1131 1197 1246 1237 notari,
1274 1197 1466 1239 impugnari,
1486 1196 1662 1236 invalidari,
1678 1196 1710 1229 in

977 1250 1025 1281 ius
1044 1251 1093 1282 vel
1118 1250 1371 1282 controversiam
1395 1250 1499 1282 vocari
1529 1250 1711 1283 nullatenus

976 1313 1116 1345 unquam
1142 1313 1246 1345 posse,
1268 1303 1377 1346 sicque
1403 1314 1462 1346 per
1486 1313 1710 1346 quoscumque

975 1355 1098 1388 iudices
1137 1356 1321 1389 ordinarios
1348 1361 1380 1388 et
1409 1357 1584 1399 delegatos,
1615 1356 1711 1388 etiam

975 1417 1141 1440 causarum
1159 1408 1268 1450 palatii
1289 1408 1460 1451 apostolici
1489 1408 1662 1448 auditores,
1680 1413 1711 1441 et

976 1460 1006 1492 S.
1027 1460 1064 1492 R.
1092 1460 1125 1492 E.
1161 1460 1352 1500 cardinales,
1378 1461 1504 1494 sublata
1529 1461 1577 1493 eis
1603 1466 1634 1493 ct
1659 1471 1713 1494 eo-

977 1523 1044 1545 rum
1070 1513 1203 1546 cuilibet
1228 1513 1338 1556 quavis
1363 1513 1455 1546 aliter
1483 1513 1646 1546 iudicandi
1678 1518 1712 1546 et

976 1566 1214 1609 interpretandi
1231 1567 1378 1599 facultate
1399 1572 1430 1599 et
1447 1566 1646 1607 auctoritate,
1664 1567 1712 1599 iu-

976 1619 1074 1652 dicari
1100 1625 1131 1652 et
1156 1619 1282 1652 deliniri
1308 1620 1444 1661 debere,
1470 1631 1505 1652 ac
1528 1620 1654 1653 irritum
1680 1625 1712 1653 et

976 1671 1071 1704 inane
1096 1672 1121 1704 si
1155 1682 1248 1705 secus
1282 1673 1455 1715 superbis
1490 1683 1507 1705 a
1536 1683 1710 1716 quoquam,

976 1724 1087 1766 quavis
1110 1724 1313 1764 auctoritate,
1332 1725 1470 1758 scienter
1489 1726 1538 1758 vel
1557 1725 1711 1768 ignoran-

976 1781 1037 1815 ter,
1064 1776 1238 1819 contigerit
1262 1777 1425 1809 attentari.

1019 1830 1033 1872 ἓ
1057 1829 1088 1862 3.
1109 1829 1176 1862 Non
1195 1829 1401 1864 obstantibus
1427 1830 1713 1863 constitutionibus

976 1887 1008 1915 et
1032 1882 1293 1916 ordinationibus
1329 1883 1534 1926 apostolicis,
1568 1894 1603 1916 ac
1636 1883 1712 1916 dicti

975 1935 1113 1974 Ordinis,
1133 1935 1228 1968 etiam
1254 1935 1446 1975 iuramento,
1466 1936 1712 1969 confirmatione

976 1989 1161 2031 apostoliea,
1178 1989 1227 2021 vel
1244 1989 1355 2031 quavis
1373 1988 1522 2021 firmitate
1541 1988 1602 2021 alia
1617 1990 1713 2022 robo-

977 2042 1071 2081 ratis,
1094 2041 1221 2073 statutis
1239 2046 1270 2074 et
1288 2041 1590 2081 consuetudinibus,
1616 2041 1714 2084 privi—

976 2093 1070 2135 legiis
1089 2104 1228 2136 quoque,
1243 2093 1377 2126 indultis
1398 2099 1428 2126 et
1449 2094 1566 2127 litteris
1584 2099 1713 2137 aposto—

977 2147 1047 2180 licis
1078 2147 1109 2179 in
1136 2147 1335 2179 contrarium
1361 2147 1614 2190 praemissorum
1633 2158 1713 2190 quo-

977 2200 1158 2233 modolibet
1188 2200 1360 2240 concessis,
1388 2200 1582 2233 confirmatis
1608 2205 1639 2233 et
1664 2200 1713 2233 in—

977 2253 1125 2292 novatis·,
1160 2253 1278 2296 quibus
1311 2253 1460 2286 omnibus
1489 2259 1519 2286 et
1552 2253 1710 2295 singulis,

977 2305 1105 2338 illorum
1130 2310 1258 2337 tenores
1286 2306 1508 2348 praesentibus
1533 2316 1590 2348 pro
1613 2307 1711 2349 plene

977 2364 1008 2391 et
1032 2358 1232 2391 sufficienter
1261 2358 1422 2401 expressis
1454 2369 1489 2391 ac
1513 2358 1552 2391 ad
1577 2359 1711 2392 verbum

977 2411 1106 2444 insertis
1132 2411 1301 2451 habentes,
1328 2411 1391 2443 illis
1416 2411 1495 2443 alias
1522 2411 1554 2443 in
1578 2422 1636 2444 suo
1661 2422 1712 2445 ro-

976 2465 1054 2497 bore
1080 2462 1311 2506 permansuris,
1331 2463 1369 2495 ad
1390 2463 1641 2506 praemissorum
1666 2465 1712 2497 es-

976 2517 1106 2556 sectum,
1139 2516 1199 2548 hac
1229 2515 1296 2548 vice
1323 2515 1496 2555 dumtaxat,
1525 2516 1710 2559 specialiter

976 2574 1007 2601 et
1023 2579 1176 2611 expresse
1194 2568 1403 2611 derogamus3
1430 2569 1611 2613 ceterisque
1636 2580 1709 2603 con-

977 2621 1082 2654 trariis
1107 2621 1376 2666 quibuscumque.

1595 240 1659 273 917
1705 249 1758 276 An.
1781 249 1808 277 c.
1828 249 1896 276 1688

1746 415 1862 436 Clausulas.

1750 1836 1906 1858 Cottii-ariorum

1723 1864 1840 1889 durus-itin.
