2111 3157
38 242 87 268 An.
103 239 132 267 C.
153 237 219 266 1⁰88

804 239 1014 266 INNOCENTIUS
1034 240 1065 264 xt
1088 239 1137 264 PP.

224 289 321 323 sectui
347 288 527 322 animarum
551 299 617 322 non
642 288 874 329 adversentur,
901 289 957 322 sed

226 339 407 383 proficiant.
433 341 610 385 Propterea
627 341 755 385 quando
772 341 810 374 ad
833 351 869 373 ea
886 351 958 384 spa-

226 392 378 425 tiamenta
398 399 517 426 exeunt
540 394 701 434 monachi,
719 393 812 426 simul
830 398 954 432 exeant,

226 444 320 478 simul
337 450 430 485 stent,
450 452 479 479 et
504 446 598 479 simul
616 446 759 486 redeant,
781 455 956 487 omnesque

227 495 359 529 ductum
383 498 599 540 praesidentis
624 502 812 541 sequantur,
833 496 887 539 qui
908 501 957 528 est

226 547 374 589 vicarius,
392 550 450 589 vel,
469 560 506 583 eo
526 550 669 590 absente,
685 550 770 593 quod
795 549 955 581 rarissime

227 605 258 633 et
281 601 411 634 nonnisi
436 603 551 635 morbo
568 602 716 645 exigente
741 601 888 634 accidere
907 601 956 633 de-

218 652 282 693 bet,
293 654 403 688 senior
418 657 650 690 monachorum
665 657 707 689 ibi
723 658 958 700 assistentium,

219 706 281 738 nisi
302 707 391 750 prior
407 709 460 741 alii
483 709 671 752 specialiter
697 710 727 743 id
747 712 958 752 commiserit,

218 759 260 792 oh
279 759 375 793 iustas
399 771 521 794 causas.
541 762 606 796 Neo
629 770 782 797 maneant
807 765 838 797 in
863 767 957 809 porta

220 812 347 854 domus,
370 815 419 847 vel
445 815 546 856 curia,
572 817 622 849 vel
648 818 712 850 alio
738 817 852 851 domus
873 819 955 859 loco,

219 874 280 897 nec
304 865 463 907 quaslibet
486 867 631 901 officinas
664 869 777 902 domus
814 870 955 910 intrent,

219 917 275 950 sed
301 919 389 951 recta
413 924 488 951 eant
513 925 544 952 et
568 921 715 954 redeant.
742 922 886 955 Iuniores
914 928 956 955 ta-

220 979 295 1002 men
316 971 465 1003 monachi
484 973 649 1015 paululum
668 975 808 1017 separati
827 975 865 1006 ab
884 975 955 1008 aliis

220 1021 390 1063 incedant,
417 1025 570 1066 quamdiu
597 1026 696 1068 priori
727 1027 826 1060 visum
857 1028 955 1060 suerit

221 1076 384 1117 expedire,
403 1077 552 1110 adiuncto
571 1078 635 1110 itzis
655 1079 764 1122 aliquo
781 1090 816 1112 cx
839 1080 954 1112 discre—

225 1125 363 1159 tioribus
395 1128 577 1161 monachis.
604 1128 667 1161 Nee
703 1128 798 1161 etiam
834 1128 954 1160 intrent

223 1177 337 1212 domus
361 1180 582 1220 saecularium,
609 1180 732 1214 etiamsi
758 1180 822 1213 sint
846 1181 951 1213 coloni

222 1231 428 1274 grangiarum
461 1239 656 1266 nostrarum.
691 1232 779 1271 Quod
805 1234 850 1271 si,
875 1234 950 1266 dum

222 1288 350 1324 exeunt,
376 1285 559 1319 necessario
585 1286 751 1318 transitum
776 1286 879 1318 faeere
900 1295 951 1318 co-

221 1342 337 1378 gantur
362 1347 421 1380 per
450 1337 569 1370 vicinas
593 1338 685 1370 villas
717 1343 772 1370 aut
802 1337 948 1380 villagia,

220 1388 284 1422 hoc
308 1399 402 1430 casu,
435 1391 504 1423 solo
537 1390 671 1423 transitu
697 1391 762 1423 sint
786 1391 949 1428 contenti,

220 1444 345 1475 servata
369 1443 455 1475 omni
482 1443 639 1477 modesti-:1
663 1448 694 1476 et
718 1443 891 1486 gravitate,
918 1449 951 1475 ut

219 1495 258 1528 de
284 1506 316 1528 sc
333 1496 549 1528 saecularibus
567 1496 686 1528 bonum
705 1496 782 1528 deut
802 1496 947 1528 odorem.

217 1547 283 1580 Nec
300 1547 330 1580 in
350 1548 426 1592 ipsis
444 1548 665 1591 spatiamentis
689 1548 754 1580 suis
780 1548 949 1580 comedant

219 1604 252 1632 et
274 1600 388 1633 bibant
412 1600 469 1643 (α),
496 1611 555 1633 nee
579 1610 687 1633 secum
711 1600 859 1633 victualia
880 1611 949 1644 por·

219 1656 306 1692 tent,
333 1651 426 1685 etiam
454 1652 569 1684 intuitu
601 1652 731 1695 pietatis
757 1658 787 1685 et
811 1654 949 1686 eleemo-

216 1714 322 1747 synae.
341 1704 398 1743 Qui
423 1704 659 1744 contrafecerit,
682 1715 741 1747 pro
758 1705 824 1738 vice
847 1705 948 1748 quali-

215 1756 272 1789 bet
295 1758 397 1790 semel
422 1757 454 1789 in
479 1758 661 1797 refectorio,
681 1763 852 1800 praesente
877 1769 947 1791 con-

214 1814 324 1850 ventu,
341 1810 380 1842 ad
399 1816 515 1843 terram
540 1811 697 1849 comedat,
714 1821 796 1853 pane
815 1815 844 1843 et
864 1813 946 1854 aqua

215 1867 386 1896 contentus
417 1868 449 1895 et
473 1872 581 1896 assere
612 1863 717 1903 nudo;
745 1868 777 1895 et
800 1863 824 1895 si
854 1864 946 1897 tertio

214 1916 493 1958 perseveraverit,
535 1916 752 1959 praesidentis
787 1916 943 1956 arbitrio,

214 1974 312 2010 prout
338 1979 428 2001 casus
449 1969 615 2011 exegerit,
632 1970 758 2011 gravius
779 1970 943 2012 puniatur,

214 2026 246 2053 et
269 2020 323 2064 qui
348 2021 393 2053 eis
416 2021 564 2054 victualia
588 2022 828 2062 ministraverit,
848 2023 873 2054 si
900 2023 946 2054 in-

213 2072 313 2106 ferior
329 2073 436 2116 priore
455 2074 560 2113 suerit,
578 2074 680 2107 eidem
699 2085 821 2116 poenae
839 2075 945 2107 subia-

213 2130 295 2159 ceat.
323 2126 413 2159 Prior
436 2137 528 2166 vero,
555 2127 581 2159 si
607 2127 638 2158 in
664 2127 725 2159 hoc
752 2127 942 2167 excesserit,

212 2178 409 2211 visitatorum
425 2178 557 2212 arbitrio
571 2179 693 2222 pariter
706 2180 867 2222 puniatur.
880 2180 943 2213 Nec

211 2230 398 2270 visitatores,
416 2236 535 2274 quanto
552 2231 656 2263 minus
670 2232 804 2273 priores,
819 2233 943 2275 possint

211 2293 309 2326 super
326 2283 388 2316 hoc
405 2283 601 2326 dispensare,
616 2289 669 2316 aut
687 2284 832 2316 licentias
854 2285 940 2326 dare,

210 2336 259 2369 vel
285 2335 548 2369 constitutionem
580 2335 671 2368 istam
697 2337 941 2380 quomodolibet

209 2388 366 2422 relaxare.

251 2451 322 2474 xm.
338 2440 475 2474 Omnino
497 2451 571 2474 vero
588 2441 799 2484 prohibemus
815 2453 854 2475 ne
872 2444 939 2476 ullo

209 2503 350 2537 unquam
376 2499 521 2536 tempore
539 2495 587 2527 vel
604 2495 701 2527 modo
727 2495 759 2527 in
776 2495 852 2538 ipsis
870 2506 940 2539 spa-

243 2564 273 2599 α)
290 2564 372 2591 Potus
391 2563 434 2590 hle
449 2563 607 2599 intelligitur
621 2564 653 2592 de
669 2566 737 2600 aqua
752 2565 834 2592 cruda
848 2565 937 2598 sontis,

208 2607 252 2638 eui
272 2608 297 2634 in
318 2608 358 2635 via
377 2608 503 2635 occurrit.

1626 232 1691 264 835

1000 288 1160 321 tiamentis
1191 287 1342 321 monaehi
1372 291 1584 331 pernoctent,
1619 298 1731 321 omnes

1000 341 1145 373 licentias
1185 351 1280 384 super
1318 341 1382 373 hoe
1416 340 1578 384 praesenti
1614 346 1730 374 statuto

999 393 1129 425 omnino
1161 398 1348 426 revocantes
1364 420 1371 433 ,
1399 397 1431 426 et
1455 393 1665 436 prohibentes
1690 404 1730 426 ne

999 446 1064 477 ullo
1082 446 1177 478 modo
1191 447 1420 485 concedantur,
1441 451 1472 478 et
1489 447 1542 489 qui
1560 457 1611 479 eas
1625 441 1732 490 postu-

999 496 1119 536 laverit,
1138 497 1295 529 habeatur
1312 508 1370 541 pro
1388 500 1526 540 persona
1551 509 1662 541 parum
1682 509 1731 532 ze-

998 548 1083 580 lante
1109 549 1296 590 gravitatem
1327 555 1359 582 et
1392 551 1595 583 honestatem
1628 557 1730 585 nostri

998 599 1124 632 Ordinis
1150 607 1181 634 et
1208 603 1389 644 regularem
1414 604 1648 636 monachorum
1673 615 1731 637 no-

998 657 1135 685 strorum
1161 654 1375 697 disciplinam.

1041 716 1105 738 x1v.
1132 706 1275 739 Monachi
1294 708 1326 739 in
1351 709 1573 751 spatiamentis
1601 715 1632 742 et
1653 711 1730 744 alibi

998 767 1104 789 coram
1129 760 1369 800 saecularibus,
1394 762 1443 793 vel
1475 762 1507 793 in
1544 769 1703 796 conventu
1720 791 1728 804 ,

999 819 1062 841 non
1081 810 1227 842 deserant
1249 811 1279 843 in
1308 813 1411 854 capite
1436 815 1609 847 calanticas
1629 816 1730 849 lineas

997 866 1051 894 aut
1075 863 1203 903 sericas,
1230 864 1286 896 sed
1314 865 1422 897 laneas
1447 871 1567 900 tantum
1592 868 1650 901 sub
1675 880 1729 902 ca-

997 914 1099 956 putio.

1041 977 1090 999 xv.
1117 968 1235 1001 Domus
1255 968 1393 1010 Ordinis,
1412 981 1491 1013 quae
1516 982 1581 1005 non
1608 973 1730 1006 habent

997 1019 1152 1053 terminos
1184 1022 1470 1064 spatiamentorum
1500 1025 1560 1057 sibi
1593 1036 1650 1068 per
1673 1025 1730 1059 Or-

998 1072 1081 1104 dinis
1101 1074 1325 1107 auctoritatem
1344 1075 1534 1117 assignatos,
1552 1083 1665 1110 vocent
1686 1079 1730 1111 vi-

996 1124 1144 1157 sitatores
1171 1126 1257 1158 illius
1282 1128 1475 1169 provinciae,
1505 1129 1557 1171 qui
1584 1129 1628 1162 eis
1654 1131 1730 1163 assi-

996 1182 1095 1218 gnent
1127 1178 1281 1210 terminos
1313 1180 1489 1212 secundum
1515 1180 1643 1214 Ordinis
1670 1183 1729 1215 ho-

996 1235 1153 1262 nestatem
1186 1237 1422 1274 competentes.
1449 1233 1485 1265 Et
1510 1233 1588 1265 haee
1614 1236 1728 1267 eadem

995 1281 1025 1313 in
1052 1282 1198 1315 domibus
1225 1285 1314 1316 novis
1337 1285 1531 1327 recipiendis
1557 1287 1595 1319 de
1621 1293 1728 1321 cetero

995 1334 1170 1375 diligenter
1190 1336 1362 1369 observent
1385 1338 1530 1380 priores,
1550 1340 1664 1381 quibus
1681 1341 1729 1373 di—

994 1391 1116 1419 ctarum
1132 1388 1301 1420 domorum
1316 1399 1466 1421 novarum
1484 1392 1627 1433 receptio
1642 1403 1728 1425 com-

993 1438 1146 1470 mittetur.
1179 1439 1319 1472 Terniini
1355 1447 1463 1474 autem
1497 1442 1527 1474 in
1554 1445 1643 1476 novis
1670 1445 1728 1477 do-

994 1490 1096 1522 mibus
1134 1491 1259 1523 limitati
1294 1494 1341 1525 vel
1375 1494 1533 1526 limitandi
1567 1506 1626 1538 per
1654 1497 1727 1529 visi-

994 1547 1112 1575 tatores
1137 1549 1191 1576 aut
1215 1545 1341 1586 priores
1373 1546 1411 1577 ad
1446 1546 1508 1579 hoc
1533 1547 1724 1590 desudatos,

992 1596 1040 1627 vel
1070 1596 1101 1628 in
1128 1602 1292 1638 posterum
1312 1598 1522 1640 deputandos,
1542 1600 1573 1632 in
1599 1601 1727 1644 scriptis

991 1655 1240 1691 praesententur
1261 1650 1403 1693 capitulo
1420 1653 1561 1692 generali
1580 1654 1725 1695 proxime

990 1702 1222 1744 subsequenti,
1252 1708 1284 1735 et
1314 1702 1358 1735 ibi
1390 1704 1626 1737 rationabiliter
1652 1716 1726 1739 exa-

990 1753 1101 1786 minati
1132 1765 1191 1796 per
1215 1754 1406 1788 definitores
1440 1758 1665 1799 approbentur
1691 1764 1724 1791 et

989 1804 1243 1845 confirmentur,
1267 1807 1315 1839 vel
1341 1807 1434 1839 etiam
1452 1835 1459 1847 ,
1494 1808 1519 1840 si
1550 1809 1595 1841 eis
1619 1810 1722 1843 visum

989 1857 1093 1896 suerit,
1120 1857 1334 1891 infirmentur.
1362 1859 1453 1897 Quod
1479 1861 1504 1892 si
1531 1862 1643 1895 domus
1668 1863 1723 1895 ali-

989 1920 1050 1952 qua
1069 1910 1221 1943 terminos
1241 1911 1300 1943 sibi
1319 1912 1357 1944 de
1376 1923 1459 1945 novo
1477 1913 1630 1947 limitatos
1652 1916 1723 1948 sub-

988 1963 1136 2005 sequenti
1162 1963 1303 2005 capitulo
1332 1966 1512 2007 neglexerit
1544 1967 1718 2009 intimare,

987 2015 1075 2057 lapso
1090 2015 1147 2048 illo
1165 2016 1317 2058 capitulo,
1335 2023 1409 2050 ante
1431 2018 1720 2061 confirmationem,

987 2068 1137 2100 monachi
1164 2068 1248 2100 illius
1285 2070 1397 2103 domus
1425 2072 1567 2104 terminis
1592 2074 1720 2115 praedi-

986 2120 1043 2152 ctis
1070 2131 1133 2153 non
1167 2122 1348 2163 gaudeant,
1375 2133 1434 2156 nee
1470 2125 1509 2156 ad
1545 2135 1599 2157 eos
1631 2126 1719 2160 exire

986 2173 1111 2215 possint
1135 2184 1193 2216 pro
1219 2174 1451 2216 spatiamentis.

1025 2225 1247 2256 ordinationum
1268 2236 1354 2257 iiucx.
1377 2240 1390 2256 α
1409 2228 1573 2259 Mandatum
1597 2233 1718 2262 sanctis-

983 2275 1048 2304 simi
1064 2275 1171 2304 domini
1189 2277 1278 2305 nostri
1295 2277 1374 2306 Pauli
1392 2277 1484 2316 Papae
1502 2279 1523 2308 V
1542 2279 1624 2309 nobis
1648 2281 1717 2310 insi-

983 2328 1115 2360 nuatum,
1130 2324 1164 2352 de
1182 2324 1314 2354 habenda
1335 2325 1456 2355 lectione
1469 2326 1571 2356 Sacrae
1588 2328 1718 2367 Scriptu-

983 2382 1030 2402 rae
1046 2373 1074 2401 in
1098 2372 1230 2401 domibus
1252 2373 1460 2411 insignioribus
1476 2374 1592 2405 Ordinis
1611 2378 1714 2416 nostri,

982 2430 1037 2459 qua
1066 2420 1147 2449 decet
1176 2421 1266 2450 animi
1294 2421 1469 2452 demissione
1498 2427 1526 2452 et
1554 2426 1715 2455 reverentia

981 2465 1182 2503 suscipientes,
1208 2467 1304 2505 eique,
1334 2471 1364 2496 ut
1387 2467 1525 2498 debemus
1551 2474 1576 2499 et
1600 2479 1715 2510 semper

981 2511 1171 2549 assuevimus,
1190 2512 1350 2542 humillime
1366 2513 1611 2553 obtemperantes,
1634 2526 1716 2555 prae-

980 2559 1103 2597 cipimus
1125 2559 1258 2588 omnibus
1274 2563 1301 2588 et
1319 2559 1440 2597 singulis
1463 2562 1608 2599 prioribus
1625 2563 1715 2592 dicta-

980 2614 1042 2634 rum
1066 2605 1235 2643 domorum,
1261 2612 1291 2635 ut
1314 2606 1451 2637 indictam
1476 2608 1628 2638 lectionem
1652 2609 1713 2640 sieri

1737 239 1788 266 An.
1805 238 1834 265 C.
1854 237 1922 266 1688
