2111 3157
101 164 154 193 An.
173 164 202 192 C.
221 162 287 192 ¹684

287 216 431 249 minariis
463 227 521 260 pro
558 217 817 252 adolescentibus
844 219 937 252 trium
962 220 1020 252 ha-

285 278 356 301 rum
369 269 519 303 classium
535 270 702 311 habeatur,
716 271 876 314 reliquum
890 277 1017 314 tempus

284 330 345 363 pro
370 322 571 365 superiorum
597 324 802 357 ordinatione
823 323 945 357 utiliter
960 324 1018 356 im-

284 374 442 416 pendent.

327 436 417 460 xxxv.
456 427 630 461 Praedictis
665 429 715 461 his
751 428 891 467 diebus,
926 428 1036 461 finitas

282 479 396 513 schola
429 480 588 523 spirituali
621 485 652 513 et
675 481 818 524 vesperis
855 482 1012 520 cantatis,

282 532 435 565 exercitia
456 533 590 576 reliqua,
615 538 650 565 ut
673 533 788 566 diebus
812 532 891 572 aliis,
917 532 1013 576 perfi-

280 583 378 618 cient.
395 584 542 619 Ceterum
559 586 598 618 ad
616 585 722 618 divina
738 585 841 618 officia
861 590 916 618 aut
939 595 1012 618 con-

279 637 390 671 ciones
420 638 498 671 soris
532 637 782 680 frequentandas
818 647 884 670 non
916 638 1009 672 facile

278 689 479 723 emittantur.
513 689 577 723 Sub
602 691 717 729 coena,
745 690 814 722 loco
838 689 1006 729 lectionis,

278 741 424 785 theologi
447 752 509 785 per
536 742 684 775 ordinem
716 742 914 775 succinctum
942 752 1007 775 ser-

275 805 406 829 monem
429 805 488 838 per
506 796 638 830 modum
662 795 828 829 concionis
846 795 878 828 in
898 795 1007 838 lingua

275 848 400 891 vulgari
425 848 601 881 habebunt.

317 911 417 936 xxxvi.
455 901 503 934 Ad
527 902 654 935 scholas
678 901 822 945 publicas
838 928 845 941 ‚
874 901 928 934 ubi
953 902 1006 934 ad-

274 959 369 995 sunt,
394 954 548 998 cuiusque
572 954 643 993 loci,
669 954 778 987 audito
802 954 893 997 prius
918 954 1004 987 domi

273 1017 386 1047 sacro,
411 1007 595 1047 mittentur,
625 1012 750 1040 servato
782 1017 799 1039 a
823 1008 1003 1041 rectoribus

273 1060 511 1103 gymnasiorum
537 1065 568 1094 et
594 1060 836 1094 universitatum
862 1061 1004 1104 praefixo

272 1117 430 1156 tempore.
457 1113 504 1146 Ad
535 1114 663 1147 scholas
699 1124 758 1157 per
788 1115 911 1158 plateas
936 1114 1004 1147 bini

271 1166 416 1200 modeste
440 1166 600 1205 incedant,
622 1176 658 1200 ac
681 1165 780 1199 finitis
805 1167 939 1206 scholis,
959 1167 1004 1199 sic

269 1221 496 1259 revertantur,
535 1219 746 1262 prudentiore
792 1229 921 1262 semper
957 1219 1004 1252 di-

269 1276 396 1306 rectore
431 1272 615 1306 constituto.
642 1271 676 1304 In
712 1271 832 1304 scholis
868 1270 1003 1303 seorsim

270 1327 308 1358 ca
330 1324 491 1358 modestia
514 1324 655 1364 sedeant,
681 1329 715 1356 ut
738 1323 808 1357 aliis
832 1323 1002 1358 maiorum¹

270 1378 455 1421 exemplum
478 1377 670 1421 praebeant.

312 1440 427 1465 xxxvn.
454 1429 493 1464 Ut
509 1429 733 1464 adolescentes
752 1430 873 1474 primae
891 1429 1002 1463 classis

268 1484 403 1519 solidius
417 1483 451 1517 in
464 1483 576 1517 studiis
596 1483 855 1526 progrediantur,
875 1483 913 1516 iis
929 1493 1002 1526 pae-

269 1538 414 1581 dagogos
439 1537 595 1580 quosdam
615 1535 809 1569 domesticos
830 1547 888 1579 pro
909 1546 1000 1579 repe-

268 1590 375 1624 tendis
398 1589 592 1624 lectionibus
616 1595 649 1623 et
673 1589 882 1622 conficiendis
909 1599 1002 1632 argu-

268 1642 385 1676 mentis
403 1643 589 1687 superiores
606 1642 789 1689 adiungam,
808 1641 862 1685 qui
880 1641 1000 1674 eisdem

268 1695 390 1739 pariter
427 1695 461 1728 in
500 1693 776 1738 disputationibus
814 1693 1000 1727 domesticis

268 1747 421 1792 praesint,
436 1747 518 1780 etin
535 1746 649 1779 studiis
673 1746 738 1778 suis
761 1756 821 1790 per
838 1745 945 1779 omnia
961 1747 999 1779 ad

269 1800 414 1833 debitum
434 1800 618 1844 profectum
633 1798 742 1832 sedula
760 1798 929 1841 diligentia
946 1809 1000 1832 eos

269 1854 429 1887 excolant.

311 1916 440 1940 xxxviu.
466 1904 676 1948 Philosophi,
702 1909 833 1947 praeter
861 1904 1000 1948 privatas

268 1958 397 1992 interse
408 1957 629 2002 repetitiones,
648 1956 785 2000 singulis
800 1957 998 2000 septimanis,

268 2011 484 2046 determinata
508 2010 569 2050 die,
594 2009 823 2053 repetitionem
849 2010 1000 2043 omnibus

268 2063 496 2108 praesentibus
520 2072 578 2107 per
601 2062 748 2096 ordinem
772 2062 950 2103 habebunt,
970 2068 1001 2096 et

268 2117 301 2151 in
325 2116 389 2150 fine
413 2115 593 2149 studiorum
611 2125 760 2155 suorum,
776 2116 907 2158 praevio
928 2126 1000 2149 exa-

268 2169 355 2204 mine
380 2167 569 2207 domestico,
587 2167 647 2200 nisi
665 2167 704 2200 ad
721 2167 865 2211 publicas
883 2168 915 2201 in
931 2168 1002 2201 uni-

267 2221 471 2256 versitatibus
488 2220 694 2254 defensiones
718 2220 838 2253 suerint
862 2221 1002 2262 admissi,

269 2276 384 2309 saltem
408 2274 441 2308 in
465 2274 640 2308 seminario
659 2283 696 2306 ex
721 2273 870 2307 universo
895 2274 1002 2309 studio

268 2338 326 2362 suo
352 2328 460 2361 theses
484 2326 671 2360 detenderit.

312 2390 415 2414 xxxix.
443 2380 671 2412 Adulescentes
688 2378 803 2412 tertiae
825 2378 946 2420 classis,
965 2390 1001 2414 ex

269 2433 436 2477 theologia
460 2432 672 2477 speculativa,
697 2437 816 2465 statuto
845 2432 914 2473 die,
939 2437 1003 2467 una

269 2485 371 2526 hora,
397 2486 624 2530 repetitionem
659 2485 852 2518 instituant:
887 2486 1001 2520 similis

304 2547 317 2574 1
337 2546 438 2574 Forsan
459 2547 564 2574 bonum
584 2545 624 2574 vel
644 2546 784 2573 bonorum
805 2547 844 2582 (R.
864 2547 913 2581 τ.).

375 2600 454 2634 Bull.
469 2601 550 2633 Rom.
567 2614 602 2622 -
619 2600 679 2630 Vol.
696 2600 772 2630 XIX.
915 2601 950 2630 68

886 172 1096 196 INNOCENJU'S
1119 175 1147 198 xl
1173 175 1220 198 Pr.

1694 167 1756 200 5:37
1802 177 1850 203 An.
1872 177 1899 205 c.
1921 178 1983 205 168⁴·

1060 222 1209 264 repetitio
1226 224 1341 256 saltem
1357 223 1493 266 singulis
1509 224 1676 257 mensibus
1693 225 1792 258 semel

1037 311 1046 321 ..
1060 274 1216 308 distinctis
1241 276 1353 309 diebus
1387 276 1577 309 instituetur
1602 287 1638 310 ex
1665 278 1792 310 theolo-

1037 328 1039 340 ¹
1058 326 1109 367 gia
1132 328 1254 368 morali,
1279 329 1347 362 iure
1371 329 1528 362 canonico
1546 334 1577 362 et
1593 329 1698 362 studio
1716 339 1791 362 con·

1055 380 1285 421 troversistico,
1302 381 1388 414 iuxta
1404 380 1631 424 particularem
1649 380 1790 424 superio-

1055 432 1147 464 rem'
1174 434 1414 467 ordinationem
1431 461 1438 473 ‚
1464 433 1510 466 uti
1541 439 1572 467 et
1603 433 1788 476 Scripturae

1053 481 1167 516 Sacrae
1183 486 1349 528 expositio,
1363 487 1513 529 repetitio
1526 486 1712 530 pastoralis;
1728 497 1787 529 pro

1053 535 1170 577 quibus
1185 537 1307 570 utiliter
1321 538 1540 581 expediendis,
1556 538 1707 572 universo
1721 544 1787 571 stu-

1052 587 1177 621 diorum
1202 590 1337 632 negocio
1354 591 1557 633 praeficiatur
1573 602 1656 624 unus
1681 601 1786 624 sacer-

1051 639 1119 679 dos,
1149 641 1201 684 qui
1234 642 1267 674 in
1292 642 1429 685 singulis
1463 643 1576 676 studiis
1608 644 1712 687 aptior
1743 644 1784 677 ad

1052 691 1111 724 hoc
1135 694 1362 735 praestandum
1387 695 1597 728 iudicabitur.

1092 755 1140 778 xi..
1169 745 1345 779 Universim
1370 748 1553 790 superiores
1577 758 1636 791 pro
1662 749 1782 783 viribus
1808 759 1976 790 *nooeeonomi-

1048 796 1242 830 laborabunt
1265 803 1301 830 ut
1325 799 1495 832 seminaria
1517 801 1602 834 bene
1635 801 1700 834 sint
1730 789 1975 860 or-cffeini'filiti'issr'ii‘r'iff

1792 845 1823 859 Ἧι·
1835 845 1847 859 u
1863 846 1873 860 0
1899 846 1932 859 ΥΒ*
1946 847 1949 859 Ι
1962 848 1974 862 1-1

1047 849 1164 890 dinam,
1183 861 1361 894 eorumque
1387 852 1497 885 debita
1514 863 1591 885 cura
1608 853 1778 888 habeatur.
1791 867 1957 888 adulescentum.

1047 902 1106 935 Pro
1140 903 1286 936 custodia
1320 904 1435 937 domus
1466 915 1502 938 ac
1537 904 1651 939 ianuae
1681 907 1780 941 homo

1045 955 1145 988 laicus
1176 955 1280 989 fidelis
1307 961 1339 989 et
1362 962 1506 989 maturus
1539 958 1776 1001 constituatur,

1046 1008 1120 1052 qui,
1146 1009 1214 1042 sine
1239 1012 1391 1052 expressa
1420 1011 1597 1053 superioris
1630 1012 1778 1054 licentia,

1045 1067 1213 1096 extraneos
1251 1063 1290 1099 ad
1323 1064 1545 1097 adolescentes
1579 1065 1611 1097 in
1649 1066 1779 1100 domum

1045 1125 1109 1148 non
1135 1115 1342 1154 intromittat,
1365 1121 1419 1148 aut
1442 1116 1665 1151 adolescentes
1691 1119 1777 1152 exire

1045 1168 1223 1210 permittat:
1249 1169 1344 1211 coqui
1370 1173 1402 1201 et
1426 1169 1481 1202 alii
1506 1169 1674 1203 domestici
1694 1171 1779 1214 pari-

1045 1225 1093 1253 ter
1110 1221 1175 1253 sint
1192 1221 1316 1261 fideleS,
1334 1221 1462 1261 maturi,
1478 1221 1639 1265 patientes
1656 1229 1687 1256 et
1704 1223 1779 1256 cha-

1044 1274 1175 1307 ritativi.

1086 1337 1147 1361 xm.
1176 1327 1210 1360 In
1234 1328 1396 1361 communi
1422 1328 1566 1362 oratorio
1591 1333 1623 1362 et
1645 1329 1777 1363 resecto-

1044 1379 1092 1412 rio
1117 1390 1188 1412 suas
1219 1385 1390 1413 consuetas
1423 1390 1538 1423 preces
1573 1392 1685 1414 omnes
1709 1393 1778 1425 per-

1043 1433 1183 1473 solvant,
1205 1443 1241 1466 ac
1264 1432 1475 1466 resectionem
1500 1440 1644 1474 sumant;
1671 1441 1779 1468 cetera

1042 1486 1076 1519 in
1095 1491 1157 1519 tres
1179 1485 1453 1529 contignationes⁹
1477 1486 1725 1530 distinguantur,
1747 1493 1778 1521 et

1042 1538 1074 1571 in
1099 1539 1234 1581 singulis
1260 1538 1459 1580 singularum
1478 1539 1627 1571 classium
1646 1539 1777 1574 iuvenes

1042 1591 1075 1624 in
1111 1601 1176 1624 uno
1211 1591 1319 1634 amplo
1354 1600 1505 1630 musaeo,
1543 1592 1592 1624 vel
1629 1591 1774 1632 duobus,

1042 1643 1246 1682 cohabitent,
1272 1642 1382 1686 ibique
1416 1642 1629 1686 repetitiones
1662 1644 1777 1678 solitae

1042 1701 1252 1739 peragantur.

1084 1758 1160 1782 an.
1187 1748 1311 1781 Pariter
1335 1757 1435 1781 unum
1464 1748 1514 1781 vel
1535 1748 1599 1783 duo
1621 1748 1776 1782 dormito-

1041 1801 1087 1833 ria
1107 1801 1139 1833 in
1160 1800 1268 1844 quavis
1286 1799 1549 1842 contignatione³
1564 1809 1635 1833 cum
1653 1802 1777 1834 annexa

1042 1855 1170 1886 camera
1194 1852 1336 1895 magistri
1368 1852 1545 1895 spiritualis
1579 1853 1776 1887 constituan-

1044 1911 1110 1945 tur,
1137 1905 1217 1938 itaut
1237 1905 1269 1938 in
1295 1904 1500 1946 dormitorio,
1521 1915 1592 1938 cum
1616 1908 1703 1939 certa
1727 1906 1776 1940 in-

1043 1958 1299 1991 terdistinctione
1315 1984 1322 1997 ‚
1350 1957 1529 1991 secundum
1553 1958 1693 1992 debitam
1718 1959 1776 1993 ho-

1042 2016 1221 2050 nestatem,
1259 2015 1348 2043 extra
1386 2015 1595 2054 conspectum
1629 2017 1776 2046 mutuum

1042 2063 1178 2097 seorsim
1201 2063 1373 2096 dormiant.

1085 2126 1174 2150 xtui.
1203 2116 1236 2149 ln
1261 2116 1358 2156 victu,
1379 2116 1495 2149 vestitu
1521 2126 1633 2150 omnes
1658 2127 1777 2161 aequa-

1043 2170 1117 2204 liter
1141 2169 1332 2208 habeantur,
1351 2173 1383 2202 et
1402 2168 1543 2211 ingenue
1565 2174 1698 2203 eatenus
1716 2176 1778 2205 tra-

1044 2228 1184 2262 ctentur,
1205 2227 1363 2265 quatenus
1389 2221 1569 2255 animorum
1593 2221 1777 2265 ingenuitas

1045 2276 1083 2309 ad
1108 2273 1309 2319 superandos
1330 2273 1512 2307 studiorum
1529 2275 1656 2309 labores
1675 2277 1776 2320 magis

1045 2327 1243 2362 iucunditate
1255 2337 1349 2370 quam
1361 2327 1469 2361 serviti
1485 2327 1598 2361 timore
1609 2328 1777 2363 excitetur.

1088 2390 1171 2415 κων.
1198 2379 1288 2413 Unde
1312 2389 1424 2413 mensa
1440 2380 1628 2424 quotidiana
1643 2381 1777 2426 frugalis

1081 2460 1090 2486 1
1114 2458 1213 2485 Forsan
1232 2458 1416 2492 superiorum
1433 2458 1470 2492 (a.
1493 2458 1542 2492 Τ.).

1078 2503 1095 2530 2
1115 2502 1184 2529 Edit.
1200 2501 1279 2528 Main.
1296 2502 1361 2536 legit
1376 2503 1605 2537 consz'qnatt'ones
1623 2504 1661 2532 (n.
1678 2505 1727 2535 τ.).

1078 2547 1095 2576 3
1109 2546 1195 2576 Etiam
1205 2546 1249 2576 tite
1263 2546 1306 2576 ed.
1319 2546 1352 2576 M.
1364 2547 1447 2575 habet
1456 2548 1672 2584 consignatione
1683 2548 1780 2588 (nso-¹
