2111 3157
35 237 85 264 Ani
108 237 136 262 C.
161 235 226 264 ¹685

224 283 277 315 ubi
304 284 342 316 ab
367 286 516 318 omnibus
533 285 621 318 cerni
643 290 675 318 et
693 284 759 326 legi
780 283 893 327 possit,
912 283 956 315 as-

224 336 321 369 fixum
340 343 517 377 remaneat;
535 343 637 380 utque
655 337 841 370 fflirurndem
862 345 956 378 prae-

223 390 363 423 sentium
387 391 568 423 litterarum
587 390 807 433 transumptis,
822 399 878 422 seu
904 399 957 421 ex-

224 442 351 484 emplis,
371 443 466 475 etiam
490 443 670 485 impressis,
696 453 791 474 manu
824 440 957 474 alicuius

223 496 341 528 notarii
354 495 476 538 publici
495 495 696 538 subscriptis,
715 500 747 527 et
763 494 871 536 sigillo
889 504 957 536 per-

222 557 321 581 sonae
339 549 372 581 in
389 548 608 581 ecclesiastica
625 547 782 590 dignitate
801 546 956 579 constitu-

223 605 273 632 tae
291 601 434 641 munitis,
453 601 565 633 eadem
586 609 718 643 prorsus
735 599 815 631 sides
833 598 954 640 ubique

219 653 367 686 Iocorum
392 659 455 685 tam
472 652 504 684 in
521 652 640 685 iudicio
657 662 752 694 quam
770 657 857 684 extra
875 650 953 683 illud

220 703 392 745 habeatur,
412 715 492 748 quae
516 705 597 748 ipsis
614 704 842 747 praesentibus
860 703 956 735 habe-

219 762 308 790 retur
332 758 358 790 si
378 758 486 790 forent
506 757 670 790 exhibitae
690 757 740 789 vel
766 762 929 789 ostensae.

263 810 374 843 Datum
401 810 537 850 Romae,
564 811 650 854 apud
681 810 712 843 S.
731 810 863 842 Mariam
891 809 955 841 Ma-

218 861 337 902 iorem,
364 863 423 895 sub
452 863 574 895 annulo
609 862 794 901 Piscatoris,
824 862 875 894 die
903 873 954 895 xVI

220 915 365 948 octobris
399 925 583 956 moenium,
610 914 818 958 pontificatus
848 916 952 948 nostri

220 979 307 1002 anno
327 979 357 1002 Χ.

253 1029 313 1056 Dat.
329 1029 373 1056 die
390 1029 422 1057 16
437 1030 553 1057 octobris
570 1030 646 1065 1685,
661 1030 760 1065 pontif.
777 1038 849 1058 anno
863 1037 888 1056 x.

535 1173 635 1206 CLIX.

219 1251 427 1295 Reformalur
460 1253 561 1286 Breve
596 1254 681 1286 circa
706 1252 886 1286 Melitenses
910 1252 952 1285 ad

262 1315 366 1338 sacros
401 1305 530 1339 ordines
561 1313 722 1350 promotos
756 1316 827 1339 cum
860 1305 954 1349 falsis

263 1358 459 1393 dimissoriis
469 1360 489 1392 ¹.

407 1439 601 1468 Innocentius
620 1440 699 1474 Papa
717 1441 764 1474 x1‚

355 1486 391 1512 ad
407 1485 539 1512 futuram
558 1485 603 1512 rei
623 1486 806 1512 memoriam.

35 1564 64 1585 Ah
74 1564 209 1595 uqbanovin
263 1555 278 1598 ξ,
295 1554 324 1588 1.
343 1556 428 1588 Alias
444 1556 629 1599 (postquam
644 1556 746 1589 felicis
758 1557 954 1590 recordatio·

28 1592 210 1644 Iifr'i‘upnsffiissii'ss
221 1609 270 1641 nis
286 1608 434 1641 Urbanus
460 1607 544 1651 Papa
556 1609 620 1641 VIII
644 1610 874 1652 praedecessor
897 1621 953 1644 no-

30 1644 74 1664 uati

29 1702 138 1720 musonis·

120 1646 209 1664 ordinati

29 1677 75 1690 unu
98 1671 155 1691 salsis
178 1671 210 1692 di-

222 1667 289 1694 ster
305 1672 364 1704 per
377 1662 549 1704 quamdam
568 1672 656 1694 suam
677 1663 951 1703 constitutionem,

222 1715 312 1747 cuius
328 1714 452 1747 initium
468 1720 514 1747 est
530 1715 665 1748 Secreti's
681 1721 830 1749 aeternae
845 1718 953 1760 provi-

222 1767 350 1800 dentiae
363 1768 522 1808 consitiis,
538 1772 608 1807 etc„
626 1768 711 1801 inter
728 1769 790 1802 alia
806 1770 953 1811 voluerit,

223 1819 334 1861 Italos,
362 1820 387 1852 si
413 1831 494 1863 quos
529 1825 606 1853 tunc
629 1821 839 1864 imposterum
861 1823 955 1856 cleri-

224 1872 282 1905 cali
308 1873 493 1906 charactere
518 1873 668 1916 insigniri
693 1875 743 1907 vel
760 1875 798 1907 ad
815 1876 954 1908 minores

223 1925 355 1958 ordines
378 1926 563 1969 promoveri
602 1927 642 1959 ab
669 1927 776 1960 alieno
801 1929 956 1972 episcopo

223 1988 295 2010 cum
310 1978 396 2011 salsis
410 1978 599 2012 dimissoriis
615 1980 813 2022 contigisset,
832 1982 956 2014 etiamsi

225 2032 434 2074 qualitatibus
460 2043 519 2075 per
542 2031 676 2065 Concilii
701 2033 879 2066 Tridentini
906 2035 960 2068 de-

226 2089 348 2116 cretum
382 2094 451 2127 cap.
486 2095 538 2118 xvr
573 2095 650 2118 sess.
684 2096 761 2119 xxm
794 2087 958 2130 requisitis

226 2137 367 2180 praediti
392 2143 508 2178 essent,
534 2138 757 2178 nihilominus,
784 2142 890 2172 secuta
917 2146 960 2173 ta-

226 2199 299 2222 men
325 2190 414 2233 prius
439 2190 580 2234 desuper
603 2191 718 2224 iudicis
751 2193 960 2226 ecclesiastici

229 2242 459 2283 declaratione,
478 2243 538 2276 sori
556 2244 725 2286 privilegio
743 2244 874 2279 minime
889 2256 962 2288 gau-

229 2294 318 2335 dere,
344 2295 401 2328 sed
425 2297 582 2329 saeculari
606 2296 833 2339 iurisdictioni,
860 2303 895 2330 ut
911 2310 963 2332 an-

230 2352 289 2389 tea,
303 2348 401 2391 plene
419 2347 452 2380 in
477 2349 626 2382 omnihus
650 2350 818 2384 subiacere
840 2356 872 2384 et
887 2353 964 2385 sub-

269 2445 279 2471 1
298 2444 353 2473 Hoc
367 2446 454 2473 Breve
474 2446 517 2473 ed.
539 2447 589 2474 fuit
607 2455 676 2475 anno
696 2454 865 2484 MDCIAXXIV,
887 2449 929 2477 die
951 2451 962 2477 1

232 2488 307 2522 iulii,
328 2491 423 2525 pontif.
444 2497 506 2524 vttt,
527 2492 572 2518 ubi
602 2492 662 2519 vide
687 2496 794 2525 notata;
815 2493 879 2521 item
906 2494 965 2522 vide

234 2532 381 2561 Innocentii
396 2535 444 2562 ΧΠ
461 2539 546 2563 const.
567 2536 610 2563 ed.
631 2545 701 2564 anno
722 2544 851 2571 iincxcni,
872 2538 914 2566 die
936 2540 966 2566 14

235 2576 402 2614 decembris,
422 2580 517 2616 pontif.
538 2587 565 2614 11,
587 2589 655 2617 quae
681 2585 721 2609 est
741 2582 774 2609 de
792 2582 966 2619 suscipiendis

220 2621 374 2666 *ordinibus
393 2629 468 2653 extra
486 2629 616 2662 tempora.

820 234 1030 260 ixficcm‘ilt's
1052 236 1081 258 XI
1107 235 1155 259 PP.

999 282 1100 315 iectos
1127 281 1210 324 esse)
1236 291 1295 324 pro
1321 286 1409 324 parte
1441 280 1549 314 dilecti
1582 279 1638 313 filii
1664 291 1731 312 ma-

998 335 1051 375 gni
1077 335 1219 377 magistri
1246 335 1415 378 hospitalis
1441 335 1472 368 S.
1499 335 1628 368 Ioannis
1658 336 1732 369 Hie-

998 388 1220 430 rosolymitani
1253 388 1346 421 nobis
1378 389 1542 432 exposito,
1569 390 1668 433 quod,
1695 396 1731 423 ut

997 439 1211 473 incommodis
1239 441 1270 473 in
1296 442 1402 475 insula
1426 443 1582 476 Melitensi
1608 445 1639 477 in
1661 445 1730 478 dies

997 493 1239 535 insurgentibus
1259 501 1493 535 occurreretur,
1514 497 1729 540 Congregatio

980 546 1229 579 =venerabilium
1248 547 1381 581 fratrum
1400 555 1581 583 nostrorum
1596 551 1626 583 S.
1641 551 1676 583 R.
1692 551 1726 584 E.

992 598 1206 632 ‘cardinalium
1223 600 1357 633 Concilii
1378 601 1555 635 Tridentini
1571 603 1730 647 interpre-

998 655 1064 682 tum
1090 651 1141 683 die
1166 661 1222 685 viii
1246 653 1320 685 maii
1350 664 1519 688 MDCLxxvtt
1545 657 1729 690 declarave-

997 709 1053 743 rat,
1074 704 1257 738 Melitenses
1275 707 1441 740 ordinatos
1458 719 1514 741 seu
1533 710 1729 743 ordinandos

996 766 1066 788 cum
1091 757 1177 790 falsis
1204 769 1261 791 seu
1292 761 1412 803 absque
1444 761 1635 795 dimissoriis
1662 774 1728 796 non

996 809 1136 850 gaudere
1161 811 1357 854 privilegiis,
1385 814 1441 845 sed
1474 825 1568 857 posse
1605 816 1729 858 praesa-

997 867 1058 893 tam
1083 861 1201 895 Urbani
1235 865 1496 907 praedecessoris
1529 868 1729 902 constitutio-

995 925 1068 947 nem
1083 926 1142 958 per
1159 927 1218 949 nos
1235 918 1274 950 ad
1292 919 1428 952 insulam
1445 920 1569 954 Melitae
1584 922 1728 955 extendi:

996 978 1063 1008 nos,
1089 970 1378 1012 supplicationibus
1412 972 1558 1007 eiusdem
1583 975 1729 1016 magistri

995 1021 1126 1054 nomine
1151 1023 1245 1056 nobis
1270 1034 1370 1067 super
1394 1026 1455 1059 hoc
1472 1027 1639 1060 humiliter
1658 1039 1729 1072 por-

995 1076 1091 1108 rectis
1116 1076 1271 1116 inclinati,
1289 1078 1328 1110 de
1354 1085 1603 1113 memoratorum
1628 1082 1730 1115 cardi—

994 1128 1116 1160 nalium
1142 1130 1290 1170 consilio,
1317 1141 1413 1174 supra
1438 1143 1621 1176 expressam
1639 1146 1728 1178 prae·

996 1182 1077 1214 satae
1093 1183 1328 1216 constitutionis
1353 1184 1473 1218 Urbani
1499 1187 1729 1229 praedecesso-

995 1235 1038 1266 ris
1074 1235 1325 1278 dispositionem
1357 1238 1396 1271 ad
1433 1239 1570 1272 insulam
1603 1241 1729 1276 Melitae

996 1287 1100 1329 <itaut
1114 1287 1216 1330 quod¹
1238 1289 1434 1332 Melitenses,
1451 1303 1530 1335 quos
1550 1304 1621 1326 cum
1642 1295 1728 1328 salsis

996 1341 1185 1374 dimissoriis
1210 1344 1260 1376 vel
1281 1343 1349 1376 sine
1368 1345 1558 1379 dimissoriis
1575 1347 1729 1390 contigis-

995 1400 1043 1427 set
1066 1395 1106 1427 ab
1131 1395 1237 1428 alieno
1263 1397 1417 1440 episcopo
1442 1398 1582 1432 clericali
1609 1401 1726 1434 chara-

996 1453 1081 1481 ctere
1105 1448 1254 1491 insigniri
1280 1451 1329 1482 vel
1361 1451 1400 1482 ad
1431 1451 1573 1485 minores
1598 1454 1728 1487 ordines

996 1502 1196 1544 promoveri,
1223 1504 1333 1535 secuta
1364 1504 1452 1546 prius
1485 1505 1599 1539 iudicis
1626 1508 1729 1540 eccle-

996 1554 1114 1587 siastici
1140 1555 1365 1596 declaratione,
1392 1556 1452 1589 fori
1478 1558 1648 1601 privilegio
1672 1560 1731 1592 mi-

996 1608 1082 1640 nime
1100 1608 1253 1650 gaudere,
1271 1609 1327 1642 sed
1342 1611 1499 1643 saeculari
1517 1612 1731 1646 iurisdictioni

998 1661 1028 1693 in
1054 1661 1203 1694 omnibus
1235 1662 1404 1696 subiacere
1430 1664 1599 1708 deberent)
1625 1672 1732 1699 aucto-

997 1715 1090 1747 ritate
1115 1715 1293 1757 apostolica
1318 1717 1518 1751 extendimus
1543 1724 1574 1752 et
1597 1720 1732 1762 amplia-

997 1768 1109 1807 vimus,
1135 1769 1223 1800 salva
1248 1774 1354 1803 tamen
1379 1780 1509 1814 semper
1526 1771 1557 1804 in
1576 1773 1732 1815 praemis-

999 1821 1040 1853 sis
1052 1822 1241 1854 auctoritate
1255 1823 1458 1865 supradictae
1468 1824 1733 1868 Congregationis

1000 1865 1232 1915 cardinalium,
1259 1881 1289 1908 et
1321 1877 1411 1917 alias,
1438 1883 1534 1920 prout
1557 1878 1588 1910 in
1614 1879 1734 1912 nostris

1001 1928 1142 1970 desuper
1172 1929 1205 1960 in
1236 1929 1331 1961 simili
1365 1930 1468 1963 forma
1503 1931 1613 1964 Brevis
1650 1932 1734 1966 diet

1002 1981 1068 2013 iulii
1086 1990 1266 2015 iunctxxinv
1280 1982 1438 2025 expeditis
1455 1983 1578 2025 litteris,
1598 1992 1735 2028 quarum

1003 2041 1147 2067 tenorem
1172 2036 1398 2077 praesentibus
1422 2047 1481 2079 pro
1501 2038 1600 2080 plene
1621 2043 1653 2070 et
1672 2038 1737 2071 sus·-

1002 2088 1149 2121 ficienter
1173 2098 1325 2131 expresso
1350 2094 1382 2121 et
1405 2089 1526 2123 inserto
1547 2090 1659 2123 haberi
1683 2101 1737 2124 vo*

1003 2142 1122 2181 lumus,
1146 2141 1275 2184 plenius
1305 2142 1500 2175 continetur.

1048 2196 1062 2238 §J
1095 2194 1126 2227 2.
1165 2194 1242 2228 Cum
1275 2200 1380 2228 autem
1416 2196 1736 2230 animadvertendum

1005 2248 1112 2288 suerit,
1145 2248 1310 2281 decretum
1343 2249 1445 2281 dictae
1470 2249 1738 2293 Congregationis

1005 2301 1217 2334 cardinalium
1237 2311 1333 2344 super
1352 2301 1537 2344 praemissis
1555 2309 1739 2336 emanatum

1006 2354 1039 2386 in
1063 2353 1149 2386 illius
1175 2353 1363 2386 extensione
1387 2355 1541 2388 excedere
1559 2357 1682 2389 sancita
1706 2356 1739 2389 in

1007 2408 1021 2451 ξ
1045 2406 1066 2439 4
1091 2406 1194 2440 dictae
1219 2406 1462 2440 Constitutionis
1493 2407 1612 2441 Urbani
1640 2420 1737 2453 prae-

1008 2459 1185 2493 decessoris
1204 2459 1237 2492 in
1260 2461 1296 2492 ea
1316 2465 1405 2503 parte
1430 2461 1462 2493 in
1487 2472 1550 2504 qua
1573 2462 1742 2496 includan-

1009 2519 1061 2546 tur
1091 2513 1188 2546 etiam
1221 2513 1361 2546 ordinati
1393 2513 1515 2557 absque
1547 2514 1741 2549 dimissoriis

1009 2566 1135 2611 proprii
1171 2565 1332 2599 Ordinarii
1355 2594 1364 2608 ,
1397 2567 1537 2611 ideoque
1579 2569 1743 2612 praefatae

1047 2630 1057 2656 1
1079 2628 1127 2656 vel
1147 2628 1222 2664 quod
1242 2627 1282 2656 vel
1302 2631 1333 2658 ut
1352 2629 1486 2674 redundat
1505 2630 1611 2673 (thaad.

1630 221 1692 255 637
1739 231 1788 257 An.
1804 231 1831 257 c.
1855 233 1921 259 mss

1775 2202 1843 2223 Caum
1867 2202 1931 2224 rufat*

1749 2233 1855 2251 muttonis.

1748 2595 1757 2605 ›
