2111 3157
12 255 64 295 A'n.
85 265 113 293 c.
132 265 196 293 ¹087

201 319 255 346 aut
288 314 350 348 alia
383 325 604 360 quaecumque
638 315 709 348 loca
732 314 930 358 franchicias

201 368 367 410 appellare
385 368 545 402 auderet⁴:
564 380 642 402 neve
661 368 851 408 cardinales,
866 379 932 401 ora-

201 424 297 459 tores,
320 431 356 453 ac
379 422 535 464 primates
554 422 723 465 praedicti,
740 421 862 454 etiamsi
881 420 930 453 sui

200 477 232 505 et
255 473 390 506 Romani
416 474 578 507 Pontificis
604 486 661 518 pro
695 480 839 517 tempore
866 474 931 506 exi-

200 525 314 558 stentis
328 532 475 570 nepotes,
495 532 548 560 aut
565 527 628 560 alio
643 526 930 568 consanguinitatis

198 578 248 610 vel
273 578 435 611 affinitatis
460 580 587 613 vinculo
612 579 773 612 coniuncti
807 584 927 618 essent,

199 640 379 673 eorumque
418 632 599 671 familiares,
637 637 689 664 aut
720 632 752 663 in
789 631 929 673 ipsorum

198 683 349 716 domibus
381 690 628 723 commorantes,
661 684 693 716 in
718 683 839 716 eisdem
874 684 930 716 (lo-

197 735 302 768 mibus
338 746 395 768 seu
430 737 509 769 locis
542 735 777 769 circumvicinis
809 734 929 768 maleti-

197 797 249 820 cos
274 788 414 831 quosvis,
433 789 528 821 etiam
547 788 757 827 indemnatos,
780 794 833 820 aut
853 798 927 820 aere

195 841 302 874 alieno
338 841 509 874 obstrictos
547 842 677 883 (contra
710 852 791 884 quos
822 847 927 873 tamen

194 894 345 926 mandata
369 894 536 927 executiva
560 894 755 928 instantibus
788 894 928 927 credito-

194 946 282 979 ribus
314 946 376 979 iarn
410 946 539 979 decreta
564 952 595 979 et
620 948 762 980 relaxata
787 952 888 979 essent
905 947 926 989 J,

194 1004 229 1031 ut
253 1009 268 1031 e
294 1004 451 1042 potestate
476 1000 583 1032 curiae
607 999 780 1032 saecularis
798 1000 841 1032 sie
863 1000 928 1031 exi-

193 1055 370 1091 merentur,
384 1057 564 1095 receptare,
582 1053 631 1085 rel
650 1057 816 1095 praetextu
844 1052 928 1084 sran-

193 1103 312 1137 cliitiae
349 1114 479 1137 securos
514 1105 660 1144 reddere,
697 1111 750 1137 aut
786 1105 926 1137 iustitiae

193 1162 391 1197 executores,
417 1158 590 1200 quominus
615 1158 718 1190 libere
745 1157 850 1190 officio
868 1169 926 1191 suo

193 1214 305 1242 contra
330 1210 459 1243 cosdem
494 1211 581 1252 sangi
607 1216 750 1254 possent,
773 1221 926 1253 quocum-

193 1272 253 1305 que
278 1262 374 1295 modo
401 1263 556 1306 impedire
578 1264 756 1296 auderent:
783 1264 925 1306 alioquin

190 1321 405 1359 receptantes,
420 1316 603 1349 huiusmodi
622 1317 824 1349 securitatem
840 1328 926 1359 prae-

191 1373 322 1407 stantes,
348 1379 403 1401 scu
441 1375 629 1402 executores
660 1370 800 1402 iustitiae
826 1370 927 1412 impe-

192 1420 328 1461 dientes,
354 1422 573 1460 vel,ercitatis
599 1423 801 1461 clamoribus,
828 1424 926 1455 cardi-

189 1473 325 1514 nalium,
359 1479 525 1507 oratorum
562 1485 619 1508 seu
650 1475 821 1518 primatum
848 1486 926 1519 qno-

189 1526 343 1559 rumlibet
356 1537 475 1559 nomen
494 1527 602 1559 auxilii
618 1530 711 1560 causa
729 1528 924 1567 invocantes,

190 1583 244 1611 aut
268 1588 489 1622 quoscumque
516 1579 594 1612 alios
621 1580 653 1612 in
678 1580 764 1623 ipsos
785 1581 924 1614 iustitiae

189 1630 358 1665 ministros
394 1632 609 1672 concitantes,
650 1634 738 1665 velut
781 1634 925 1666 criminis

187 1684 296 1717 laesae
321 1684 495 1717 maiestatis
519 1685 564 1717 rei
591 1685 698 1728 dignis
717 1686 832 1729 poenis
859 1686 925 1719 asli-

189 1742 362 1769 ccrentur:
388 1742 499 1769 contra
525 1747 617 1780 qnos,
644 1738 737 1770 etiam
771 1739 809 1771 ad
846 1739 923 1772 alias

188 1799 309 1833 poenas
334 1789 450 1832 quibus
474 1790 609 1823 malefici
642 1790 702 1833 ipsi
724 1791 825 1833 puniti
853 1791 926 1824 suis-

189 1848 268 1883 sent‚
282 1844 331 1876 vel
357 1853 433 1885 quas
451 1843 717 1885 promeruissent,
741 1855 865 1878 necnon
885 1845 923 1877 ad

188 1896 441 1929 satisfactionem
466 1896 670 1937 creditorum,
689 1897 783 1929 ctiam
805 1908 840 1930 ex
857 1897 925 1930 ossi-

188 1950 238 1982 cio
264 1954 295 1981 et
329 1950 367 1982 ad
399 1948 468 1982 sisci
493 1949 699 1993 partiumque
729 1950 922 1990 instantiam,

188 2003 317 2046 inquiri,
342 2002 475 2046 procedi
501 2007 533 2035 et
556 2003 764 2036 condemnari
803 2004 922 2037 debere

188 2056 291 2089 voluit
318 2062 413 2099 atque
449 2056 603 2089 decrevit.
638 2056 713 2096 Sed,
747 2066 817 2089 cum
843 2057 924 2089 baec

187 2107 260 2152 ipsa
286 2108 330 2141 Pii
355 2108 614 2151 praedecessoris
630 2109 829 2149 constitutio,
849 2120 923 2152 pro-

188 2165 262 2205 pter
285 2161 416 2194 nimiam
441 2162 667 2204 corruptelam,
693 2162 823 2194 minime
848 2173 924 2205 pos-

190 2218 242 2246 tea
266 2213 306 2246 sit
330 2224 412 2253 eum,
434 2224 530 2256 quem
547 2213 663 2253 decuit,
682 2213 828 2246 effectum
854 2225 923 2247 con-

181 2272 315 2300 ·secuta:
341 2277 417 2307 nos,
442 2263 586 2300 volentes
618 2266 750 2300 omnino
775 2267 808 2299 in
841 2268 923 2300 alma

189 2319 273 2353 Urbe
308 2322 420 2353 nostra
466 2319 510 2353 ita
546 2320 686 2353 iustitiae
731 2320 840 2353 debito
883 2321 923 2354 ab

190 2373 339 2406 omnibus
365 2371 524 2412 satisfieri,
548 2377 583 2404 ut
606 2377 765 2415 perpetua
789 2373 923 2407 subditis

187 2426 309 2459 'nostris
334 2425 427 2469 quies
453 2430 484 2458 et
507 2426 592 2458 salus
613 2425 688 2458 inde
713 2425 866 2468 pariatur,
893 2432 924 2459 et

191 2478 305 2511 ceteris
325 2479 519 2521 praebeatur
543 2479 742 2521 exemplum,
769 2479 924 2511 constitu-

191 2530 312 2564 tionem
336 2530 534 2574 praedictam
569 2535 676 2563 exacte
709 2530 748 2562 ab
773 2531 922 2564 omnibus

192 2588 223 2617 et
236 2584 322 2616 omni
338 2589 485 2627 tempore
503 2582 720 2627 praecipimus
738 2583 920 2626 observari;

227 2647 240 2674 1
262 2645 332 2674 Edit.
349 2645 430 2674 Mein.
446 2645 511 2681 tegit
525 2645 632 2675 audeat
646 2647 682 2681 (n.
699 2645 749 2680 T.).

775 266 986 291 mNOCENTms
1007 267 1038 290 xi
1064 266 1112 291 rr.

952 318 955 324 '
973 314 1160 347 mandantes
1177 313 1456 357 gubernatoribus,
1467 314 1704 357 magistratibus

1599 257 1662 290 763
1709 265 1757 292 An.
1780 265 1808 291 c.
1829 257 1894 292 16'87

973 367 1130 400 iudicibus
1158 373 1189 400 ct
1214 368 1442 401 executoribus
1467 368 1570 401 dictae
1596 367 1703 406 Urbis,

973 429 1008 451 ae
1035 420 1151 452 ceteris
1184 421 1342 461 omnibus,
1380 421 1418 453 ad
1452 431 1533 464 quos
1569 425 1703 463 spectat,

972 477 1015 509 ut,
1031 473 1131 514 gratia
1155 478 1186 506 et
1210 474 1318 506 favore
1340 474 1538 517 postpositis,
1566 473 1653 506 illam
1674 478 1706 505 et

972 530 1124 557 contenta
1141 526 1173 558 in
1191 528 1227 558 ea
1245 537 1466 569 quaecumque
1484 527 1614 559 omnino
1633 537 1704 558 exe-

972 583 1132 620 quantur,
1160 589 1195 610 ac
1220 580 1335 621 poenis
1367 580 1399 612 in
1425 579 1493 623 ipsa
1528 579 1704 622 propositis

972 631 1172 672 supradictos
1197 638 1227 664 et
1252 631 1382 674 quosvis
1414 632 1639 665 inobedientes
1674 638 1706 665 ct

971 684 1242 716 contrafacientes
1267 685 1354 716 iuxta
1379 685 1464 717 illius
1490 690 1634 718 tenorem
1660 685 1705 717 as-

971 734 1087 773 ticiani,
1103 741 1133 767 et
1154 736 1272 778 alioqui
1298 736 1329 768 in
1348 737 1561 779 prohibendis
1586 747 1705 780 nsque-

972 797 1094 829 quaque
1128 788 1177 819 liis
1211 788 1424 821 incommodis
1460 790 1640 832 invigilent,
1679 791 1703 822 si

971 846 1115 872 nostram
1141 845 1172 872 et
1197 841 1403 883 Apostolicae
1429 841 1518 874 Sedis
1544 843 1703 875 ultionem

971 892 1131 924 voluerint
1167 893 1299 925 evitare.
1337 894 1422 926 Nulli
1455 905 1532 936 crgo
1570 896 1703 927 omnino

971 945 1136 977 hominum
1163 946 1258 978 liccat
1283 947 1367 978 lianc
1398 947 1547 989 paginam
1575 953 1704 980 nostro-

971 1008 1039 1030 rum
1064 999 1227 1041 praecepti
1248 1004 1277 1031 et
1295 1000 1437 1032 mandati
1459 1000 1635 1042 intringere
1655 1001 1704 1033 vel

971 1049 997 1082 ei
1031 1060 1105 1083 ausu
1140 1052 1310 1083 temerario
1347 1053 1529 1093 contraire,
1570 1053 1595 1084 si
1632 1053 1703 1096 quis

970 1109 1072 1135 autem
1100 1104 1160 1136 hoc:
1187 1110 1343 1138 attentare.
1368 1106 1633 1149 praesumpserit,
1657 1107 1705 1138 in-

970 1156 1190 1198 dignationem
1224 1158 1457 1200 omnipotentis
1490 1159 1544 1191 Dei
1570 1170 1606 1191 ac
1630 1160 1704 1192 bea-

971 1214 1074 1242 torum
1099 1211 1183 1243 Petri
1210 1216 1241 1244 et
1265 1212 1351 1244 Pauli
1389 1213 1609 1254 apostolorum
1637 1213 1704 1245 eius

970 1273 1002 1294 se
1030 1264 1156 1295 noverit
1180 1263 1397 1296 incursurum.

1005 1324 1096 1350 Datum
1119 1325 1229 1358 Romae,
1251 1325 1320 1360 apud
1336 1326 1362 1352 S.
1379 1325 1507 1359 Marcum,
1525 1334 1593 1353 anno
1613 1328 1704 1353 Incar-

969 1369 1082 1395 nationis
1110 1369 1262 1396 dominicae
1292 1376 1434 1403 MDLxxur,
1461 1377 1487 1397 tx
1519 1371 1703 1405 septembris,

969 1413 1137 1447 pontificatus
1157 1413 1239 1439 nostri
1259 1422 1328 1440 anno
1349 1420 1367 1440 1ῐ
1387 1425 1413 1440 υ,

1013 1475 1055 1507 Ae
1071 1476 1274 1518 postmodum
1293 1481 1421 1509 sanctae
1440 1478 1617 1510 memoriae
1634 1478 1702 1510 six·
1716 1507 1726 1512 ,
1772 1481 1897 1503 C0n<1i1¹¹¹¹⁰

969 1533 1018 1560 tus
1048 1528 1132 1570 Papa
1156 1528 1188 1567 V,
1217 1529 1366 1561 similiter
1383 1530 1619 1571 praedecessor
1648 1509 1790 1564 noj'sv'hl
1810 1516 1899 1556 quam

1713 1562 1887 1586 praece-tonsori..

968 1586 1044 1616 ster,
1063 1581 1093 1612 in
1120 1581 1253 1623 speciali
1280 1582 1523 1622 constitutione,
1551 1594 1632 1626 quae
1655 1584 1808 1617 in-m'uuo-
1833 1592 1896 1614 mque

1714 1617 1777 1634 etiam
1801 1616 1898 1635 itur-tam.

968 1633 1047 1676 cipit
1072 1633 1138 1665 IIoc
1163 1639 1270 1665 nostro
1289 1635 1499 1676 pontificatus
1516 1635 1638 1676 2'nil1‘o¹,
1657 1637 1897 1687 in‘issssn'.d”¹¹'i¹,'¹ff,s''⁴

969 1691 1018 1718 ter
1041 1691 1149 1718 cetera
1174 1697 1232 1729 per
1250 1697 1323 1719 eum
1350 1688 1510 1730 disposita
1533 1699 1592 1731 pro
1619 1674 1845 1722 Γ81ἰςίπιὲιπιτῖΞ-ΡΕ·ι
1864 1674 1897 1690 ΜΠ

968 1738 1125 1781 gubernio
1145 1745 1176 1772 et
1200 1740 1308 1782 quiete
1334 1744 1365 1771 et
1392 1741 1624 1783 tranquillitate
1644 1743 1704 1775 liu-

967 1792 1014 1824 ius
1032 1793 1133 1824 almae
1152 1792 1255 1832 Urbis,
1271 1793 1536 1826 constitutionem
1549 1805 1705 1837 praenar-

966 1845 1026 1877 rati
1062 1845 1208 1887 Gregorii
1247 1846 1470 1887 innovaverit,
1497 1858 1532 1879 ac
1567 1859 1703 1890 poenam

966 1898 1072 1930 laesae
1099 1898 1284 1938 maiestatis,
1302 1909 1359 1941 per
1387 1900 1588 1942 praedictum
1613 1901 1703 1934 Pium

966 1951 1247 1993 praedecessorem
1266 1952 1455 1994 appositam,
1475 1953 1512 1985 ad
1529 1954 1704 1986 reram⁹ae

967 2005 1054 2036 nulla
1079 2004 1157 2036 iuris
1195 2010 1249 2037 aut
1282 2005 1422 2037 hominis
1448 2005 1576 2038 fictione
1602 2007 1703 2039 confi-

966 2061 1050 2088 ctum
1065 2062 1187 2089 reatum
1203 2058 1410 2100 ainpliaverit,
1427 2063 1458 2091 et
1474 2059 1702 2101 delinquentes

965 2110 995 2141 in
1023 2109 1107 2142 idem
1124 2120 1233 2142 rerum
1258 2110 1382 2143 crimen
1399 2111 1502 2143 laesae
1524 2111 1701 2144 maiestatis

965 2162 1139 2195 incurrisse
1166 2162 1343 2196 decreverit
1357 2168 1387 2195 et
1405 2163 1624 2204 declaraverit,
1643 2164 1701 2196 sub

966 2215 1073 2248 datum
1094 2215 1224 2255 Romae,
1240 2217 1324 2259 apud
1343 2216 1373 2249 S.
1392 2216 1542 2256 Marcum,
1556 2227 1639 2249 anno
1657 2217 1702 2249 ln·

966 2267 1162 2300 carnationis
1194 2268 1377 2301 Dominicae
1402 2279 1564 2309 iinrxxxv,
1591 2270 1702 2302 kalen-

967 2320 1015 2352 dis
1039 2320 1121 2359 iulii,
1149 2320 1354 2363 pontificatus
1380 2321 1428 2353 sui
1454 2332 1538 2354 anno
1566 2332 1586 2354 ι.

1011 2373 1152 2416 Cumque
1178 2374 1274 2406 etiam
1300 2374 1396 2407 iidem
1423 2379 1454 2406 ct
1487 2374 1538 2407 alii
1564 2374 1893 2426 Romanisldfmnmvon—

1718 2410 1812 2428 irniatum
1828 2408 1865 2428 suit
1880 2415 1893 2429 a

967 2426 1136 2459 Pontifices
1163 2427 1270 2459 itidem
1296 2428 1565 2469 praedecessores
1598 2429 1698 2461 nostri
1710 2433 1894 2484 }}2',¹1¹1¹,¹¹³pf0'²,’,¹,¹20³,'¹,

966 2479 1101 2521 singulis
1134 2479 1226 2511 annis
1259 2480 1383 2512 Bullam
1424 2480 1455 2512 in
1488 2481 1539 2513 die
1570 2480 1768 2514 Coenaomw·

965 2531 1091 2564 Domini
1117 2531 1283 2574 publicare
1309 2533 1553 2572 consueverint,
1579 2533 1610 2565 in
1636 2544 1699 2577 qua

1002 2603 1012 2628 1
1035 2601 1118 2633 Quam
1140 2601 1197 2628 vide
1218 2605 1285 2629 tom.
1306 2608 1361 2636 vin,
1381 2610 1444 2638 pag.
1464 2603 1516 2631 585
1533 2604 1572 2639 (a.
1593 2604 1643 2641 T.)-

999 2646 1015 2672 ἲ
1034 2645 1128 2674 Potius
1148 2645 1208 2681 lege
1227 2655 1327 2674 verum
1347 2648 1386 2677 (n.
1403 2648 1451 2684 T.)-
