2111 3157
22 197 42 223 A
55 209 70 224 =.
92 195 119 221 C.
140 193 206 221 ¹588

213 243 348 276 tioribus
388 243 526 283 domus,
568 242 663 276 saciet
701 247 943 285 procuratorem

210 296 348 329 reddere
373 296 531 329 rationem
557 296 740 339 generalem
774 295 870 328 totius
894 306 945 328 re-

211 355 324 393 ceptae
349 354 381 382 et
405 359 566 392 expensae
584 349 615 381 in
641 348 697 382 illo
720 359 804 382 anno
824 349 942 387 sactae,

210 403 295 446 quod
331 402 356 435 si
392 407 584 445 procurator
617 402 720 434 facere
750 401 943 444 neglexerit,

208 455 343 488 arbitrio
368 454 482 498 prioris
508 454 682 498 puniatur:
723 460 754 486 et
778 454 944 487 nihilomi-

208 517 282 547 nus,
308 507 333 539 si
358 517 439 550 opus
466 507 572 546 suerit,
593 507 720 549 saepius
746 506 784 538 ab
803 516 839 539 eo
861 506 941 539 ratio
960 530 962 546 4

207 560 376 603 exigatur.
411 560 646 592 Verumtamen]
682 559 773 602 prior
812 559 943 592 debebit

208 612 396 656 tempestive
432 622 648 656 praemonere
688 617 940 655 procuratorem,

206 671 242 698 ut
264 665 304 699 ad
324 665 526 699 reddendum
544 675 600 698 sua
621 670 773 707 computa
791 675 825 697 se
851 675 942 708 prae-

206 723 310 762 paret.

249 782 279 804 x.
306 770 398 804 Prior
422 771 491 804 sine
517 771 654 804 consilio
680 770 801 811 vicarii,
830 780 939 814 procu-

203 823 321 856 ratoris
345 828 377 856 et
397 823 548 856 sacristae
566 833 632 856 non
649 828 837 866 praesumat
854 833 938 856 com·
958 839 959 848 π

204 875 335 909 modare
352 875 533 919 pecuniam,
551 875 656 916 simul,
676 877 725 909 vel
743 887 802 919 per
814 882 937 920 partes,

202 930 288 961 ultra
311 928 422 971 viginti
438 935 543 969 scuta;
566 934 595 961 et
618 936 679 961 tam
698 929 822 972 priores
842 941 937 973 quam

204 982 270 1022 alii,
295 982 348 1026 qui
374 982 488 1015 domus
521 993 594 1015 suas
627 993 759 1026 gravare
792 994 857 1016 non
892 994 939 1016 ve-

203 1039 318 1067 rentur
356 1034 461 1067 dando
499 1034 537 1067 de
576 1035 671 1068 bonis
708 1034 836 1068 Ordinis
869 1035 937 1068 sine

202 1098 363 1121 consensu
387 1098 517 1121 suorum
547 1088 803 1121 conventualium
833 1093 939 1121 extra-

202 1141 272 1173 neis
290 1141 339 1174 vel
357 1141 560 1185 propinquis,
579 1142 617 1174 ab
636 1142 749 1174 officiis
768 1142 938 1175 absolvan-

203 1199 265 1234 tur,
293 1200 326 1227 et
350 1194 563 1227 nihilominus
587 1195 726 1237 graviter
745 1195 934 1238 puniantur.

246 1257 290 1280 xl.
316 1247 468 1280 Volumus
500 1247 585 1290 quod
624 1247 787 1290 quaelibet
821 1248 935 1281 domus

202 1311 306 1333 arcam
342 1311 544 1333 communem
578 1301 695 1333 habeat
739 1301 796 1332 sub
835 1301 957 1333 tribus

201 1353 350 1393 clavibus,
384 1364 518 1396 quarum
555 1364 649 1386 unam
687 1354 777 1396 prior
811 1354 936 1393 habeat,

199 1406 278 1438 alias
310 1405 409 1449 aliqui
435 1417 471 1438 ex
497 1406 666 1439 monachis
699 1406 815 1449 quibus
846 1406 936 1449 prior

794 192 1006 218 INNOCENTIL'S
1027 192 1057 216 Χ]
1084 192 1131 216 ΡΡ.

199 1458 397 1492 commiserit
413 1458 551 1491 clai-arii
575 1459 792 1502 nuncupandi,
814 1459 846 1491 in
872 1470 935 1502 qua

198 1517 344 1545 servetur
367 1512 473 1545 omnis
504 1512 642 1555 pecunia
675 1512 809 1552 domus,
841 1523 934 1555 prae-

201 1570 250 1598 ter
271 1576 353 1605 eam,
378 1576 474 1608 quam
499 1565 690 1599 iudicaverit
714 1567 804 1609 prior
828 1566 935 1609 provi-

199 1616 346 1650 sionibus
370 1617 544 1651 ordinariis
568 1619 795 1651 necessariam.
815 1618 849 1651 ln
872 1629 934 1662 qua

200 1670 296 1703 etiam
313 1673 387 1703 arca
405 1670 551 1714 deposita
568 1671 674 1704 aliena
691 1671 931 1704 custodiantur:

199 1734 259 1756 nec
275 1724 369 1757 liceat
385 1735 422 1757 ea
438 1724 643 1758 commodare
669 1726 716 1758 vel
734 1725 930 1767 expendere,

199 1776 262 1810 nisi
287 1777 326 1810 de
351 1778 516 1810 voluntate
542 1777 784 1821 deponentium,
807 1785 839 1810 et
863 1789 932 1811 cum

199 1831 380 1864 assistentia
398 1831 607 1864 clavariorum
626 1832 755 1875 quando
774 1842 934 1875 reponun-

200 1889 250 1916 tur
271 1888 302 1916 et
323 1884 534 1917 extrahuntur
551 1885 705 1927 pecuniae
731 1890 762 1917 et
786 1885 933 1927 deposita

199 1947 236 1969 ex
262 1936 346 1969 dicta
369 1939 443 1969 arca
466 1937 628 1970 communi
645 1949 653 1978 ;
673 1943 769 1980 atque
795 1938 933 1970 retinca-

199 1994 250 2022 tur
274 1989 306 2022 in
331 1989 398 2032 ipsa
424 1992 520 2033 capsa
545 1990 636 2030 liber,
655 2001 717 2033 quo
737 1997 933 2024 annotentur

198 2042 355 2086 pecuniae
381 2048 413 2075 et
436 2043 585 2086 deposita
600 2043 631 2075 in
650 2043 761 2076 eadem
780 2045 933 2088 respecti-

198 2106 235 2128 ve
253 2095 449 2138 deponenda
466 2100 499 2128 et
515 2096 725 2137 extrahenda,
744 2098 850 2130 stricte
869 2109 930 2131 ser-

197 2150 267 2181 vata
290 2148 322 2181 in
349 2149 465 2181 ceteris
489 2149 706 2191 praesentium
742 2155 930 2183 statutorum

197 2201 310 2235 forma.
350 2201 380 2235 Si
406 2202 495 2245 prior
520 2208 575 2235 aut
598 2208 787 2245 procurator
811 2209 932 2236 contra-

197 2255 322 2296 fecerit,
345 2255 524 2298 prioratum
548 2256 647 2299 prior,
674 2261 706 2289 et
728 2257 931 2299 procuratio-

197 2318 272 2341 nem
298 2314 488 2352 procurator
512 2308 647 2341 amittat.

241 2371 297 2395 xn.
323 2360 412 2400 Quod
437 2362 533 2394 datur
557 2362 651 2394 alicui
684 2362 784 2405 priori
819 2363 931 2395 domo-

197 2424 268 2447 rum
292 2413 418 2446 Ordinis
440 2415 489 2447 vel
515 2415 643 2454 rectori,
660 2416 710 2448 vel
729 2415 824 2448 etiam
849 2415 931 2447 vica-

196 2467 245 2499 rio
264 2466 448 2507 monalium,
469 2467 644 2509 acquiritur
661 2467 779 2507 domui,
799 2468 847 2500 cui
874 2479 930 2500 no-

197 2519 295 2552 scitur
319 2520 517 2564 praesidere,
534 2519 595 2552 nisi
620 2525 783 2553 constaret
807 2520 931 2553 eviden-

199 2577 247 2606 ter
277 2573 363 2611 quod
393 2583 456 2607 non
494 2573 525 2606 in
557 2573 691 2612 gratiam
716 2578 747 2607 et
778 2573 928 2607 intuitum

986 240 1098 274 domus
1119 240 1221 280 illius,
1248 239 1297 272 cui
1323 238 1500 283 praesidet,
1536 239 1585 272 vel
1621 239 1716 273 officii

985 298 1038 325 aut
1059 303 1218 335 personae
1243 292 1354 336 ipsius,
1387 293 1443 326 sed
1476 292 1576 335 magis
1609 293 1716 326 favore

985 346 1098 378 domus
1133 356 1206 379 suae
1243 346 1452 389 professionis
1489 346 1716 388 conferretur3

985 399 1059 442 quia
1085 405 1160 431 tunc
1185 400 1246 432 tale
1272 399 1389 432 donum
1408 400 1445 432 ad
1463 399 1592 432 domum
1614 399 1716 433 dictae

983 462 1058 484 sune
1082 451 1294 494 professionis
1319 452 1513 495 pertinebit:
1531 457 1562 485 et
1587 452 1717 495 quando

984 503 1114 547 aliquod
1140 504 1272 537 dubium
1298 515 1333 537 ex
1359 505 1546 548 praemissis
1564 504 1716 547 oriretur,

983 556 1104 589 iudicio
1130 557 1193 590 sive
1220 557 1447 590 determinatio
1473 563 1651 591 reservetur
1668 569 1718 591 re-

984 610 1124 643 verendo
1150 610 1231 653 patri
1257 609 1453 652 Carthusiae,
1480 611 1544 644 sive
1574 611 1717 654 capitulo

983 663 1139 706 generali.

1024 726 1090 749 xm.
1118 716 1210 750 Prior
1234 718 1308 750 lieet
1326 718 1414 750 nullo
1436 723 1579 761 tempore
1601 718 1717 751 debeat

982 779 1123 812 unquam
1149 770 1218 803 sine
1250 770 1384 803 multum
1411 770 1595 803 rationabili
1622 773 1717 804 causa

981 823 1068 855 exire
1093 823 1131 856 de
1157 823 1275 864 domo,
1301 834 1318 855 a
1343 824 1504 867 principio
1531 830 1636 857 tamen
1656 825 1717 857 Ad-

982 880 1093 908 ventus
1118 886 1218 919 usque
1243 876 1281 908 ad
1308 876 1442 919 primam
1474 882 1549 920 post
1579 877 1718 920 Epipha-

981 927 1065 961 niam
1087 928 1184 969 diem,
1211 934 1241 961 et
1271 940 1288 961 a
1313 928 1584 972 Quinquagesima
1615 940 1715 972 usque

981 986 1054 1023 post
1078 987 1204 1014 octavas
1221 981 1373 1021 Paschae,
1388 988 1523 1026 propter
1543 982 1715 1016 arctiorem

957 1045 958 1048 ¹
980 1034 1026 1066 sui
1054 1035 1231 1067 custodiam
1257 1040 1288 1067 et
1313 1035 1418 1078 gregis
1444 1036 1491 1068 sui
1509 1046 1630 1076 curam,
1650 1036 1715 1069 nisi

981 1093 1115 1130 urgente
1141 1087 1332 1121 necessitate
1361 1093 1414 1120 aut
1436 1089 1575 1121 evidenti
1601 1094 1632 1121 et
1657 1100 1717 1121 ma-

980 1142 1041 1183 gna
1061 1141 1286 1181 utilitate,non
1310 1141 1430 1185 poterit
1454 1142 1553 1175 exire.
1573 1142 1634 1175 Pro
1659 1153 1716 1175 ne-

980 1193 1079 1236 gociis
1106 1199 1226 1233 autern,
1253 1205 1335 1237 quac
1371 1206 1429 1238 per
1462 1201 1713 1238 procuratorem,

980 1253 1033 1279 aut
1058 1248 1154 1280 alium
1178 1248 1375 1291 quempiam,
1393 1249 1557 1281 autetiam
1584 1260 1641 1292 per
1666 1249 1716 1281 lit·

980 1306 1062 1333 teras
1088 1301 1135 1333 vel
1161 1301 1254 1332 aliter
1279 1302 1448 1334 commode
1480 1301 1625 1344 expediri
1652 1313 1712 1345 po-

980 1359 1093 1392 terunt,
1120 1364 1136 1385 a
1161 1355 1216 1384 susi
1243 1354 1338 1386 domo
1370 1364 1434 1386 non
1467 1360 1566 1394 exeat,
1594 1365 1652 1387 nec
1678 1364 1715 1386 ea

980 1416 1036 1447 per
1071 1416 1103 1437 se
1144 1405 1246 1448 ipsum
1274 1411 1445 1445 exerceat;
1473 1407 1529 1439 scd
1561 1406 1593 1438 in
1619 1406 1714 1440 domo

977 1469 1048 1490 cuni
1068 1458 1115 1497 iis,
1128 1469 1144 1490 a
1162 1459 1278 1500 quibus
1296 1464 1475 1501 assumptus
1493 1464 1547 1498 est,
1561 1459 1712 1491 resideat.

1021 1522 1085 1544 xiv.
1113 1512 1189 1544 Cum
1216 1516 1322 1544 autem
1354 1522 1414 1554 pro
1445 1511 1590 1553 negociis
1621 1507 1732 1555 expe?

978 1563 1104 1596 diendis
1130 1575 1201 1597 eum
1230 1565 1445 1607 personaliter
1470 1565 1558 1597 exire
1583 1571 1715 1607 oporte-

977 1617 1033 1656 bit,
1051 1629 1144 1661 quam
1171 1618 1263 1651 citius
1287 1618 1415 1661 poterit,
1433 1623 1631 1658 revertatur,
1653 1628 1716 1653 nee

976 1680 1117 1713 unquam
1135 1672 1223 1703 solus
1239 1671 1361 1714 equitet
1379 1671 1436 1714 (a),
1455 1681 1515 1704 nec
1529 1671 1616 1704 solus
1632 1671 1714 1704 ince-

977 1725 1041 1763 dat,
1056 1724 1113 1756 sed
1133 1734 1264 1766 semper
1281 1724 1398 1756 habeat
1415 1735 1523 1757 secum
1542 1724 1712 1757 honestam

976 1777 1110 1821 alicuius
1142 1776 1338 1817 comitivam,
1372 1787 1433 1810 nec
1468 1777 1592 1820 equitet
1624 1783 1713 1810 extra

978 1830 1130 1862 terminos
1147 1830 1215 1862 sinc
1235 1831 1346 1873 cappa,
1364 1840 1422 1862 nec
1441 1829 1535 1862 etiam
1553 1829 1636 1862 intra
1654 1840 1713 1873 per

976 1884 1089 1916 villas:
1112 1888 1255 1916 remotus
1275 1888 1381 1915 tamen
1406 1894 1423 1915 a
1449 1883 1532 1915 villis
1551 1888 1583 1920 et
1602 1894 1618 1915 a
1637 1893 1713 1915 con-

976 1948 1069 1969 cursu
1097 1936 1264 1969 hominum
1291 1946 1361 1968 eam
1386 1947 1500 1969 exuere
1517 1941 1634 1979 potest.
1654 1936 1712 1969 Ho-

975 1994 1098 2022 nestam
1117 2000 1191 2022 vero
1210 1989 1390 2022 comitivam
1409 1989 1620 2032 intelligimus
1639 1999 1712 2022 con-

975 2053 1092 2082 versos,
1112 2042 1259 2081 donatos
1280 2042 1424 2085 aliosque
1450 2042 1643 2075 domesticos
1670 2042 1711 2074 l'a-

975 2096 1087 2135 mulos,
1120 2100 1278 2127 maturam
1317 2095 1474 2127 habentes
1506 2100 1643 2128 aetatem
1678 2100 1710 2128 et

976 2160 1093 2182 nomen
1111 2149 1250 2182 bonum:
1274 2159 1355 2192 quos
1378 2159 1485 2181 secum
1504 2148 1623 2181 ducant
1645 2154 1708 2182 tam

975 2202 1012 2234 ad
1038 2202 1405 2245 capitutum-generale,
1440 2201 1639 2234 visitationes
1665 2201 1710 2234 sa-

974 2254 1104 2287 ciendas
1136 2260 1167 2287 et
1197 2254 1258 2286 alia
1290 2255 1359 2287 loca
1390 2260 1523 2294 remota,
1549 2265 1642 2298 quam
1668 2255 1708 2288 ad

974 2307 1117 2340 civitates
1154 2308 1219 2340 suis
1257 2307 1406 2340 domibus
1444 2306 1651 2350 propinquas,
1677 2311 1710 2340 et

974 2361 1092 2393 vicinas
1118 2360 1284 2403 granoliis,
1312 2361 1375 2393 hoc
1400 2366 1505 2394 tamen
1528 2360 1709 2404 prohiben-

1007 2450 1036 2480 α)
1051 2449 1114 2475 lnde
1129 2457 1181 2476 non
1198 2453 1239 2476 est
1253 2449 1467 2483 intelligendum7
1484 2450 1556 2485 quod
1571 2450 1644 2486 prior
1663 2451 1708 2477 de-

974 2494 1035 2521 beat
1050 2503 1157 2530 semper
1170 2494 1299 2521 famulum
1314 2499 1466 2529 equestrem
1485 2503 1576 2522 secum
1596 2495 1707 2527 ducere,

973 2537 1020 2564 sed
1044 2537 1077 2564 de
1101 2538 1228 2565 comitiva
1247 2538 1346 2574 ubique
1370 2539 1397 2565 iu
1421 2538 1518 2566 itinere
1538 2538 1662 2566 hab-enda
1681 2537 1708 2565 id

974 2582 1102 2617 intellige.

1611 181 1674 215 803
1720 191 1770 218 An.
1792 191 1821 218 c.
1841 191 1906 218 1688
