2111 3157
36 257 88 283 Aa.
109 255 136 281 C.
159 253 221 281 “⁸87

223 302 273 335 nis
297 301 381 336 intra
405 303 642 348 praescriptum
660 309 785 347 tempus
802 315 865 337 non
884 313 955 337 con-

224 353 364 395 clusae¹,
390 357 565 399 assumptio
590 356 769 389 assistentis
798 357 847 389 vel
876 356 955 389 assi-

225 408 397 448 stentium,
424 419 482 452 pro
508 409 626 452 quibus
662 409 780 442 electio
805 409 954 442 conclusa

224 469 290 492 non
315 460 426 502 fuerit,
453 461 516 505 ipsi
551 463 714 505 praefecto
740 462 883 505 generali
908 472 955 494 re-

224 509 402 554 linquatur.

267 564 322 597 14.
340 565 534 599 Nominandi
552 572 583 600 ct
600 567 741 609 eligendi
755 567 788 599 in
803 567 955 599 assisten-

225 621 274 650 tes
301 618 424 651 debent
459 620 582 653 habere
615 620 826 663 quadraginta
857 630 956 652 anno-

224 680 295 703 rum
316 673 550 715 completorum
566 678 704 706 aetatem
730 678 760 705 et
784 673 955 706 duodecim

224 724 446 767 professionis,
465 726 583 768 quique
608 726 720 759 saltem
745 725 845 757 semel
871 735 956 767 prae-

224 777 297 810 fecti
330 778 450 811 fuerint
474 778 609 811 alicuius
635 788 671 810 ex
698 779 801 811 dictae
822 777 957 810 societa-

224 831 265 864 tis
283 831 512 874 hospitalibus,
527 829 699 874 quodque²
715 841 837 863 moram
855 836 956 862 traxe-

224 884 289 916 rint
312 884 345 916 in
369 883 478 926 regnis
509 893 562 916 seu
587 883 760 926 provinciis
786 883 818 914 in
840 882 956 925 quibus

224 941 334 969 extant
358 936 557 979 hospitalia,
584 937 734 979 ideoque,
752 936 778 968 si
801 935 954 978 possibile

224 989 341 1029 fuerit,
367 989 432 1022 duo
457 988 532 1032 eligi
557 989 722 1021 debebunt
749 999 785 1021 ex
810 988 875 1021 illis
901 988 954 1031 qui

225 1042 354 1074 domum
380 1041 518 1084 aliquam
553 1041 774 1083 gubernarunt
809 1041 840 1073 in
864 1041 957 1073 Peru-

224 1095 294 1127 viae
318 1094 437 1137 regnis,
468 1100 500 1126 et
524 1094 587 1126 duo
613 1094 666 1126 alii
693 1104 729 1126 ex
755 1094 793 1126 iis
822 1094 876 1137 qui
900 1104 957 1136 gu-

224 1148 404 1181 bernarunt
419 1149 451 1179 in
468 1146 552 1179 Nova
578 1147 743 1189 Hispania,
762 1147 825 1179 hoc
851 1152 956 1179 tamen

225 1201 338 1233 ordine
363 1205 498 1239 servato,
524 1205 566 1240 ut,
589 1200 713 1242 quoties
734 1200 849 1232 electio
870 1210 959 1242 prae·

225 1252 298 1285 fecti
320 1252 479 1295 generalis
499 1252 717 1284 celebrabitur
738 1252 768 1284 in
793 1251 877 1285 Nova
906 1252 958 1284 lli-

225 1305 350 1348 spania,
380 1310 455 1337 tunc
487 1305 610 1348 primus
634 1309 667 1337 et
691 1305 852 1337 secundus
886 1305 959 1337 assi-

225 1364 313 1391 stens
339 1358 477 1400 eligatur
497 1368 555 1389 seu
584 1363 762 1389 assumatur
786 1367 822 1389 ex
847 1357 884 1389 iis
904 1358 957 1400 qui

226 1410 449 1452 gubernarunt
479 1410 510 1442 in
537 1410 645 1452 regnis
670 1410 836 1450 Peruanis,
863 1421 961 1453 quan-

226 1464 267 1496 do
288 1473 364 1496 vero
389 1463 543 1506 praefecti
573 1463 734 1505 generalis
765 1463 880 1496 electio
912 1464 960 1496 Li-

225 1527 295 1550 mae
330 1515 560 1556 celebrabitur,
588 1520 665 1548 tunc
696 1515 818 1558 primus
855 1522 887 1548 et
910 1526 959 1549 se-

225 1569 350 1602 cundus
375 1568 532 1602 assistens
557 1568 692 1611 eligatur
716 1579 752 1601 ex
778 1568 817 1601 iis
848 1569 901 1611 qui
928 1570 958 1601 in

224 1620 311 1655 Nova
334 1621 487 1665 Hispania
507 1621 738 1663 gubernarunt.

270 1674 324 1707 15.
352 1674 553 1707 Adveniente
578 1674 669 1706 obitu
694 1674 830 1707 alicuius
856 1685 892 1707 ex
911 1685 960 1708 as-

225 1726 434 1767 sistentibus,
465 1737 566 1770 penes
600 1727 799 1770 praefectum
828 1738 961 1771 genera—

226 1781 290 1814 lem
322 1785 355 1814 et
385 1779 529 1823 reliquos
555 1780 738 1813 assistentes
765 1781 897 1814 facultas
922 1783 961 1814 sit

226 1833 415 1866 nominandi
434 1833 461 1865 ci
481 1843 713 1872 successorem,
733 1838 764 1866 et
781 1834 845 1873 ille,
864 1846 959 1877 quem

226 1886 270 1919 ita
287 1885 525 1925 nominavet*it⁸‚
545 1886 691 1918 eamdem
712 1886 831 1919 habeat
855 1893 962 1920 aucto-

226 1939 354 1972 ritatem
389 1949 425 1971 ac
461 1938 676 1979 durationem,
703 1939 838 1981 perinde
868 1951 904 1972 ae
936 1941 959 1972 si

227 1992 343 2025 fuisset
368 1993 489 2025 electus
515 1991 547 2023 in
573 1992 715 2034 capitulo
740 1993 896 2033 generali.

271 2044 326 2078 16.
352 2044 474 2077 Electio
506 2044 680 2087 praefecti,
707 2045 961 2088 vice-praefecti,

229 2102 261 2131 et
285 2103 421 2141 quatuor
439 2097 653 2130 discretorum
676 2096 730 2129 fiat
754 2108 771 2130 a
796 2099 963 2131 confratri-

228 2150 288 2185 bus
323 2149 555 2192 cuiuscumque
591 2149 705 2182 domus
738 2156 769 2183 et
797 2151 962 2194 hospitalis

229 2202 426 2237 habentibus
449 2207 572 2242 votum,
599 2208 695 2244 prout
726 2204 884 2237 maiorum
915 2205 963 2237 in-

230 2255 457 2294 firmariomm,
475 2260 722 2298 procuratorum
748 2256 874 2290 domus.
897 2257 965 2290 Ele-

231 2308 294 2342 ctio
319 2313 423 2341 autem
449 2308 601 2350 praefecti
635 2308 818 2342 confirmari
849 2311 965 2344 debeat

231 2372 250 2395 a
265 2361 429 2405 praefecto
447 2360 601 2403 generali,
616 2361 669 2404 qui
688 2361 965 2397 confirmationem

231 2423 350 2457 negare
375 2423 441 2446 non
466 2413 582 2456 possit,
616 2413 677 2445 nisi
701 2424 737 2446 ex
764 2414 846 2447 iusta
870 2419 965 2449 causa

232 2466 272 2499 ab
297 2465 522 2499 assistentibus
555 2466 782 2509 approbanda;
808 2472 839 2499 et
863 2468 965 2502 donec

269 2545 280 2572 1
303 2544 375 2572 Edit.
395 2545 479 2571 Main.
499 2545 563 2579 legit
582 2545 713 2573 conclusa
736 2546 772 2581 (n.
793 2546 841 2581 Τ.).

269 2589 286 2615 2
307 2589 401 2624 Aptius
420 2589 478 2622 lege
498 2590 604 2624 quique
623 2593 662 2623 (n.
682 2591 732 2624 Τ.).

269 2631 286 2661 3
301 2632 394 2670 Aptius
412 2633 472 2668 tege
491 2634 707 2663 nominaverint
725 2636 763 2670 (n.
779 2635 828 2669 τ.).

804 255 1014 280 lNNOCENTlUS
1035 256 1066 279 XI
1090 256 1138 279 PP-

996 304 1177 346 praefectus
1191 303 1315 336 electus
1326 301 1546 342 confirmetur,
1558 301 1727 344 gubernet,

996 365 1060 389 non
1084 361 1246 400 tamquam
1272 357 1464 400 praefectus,
1483 356 1539 389 sed
1566 361 1727 398 tamquam

995 410 1197 451 praesidens.
1212 409 1453 442 Praedictorum
1469 413 1571 441 autem
1587 407 1727 440 officium

997 461 1035 493 ad
1061 462 1235 494 triennium
1261 463 1364 503 duret,
1383 467 1414 494 et
1430 462 1531 505 possit
1548 461 1728 504 praefectus

997 514 1158 555 generalis
1183 517 1248 547 una
1272 526 1344 548 curn
1366 515 1589 548 assistentibus
1615 514 1654 547 ad
1675 524 1730 546 eo-

997 577 1066 599 rum
1081 568 1250 600 arbitrium
1268 568 1435 601 nominare
1451 567 1658 601 secretarium
1675 578 1731 609 ge-

997 621 1152 660 neralem,
1171 625 1265 664 atque
1290 621 1328 661 is,
1348 621 1400 664 qui
1419 621 1563 664 generali
1588 621 1730 653 obeunte

997 671 1029 703 in
1047 672 1102 705 tali
1119 683 1251 705 munere
1269 673 1459 716 reperietur,
1478 684 1580 717 usque
1599 673 1638 706 ad
1657 672 1731 705 novi

998 726 1159 766 generalis
1192 726 1385 758 electionem
1418 726 1550 769 eiusque
1586 726 1732 769 publiea-

999 777 1118 810 tionem
1144 778 1259 811 debeat
1284 779 1487 812 continuare.

1042 830 1094 862 47.
1130 830 1163 862 ln
1198 831 1347 873 eligendo
1383 838 1489 864 autem
1518 843 1535 864 a
1566 833 1731 865 vocalibus

998 883 1155 926 cuiusque
1185 885 1299 917 domus
1331 889 1362 916 et
1393 885 1564 928 hospitalis
1587 886 1619 917 in
1643 896 1734 928 prae-

999 936 1115 968 sectum
1130 937 1339 979 peculiarem,
1363 937 1481 970 debent
1497 938 1528 970 in
1547 948 1584 971 eo
1603 948 1734 970 concur-

998 999 1069 1022 rere
1096 989 1373 1033 trigintaquinque
1405 991 1481 1023 anni
1510 991 1661 1034 completi
1686 1001 1734 1023 ae-

999 1042 1071 1075 tatis
1088 1048 1119 1075 et
1136 1052 1249 1075 novem
1267 1043 1494 1085 p1·0sessionis;
1514 1049 1545 1076 et
1562 1054 1637 1076 casu
1655 1054 1731 1087 quo,

999 1101 1034 1128 ut
1053 1096 1228 1138 continget,
1241 1096 1272 1128 in
1290 1098 1353 1128 una
1369 1098 1418 1129 vel
1439 1097 1542 1129 altera
1562 1097 1656 1130 domo
1677 1108 1734 1130 seu

1000 1149 1170 1191 hospitali,
1196 1154 1291 1191 prout
1315 1148 1375 1181 sibi
1401 1148 1563 1182 videbitur
1587 1154 1619 1181 et
1643 1159 1736 1192 expe-

1001 1201 1069 1233 dire
1105 1201 1278 1240 censuerit,
1303 1206 1374 1233 actu
1406 1206 1626 1234 commoretur
1649 1202 1735 1235 idem

1000 1254 1181 1297 praefectus
1207 1255 1381 1295 generalis,
1408 1260 1484 1286 tunc
1507 1265 1592 1293 cura,
1619 1255 1736 1297 guber-

1002 1308 1089 1339 nium
1117 1314 1148 1340 et
1172 1308 1407 1340 administratio
1426 1307 1511 1340 illius
1529 1308 1642 1341 domus
1667 1319 1735 1351 par-

1002 1361 1143 1393 ticularis
1167 1361 1326 1403 pertineat
1351 1365 1382 1393 et
1410 1366 1535 1403 spectet
1566 1361 1605 1393 ad
1630 1361 1735 1404 ipsum

1001 1413 1197 1456 praefectum
1222 1414 1422 1454 generalem,
1447 1414 1528 1445 itaut
1552 1414 1734 1456 praefectus

1002 1466 1112 1498 localis
1137 1466 1257 1498 nullam
1280 1466 1399 1498 habeat
1423 1465 1558 1498 durante
1581 1466 1638 1498 illo
1660 1472 1736 1499 tem-

1002 1528 1081 1561 pore
1107 1517 1362 1550 iurisdictionem
1388 1523 1518 1560 praeter
1542 1528 1622 1558 eam,
1641 1529 1735 1560 quam

1002 1572 1046 1604 illi
1074 1571 1274 1604 committere
1299 1572 1347 1604 vel
1368 1571 1555 1613 permittere
1575 1572 1737 1604 iudicave-

1002 1625 1041 1657 rit
1065 1624 1197 1656 arbitrio
1222 1634 1281 1656 suo
1306 1623 1485 1666 praefectus
1511 1625 1681 1667 generalis.

1046 1676 1098 1710 18.
1130 1677 1313 1709 Praefectus
1341 1677 1503 1718 generalis
1528 1683 1560 1710 et
1591 1678 1737 1712 assisten-

1003 1736 1048 1764 tes
1073 1742 1090 1762 a
1115 1730 1264 1762 fratribus
1289 1730 1447 1762 rationem
1471 1736 1584 1773 petent
1602 1737 1632 1763 et
1650 1742 1738 1764 reco-

1003 1789 1169 1827 gnoscant,
1196 1793 1322 1816 necnon
1359 1784 1650 1817 administrationis
1686 1796 1738 1828 ge-

1003 1837 1150 1876 stionem,
1177 1847 1248 1868 cum
1273 1836 1407 1868 arbitrio
1433 1841 1464 1869 et
1488 1842 1648 1879 potestate
1675 1839 1754 1879 frag

1004 1895 1066 1922 tres
1095 1890 1134 1922 ab
1158 1900 1223 1921 uno
1249 1889 1287 1922 ad
1313 1889 1400 1921 aliud
1431 1890 1593 1932 hospitale
1627 1891 1738 1923 demu-

1004 1942 1100 1981 tandi,
1126 1947 1156 1974 et
1180 1941 1336 1985 puniendi
1362 1947 1566 1974 contumaces
1593 1948 1624 1975 et
1648 1943 1738 1975 insti-

1003 1995 1061 2027 tuti
1088 2001 1352 2037 transgressore&
1388 2005 1448 2027 uec
1477 2006 1541 2028 non
1575 1996 1658 2036 illos,
1684 1996 1738 2040 qui

1003 2047 1209 2090 deliquerint,
1225 2048 1311 2080 iuxta
1331 2058 1480 2081 excessus
1506 2055 1538 2082 et
1561 2050 1685 2092 culpae,
1704 2050 1738 2082 in

1004 2111 1099 2143 quam
1124 2100 1330 2140 incurrerint,
1358 2101 1554 2143 qualitatem.

1049 2153 1101 2186 19.
1118 2153 1245 2186 Fratres
1269 2154 1435 2196 praefecti,
1454 2160 1550 2197 prout
1575 2156 1614 2188 ad
1632 2166 1758 2198 quem-,

1006 2206 1085 2239 libet
1105 2205 1273 2248 spectabit,
1291 2207 1529 2240 conservabunt
1546 2208 1577 2242 in
1596 2209 1738 2242 archivio

1007 2259 1197 2291 documenta
1214 2259 1418 2299 fundationis,
1438 2270 1565 2293 necnon
1590 2261 1688 2294 libros
1709 2267 1754 2294 etr

1007 2312 1181 2353 scripturas
1207 2311 1245 2343 ad
1272 2311 1433 2354 hospitale
1458 2313 1678 2355 pertinentes,
1704 2325 1741 2347 o·

1006 2363 1134 2396 mnibus
1161 2363 1309 2396 distincte
1336 2369 1367 2396 et
1391 2365 1475 2398 clare
1507 2366 1681 2399 admodum
1707 2367 1741 2400 in

1007 2416 1221 2448 inventarium
1256 2416 1409 2456 redactis,
1445 2427 1505 2450 nec
1541 2419 1610 2451 ullo
1645 2420 1751 2453 modo.

1008 2469 1119 2512 quovis
1145 2473 1321 2512 praetextu,
1347 2473 1450 2511 causa,
1472 2471 1596 2505 ratione
1617 2476 1669 2506 aut
1693 2484 1745 2506 oc-

1008 2522 1137 2555 casione
1162 2523 1320 2562 extrahet,
1346 2533 1405 2555 nec
1430 2524 1549 2557 levabit
1573 2535 1610 2558 ex
1636 2527 1748 2559 archi-.

1009 2575 1059 2607 vio
1095 2575 1167 2617 ipso
1203 2575 1406 2617 originaliter
1442 2577 1633 2620 scripturas,
1659 2571 1747 2621 quae¹

1008 2638 1066 2671 pro
1090 2630 1234 2672 tempore
1255 2628 1335 2662 inibi
1361 2629 1490 2672 fuerint,
1507 2637 1561 2664 aut
1582 2631 1614 2664 in
1639 2638 1745 2676 postet«

1620 245 1684 277 747
1730 254 1781 280 An.
1803 254 1831 280 c.
1851 253 1914 280 1687
