2111 3157
0 241 37 267 lu.
53 238 82 265 C.
102 236 170 265 1679

15 403 46 426 ne
59 401 171 428 sutri-agiis.

18 1283 48 1304 D·
62 1282 133 1304 sociis.

26 1803 55 1823 Du
78 1803 172 1824 thesibus

0 1832 12 1850 τι
29 1830 170 1850 concionibus.

19 2113 48 2134 De
63 2114 175 2140 promotio-

0 2145 19 2160 ιο
37 2141 62 2160 211
85 2141 174 2166 dignita·

0 2171 29 2214 ἐι,
45 2167 174 2188 ecclesiasti-

753 234 827 260 INNO
833 230 965 258 CENTIUS
984 232 1016 257 xt
1038 231 1087 257 1³1¹.

180 284 367 318 stitutiones
381 285 412 318 in
427 289 617 328 perpetuum
633 284 801 317 duraturae
813 280 907 315 condi
927 284 932 313 l
949 280 1076 318 bienda,
1102 277 1314 321 procuranda,
1332 286 1391 309 nec
1415 275 1608 317 acceptanda
1633 274 1679 306 di-

179 348 245 371 non
270 342 436 380 poterunt,
462 347 523 370 nec
547 337 695 379 antiquae
720 333 883 375 abrogari.

223 400 258 423 11.
278 389 315 422 Et
331 395 366 422 ut
383 389 477 422 etiam
493 389 526 421 in
539 389 686 431 capitulis
704 384 907 429 generalibus

179 441 311 475 inutiles
342 451 521 484 expensae,
554 446 586 473 et
615 439 677 472 alia
705 436 930 480 incommoda¹

181 504 264 537 quae
280 504 318 526 ex
335 493 433 526 nimia
447 494 577 525 fratrum
590 490 810 524 accedentium
828 488 910 520 mul-

180 545 317 578 titudine
342 545 420 578 oriri
441 546 558 584 solent,
581 548 737 586 quantum
760 540 828 573 fieri
853 550 911 583 qo-

182 602 258 637 test,
283 598 440 636 vitentur,
468 596 600 630 omnino
620 593 824 638 prohibetur,
850 591 910 623 sub

181 649 337 681 nullitatis
356 650 470 691 poena,
491 652 564 680 vota
586 657 642 679 seu
666 644 816 686 suffragia
835 653 911 686 pro-

180 701 355 733 vinciarum
373 700 654 742 titularium,-quae
671 703 741 730 actu
759 706 824 729 non
841 696 912 727 sub-

182 752 310 793 sistunt‚
333 751 476 795 suppleri
492 757 546 783 aut
563 749 714 783 substitui
738 758 797 791 per
820 747 912 780 mini-

182 810 282 837 strum
306 809 361 837 aut
384 804 537 836 vicarium
562 802 750 845 generalem
771 799 910 839 Ordinis,

181 859 328 889 revocata
340 865 539 899 quacumque
550 853 786 888 consuetudine
797 852 827 884 in
840 861 912 884 con-

181 909 326 948 trarium,
353 908 511 948 statuitur,
538 907 620 940 duos
645 904 835 939 secretarios
859 914 912 946 ge-

180 961 309 993 nerales
324 959 462 999 Ordinis
478 960 532 1002 qui
552 959 698 992 ministro
716 963 772 990 aut
792 956 910 990 vicario

181 1012 325 1055 generali
342 1023 402 1055 pro
425 1015 488 1045 una
512 1016 544 1044 et
567 1012 668 1044 altera
693 1009 811 1043 familia
835 1008 913 1042 assi-

181 1071 268 1098 stere
289 1064 418 1104 debent,
432 1075 470 1096 ex
494 1064 522 1096 vi
548 1063 644 1096 officii
669 1063 790 1095 habere
816 1062 912 1105 impe<

182 1122 302 1149 steruin
329 1115 515 1159 suffragium
545 1116 578 1148 in
603 1116 744 1158 capitulo
769 1113 913 1157 generali

181 1173 316 1208 tantum,
331 1169 460 1201 sublato
478 1168 610 1200 omnino
626 1166 719 1200 tertio
738 1166 913 1200 secretario

182 1221 378 1262 linguarum.

226 1282 276 1305 111.
294 1271 372 1304 Item
390 1271 596 1315 praecipitur,
610 1271 669 1304 sub
689 1273 794 1314 poena
810 1272 916 1314 priva-

183 1324 280 1357 tionis
295 1323 444 1366 suffiagii,
462 1325 548 1367 quod
566 1324 713 1357 minister
725 1334 782 1356 seu
800 1323 916 1366 promi-

182 1376 287 1408 nister
300 1381 333 1408 et
346 1381 453 1408 custos
468 1376 717 1419 uniuscuiusque
731 1375 915 1419 provinciae

182 1428 278 1461 simul
295 1429 334 1461 ad
353 1429 526 1471 capitulum
544 1430 697 1471 generale
719 1429 781 1462 iter
801 1428 917 1461 saciant

180 1492 256 1514 cum
280 1481 375 1514 unico
401 1486 523 1514 tantum
550 1481 638 1514 socio
672 1481 826 1523 religioso
857 1492 915 1524 pro

180 1539 331 1577 utroque,
346 1538 378 1566 et
391 1533 416 1566 si
431 1544 589 1577 expensae
607 1534 732 1576 aliquae
749 1534 781 1565 in
800 1533 916 1566 itinere

182 1596 220 1619 ex
245 1587 437 1619 necessitate
462 1586 625 1619 faciendae
650 1585 725 1625 sint,
752 1584 916 1618 adducant
937 1607 938 1610 κ

181 1649 294 1672 ‚secum
313 1638 502 1677 tertiarium,
521 1638 577 1681 qui
599 1638 721 1682 syndici
746 1638 915 1680 apostolici
937 1659 938 1664 ,

180 1691 375 1723 substitutus
390 1691 439 1731 sit,
451 1690 593 1733 etipsius
611 1690 743 1723 nomine
761 1701 916 1733 expensas

181 1743 361 1785 praedictas
386 1743 588 1776 inevitabiles
614 1743 718 1775 saciat.

226 1806 269 1828 iv.
307 1796 444 1838 Insuper
476 1795 562 1828 serio
593 1796 735 1838 praelato
772 1794 917 1837 generali

182 1849 438 1888 commendatur,
454 1853 489 1881 ut
505 1848 757 1891 praesidentiam
777 1848 915 1879 thesium

183 1907 215 1934 et
231 1901 417 1941 conciones,
436 1911 517 1943 quae
538 1901 571 1933 in
595 1900 743 1943 capitulis
760 1900 917 1942 generali-

181 1954 241 1986 bus
262 1954 429 1985 habendae
447 1958 536 1992 sunt,
557 1952 741 1992 vocalibus,
763 1958 917 1995 quantum

183 2015 255 2037 cum
273 2005 399 2038 honore
425 2005 593 2047 religionis
619 2010 704 2037 stare
729 2004 843 2047 possit,
871 2004 918 2037 di-

183 2057 355 2090 stribuant.

227 2119 258 2141 v.
278 2108 318 2141 Ut
335 2109 472 2141 maxima
492 2109 694 2145 incommoda
715 2114 746 2143 et
767 2109 918 2142 turbatio-

184 2172 241 2195 nes
256 2161 432 2203 religionis,
449 2171 530 2204 quae
548 2170 584 2196 ex
602 2162 805 2204 promotione
823 2161 918 2194 mini-

184 2221 325 2246 strorum
344 2213 548 2256 generalium
566 2213 603 2246 ad
622 2213 794 2256 dignitates
816 2215 918 2246 eccle-

185 2265 327 2299 siasticas
352 2271 441 2298 extra
458 2265 609 2298 Ordinem
638 2267 839 2299 lamentabili
865 2277 917 2299 ex-

185 2318 364 2361 perimento
379 2318 588 2361 comprobata
605 2324 689 2358 sunt,
708 2318 839 2352 omnino
854 2319 917 2351 evi-

186 2375 301 2410 tentur,
317 2370 503 2403 decernitur
526 2375 561 2402 ut
584 2370 689 2402 statim
714 2382 749 2403 ae
770 2371 918 2404 minister

186 2423 347 2465 generalis
369 2424 489 2456 electus
506 2423 555 2463 sit,
577 2428 608 2455 et
631 2429 803 2466 antequam
826 2435 918 2456 suum

187 2474 327 2508 osticium
358 2477 424 2508 ullo
458 2476 556 2509 modo
582 2481 745 2515 exerceat,
771 2482 919 2509 teneatur

187 2527 334 2560 emittere
349 2527 381 2560 in
399 2528 546 2561 manibus
563 2528 717 2571 praesidis
730 2539 837 2561 coram
852 2534 919 2561 toto

187 2578 328 2620 capitulo
360 2580 504 2621 generali
539 2585 647 2613 votum
680 2580 718 2613 de
752 2590 817 2613 non
854 2591 919 2613 am-

949 332 1069 374 gnitate
1100 331 1291 374 episcopali,
1317 327 1603 371 archiepiscopali,
1630 327 1678 359 vel

949 383 1155 426 patriarchali
1181 388 1248 415 toto
1277 387 1422 424 tempore
1455 379 1502 412 sui
1528 379 1677 411 ministe-

950 436 1068 475 riatus,
1098 445 1173 474 nec,
1199 439 1272 467 ante
1306 433 1456 466 emissum
1480 431 1681 474 praedictum

950 492 1069 527 votum,
1090 492 1261 520 censeatur
1280 486 1312 518 in
1331 485 1435 518 officio
1461 484 1677 517 confirmatus.

951 540 1040 578 Quod
1070 540 1095 572 si
1128 539 1300 581 aliquando
1328 538 1494 579 contingat
1528 537 1562 568 in
1592 529 1682 578 prae-

952 593 1036 625 dicto
1058 597 1130 624 voto
1151 590 1340 633 dispensari,
1359 590 1408 622 vel
1433 589 1526 621 aliter
1551 598 1683 630 quomo-

952 644 1076 676 dolibet
1099 643 1183 682 fieri,
1209 642 1361 674 statuitur
1384 642 1474 673 illum
1498 640 1682 672 ministrum

952 697 1147 738 generalem,
1160 699 1380 737 acceptantem
1394 694 1532 735 aliquam
1547 703 1582 724 ex
1596 702 1683 735 prae-

953 748 1045 782 dictis
1069 747 1288 790 dignitatibus,
1312 747 1362 778 vel
1387 745 1683 788 praesentationem

953 811 1009 834 seu
1037 800 1294 837 nominationem
1322 799 1361 831 ad
1385 799 1490 837 illam,
1516 796 1622 830 statim
1649 806 1685 828 ac

954 863 1024 886 eam
1047 857 1230 895 acceptasse
1248 850 1436 902 cogistiterit,
1455 859 1521 881 non
1540 859 1609 881 esse
1623 858 1686 880 am-

953 906 1038 949 plius
1064 915 1122 948 pro
1146 903 1313 946 religionis
1339 903 1481 946 praelato
1510 911 1686 943 agnoscen-

955 959 1046 998 dum,
1062 957 1299 1000 religiososque
1313 956 1440 989 Ordinis
1458 955 1496 987 ab
1514 954 1598 987 illius
1614 953 1687 986 obe·

955 1010 1078 1044 dientia
1091 1015 1256 1053 exemptos
1270 1019 1352 1048 esse,
1367 1018 1425 1040 nec
1439 1017 1534 1050 posse
1548 1006 1685 1039 ulterius

954 1063 1017 1106 ipsi
1043 1063 1100 1095 sub
1125 1063 1229 1105 poena
1253 1058 1593 1094 excommunicationis
1610 1059 1688 1091 obe-

957 1116 1037 1150 dire.
1063 1116 1164 1148 Porro
1196 1114 1228 1146 in
1257 1114 1313 1146 illo
1339 1123 1413 1145 casu
1438 1116 1529 1154 pater
1553 1111 1607 1143 ille
1633 1110 1688 1152 qui

957 1170 1082 1202 servata
1112 1171 1305 1199 statutorum
1333 1165 1415 1198 serie
1441 1169 1472 1196 et
1496 1162 1689 1196 familiarum

957 1220 1153 1254 concordato
1167 1219 1295 1261 dignior
1308 1217 1484 1260 respective
1500 1216 1688 1258 reperietur,

958 1272 1102 1316 generali
1127 1272 1183 1304 illo
1209 1271 1350 1309 excluso,
1377 1268 1578 1307 convocabit,
1604 1268 1690 1300 iuxta

957 1324 1193 1369 praescriptum
1218 1322 1251 1354 in
1277 1321 1580 1359 constitutionibus,
1607 1320 1692 1351 elee-

959 1384 1043 1410 tores
1061 1387 1120 1420 pro
1142 1377 1223 1408 nova
1248 1374 1356 1406 vicarii
1378 1371 1538 1415 generalis
1559 1371 1690 1403 electio-

959 1440 1008 1469 ne,
1034 1429 1066 1461 in
1087 1439 1149 1471 qua
1168 1427 1252 1460 idem
1274 1426 1420 1458 minister
1447 1423 1607 1467 generalis
1631 1433 1691 1455 nec

959 1488 1067 1514 votum
1092 1481 1212 1513 habere
1237 1478 1358 1522 poterit
1389 1487 1450 1510 nec
1475 1477 1572 1508 ullam
1596 1475 1692 1508 aliam

959 1534 1127 1571 actionem,
1146 1533 1295 1565 revocata
1313 1540 1514 1574 quacumque
1539 1528 1693 1561 constitu-

960 1587 1046 1619 tione
1071 1585 1200 1618 Ordinis
1225 1584 1257 1616 in
1282 1582 1488 1622 contrarium,
1511 1588 1543 1614 et
1567 1581 1693 1613 sublata

959 1638 1092 1671 omniuo
1110 1636 1306 1670 electoribus
1332 1636 1482 1667 facultate
1503 1634 1597 1666 aliter
1617 1643 1693 1675 ope-

959 1690 1051 1723 randi
1069 1696 1124 1722 aut
1137 1688 1358 1732 permittendi,
1374 1688 1432 1720 sub
1446 1688 1551 1729 poena
1565 1686 1693 1718 nullita-

960 1743 999 1775 tis
1014 1743 1087 1775 sacti
1100 1754 1107 1782 ;
1126 1742 1276 1784 idemque
1291 1746 1444 1773 statutum
1458 1739 1496 1772 de
1511 1739 1629 1771 vicario
1644 1748 1693 1780 ge-

959 1795 1061 1827 nerali
1083 1794 1180 1826 totius
1192 1793 1319 1826 Ordinis
1339 1793 1457 1825 sactum
1478 1791 1689 1833 intelligatur.

1003 1857 1044 1880 vt.
1072 1845 1196 1878 Nemini
1225 1845 1378 1886 deinceps
1404 1843 1615 1883 vicariorum,
1640 1847 1694 1876 aut

961 1898 1254 1932 commissariorum
1272 1896 1496 1938 delegatorum
1515 1907 1531 1928 a
1548 1906 1695 1928 reveren-

960 1951 1094 1984 dissimo
1118 1949 1264 1982 ministro
1284 1948 1428 1991 generali
1453 1948 1493 1981 ad
1517 1949 1695 1990 regendam

960 2003 1111 2036 familiam
1130 2003 1178 2035 vel
1196 2001 1368 2041 nationem,
1383 2001 1491 2041 liceat,
1511 2002 1569 2033 sub
1588 2003 1695 2043 poena

960 2055 1148 2099 privationis
1173 2065 1250 2087 suae
1276 2053 1498 2096 delegationis,
1518 2053 1577 2085 sibi
1603 2063 1695 2085 usur-

960 2119 1037 2151 pare
1062 2109 1112 2140 vel
1148 2113 1315 2149 acceptare
1346 2106 1473 2138 titulum
1497 2105 1695 2138 reverendis-

959 2161 1056 2199 simi;
1082 2160 1168 2204 quod
1187 2165 1342 2192 statutum
1360 2160 1420 2191 sub
1436 2158 1549 2191 eadem
1566 2168 1696 2200 respec-

961 2214 1021 2246 tive
1047 2215 1151 2256 poena
1182 2212 1366 2245 extenditur
1391 2211 1430 2243 ad
1455 2210 1694 2243 commissarios

961 2267 1129 2308 generales
1139 2265 1171 2297 in
1186 2265 1329 2308 partibus
1342 2264 1504 2297 indiarum
1513 2263 1695 2296 Occidentis

961 2324 992 2351 et
1017 2318 1166 2357 Orientis,
1192 2329 1228 2350 ac
1253 2318 1291 2349 ad
1313 2317 1526 2359 guardianum
1547 2316 1696 2348 Hieroso-

961 2371 1159 2414 lyiuitanum,
1171 2381 1227 2402 seu
1242 2370 1407 2402 custodem
1421 2369 1536 2402 Terrae
1551 2368 1695 2408 Sanctae,

961 2427 1125 2463 revocata,
1151 2423 1259 2466 quoad
1285 2424 1380 2464 huuc,
1406 2422 1636 2454 constitutione
1663 2421 1696 2452 in

961 2477 1106 2520 proximo
1131 2476 1272 2519 capitulo
1298 2475 1442 2518 generali
1462 2474 1693 2507 vallisoletano

963 2528 1059 2561 edita.

1005 2590 1061 2614 vu.
1078 2580 1262 2613 Declaratur
1280 2579 1318 2613 ad
1337 2585 1582 2623 procuratorem
1597 2588 1696 2620 gene-

1572 214 1635 250 0219
1682 225 1721 254 An
1757 222 1867 252 :.1679
1911 204 1913 210 ’

1731 1852 1760 1872 Da
1777 1852 1836 1873 titulo
1851 1852 1886 1873 ae-

1705 1879 1858 1900 verendissimi:

1732 2580 1762 2603 Dc
1784 2580 1888 2603 instantiis
