2111 3157
167 238 213 262 An.
232 236 258 263 C.
284 237 350 265 16:38

396 228 459 263 3:32

404 298 437 320 n.
465 288 520 320 Cui
558 288 653 320 etiam
685 288 849 320 communi
879 287 1019 330 capitulo
1048 298 1095 320 re-

358 340 518 373 verendus
544 346 635 383 pater
666 340 755 382 prior
778 339 965 372 Carthusiae
990 340 1094 382 ipsam

359 393 487 425 domum
512 392 712 432 Carthtisiae,
733 399 765 425 et
789 393 888 425 ceteri
914 393 1014 425 nostri
1038 393 1094 426 Or-

359 446 441 477 dinis
466 445 560 487 primi
588 445 715 488 priores
749 446 861 479 domos
895 457 967 478 suas
994 446 1095 478 corri-

357 498 478 538 gendas
500 503 532 530 et
551 499 726 530 servandas
745 499 958 535 tradiderunt,
973 498 1094 530 eidem—

356 559 418 590 que
436 550 578 592 capitulo
605 551 824 583 obedientiam
842 562 902 594 pro
921 561 955 583 se
981 557 1011 583 et
1037 552 1093 583 do—

355 602 461 634 mibus
486 602 550 635 suis
579 604 813 646 promiserunt;
841 604 973 647 insuper
998 605 1092 636 etiam

354 655 516 688 communi
541 666 701 689 consensu
727 658 899 689 voluerunt
917 662 948 689 et
973 662 1092 689 statue-

354 713 437 747 runt,
464 713 508 747 ut,
534 709 558 741 si
585 710 699 742 domus
724 710 924 749 Cartinmiae,
954 711 1003 742 rel
1029 710 1091 742 alia

353 760 514 801 quaelibet
543 762 657 795 domus
690 773 706 795 a
736 763 948 796 carthusiensi
978 773 1092 805 propo-

353 814 414 846 sito
440 815 479 847 ad
511 816 599 848 aliud
632 817 833 860 propositum
866 818 975 860 (quod
1006 817 1090 849 Deus

352 871 496 911 avertat)
522 870 697 913 aliquando
723 882 757 903 se
784 872 958 904 transferre
985 876 1091 903 tenta-

350 921 442 961 verit,
469 923 519 955 vel
545 923 644 965 prior,
671 925 720 956 vel
745 934 885 967 persona
910 925 1008 967 ipsius
1034 926 1091 958 do-

350 984 429 1013 muS,
448 976 498 1008 vel
518 976 614 1008 etiam
633 982 698 1010 tota
715 977 830 1010 domus
848 978 983 1010 obedire
1002 990 1091 1021 prae-

351 1028 438 1060 dicto
470 1029 608 1071 capitulo
633 1030 792 1070 noluerit,
820 1031 1004 1065 sententiae
1037 1043 1090 1064 ex-

350 1082 651 1115 communicationis
673 1083 767 1123 latae,
788 1083 812 1115 si
839 1094 1001 1126 personae
1021 1087 1089 1119 sue-

349 1133 416 1165 rint
440 1133 640 1176 singulares,
667 1135 872 1175 subiaceant,
898 1143 930 1169 et
954 1148 1089 1181 suspen—

349 1187 449 1219 sionis
476 1199 493 1219 a
518 1188 635 1220 divinis
653 1189 725 1231 ipso
750 1189 834 1222 sacto
860 1190 1087 1232 incurrendae,

349 1240 372 1271 si
408 1240 503 1272 suerit
539 1247 738 1282 conventus,
765 1253 860 1286 quam
893 1246 1085 1278 sententiam

347 1298 411 1325 tam
431 1294 773 1327 excommunicationis
792 1307 885 1339 quam
904 1298 1088 1340 suspensio-

348 1346 396 1378 nis
429 1347 514 1378 idem
551 1347 729 1390 capitulum
767 1349 931 1391 praesenti
968 1357 1085 1385 statuto

347 1401 543 1442 promulgat.
563 1400 599 1432 Et
619 1411 716 1444 super
736 1402 786 1434 his
805 1403 955 1436 omnibus
973 1414 1086 1437 omnes

348 1453 424 1486 dicti
450 1453 542 1495 primi
569 1454 695 1496 priores
726 1455 850 1487 litteras
875 1466 948 1489 suas
975 1463 1003 1489 et
1031 1458 1086 1490 do-

347 1516 475 1538 morum
493 1517 621 1539 suarum
641 1508 873 1541 declaratorias
887 1514 919 1541 et
933 1510 1086 1543 obedien—

346 1560 439 1591 tiales
461 1559 670 1602 scripserunt,
687 1565 719 1593 et
735 1560 767 1593 in
786 1561 880 1593 domo
895 1561 1083 1597 Carthusiae

347 1613 519 1645 servandas
545 1612 761 1656 reliquerunt.

392 1675 440 1698 111.
468 1665 566 1698 Porro
599 1667 751 1707 generale
788 1667 875 1699 istud
909 1668 1082 1712 capitulum

346 1719 574 1751 celebrandum
590 1724 639 1751 est
656 1719 835 1752 seeundum
855 1720 988 1754 sormam
1003 1732 1085 1755 corn-

346 1771 520 1814 positionis
551 1778 701 1815 receptae
735 1772 774 1805 ab
799 1773 914 1806 eodem
939 1776 1082 1817 generali

347 1824 502 1867 capitulo,
525 1829 555 1857 et
580 1835 597 1857 a
622 1825 825 1858 sanctissimo
850 1826 981 1860 domino
1000 1827 1083 1871 Papa

347 1876 565 1918 confirmatae,
583 1888 665 1921 quae
686 1878 788 1911 sorina
813 1878 846 1910 in
871 1880 1082 1922 sequentibus

347 1931 540 1963 declaratur.

392 1995 433 2017 1v.
451 1984 555 2017 Primo
570 1984 667 2027 igitur
680 1985 855 2028 capitulum
873 1996 1026 2028 generare
1043 1992 1084 2020 to-

348 2039 408 2070 tius
426 2037 553 2070 Ordinis
572 2037 820 2077 Cartliusiensis,
844 2038 931 2071 iuxta
954 2041 1084 2082 praedi-

348 2098 432 2124 ctum
444 2092 617 2130 decretum,
631 2091 662 2123 in
674 2092 768 2125 domo
779 2091 968 2126 Cartliusiae
980 2093 1085 2137 singu-

348 2144 386 2176 lis
400 2144 492 2177 annis
508 2144 665 2177 celebrari
681 2145 788 2183 debet,
799 2144 858 2177 nisi
873 2146 955 2178 Forte
968 2147 1006 2178 ad
1019 2158 1084 2180 cer-

349 2202 415 2229 tum
441 2202 566 2239 tempus
592 2208 628 2229 ex
654 2197 761 2240 aliqua
777 2200 883 2236 causa,
902 2203 934 2230 et
951 2204 1027 2231 tunc
1046 2200 1083 2233 de

349 2261 507 2283 consensu
523 2251 690 2283 reverendi
709 2251 808 2294 patris
826 2256 857 2284 et
875 2252 1016 2285 omnium
1031 2253 1084 2286 de-

348 2303 524 2343 finitorum,
538 2310 704 2346 oporteret
722 2304 801 2336 illud
820 2304 896 2337 alibi
915 2306 1082 2339 celebrari.

395 2368 423 2390 v.
450 2357 536 2389 Unus
562 2368 597 2389 ex
632 2357 852 2390 visitatoribus
887 2358 1083 2399 singularum

350 2410 587 2453 provinciarum
609 2410 748 2450 Ordinis,
765 2411 899 2443 Saxonia
921 2417 951 2444 et
969 2413 1083 2453 Angtia

351 2462 514 2504 exceptis,
540 2462 676 2505 singulis
712 2464 805 2496 annis
835 2464 874 2496 ad
908 2464 1082 2507 capitulum

351 2516 502 2557 generale
527 2516 635 2549 venire
668 2522 812 2557 tenetur,
839 2528 897 2560 pro
924 2517 1080 2550 informa-

351 2568 439 2601 tione
466 2568 540 2600 dicti
566 2569 697 2611 capituli
726 2570 764 2602 de
791 2576 871 2603 statu
898 2576 929 2603 ct
957 2571 1085 2612 regimi-

350 2630 391 2655 ne
417 2621 477 2654 sihi
504 2621 698 2655 creditarum
729 2623 907 2656 domorum.
946 2622 1033 2661 Quod
1060 2623 1084 2656 si

939 240 1120 263 uurmmmr
1143 239 1294 265 nomnen
1323 229 1330 236 ”

1137 289 1231 321 ambo
1253 289 1373 322 suerint
1390 290 1535 332 legitimo
1560 291 1792 334 impedimento
1817 292 1872 326 de·

1137 341 1226 382 tenti,
1251 346 1414 384 poterunt,
1437 343 1499 375 imo
1525 343 1588 376 hoc
1613 354 1687 376 casu
1713 344 1873 377 tenebun-

1137 398 1199 433 tur,
1225 404 1324 426 unuin
1350 405 1385 427 ex
1411 395 1574 438 prioribus
1599 396 1669 428 aliis
1695 406 1774 428 suae
1798 407 1873 439 pro-

1136 446 1257 479 vinciae
1287 458 1357 479 cum
1387 448 1483 481 cartis
1513 454 1544 481 et
1564 454 1646 481 statu
1665 448 1753 481 illius
1780 454 1812 482 et
1831 449 1871 482 de

1135 500 1272 542 singulis
1291 501 1488 534 sufficienter
1512 502 1703 534 instructum
1722 503 1868 543 mittere;

1135 554 1184 586 vel
1203 554 1326 591 saltem,
1344 554 1398 586 ubi
1418 560 1480 587 tam
1499 555 1690 596 visitatores,
1709 566 1803 598 quam
1822 566 1872 589 ee-

1136 608 1193 639 teri
1219 608 1343 649 priores
1369 608 1480 651 (quod
1514 619 1588 641 raro
1620 609 1799 652 contingit)
1823 620 1871 642 es-

1134 665 1204 692 sent
1231 661 1352 703 pariter
1383 661 1550 704 impediti,
1577 667 1730 704 poterunt
1760 667 1791 695 et
1815 662 1870 695 de-

1133 713 1256 746 bebunt
1288 720 1389 746 cartas
1414 725 1485 746 cum
1514 720 1596 746 statu
1622 714 1787 757 praedicto
1811 726 1870 759 per

1133 767 1275 810 priorem
1303 768 1435 800 alterius
1460 766 1652 809 provinciae,
1678 772 1732 800 aut
1754 777 1813 810 per
1832 767 1869 799 si-

1133 819 1238 852 delem
1263 820 1412 852 nuntium
1437 820 1580 860 mittere;
1600 826 1634 852 ut
1653 820 1715 853 hoc
1735 821 1782 853 vel
1812 821 1868 854 illo

1133 873 1240 906 medio
1265 874 1441 916 capitulum
1467 874 1506 906 de
1532 874 1668 916 singulis
1694 884 1869 907 occurren-

1133 926 1217 959 tibus
1242 927 1347 970 possit
1371 932 1403 959 et
1427 928 1530 959 valeat
1554 927 1733 959 informari.

1175 990 1218 1013 vi.
1240 980 1467 1012 Verumtamen
1485 980 1593 1012 nullus
1611 980 1790 1012 monachus
1807 990 1867 1023 pro

1130 1034 1295 1066 visitatore
1322 1040 1376 1066 aut
1399 1034 1507 1076 priore
1536 1044 1595 1066 suo
1626 1035 1664 1067 ad
1690 1035 1868 1077 capitulum

1130 1087 1237 1120 veniat
1264 1092 1317 1119 aut
1342 1087 1503 1126 mittatur,
1530 1092 1582 1119 aut
1608 1087 1705 1119 etiam
1730 1087 1768 1120 ad
1794 1087 1868 1119 Car-

1131 1141 1280 1179 tliusiam,
1300 1150 1399 1182 super
1416 1149 1546 1177 annum,
1566 1149 1624 1181 pro
1643 1138 1780 1181 negotiis
1798 1139 1868 1182 qui-

1129 1194 1344 1235 buscumque.
1373 1192 1458 1224 Alias
1486 1191 1648 1231 monachi,
1667 1191 1720 1234 qui
1741 1199 1867 1224 contra-

1129 1247 1211 1279 rium
1246 1246 1404 1284 fecerint,
1436 1250 1628 1287 reputentur
1660 1244 1808 1287 fugitivi,
1834 1251 1867 1278 et

1129 1299 1266 1342 priores,
1287 1299 1339 1341 qui
1359 1309 1413 1330 eos
1430 1297 1588 1337 miserint,
1614 1297 1653 1329 ab
1677 1297 1783 1330 officio
1809 1308 1867 1340 per

1130 1363 1229 1384 unum
1256 1362 1399 1385 mensem
1426 1351 1490 1382 sint
1514 1350 1677 1393 suspensi.
1696 1349 1864 1392 Nunquam

1129 1406 1224 1438 etiam
1250 1405 1418 1438 mittantur
1443 1404 1481 1437 ad
1508 1404 1686 1446 capitulum
1710 1414 1770 1447 pro
1798 1403 1866 1446 qui-

1128 1459 1329 1500 buscumque
1354 1457 1492 1499 negotiis
1510 1457 1658 1489 conversi
1684 1462 1737 1489 aut
1754 1456 1864 1490 donati

1128 1511 1332 1555 probationis
1365 1515 1511 1553 tempore
1549 1510 1696 1542 durante.
1724 1510 1766 1542 Ei<
1792 1520 1866 1552 pro-

1127 1564 1240 1597 vinciis
1277 1569 1384 1596 autem
1420 1562 1577 1595 Saxoniae
1610 1568 1642 1595 et
1673 1562 1806 1604 Angliae
1832 1562 1863 1594 in

1128 1628 1211 1650 anno
1235 1615 1392 1649 bissextili
1411 1616 1492 1648 alter
1516 1615 1718 1648 visitatorum
1745 1614 1866 1658 pariter

1126 1671 1248 1710 venire,
1268 1675 1299 1702 et
1323 1668 1394 1701 aliis
1421 1668 1522 1701 tribus
1546 1668 1639 1700 annis
1663 1668 1812 1700 nuntium
1832 1668 1865 1700 si-

1128 1724 1233 1756 delem
1248 1723 1376 1755 mittere
1401 1727 1564 1754 tenentur.
1580 1721 1669 1759 Quod
1683 1722 1708 1754 si
1727 1732 1786 1754 nec
1804 1722 1865 1754 lioc

1127 1787 1187 1809 nec
1218 1775 1297 1812 illud
1330 1775 1483 1814 fecerint,
1514 1785 1627 1807 eorum
1659 1779 1863 1817 contemptus

1128 1834 1159 1861 et
1176 1828 1375 1861 contumacia
1401 1828 1431 1859 in
1460 1834 1534 1859 tunc
1557 1827 1703 1871 sequenti
1722 1827 1864 1871 capitulo

1127 1883 1229 1925 poena
1256 1881 1364 1913 debita
1388 1880 1593 1923 purgabitur.

1171 1944 1225 1967 vn.
1242 1933 1354 1972 Porro,
1370 1943 1408 1965 ne
1427 1933 1541 1965 domus
1557 1932 1756 1966 visitatorum
1774 1943 1865 1976 prae-

1128 1988 1288 2020 dictorum
1314 1997 1350 2018 ex
1375 1987 1439 2018 hoc
1463 1997 1596 2018 ascensu
1622 1987 1662 2019 ad
1687 1987 1864 2030 capitulum

1128 2045 1307 2083 graventur,
1324 2039 1356 2072 in
1373 2040 1567 2082 unaquaque
1584 2039 1749 2083 provincia
1764 2039 1866 2073 visita-

1128 2099 1223 2133 tores,
1235 2092 1481 2126 etdiscretiores
1496 2092 1621 2135 priores
1636 2092 1780 2125 eiusdem
1794 2102 1866 2136 pro-

1126 2146 1249 2179 vinciae
1279 2145 1398 2177 iudicio
1428 2144 1627 2178 visitatorum
1656 2145 1863 2186 nominandi,

1129 2199 1257 2231 videant
1272 2198 1309 2231 'et
1327 2203 1468 2231 statuant
1492 2190 1647 2241 quantum
1671 2198 1864 2241 regulariter

1127 2252 1271 2284 visitator
1294 2251 1397 2294 possit
1430 2252 1614 2294 expendere
1639 2252 1798 2285 veniendo
1823 2252 1862 2285 ad

1128 2306 1302 2348 capitulum
1329 2310 1361 2338 et
1381 2305 1547 2338 redeundo
1573 2316 1645 2338 cum
1671 2305 1862 2339 necessariis

1127 2359 1328 2401 equitaturis,
1347 2363 1379 2391 et
1397 2363 1493 2391 totam
1512 2358 1612 2401 ipsam
1627 2369 1799 2401 expensam
1818 2358 1863 2392 di-

1127 2412 1237 2444 vidant
1262 2422 1320 2454 per
1344 2421 1456 2444 omnes
1474 2412 1587 2444 domos
1605 2411 1708 2444 dictae
1734 2411 1864 2455 provin-

1127 2465 1194 2497 ciae
1219 2475 1278 2508 pro
1304 2467 1372 2497 rata
1397 2465 1584 2497 facultatum
1609 2465 1862 2509 uniuscuiusque

1128 2519 1252 2557 domus,
1272 2520 1407 2562 excepta
1426 2518 1519 2551 domo
1532 2517 1716 2558 visitatoris,
1734 2519 1862 2562 quando

1129 2571 1195 2613 ipse
1222 2571 1371 2603 ascendet
1395 2571 1432 2604 ad
1459 2571 1644 2614 capitulum,
1662 2577 1693 2603 et
1719 2582 1782 2604 non
1808 2572 1864 2605 ati-

1131 2629 1199 2664 tcr,
1227 2630 1258 2656 ct
1284 2625 1457 2657 secundun]
1484 2625 1683 2668 praedictam
1710 2631 1811 2658 laxam
1832 2630 1865 2659 et

1880 244 1928 271 Aa.
1947 245 1975 272 C.
1999 246 2062 277 tea-¹3
