2111 3157
6 216 59 255 an.
77 213 106 243 c.
124 196 189 242 ibes

196 262 246 296 his
270 263 421 296 amissum
446 271 537 301 esse,
572 262 621 296 vel
652 260 768 293 tactum
798 260 923 293 inutile.

194 315 282 348 Tunc
295 314 380 347 enim
392 314 530 347 emendo
546 323 613 346 rem
629 314 723 346 aliam
737 313 814 345 tanti
830 313 924 356 pretii

195 367 306 411 quanti
331 377 383 399 res
409 371 476 399 erat
500 366 623 405 amissa,
645 366 758 399 eodem
783 365 887 408 pretio
908 377 924 398 a

195 420 288 454 dictis
314 418 463 453 domibus
486 424 610 459 exacto,
638 419 789 451 damnum
812 428 925 461 passus

195 483 229 506 se
254 472 373 516 poterit
397 481 526 504 servare
550 471 747 504 indemnem.

236 536 287 560 Lx.
314 525 500 559 visitatores
520 525 553 558 111
581 525 728 558 omnibus
753 524 923 557 ostendant

193 589 236 618 se,
254 588 319 611 non
344 588 426 621 quae
444 587 511 617 sua,
529 577 585 610 sed
607 586 687 620 quae
712 575 828 609 Christi
851 582 923 608 sunt

192 641 361 674 quaerere,
378 635 420 669 ut,
445 630 500 663 illa
524 630 590 662 sola
607 629 756 661 mercede
780 629 921 661 contenti

191 694 286 727 quam
309 683 461 716 fidelibus
498 682 596 715 servis
626 682 778 715 Dominus
811 692 922 724 repro-

189 737 285 776 misit,
305 737 488 779 regularem
505 735 738 769 observantiam
760 735 849 767 sactis
867 745 922 777 po-

190 789 252 822 tius
273 790 444 822 ostendant
462 798 556 831 quam
580 787 683 821 verbis
708 788 858 820 doceant.
887 788 920 819 ln

189 842 341 886 hospitiis
368 847 429 873 tam
447 841 509 883 ipsi
526 840 707 873 visitatores
725 845 757 872 et
774 840 920 872 comitiva

188 904 310 933 eorum,
336 904 430 936 quam
456 893 581 936 priores
607 897 638 925 et
661 898 787 925 ceterae
811 903 921 935 perso-

186 957 247 980 nae
271 946 399 980 Ordinis
423 946 485 978 sint
506 945 614 985 sobrii,
641 945 822 988 compositi,
840 945 917 977 etin

187 999 255 1032 suis
279 999 371 1033 dictis
388 1004 419 1032 et
436 998 525 1031 sactis
542 998 748 1040 disciplinati,
767 1008 827 1030 nec
843 1008 918 1030 suos

187 1052 321 1085 famulos
338 1050 523 1095 permittant
539 1050 746 1090 insolescere,
764 1055 807 1090 ut,
826 1049 863 1082 de
882 1052 917 1082 ea

186 1115 268 1148 quae
291 1104 324 1138 in
348 1105 393 1137 eis
417 1109 467 1138 est
490 1104 662 1146 religione,
682 1103 779 1136 etiam
796 1103 845 1135 liis
862 1103 915 1146 qui

185 1158 263 1192 soris
282 1163 356 1191 sunt
379 1158 498 1190 bonum
520 1158 701 1200 exemplum
727 1157 913 1199 praebeant.

228 1221 290 1244 Lxl.
308 1211 342 1243 ln
356 1210 515 1250 domibus,
534 1221 611 1253 quas
625 1210 763 1248 visitant,
779 1219 917 1242 summo-

184 1273 263 1307 pere
286 1263 477 1307 provideant
507 1267 542 1294 ut
566 1262 599 1294 in
625 1262 670 1294 eis
694 1271 805 1304 pacem
831 1262 915 1294 salva

185 1316 388 1349 correctione
413 1321 445 1348 et
469 1315 611 1358 regulari
628 1314 802 1356 disciplina
822 1313 915 1346 relin-

185 1373 303 1412 quant;
322 1374 354 1401 et
376 1373 411 1400 ut
435 1367 643 1411 quaestiones
668 1367 849 1399 nullatenus
865 1376 915 1397 ca-

183 1421 297 1464 pitulo,
317 1431 395 1464 quas
412 1430 469 1453 suo
489 1425 645 1463 poterunt
667 1418 785 1452 iudicio
810 1417 915 1450 termi-

183 1484 275 1515 nare,
302 1478 476 1512 reservent,
502 1473 557 1506 sed
581 1471 714 1505 audiant
737 1482 789 1504 eas
814 1476 844 1503 et
862 1471 915 1504 de-

183 1526 303 1567 cidant,
322 1526 437 1570 quibus
463 1524 582 1567 singuli
607 1524 730 1567 priores
747 1529 778 1556 et
794 1523 912 1556 subditi

184 1579 317 1612 obedire
342 1583 526 1612 teneantur.
732 1615 734 1617 Ι

228 1641 302 1665 an.
339 1631 387 1664 Ad
419 1631 498 1663 haec
536 1629 700 1662 sciendum
732 1628 914 1661 visitatores

185 1684 217 1718 in
234 1684 360 1725 itinere,
378 1684 482 1716 donec
499 1683 536 1716 ad
558 1683 672 1715 domos
697 1692 770 1714 suas
795 1682 913 1714 reversi

186 1737 314 1777 suerint,
336 1737 546 1770 exercendam
573 1747 631 1779 per
654 1746 700 1776 se,
724 1746 820 1779 quam
844 1735 915 1768 aliis

185 1790 338 1833 delegare
358 1797 422 1822 non
446 1790 565 1828 valent,
593 1789 713 1821 habere
738 1788 914 1831 plenariam

185 1842 218 1875 in
242 1841 442 1884 corrigendis
479 1841 662 1874 excessibus
700 1845 913 1883 potestatem,

186 1905 248 1938 qua
267 1899 372 1927 tamen
396 1893 566 1927 occasione
590 1894 713 1926 nullum
733 1904 750 1926 a
770 1893 914 1936 prioratu

186 1947 362 1986 absolvant,
388 1946 449 1979 nisi
473 1946 505 1979 111
531 1946 656 1979 casibus
682 1946 765 1980 sicut
788 1946 917 1989 praedi-

186 2004 271 2033 ctum
296 2005 356 2031 est.

230 2062 319 2086 Lx111.
346 2053 479 2095 Insuper
503 2052 588 2095 quod
613 2053 711 2085 semel
736 2062 753 2085 a
776 2052 918 2084 visitato-

187 2104 275 2138 ribus
300 2110 346 2137 est
371 2104 583 2148 prohibitum,
606 2106 655 2138 vel
682 2104 859 2137 iniunctum
889 2110 917 2137 et

189 2157 382 2196 ordinatum,
404 2157 596 2199 intelligitur
621 2167 749 2200 semper
772 2157 919 2201 prohibi-

190 2215 269 2249 tum,
286 2209 465 2242 iniunctum
491 2215 522 2242 et
547 2209 751 2250 ordinatum,
777 2210 838 2243 nisi
864 2221 921 2253 per

191 2261 366 2305 capitulum
385 2262 535 2304 generale
563 2266 619 2294 aut
636 2263 848 2296 reverendum
866 2274 921 2306 pa-

193 2319 271 2347 trem
303 2315 352 2347 vel
385 2314 478 2347 aliam
504 2314 720 2349 visitationem
752 2315 846 2348 suerit
872 2327 922 2349 re-

191 2372 349 2401 vocatum.
376 2365 601 2410 Quaecumque
634 2374 740 2400 autem
766 2368 805 2400 de
830 2379 923 2412 prae-

193 2420 320 2454 cedenti
345 2421 431 2452 carta
464 2419 656 2452 visitationis
676 2430 733 2463 per
758 2421 923 2465 sequentis

193 2505 324 2533 equorum
347 2506 457 2524 suorum
486 2501 531 2525 aut
554 2506 691 2525 servorum
710 2499 872 2534 acciperent,
893 2508 924 2527 ac

193 2541 216 2568 si
231 2541 385 2569 conductitii
401 2545 499 2574 essent,
517 2542 690 2577 venirentque
712 2550 759 2577 per
778 2543 923 2577 capitulum

193 2585 319 2622 generale
338 2585 466 2622 pariendi
482 2589 533 2614 taut
549 2585 643 2613 dantes
657 2594 736 2623 quam
751 2586 921 2623 accipientes.

776 212 986 237 INNOCENTIUS
1008 213 1039 237 xt
1063 214 1112 238 Pr.

967 261 1157 294 visitationis
1174 266 1294 294 cartam
1311 271 1376 294 non
1393 260 1639 303 confirmantur,
1654 273 1699 296 re-

968 319 1078 349 vocata
1101 319 1284 347 censentur.

1010 377 1093 400 inv.
1120 367 1220 400 Porro
1245 367 1416 400 hortamur
1439 366 1628 407 visitatores,
1649 372 1695 409 ut,

968 425 1124 462 quantum
1145 419 1215 452 fieri
1240 420 1370 462 poterit,
1387 424 1419 453 et
1434 419 1493 452 nisi
1512 430 1568 453 eos
1585 422 1698 463 coege-

967 471 1007 504 rit
1029 473 1213 512 necessitas,
1234 478 1288 505 aut
1310 473 1381 505 talis
1413 483 1504 506 casus
1529 473 1697 507 emerserit

966 525 1019 568 qui
1044 535 1102 568 per
1134 526 1315 568 praesentia
1349 530 1465 558 statuta
1501 525 1604 558 decidi
1629 536 1696 559 11011

964 578 1076 620 possit,
1104 578 1203 621 etqui
1222 578 1404 611 necessario
1428 588 1543 611 novam
1568 578 1697 611 ordina-

966 630 1083 663 tionem
1118 631 1235 673 exigat,
1263 631 1301 663 ab
1326 631 1565 664 ordinationum
1589 631 1696 664 multi-

965 683 1137 725 plicatione
1163 685 1302 716 onerosa
1334 684 1527 716 abstineant.
1553 682 1643 721 Quod
1668 684 1694 716 si

963 735 1250 768 animadverterint
1272 735 1406 779 aliquid,
1431 746 1467 769 ex
1493 736 1544 768 1115
1563 747 1644 778 quae
1663 736 1694 768 in

963 787 1087 822 statutis
1105 787 1277 826 habentur,
1295 798 1360 820 non
1381 788 1556 827 observari,
1576 789 1615 820 de
1633 788 1694 821 1100

962 850 1028 873 11011
1052 840 1171 872 saciant
1205 839 1463 878 ordinationem,
1489 841 1545 872 sed
1570 841 1694 883 praeci-

962 892 1052 934 piant
1067 892 1148 924 illud
1161 891 1337 932 observari,
1351 891 1396 924 sic
1411 891 1563 924 dicendo:
1582 905 1594 923 11
1608 892 1691 925 Talis

962 944 1185 987 paragraphus
1200 944 1273 977 talis
1287 943 1419 987 capituli
1433 949 1554 984 exacte,
1574 949 1605 977 et
1621 945 1693 977 dili-

961 1002 1078 1039 genter
1105 997 1295 1030 observetur
1325 1008 1354 1029 ».
1389 995 1474 1034 Quae
1503 1002 1608 1029 autem
1634 1007 1692 1040 per

961 1049 1040 1082 duas
1059 1050 1229 1083 continuas
1254 1049 1453 1082 visitationes
1471 1049 1590 1082 suerint
1607 1050 1692 1083 ordi-

960 1108 1033 1137 nata
1049 1107 1080 1136 et
1097 1102 1273 1143 confirmta,
1289 1112 1326 1135 ea
1343 1113 1401 1145 per
1413 1102 1565 1135 vicarium
1579 1103 1690 1135 domus

959 1157 1102 1190 visitatae
1127 1157 1160 1192 in
1177 1156 1260 1190 libro
1281 1156 1320 1190 ad
1341 1156 1405 1190 hoc
1431 1161 1623 1200 praeparato
1642 1157 1691 1189 de-

958 1209 1152 1249 scribantur,
1169 1215 1201 1242 et
1216 1210 1366 1252 legantur
1382 1209 1415 1242 in
1432 1213 1601 1249 conventu,
1616 1220 1691 1252 quo<

960 1262 1018 1294 ties
1036 1267 1134 1302 carta,
1155 1272 1215 1305 per
1233 1271 1327 1305 quam
1345 1261 1534 1295 confirmata
1551 1261 1688 1302 suerunt,

958 1314 1097 1356 legetur.
1116 1328 1119 1329 ⁷

1001 1376 1071 1400 va.
1099 1365 1327 1400 Universaliter
1343 1367 1523 1400 visitatores
1549 1366 1690 1400 habeant

957 1420 1103 1453 eamdem
1128 1419 1349 1453 auctoritatem
1373 1424 1463 1453 extra
1488 1424 1594 1452 actum
1619 1419 1690 1452 visi-

958 1472 1096 1513 tationis,
1118 1479 1253 1516 excepto
1279 1472 1365 1516 quod
1382 1482 1446 1505 non
1467 1477 1602 1515 possunt
1617 1483 1690 1516 pro-

957 1526 1072 1558 cedere
1097 1525 1135 1558 ad
1159 1526 1301 1568 aliquam
1333 1535 1470 1568 poenam
1503 1526 1553 1559 vel
1577 1525 1690 1568 poeni-

959 1578 1092 1611 tentiam
1116 1579 1148 1611 in
1174 1578 1327 1621 priorem,
1348 1582 1379 1611 01
1403 1578 1488 1621 quod
1512 1577 1691 1621 personali-

959 1636 1008 1664 ter
1022 1641 1088 1664 non
1105 1638 1242 1674 possunt
1258 1631 1412 1665 accedere
1429 1631 1468 1663 ad
1487 1631 1599 1664 domos
1613 1641 1690 1665 suae

957 1683 1162 1717 visitationis¹
1185 1683 1345 1716 subiectas
1370 1693 1429 1726 pro
1454 1683 1690 1726 provisionibus

959 1736 1112 1770 faciendis
1136 1737 1220 1769 ultra
1245 1736 1440 1769 ordinariam
1464 1736 1689 1775 visitationem,

959 1789 1018 1822 nisi
1037 1793 1192 1822 vocentur
1209 1799 1267 1832 per
1287 1789 1429 1832 priorem
1447 1794 1479 1821 et
1498 1794 1691 1822 conventua-

960 1843 1004 1875 les
1036 1847 1090 1874 aut
1124 1847 1248 1885 partein
1279 1841 1464 1874 eorumdem
1496 1846 1691 1874 conventua-

960 1895 1050 1935 lium,
1076 1905 1136 1938 pro
1161 1894 1354 1927 necessitate
1380 1894 1488 1937 aliqua
1512 1905 1610 1938 super
1633 1905 1690 1927 an-

960 1959 1037 1981 num
1062 1953 1263 1990 emergente,
1289 1958 1372 1990 quae
1394 1947 1610 1981 visitationem
1640 1958 1692 1980 ex-

961 2006 1090 2044 pectare
1114 2001 1234 2043 absque
1256 2000 1461 2033 incommodo
1486 2010 1550 2033 non
1576 2005 1691 2043 potest,

961 2059 1014 2085 aut
1030 2063 1088 2096 pro
1103 2052 1276 2086 dividendo
1293 2058 1463 2094 conventu,
1482 2053 1622 2096 quando,
1640 2063 1692 2086 oc-

961 2106 1090 2139 casione
1110 2106 1281 2144 bellorum,
1306 2106 1354 2138 vel
1380 2105 1473 2148 ignis,
1497 2107 1545 2139 vel
1572 2111 1693 2149 tempe·

962 2159 1122 2199 statis‚vel
1140 2159 1200 2192 alia
1214 2158 1407 2199 huiusmodi,
1426 2164 1475 2192 est
1491 2159 1691 2198 dividendus,

963 2217 1016 2244 aut
1033 2211 1093 2254 ipsi
1118 2210 1299 2244 visitatores
1324 2211 1467 2244 iudicent
1486 2212 1576 2245 iustis
1594 2217 1626 2244 et
1643 2222 1694 2244 ur-

963 2265 1111 2307 gentibus
1143 2263 1247 2296 causis
1272 2264 1393 2296 debere
1420 2265 1592 2305 accedere,
1618 2274 1692 2303 nec,

964 2317 1026 2350 nisi
1051 2316 1267 2360 personaliter
1290 2317 1460 2357 accedant,
1487 2327 1583 2360 posse
1608 2322 1695 2350 recte

965 2375 997 2403 et
1020 2370 1117 2413 plene
1141 2368 1322 2412 providere.
1342 2369 1427 2402 Tunc
1443 2369 1526 2402 enim
1543 2374 1697 2413 poterunt

965 2421 1136 2461 accedere,
1164 2427 1196 2454 et
1219 2422 1343 2464 absque
1368 2422 1430 2454 alia
1454 2423 1586 2465 speciali
1612 2433 1697 2456 com-

965 2474 1116 2507 missione
1141 2474 1311 2517 providere
1336 2475 1520 2508 occurrenti
1545 2476 1694 2518 negotio,

967 2532 1009 2566 et,
1026 2526 1050 2558 si
1070 2526 1222 2570 expedire
1243 2526 1461 2568 iudicaverint,
1481 2528 1582 2572 ipsam
1603 2529 1699 2563 etiam

1003 2589 1014 2616 1
1036 2588 1132 2624 Aptius
1152 2588 1210 2625 lege
1228 2589 1390 2618 visitatione
1411 2590 1506 2626 (111).

1589 203 1647 238 871
1697 214 1749 242 An.
1772 213 1799 243 c.
1822 215 1886 243 mes
