2111 3157
145 190 197 216 An.
219 189 334 217 (1.ΊῦΒῦ

379 180 444 213 659.

339 238 452 271 diebus
477 238 620 277 omnino,
646 241 677 269 et
701 235 770 269 aliis
788 234 903 268 diebus
921 238 1076 277 quantum

339 302 398 335 per
418 291 601 323 functiones
620 288 716 322 officii
735 288 820 327 licet,
842 287 980 320 chorum
999 285 1077 318 alia-

340 355 401 387 que
427 343 607 387 spiritualia
624 341 776 374 exercitia
794 351 866 373 cum
884 339 999 372 ceteris
1017 339 1079 371 sre-

340 402 519 441 quentent;
551 406 657 438 neque
695 395 781 427 enim
820 404 858 426 ex
892 393 955 426 hoc
990 392 1077 435 quod

339 449 525 483 huiusmodi
551 448 663 481 officiis
690 446 907 481 exterioribus
939 456 1078 489 praepo-

339 503 413 541 siti,
440 502 495 534 sed
527 501 700 544 praecipue
726 506 886 544 quatenus
911 498 996 532 iuste
1021 499 1078 531 im-

339 555 528 599 pediuntur,
551 554 691 597 exempti
710 560 795 586 sunt.
816 552 905 591 Quod
927 552 1002 596 quia
1018 562 1078 595 pro

340 608 468 641 diversa
492 607 723 640 constitutione
748 605 1018 639 monasteriorum
1047 615 1079 638 o-

339 661 451 694 mnino
478 660 693 704 inaequaliter
717 660 851 700 accidit,
877 669 942 692 non
967 658 1078 692 licebit

341 714 380 747 ab
405 725 470 747 uno
497 714 536 747 ad
562 715 698 747 alterum
728 712 960 747 monasterium
986 723 1079 755 argu-

339 768 500 808 mentari;
519 768 566 800 uti
583 778 644 801 nec
669 768 824 810 generale
841 766 963 810 aliquid
981 765 1078 799 statui

339 826 465 864 potest3
486 821 552 862 sed,
575 821 790 854 consideratis
815 819 1077 858 circumstantiis,

339 885 399 919 per
424 875 608 908 visitatores
643 880 676 908 et
707 874 856 907 abbatem
883 873 946 907 loci
971 873 1079 906 deter-

339 927 526 960 minandum
548 928 618 968 erit,
638 933 704 961 tum
726 938 808 971 quae
826 927 930 960 officia
949 926 1081 968 religio-

339 981 389 1013 nis
414 981 657 1020 committenda,
685 986 717 1014 et
740 986 818 1023 quot
843 980 997 1013 officiales
1023 989 1080 1012 ne-

340 1033 489 1073 cessarii,
516 1039 583 1066 tum
617 1033 670 1077 qni
696 1038 727 1066 et
752 1039 911 1077 quatenus
935 1043 953 1065 a
976 1033 1078 1066 choro

340 1087 501 1120 eximendi
527 1087 603 1120 sint.

384 1140 468 1173 Duos
493 1141 607 1173 saltem
632 1150 840 1181 oeconomos,
864 1150 920 1172 seu
945 1139 1081 1173 cellera-

339 1193 422 1226 rium
448 1199 479 1226 et
496 1193 739 1237 depositarium,
758 1193 896 1237 quilibet
913 1192 1012 1226 abbas
1030 1192 1080 1225 in-

340 1246 474 1279 stituere
502 1246 678 1287 tenebitur,
695 1257 831 1289 quorum
848 1247 930 1279 alter
947 1246 1082 1289 accipiat

341 1310 453 1333 omnes
479 1300 625 1333 redditus
644 1300 845 1339 monasterii,
864 1301 945 1332 alter
962 1310 1081 1342 expen-

341 1352 415 1392 dat;
444 1363 524 1396 quos
550 1353 699 1386 instituet
728 1364 765 1386 ex
790 1353 926 1386 consilio
952 1356 982 1386 et
1006 1363 1082 1386 con-

341 1418 437 1440 sensu
463 1409 646 1448 seniorum,
674 1408 744 1440 sine
781 1418 846 1451 quo
876 1417 937 1440 nec
961 1407 1082 1450 poterit

341 1472 491 1493 amovere

385 1515 419 1547 ln
446 1515 648 1556 corrigendis
674 1525 801 1558 quoque
824 1514 964 1557 graviter
982 1514 1081 1547 delin-

341 1568 538 1611 quentibus,
565 1567 682 1611 prioris
716 1573 748 1599 et
783 1568 949 1600 seniorum
982 1567 1080 1599 abbas

341 1620 478 1653 consilio
505 1626 632 1660 utatur,
659 1620 741 1653 sicut
766 1621 878 1661 regula
906 1619 1077 1663 praecipit.

385 1674 538 1706 Rationes
557 1674 595 1705 de
615 1673 696 1706 datis
715 1678 746 1706 et
763 1673 902 1716 acceptis
921 1683 985 1705 non
1007 1683 1090 1705 con-.

339 1727 424 1759 ficiat
450 1727 568 1765 abbas,
595 1727 651 1759 sed
678 1726 868 1760 cellerarius
898 1731 930 1758 et
954 1725 1083 1769 deposi-

340 1780 451 1819 tarius,
468 1780 520 1823 qni
540 1780 690 1823 quolibet
709 1791 822 1812 mense
841 1790 949 1812 coram
965 1780 1080 1812 abbate

340 1840 371 1867 et
405 1834 589 1866 senioribus
620 1839 721 1866 totum
748 1833 936 1866 monasterii
962 1839 1079 1866 statum

340 1887 372 1919 in
411 1888 660 1930 tempot·alibns,
688 1888 828 1930 receptis
865 1892 897 1920 et
930 1888 1081 1931 expensis

340 1941 432 1973 sactis
464 1941 677 1973 exhibebunt.
705 1940 845 1983 Singulis
862 1946 969 1973 autem
987 1941 1080 1973 annis

339 1994 372 2027 in
399 1994 461 2026 sine
489 1993 670 2026 decembris
696 1999 882 2036 computata
913 1994 1081 2036 generalia

340 2048 542 2086 reddituum,
572 2053 776 2089 receptarum
809 2052 840 2079 et
865 2057 1079 2089 expensarum

346 2111 453 2133 coram
480 2101 594 2133 iisdem
620 2101 833 2140 exhibebunt,
861 2106 892 2132 et,
923 2111 1000 2133 suae
1026 2101 1081 2132 ad-

341 2154 587 2186 ministrationis
613 2154 773 2186 rationem
794 2155 945 2187 reddent.

385 2207 575 2240 Consultum
601 2207 730 2240 videtur
755 2206 859 2239 officia
880 2213 942 2239 tam
960 2207 1080 2249 prioris

342 2272 436 2303 quam
462 2261 641 2304 subprioris
675 2267 706 2293 et
731 2261 870 2295 aliorum
895 2261 1078 2293 officialium

341 2324 405 2346 non
434 2325 505 2346 esso
530 2320 697 2357 perpetua,
720 2315 774 2347 sed
795 2320 869 2357 post
885 2314 1007 2357 aliquot
1025 2324 1079 2346 an-

341 2378 400 2399 nos
428 2368 503 2405 <nisi
530 2368 676 2410 specialis
703 2379 798 2401 causa
812 2367 1014 2400 necessitatis
1031 2368 1079 2399 vel

341 2420 489 2453 utilitatis
521 2422 706 2453 monasterii
745 2422 832 2454 aliud
859 2421 1024 2464 postulat,
1050 2425 1081 2453 et

341 2473 379 2505 ad
406 2473 436 2505 id
464 2475 625 2515 generalis
661 2475 793 2517 capituli
825 2484 1006 2507 consensus
1031 2484 1081 2506 ac-

341 2526 447 2567 cedat)
478 2526 687 2559 mutationem
718 2527 804 2566 fieri,
832 2533 990 2570 qnatenus
1015 2532 1078 2558 tum

340 2579 400 2620 itti,
418 2579 470 2623 qui
498 2580 683 2613 huiusmodi
712 2581 928 2613 functionibus
960 2581 1079 2614 diutius

923 183 1107 209 Bucinum
1132 182 1283 206 Romnum

1120 230 1265 263 distracti
1291 234 1381 270 sunt,
1406 229 1608 263 occasionem
1634 239 1704 264 sese
1727 230 1856 264 recolli-

1120 283 1217 324 gendi
1243 282 1383 322 habere,
1409 288 1475 315 tum
1505 282 1559 316 alii
1584 293 1716 326 quoque
1741 294 1857 317 secun-

1120 336 1193 368 dum
1212 335 1383 379 qualitates
1402 341 1434 369 et
1447 336 1560 369 merita
1584 346 1642 369 sua
1659 337 1696 369 ad
1716 337 1857 372 honores

1120 395 1151 422 et
1185 388 1291 422 officia
1320 389 1381 422 ista
1410 389 1555 432 aspirare
1590 389 1730 433 possint.
1757 389 1858 428 Quem

1120 442 1153 475 in
1177 442 1275 475 finem
1300 447 1366 475 tam
1392 442 1483 485 prior
1507 453 1605 485 quam
1630 442 1785 486 subprior
1804 453 1858 476 cu·

1120 495 1251 528 iuslihet
1276 495 1474 535 monasterii,
1496 496 1607 538 elapso
1626 495 1777 536 triennio,
1799 506 1860 540 pet*

1121 559 1241 581 annum
1267 548 1305 581 ad
1331 548 1438 581 minus
1464 548 1503 581 ab
1529 548 1617 582 omni
1638 548 1745 583 officio
1763 549 1858 583 liber-i

1120 606 1346 644 permaneant.

1165 654 1204 687 Ut
1228 665 1305 687 vero
1331 655 1412 688 haec
1437 654 1572 688 mutatio
1597 655 1768 689 commode
1788 655 1859 690 sine

1121 709 1188 741 ulla
1202 708 1379 751 ignominia
1392 709 1441 742 vel
1458 709 1728 753 praesumptione
1743 711 1858 754 culpae

1121 761 1191 794 fieri
1222 762 1338 804 possit,
1366 763 1521 803 generale
1558 768 1710 796 statutum
1735 762 1794 803 sit,
1825 768 1861 796 ut

1122 825 1236 848 omnes
1260 814 1415 848 officiales
1441 815 1575 857 singulis
1611 816 1704 849 annis
1735 816 1775 849 ad
1799 815 1862 849 ini-

1122 868 1202 901 tium
1227 867 1497 910 Quadragesimae
1513 869 1598 902 ultro
1617 879 1675 902 sua
1692 868 1797 902 osticia
1813 879 1863 902 re-

1122 922 1263 964 signent,
1288 922 1487 965 expectaturi
1512 923 1748 956 resolutionem
1767 933 1784 956 a
1801 933 1860 957 suo

1122 976 1254 1009 domino
1279 976 1406 1016 abbate,
1424 986 1464 1008 an
1481 976 1739 1018 resignationem
1765 978 1861 1010 talem

1122 1035 1309 1072 acceptare,
1336 1039 1375 1062 an
1400 1039 1476 1061 vero
1503 1029 1542 1061 ad
1574 1039 1694 1062 annum
1720 1039 1862 1074 sequen-

1122 1088 1186 1115 tem
1211 1092 1323 1115 rursus
1349 1082 1483 1126 propria
1505 1081 1611 1115 officia
1634 1082 1752 1116 iisdem
1777 1093 1860 1117 com-

1122 1135 1249 1168 mittere
1275 1135 1362 1168 velit.

1166 1189 1200 1221 In
1218 1188 1354 1231 singulis
1371 1189 1578 1222 monasteriis
1597 1189 1733 1233 eligatur
1749 1201 1767 1223 a
1784 1199 1862 1224 con-

1122 1248 1220 1276 ventu
1252 1242 1367 1286 aliquis
1405 1253 1441 1276 ex
1478 1243 1661 1277 senioribus
1695 1243 1861 1287 religiosis

1123 1296 1274 1336 monitor,
1301 1296 1348 1329 vir
1372 1302 1516 1329 maturus
1544 1302 1575 1329 et
1600 1297 1778 1337 discretus,
1806 1297 1861 1340 qui

1123 1350 1162 1382 ad
1188 1359 1319 1382 omnem
1344 1349 1377 1381 in
1402 1349 1624 1392 spiritualibus
1646 1355 1678 1383 et
1702 1355 1863 1393 tempora·

1124 1403 1207 1436 libus
1230 1403 1405 1435 utilitatem
1440 1402 1615 1445 diligenter
1640 1403 1794 1438 attendat.
1821 1408 1862 1445 et,

1124 1457 1149 1489 si
1177 1456 1253 1500 qnid
1279 1457 1328 1489 vel
1354 1456 1582 1499 corrigendum
1608 1462 1640 1489 et
1663 1457 1789 1490 utiliter
1809 1467 1863 1490 or-

1124 1511 1302 1543 dinandum
1328 1515 1497 1552 agnoscat,
1525 1510 1730 1544 confidenter
1764 1515 1796 1544 et
1823 1521 1862 1544 ex

1123 1563 1228 1596 officio
1247 1564 1411 1596 dominnm
1430 1563 1579 1596 abbatem
1601 1569 1743 1597 moneat.
1766 1564 1863 1597 Prae-

1124 1617 1217 1660 cipue
1234 1628 1310 1650 vero
1332 1617 1470 1650 officium
1487 1617 1659 1650 monitoris
1677 1617 1710 1650 in
1728 1627 1767 1650 eo
1786 1627 1863 1651 con-

1124 1670 1226 1710 sistet,
1246 1676 1282 1703 ut
1301 1681 1412 1703 omnes
1438 1671 1477 1703 de
1503 1676 1675 1709 conventtt,
1698 1669 1753 1714 qui
1780 1670 1862 1704 sorte

1124 1735 1183 1768 per
1207 1735 1240 1757 se
1266 1724 1355 1767 ipsos
1381 1734 1549 1757 accessum
1567 1724 1606 1757 ad
1625 1724 1775 1757 abbatem
1794 1734 1861 1758 non

1125 1780 1275 1818 habeant,
1293 1784 1345 1811 aut
1363 1789 1568 1822 quocumque
1585 1784 1735 1821 respectu
1754 1777 1863 1822 aliqua

1124 1832 1316 1865 denuntiare
1342 1832 1525 1870 formidant,
1548 1842 1606 1875 per
1630 1831 1735 1874 ipsum
1759 1831 1864 1865 moni·

1124 1892 1228 1919 torem
1255 1891 1322 1918 tuto
1348 1890 1379 1918 et
1404 1891 1525 1918 secrete
1546 1885 1642 1918 etiam
1666 1895 1733 1918 non
1758 1884 1863 1918 nomi-

1123 1942 1199 1972 nata
1212 1941 1270 1971 sua
1287 1941 1439 1981 persona,
1459 1939 1486 1971 si
1504 1938 1547 1970 ita
1559 1937 1719 1982 pateant¹‚
1735 1938 1862 1982 aperire

1124 2004 1159 2025 ac
1192 1991 1373 2034 significare
1398 1991 1545 2034 possint,
1573 2002 1656 2034 quae
1685 1991 1764 2025 alias
1788 2001 1862 2025 cum

1124 2045 1297 2088 dispendio
1323 2044 1515 2077 monasterii
1542 2049 1573 2077 et
1598 2044 1792 2088 disciplinae
1814 2035 1872 2086 re7.²

1124 2098 1244 2142 gnlaris
1270 2098 1456 2140 superiores
1481 2099 1633 2130 laterent.

1167 2152 1297 2184 Curabit
1311 2156 1418 2183 autem
1434 2151 1588 2191 monitor,
1602 2156 1715 2194 utpote
1732 2150 1780 2196 vir
1796 2148 1865 2185 mass„

1124 2211 1214 2237 turus
1231 2210 1262 2237 et
1280 2205 1439 2237 discretus
1454 2205 1581 2248 (qualis,
1601 2209 1635 2237 ut
1649 2194 1867 2258 praedictum}

1123 2268 1181 2300 pro
1196 2258 1357 2290 monitore
1373 2257 1543 2300 eligendus
1559 2258 1629 2299 est),
1644 2257 1773 2290 inutiles
1790 2262 1868 2301 que-2

1123 2314 1205 2345 retas
1239 2317 1295 2345 aut
1327 2322 1493 2344 nturmura
1523 2311 1643 2355 sopire,
1668 2316 1702 2344 et
1732 2304 1860 2351 saniora

1123 2366 1260 2398 consilia
1278 2376 1473 2408 suggerere;
1497 2376 1513 2398 e
1532 2370 1644 2398 contra
1662 2374 1744 2408 quae
1762 2353 1862 2411 ratio}

1860 182 1911 209 Ᾰη.
1933 182 1962 209 C.
1983 183 2048 212 1086

1888 1204 1909 1236 ‘S
1925 1205 1943 1227 6.
1966 1205 1995 1227 Du
2012 1211 2055 1227 mo·

1873 1236 1948 1254 ulturu-

1124 2419 1244 2452 nabilia
1274 2426 1305 2452 ct
1341 2419 1420 2452 tanti
1446 2419 1600 2452 momenti
1626 2418 1802 2458 iudicabit,
1827 2414 1875 2451 ut

1123 2473 1222 2504 abbas
1254 2472 1370 2505 merito
1400 2474 1581 2505 monendus
1601 2471 1766 2511 videatur,
1792 2470 1862 2504 sive

1123 2525 1257 2558 materia
1277 2526 1385 2568 ipsum
1411 2525 1576 2558 dominum
1602 2524 1765 2565 abbatem,
1792 2516 1865 2573 Sive?

1160 2589 1171 2614 1
1194 2587 1305 2616 Videtur
1322 2588 1464 2624 legendum
1476 2590 1578 2622 petant
1594 2587 1636 2614 vel
1651 2587 1738 2627 simile
1754 2590 1792 2628 ([ι.
1811 2580 1864 2629 τ),
