2111 3157
2 197 52 226 An.
68 195 98 224 C.
120 193 189 223 1679

35 1993 156 2015 clausulae.

786 192 997 219 INNOCENTHIS
1020 195 1050 218 XI
1075 194 1124 218 PP.

194 244 270 284 rint,
286 244 474 276 auctoritate
493 244 684 288 apostolica,
702 249 814 277 tenore
831 253 925 286 prae-

194 297 332 329 sentium
349 324 356 337 ‚
393 298 618 331 confirmamus
655 302 687 330 et
723 298 922 337 validamus,

195 359 314 392 easque
340 351 370 382 in
396 355 478 383 statu
502 351 609 383 valido
635 361 705 383 esse
724 356 756 383 et
779 351 846 382 sore
872 350 926 382 de-

195 403 356 435 cernimus
381 409 413 436 et
436 404 644 443 declaramus,
667 403 699 435 in
725 402 873 435 omnibus
895 406 926 433 et

194 464 254 496 per
269 455 385 494 omnia,
410 455 546 498 perinde
571 466 608 487 ae
628 455 652 487 si
671 456 742 487 illas
764 464 874 487 onmes
895 458 927 486 et

195 506 339 548 singulas
356 508 395 538 ab
420 507 491 549 ipso
516 507 608 540 initio
626 507 781 539 canonice
802 511 926 538 erectas

195 565 227 590 et
239 559 399 592 institutas
412 560 509 592 fuisse
524 570 686 603 novasque
698 559 877 592 erectiones
898 564 927 590 et

196 611 413 644 institutiones
439 623 494 644 suo
519 618 666 655 tempore
691 611 777 644 iuxta
794 612 926 644 sormam

193 669 388 696 memoratae
404 664 641 697 constitutionis
656 664 826 697 Clementis
841 674 928 706 prae-

195 716 374 749 decessoris
400 717 578 750 obtinuisse
602 722 763 750 eonstaret
780 722 812 749 et
831 716 862 748 in
878 727 928 748 re-

194 767 291 810 liquis
317 768 461 802 eiusdem
493 770 736 802 constitutionis
765 770 864 801 forma
894 769 925 800 in

194 818 323 853 illarum
358 821 576 854 erectionibus
607 827 639 854 et
669 821 927 854 institutionibus

193 873 374 915 respective
398 879 523 907 servata
548 875 676 914 suisset,
703 884 877 916 omnesque
896 878 927 905 et

194 925 340 968 singulos
366 926 442 959 iuris
468 933 499 959 et
518 928 588 960 sacti
607 928 764 966 desectus,
785 927 837 970 qui
856 938 926 969 pro-

194 983 268 1020 pter
300 981 480 1022 praemissa
511 980 652 1024 desuper
682 980 927 1024 quomodolibet

194 1031 446 1073 intervenerunt,
468 1043 522 1066 seu
541 1034 753 1067 intervenisse
771 1034 842 1073 dici,
858 1044 929 1066 cen-

195 1084 272 1124 seri,
298 1086 348 1117 vel
373 1086 543 1128 praetendi
571 1093 713 1129 possent,
739 1088 926 1129 supplemus
947 1100 949 1108 ι

196 1142 227 1169 et
252 1148 412 1177 sanamus,
429 1144 471 1179 et,
490 1144 650 1182 quatenus
674 1151 754 1183 opus
772 1140 820 1178 sit,
841 1140 927 1182 ipsas

196 1190 476 1224 confraternitates
501 1202 612 1224 omnes
637 1198 668 1224 et
693 1193 842 1235 singulas,
863 1203 928 1224 ser-

194 1246 264 1276 vata
284 1249 389 1276 tamen
414 1245 578 1288 ceteroqui
606 1246 872 1278 constitutionum
897 1251 928 1277 et

197 1295 403 1329 decretorum
432 1296 527 1329 huius
552 1302 681 1330 sanetae
711 1298 803 1330 Sedis
834 1290 949 1340 pracss

195 1350 304 1382 sertim
329 1349 412 1381 circa
436 1350 619 1382 distantiam
640 1352 785 1385 locorum
807 1352 839 1384 in
858 1363 927 1383 ere-

196 1402 303 1435 ctione
329 1403 628 1436 confraternitatum
653 1404 766 1437 similis
792 1404 926 1437 instituti

196 1456 386 1489 servandam
417 1462 638 1489 emanatorum
675 1457 776 1490 forma
806 1463 837 1489 et
868 1458 929 1489 dis-

196 1508 370 1551 positione,
398 1510 436 1542 de
454 1520 537 1542 novo
562 1510 716 1552 erigimus
737 1516 767 1544 et
791 1510 928 1543 ius-titui-

197 1572 280 1594 mus.
299 1561 445 1594 Ceterum
458 1562 489 1594 in
504 1563 666 1596 erectione
681 1570 712 1596 et
728 1563 927 1596 institutione

199 1614 350 1647 similium
373 1616 670 1648 confraternitatum
693 1617 730 1650 de
754 1623 863 1650 cetero
885 1618 928 1649 sa-
948 1621 949 1630 ¹

199 1668 322 1701 ciendis
340 1668 474 1701 sormam
503 1669 535 1701 iu
560 1670 741 1712 supradicta
758 1670 928 1703 Clementis

199 1721 459 1763 praedecessoris
503 1721 733 1754 constitutione
772 1724 930 1765 praescri-

198 1778 287 1816 ptam
313 1773 503 1806 adamussim
529 1774 647 1807 servari
673 1775 826 1815 volumus,
853 1776 952 1808 alio-³

200 1826 277 1868 quin
303 1827 482 1860 erectiones
517 1832 548 1859 ct
578 1827 796 1861 institutiones
822 1829 932 1860 liuius-

199 1880 286 1914 modi
327 1880 446 1913 nullius
485 1880 616 1913 omuino
649 1881 713 1914 siut
745 1882 870 1914 roboris
902 1888 931 1914 et

201 1933 369 1967 momenti.

245 1988 260 2030 ἓ
284 1987 314 2020 3.
335 1986 554 2019 Decernentes
581 1988 708 2020 easdem
742 1989 956 2031 praesentes³

202 2039 330 2073 litteras
355 2049 482 2082 semper
497 2038 618 2079 sirmas,
634 2040 755 2073 validas
781 2046 813 2073 et
831 2042 936 2074 estlea-

203 2103 258 2125 ces
283 2092 424 2124 existere
450 2096 481 2123 et
505 2092 587 2131 sore,
607 2103 751 2136 suosque
769 2095 935 2137 plenarios

203 2150 236 2178 et
259 2145 406 2187 integros
431 2144 564 2177 effeetus
583 2146 693 2178 sortiri
719 2152 751 2179 et
775 2147 937 2187 obtinere,

204 2210 240 2232 ac
261 2200 337 2239 illis⁷
356 2199 394 2231 ad
413 2209 495 2242 quos
513 2203 640 2241 spectat
658 2203 690 2231 et,
715 2210 773 2242 pro
793 2205 936 2242 tempore

205 2253 476 2297 quandocumque
494 2252 668 2294 spectabit,
688 2252 720 2284 iu
739 2253 887 2285 omnibus
909 2259 939 2286 et

204 2316 265 2349 per
296 2305 405 2338 omnia
423 2304 613 2347 plenissime
638 2304 820 2347 suffragari,
846 2312 878 2338 et
901 2307 940 2338 ab

207 2359 252 2391 eis
288 2358 465 2401 respective
500 2357 731 2390 inviolabiliter
756 2359 939 2397 observari,

1597 182 1657 216 181
1708 191 1760 218 An.
1775 191 1803 219 c,
1827 191 1895 218 1679

968 247 999 275 et.
1022 243 1119 275 inane
1138 242 1164 275 si
1182 253 1278 276 secus
1296 252 1397 286 super
1417 242 1468 275 liis
1487 252 1504 274 a
1521 251 1702 284 quoquam,

967 295 1079 337 quavis
1095 297 1303 336 auctoritate,
1326 296 1472 329 scienter
1490 295 1539 327 vel
1552 293 1703 336 ignoran-

968 352 1027 385 ter,
1044 348 1222 391 contigerit
1246 348 1415 382 attentari.

1012 402 1026 443 g
1050 401 1082 433 [ι.
1113 402 1183 434 Non
1208 402 1412 434 obstantibus
1430 400 1634 444 praemissiS,
1662 405 1701 440 et,

969 458 1128 494 quatenus
1163 464 1245 496 opus
1276 455 1335 494 sit,
1367 456 1476 487 nostrii
1511 459 1543 486 et
1577 454 1703 486 cancel-

970 505 1066 538 lariae
1091 507 1284 549 apostolicae
1309 509 1421 549 regula
1446 507 1484 539 de
1506 517 1570 539 non
1590 517 1703 539 conce-

969 558 1084 590 dendis
1110 559 1318 601 indulgentiis
1344 561 1382 593 ad
1408 561 1518 599 instar,
1543 570 1579 592 ac
1609 570 1703 602 prae—

970 610 1034 642 fata
1059 611 1230 644 Clementis
1261 612 1538 655 pmedecessoris,
1567 613 1701 656 aliisque

969 663 1253 697 constitutionibus
1282 669 1314 697 et
1344 665 1602 697 ordinationibus
1627 676 1705 708 apo—

969 716 1091 748 stolicis
1110 743 1117 756 ‚
1144 726 1273 749 necnon
1298 718 1473 759 quibusvis,
1499 718 1594 750 etiam
1619 719 1704 750 iura-

969 774 1094 807 mento,
1132 769 1376 803 confirmatione
1413 771 1615 812 apostolica,
1655 771 1704 802 vel

970 821 1081 862 quavis
1105 820 1255 854 firmitate
1294 823 1354 855 alia
1378 823 1549 861 roboratis,
1577 823 1704 855 statutis

969 879 1000 904 et
1024 869 1332 915 consuetudinibus,
1358 875 1534 918 privilegiis
1560 885 1702 918 quoque,

968 925 1101 958 indultis
1123 932 1154 959 et
1181 928 1296 960 litteris
1313 928 1496 971 apostolicis
1521 928 1554 959 iu
1579 933 1705 960 contra-

969 978 1051 1010 rium
1076 980 1327 1021 l‘uaemissorum
1358 981 1603 1024 quomodolibet
1629 991 1705 1013 cou-

969 1032 1076 1071 cessis,
1102 1032 1294 1066 consti-matis
1324 1038 1357 1066 et
1380 1033 1556 1073 innovatis·,
1589 1033 1704 1076 quibus

970 1085 1120 1117 omuibus
1154 1091 1185 1117 et
1217 1086 1375 1128 singulis,
1408 1087 1539 1119 illorum
1571 1091 1704 1118 tenores

970 1139 1193 1180 praesentibus
1230 1150 1288 1182 pro
1318 1140 1414 1182 plene
1449 1145 1480 1173 et
1510 1140 1706 1172 sufficienter

969 1191 1127 1232 expressis
1148 1202 1182 1223 ac
1208 1193 1246 1224 ad
1264 1193 1396 1224 verbum
1423 1193 1556 1225 insertis
1582 1192 1705 1224 liaben-

971 1249 1025 1281 tes,
1045 1243 1108 1275 illis
1129 1245 1206 1276 alias
1220 1244 1252 1276 iu
1270 1255 1327 1277 suo
1341 1246 1459 1277 robore
1474 1245 1704 1288 permansuris,

970 1296 1006 1327 ad
1045 1298 1296 1338 praa-missorum
1330 1297 1502 1338 ctt'ectum,
1540 1298 1600 1331 hac
1634 1298 1704 1330 vice

1783 409 1896 433 Dei-oratio

1714 440 1873 458 contrarioium.

947 1376 949 1387 ,
970 1349 1147 1385 dumtaxat„
1172 1350 1356 1392 specialiter
1380 1356 1412 1383 et
1436 1361 1585 1393 expresse
1612 1351 1706 1383 dero-

970 1413 1101 1444 gamus;
1139 1402 1320 1445 ceterisque
1357 1404 1528 1436 contrariis
1564 1403 1702 1446 quibus-

970 1465 1118 1497 euuupie.

1014 1508 1028 1550 ς’
1059 1508 1089 1540 5..
1123 1507 1276 1542 Volumus
1309 1514 1416 1542 autem
1447 1514 1483 1542 ut
1517 1509 1704 1543 earumdem

968 1561 1187 1603 1⁷›raesentium
1213 1562 1389 1594 litterarum
1411 1563 1630 1606 transumptis,
1648 1573 1705 1595 seu

970 1615 1137 1657 exemplis,
1157 1615 1440 1657 ctiamimprcssis,
1457 1626 1551 1648 manu
1570 1616 1707 1648 alicuius

1755 1513 1817 1534 Fides
1841 1515 1899 1532 tran-

1715 1543 1851 1566 sumpturum.

949 1702 950 1707 ¹
971 1667 1086 1699 notarii
1102 1667 1221 1709 publici
1243 1668 1443 1711 subscripti&
1464 1672 1494 1700 et
1515 1667 1621 1710 sigillo
1639 1679 1708 1711 per-

972 1731 1068 1753 sonae
1100 1720 1132 1752 in
1165 1721 1382 1754 ecclesiastica
1407 1721 1562 1764 dignitate
1588 1722 1709 1755 cousti-

975 1779 1059 1806 tutae
1085 1774 1224 1813 munitis,
1250 1775 1363 1807 eadem
1388 1785 1520 1817 prorsus
1547 1775 1628 1808 fides
1643 1774 1710 1807 ubi-

975 1837 1036 1869 que
1063 1828 1209 1859 locorum
1227 1832 1289 1859 tam
1309 1827 1341 1859 in
1366 1827 1483 1860 iudicio
1509 1838 1604 1870 quam
1624 1832 1711 1860 extra

975 1880 1055 1912 illud
1094 1880 1276 1920 habeatur,
1311 1890 1393 1923 quae
1424 1880 1600 1912 haberetur
1630 1879 1710 1923 ipsis

976 1933 1199 1977 praesentibus
1241 1933 1267 1966 si
1311 1934 1418 1967 forent
1458 1933 1622 1966 exhibitae
1660 1933 1710 1965 vel

978 1992 1138 2019 ostensae.

1021 2040 1133 2072 Datum
1158 2039 1292 2078 Romae,
1319 2039 1403 2081 apud
1428 2040 1459 2072 S.
1486 2039 1625 2078 Petrum,
1651 2039 1711 2071 sub

979 2094 1099 2125 annulo
1118 2092 1304 2131 Piscatoris,
1325 2093 1376 2125 die
1395 2102 1433 2125 xv
1450 2091 1530 2124 iunii
1543 2101 1712 2130 tiDCLxxlx,

979 2145 1185 2189 pontificatus
1202 2145 1302 2178 nostri
1320 2155 1405 2177 anno
1431 2155 1479 2179 111.

1018 2209 1074 2235 Dat.
1092 2207 1135 2234 die
1153 2207 1184 2234 15
1198 2206 1265 2234 iunii
1288 2206 1365 2240 1679,
1385 2206 1483 2241 pontif.
1504 2213 1575 2233 anno
1592 2213 1633 2232 111.

1306 2331 1394 2364 LXV.

207 2411 320 2454 sieque
349 2411 382 2442 in
413 2410 598 2453 praemissis
631 2421 691 2453 per
716 2422 941 2456 quoscumque
987 2413 1195 2448 Permittitur
1225 2415 1261 2444 ut
1295 2410 1456 2455 quaedam
1491 2408 1719 2453 inclulssenlicte

207 2463 334 2496 iudices
363 2463 550 2496 ordinarios
575 2467 607 2496 et
636 2464 822 2506 delegatos,
845 2466 941 2498 etiam

210 2526 382 2549 causarum
406 2516 518 2558 palatii
554 2516 728 2559 apostolici
765 2517 944 2557 auditores,

209 2568 349 2602 iudicari
374 2573 406 2602 et
430 2568 560 2602 definiri
585 2569 720 2611 debere,
747 2580 784 2604 ac
814 2571 944 2604 irritum

1031 2477 1049 2499 (1
1073 2466 1176 2498 tribus
1192 2464 1405 2506 Pontificibus
1422 2467 1450 2496 ct
1467 2463 1589 2496 duobus
1608 2464 1720 2506 Ieyalis

1032 2519 1061 2551 S.
1080 2517 1169 2550 Sedis
1186 2516 1507 2560 confraternilatz'bus
1517 2517 1573 2550 SS.
1590 2516 1722 2550 Rosarv'i

1033 2581 1195 2605 concessae
1218 2570 1355 2604 describi
1377 2571 1499 2614 possint
1524 2571 1558 2603 in
1583 2579 1722 2602 summa·
