2111 3157
150 203 155 210 ’
181 227 230 252 An.
247 226 275 252 c.
299 226 365 254 1688
411 217 476 252 OM

203 766 271 786 Cat—nr

190 791 219 813 De
234 792 358 813 erimina-«is.

374 277 542 309 arbitrium
568 278 698 321 prioris.
719 277 781 309 Sed
798 276 822 308 si
842 275 918 318 quid
943 275 976 308 in
999 275 1109 318 priore

372 330 423 362 vel
463 335 674 373 procuratore
711 328 940 361 emendatione
975 327 1109 370 dignum

373 394 548 416 conversus
572 382 688 425 aliquis
719 382 927 424 cognoverit,
954 382 1044 414 solus
1069 381 1109 414 ad

371 441 495 479 partem
521 446 594 468 cum
618 434 708 468 filiali
735 435 918 468 reverentia
943 445 1017 468 eum
1043 445 1110 468 mo-

372 489 461 521 nebit
485 494 517 521 et
540 488 686 531 rogabit,
712 492 770 521 aut
794 498 854 531 per
879 488 1022 531 aliquem
1047 488 1108 520 sibi

372 541 561 575 familiarem
586 541 712 574 moneri
738 541 844 574 faciet.
872 540 962 579 Quod
986 541 1012 574 si
1039 541 1110 585 quis

371 604 545 628 conversus
582 606 641 628 suo
676 595 776 638 priori
816 600 870 627 aut
905 595 1109 639 procuratori

372 649 455 691 apud
475 657 697 691 quoscumque
719 647 909 687 detraxerit,
930 647 1037 681 taliter
1054 658 1110 691 pu-

371 701 488 741 niatur,
499 706 534 733 ut
547 701 643 734 ceteri
659 701 712 734 tali
724 701 848 735 saacere
863 701 1107 744 pertimescant.

415 765 437 787 1.
465 754 608 787 Confessi
635 765 743 787 coram
777 754 918 795 testibus,
948 755 999 787 vel
1034 765 1110 786 con·

371 807 446 841 victi
463 808 501 841 de
520 808 768 848 incontinentia,
785 808 824 841 de
843 818 941 840 manu
957 807 1108 847 violenta,

371 862 411 894 de
429 861 526 902 furto,
545 862 584 895 de
601 861 792 900 rebellione,
811 861 1040 898 inobedientia,
1062 861 1110 893 in-

370 915 544 947 samatione
563 914 718 954 criminis,
740 915 824 957 quod
844 913 914 956 quis
938 913 1048 946 obiicit
1067 915 1110 947 al-

371 967 432 1000 teri
458 977 518 1000 nec
542 972 652 1010 potest
676 966 828 1009 probare,
848 966 888 999 de
909 966 1108 1009 magisteris¹

372 1020 621 1063 conspirationis
638 1047 645 1059 ,
675 1030 803 1052 necnon
829 1020 868 1053 de
893 1020 1108 1053 seminatione

371 1074 573 1113 discordiae,
601 1078 632 1105 et
658 1073 711 1115 qui
737 1073 900 1105 minantur
928 1072 1036 1115 ignem
1060 1073 1108 1105 vel

369 1131 522 1166 mortem,
539 1131 570 1159 et
587 1125 641 1169 qui
660 1125 698 1158 de
720 1125 890 1158 inferendo
915 1125 1004 1168 gravi
1023 1136 1109 1157 scan-

370 1180 444 1213 dalo
476 1185 551 1212 sunt
576 1179 727 1222 suspecti,
757 1184 789 1211 et
815 1178 869 1223 qui
895 1180 1024 1212 domum
1055 1185 1109 1212 aut

369 1243 544 1276 personam
562 1232 690 1265 Ordinis
711 1243 820 1266 coram
846 1242 1049 1276 quocumque
1068 1232 1109 1264 iu-

369 1285 439 1318 dice
475 1285 713 1326 ecclesiastico,
747 1295 812 1318 non
852 1290 958 1318 tamen
994 1285 1109 1318 Sancta

369 1339 460 1378 Sede⁷
482 1339 533 1371 vel
560 1339 717 1371 saeculari
743 1338 776 1371 in
802 1338 853 1371 ius
879 1338 1035 1372 traxerint
1060 1341 1107 1372 vel

370 1392 453 1424 trabi
471 1392 616 1430 fecerint,
629 1391 882 1433 incarceremur,
892 1397 924 1424 et
936 1402 996 1435 pro
1009 1393 1107 1426 modo

369 1445 478 1477 delicti
504 1445 692 1487 puniantur.

413 1508 448 1531 11.
476 1497 614 1541 Propter
645 1498 748 1530 levem
783 1502 892 1531 tamen
922 1498 1107 1541 percussio-

368 1551 493 1584 sionem
519 1551 551 1582 in
576 1550 704 1591 laicum,
731 1551 840 1583 nullus
867 1550 1104 1592 incarceretur,

368 1604 423 1637 sed
450 1603 536 1637 iuxta
559 1604 693 1637 modum
713 1605 828 1648 culpae
846 1615 863 1637 a
881 1604 988 1647 priore
1014 1605 1107 1638 disci-

368 1657 522 1701 plinetur.

412 1720 460 1744 111.
487 1711 585 1743 Fures
612 1711 718 1750 etiam,
738 1711 792 1754 qui
818 1711 849 1743 in
871 1721 904 1744 re
924 1711 1042 1755 aliqua,
1058 1713 1106 1745 ul-

367 1769 414 1796 tra
440 1763 612 1797 duodecim
634 1764 755 1797 solidos
781 1774 846 1796 non
870 1765 1017 1805 valente,
1043 1765 1106 1797 sur-

368 1822 434 1849 tum
460 1818 692 1856 commiserint,
714 1817 810 1850 simul
828 1818 877 1851 vel
901 1828 961 1861 per
986 1824 1104 1861 partes,

368 1881 434 1903 non
460 1870 720 1910 incarcerentur,
746 1871 801 1903 sed
827 1870 944 1913 prioris
969 1871 1104 1905 arbitrio

368 1924 553 1966 puniantur.
592 1922 647 1961 Qui
674 1933 750 1956 vero
775 1923 805 1955 in
832 1934 865 1956 re
892 1924 996 1966 aliqua
1021 1926 1105 1957 ultra

367 1976 479 2019 viginti
497 1987 585 2010 asses
603 1978 729 2010 valente
747 1977 843 2010 simul
861 1978 909 2010 vel
927 1984 1104 2021 perpartes

368 2030 485 2062 furtum
521 2030 763 2070 commiserint,
791 2031 1031 2063 incarceremur
1065 2032 1104 2064 ad

369 2088 497 2126 tompus
518 2083 556 2115 ad
575 2083 741 2115 arbitrium
767 2083 894 2126 prioris.
912 2084 983 2124 vlloc
1001 2083 1104 2126 ipsum

368 2146 426 2179 per
459 2136 567 2169 omnia
592 2137 631 2169 de
656 2136 879 2179 proprietariis
908 2136 974 2169 fiat.
1000 2137 1103 2169 Ceteri

367 2200 443 2222 vero
469 2191 553 2222 sures
573 2195 604 2222 et
626 2189 847 2233 proprietarii,
869 2189 922 2232 qui
945 2190 1029 2222 ultra
1056 2201 1105 2222 va-

368 2244 471 2276 lorem
498 2243 757 2286 vigintiquinque
782 2243 959 2276 solidorum
986 2243 1103 2275 furtum

369 2301 420 2328 aut
441 2296 674 2339 proprietatem
699 2295 931 2336 commiserint,
946 2301 1105 2339 perpetuo

370 2350 489 2381 carceri
502 2350 737 2392 mancipentur,
747 2349 851 2382 donec
859 2359 918 2392 per
928 2348 1104 2392 capitulum

370 2403 519 2444 generale
541 2407 595 2434 aut
616 2402 792 2435 reverendo
814 2402 895 2445 patri
914 2402 1102 2434 educantur.

414 2465 456 2487 iv.
490 2455 643 2488 Similiter
675 2461 706 2487 et
736 2455 874 2494 falsarii,
901 2454 1038 2487 convicti
1066 2455 1103 2486 de

370 2507 604 2540 incontinentia
629 2508 858 2552 qualicumque
875 2534 882 2548 ‚
913 2507 1104 2540 incendiarii

369 2566 402 2594 ct
428 2560 620 2593 homicidae.
1066 2559 1070 2563 '

406 2623 416 2653 1
439 2622 481 2650 Sic
501 2621 564 2650 edit.
585 2621 662 2649 Main.
684 2622 723 2658 (a.
737 2623 785 2658 τ.).

965 218 1141 250 ammaum
1168 227 1316 251 nonnum

1196 285 1225 307 v.
1253 274 1399 307 Desuneti
1425 275 1457 308 in
1483 276 1567 308 furto
1591 277 1641 309 vel
1667 277 1863 320 proprietate
1879 303 1888 318 ,

1152 332 1323 370 postquam
1349 327 1471 360 crimen
1498 338 1608 360 eorum
1634 329 1797 362 detectum
1822 330 1890 363 sue-

1152 379 1214 419 rit,
1239 380 1273 412 in
1298 381 1497 414 coemeterio
1522 391 1585 414 non
1612 382 1832 425 sepeliantur,
1859 387 1891 416 et

1151 433 1246 466 etiam
1270 434 1398 477 sepulti,
1424 434 1449 467 si
1475 434 1544 467 sine
1570 435 1724 468 scandalo
1751 441 1783 469 et.
1806 436 1890 480 peri-

1151 487 1224 519 culo
1257 486 1390 519 foetoris
1422 486 1491 520 fieri
1515 488 1630 530 possit,
1658 488 1887 530 extrahantur,

1151 544 1186 571 ut
1203 550 1219 572 a
1241 540 1359 573 ceteris
1384 540 1506 573 crimen
1530 540 1606 573 furti
1632 546 1663 574 et
1681 542 1889 586 proprietatis

1151 591 1274 625 cautius
1302 592 1451 625 evitetur.

1194 655 1235 678 v1.
1262 644 1293 678 Si
1311 654 1485 678 conversos
1504 645 1543 679 de
1560 645 1795 680 incontinentia
1813 657 1890 681 con-

1150 698 1250 731 victos
1274 703 1327 730 aut
1361 699 1529 731 confessos
1568 699 1607 732 de
1632 709 1763 733 carcere
1787 701 1889 734 'educi

1152 750 1324 795 aliquando
1342 751 1525 794 eontigerit,
1544 753 1637 786 nullo
1657 754 1755 786 modo
1779 753 1812 786 in
1830 753 1889 787 do-

1153 804 1269 844 mibus,
1287 804 1342 837 ubi
1368 804 1486 837 suerint
1511 805 1659 846 convicti,
1686 811 1888 847 remaneant3

1152 859 1219 898 sed,
1244 858 1269 890 si
1295 858 1466 892 commode
1491 857 1561 891 ficri
1586 858 1700 903 possit,
1721 860 1797 893 alibi
1822 861 1889 894 col-

1152 912 1309 944 locentur.
1334 910 1536 955 Quicumque
1554 917 1661 946 autem
1680 914 1719 946 de
1737 923 1890 957 quacum·

1151 975 1212 1007 que
1239 964 1397 998 indicibili
1415 965 1651 998 incontinentia
1667 966 1803 999 convicti
1821 967 1889 1000 sue-

1152 1018 1224 1056 rint,
1242 1018 1290 1050 vel
1308 1028 1415 1050 coram
1438 1018 1572 1050 testibus
1597 1019 1746 1059 confessi,
1771 1029 1889 1063 perpe-

1152 1076 1204 1103 tuo
1230 1070 1349 1103 carceri
1375 1071 1604 1114 mancipentur
1635 1072 1705 1106 sine
1730 1073 1797 1106 ulla
1831 1083 1890 1117 spe

1152 1124 1365 1157 liberationis.

1195 1188 1251 1210 vu.
1278 1176 1477 1220 Quicumque
1496 1177 1714 1211 falsificaverit
1732 1178 1888 1222 sigillum,

1151 1232 1199 1263 vel
1226 1231 1348 1263 litteras
1380 1230 1510 1273 capituli
1548 1236 1602 1263 aut
1638 1231 1809 1264 reverendi
1834 1242 1889 1275 pa-

1152 1284 1216 1322 tris,
1238 1286 1344 1327 poena
1370 1284 1487 1317 falsarii
1506 1289 1537 1317 et
1562 1284 1813 1318 criminosorum
1831 1296 1889 1329 pu-

1151 1337 1268 1378 niatur,
1290 1342 1321 1370 et
1338 1337 1379 1369 sit
1392 1342 1551 1380 perpetuo
1568 1336 1723 1370 inhabilis
1739 1337 1777 1370 ad
1798 1348 1889 1381 quas-

1149 1400 1287 1433 cumque
1322 1389 1526 1422 obedientias
1560 1389 1689 1423 Ordinis
1720 1390 1789 1424 sine
1821 1392 1889 1425 ullzl

1149 1454 1204 1487 spe
1230 1443 1362 1476 alicuius
1387 1442 1614 1475 restitutionis.

1193 1507 1261 1530 v111.
1284 1496 1315 1529 Si
1337 1495 1468 1535 crimen,
1487 1505 1547 1538 pro
1565 1506 1628 1539 quo
1646 1496 1787 1530 carceris
1811 1508 1890 1541 poe-

1149 1562 1188 1584 na
1203 1550 1375 1593 irroganda
1389 1554 1444 1588 est,
1464 1550 1659 1592 probatione
1677 1550 1814 1593 indiget,
1829 1562 1890 1585 nec

1149 1615 1206 1647 per
1231 1608 1360 1636 nostros
1392 1603 1524 1645 probari
1551 1608 1672 1646 queat,
1704 1605 1889 1638 saeculares

1149 1657 1260 1689 idonei
1285 1655 1386 1698 recipi
1413 1660 1570 1698 poterunt
1594 1655 1626 1688 in
1654 1656 1885 1690 testimonium.

1191 1720 1233 1743 tx.
1260 1709 1458 1752 Quicumque
1476 1708 1642 1742 criminosi
1664 1710 1812 1744 conversi
1830 1721 1890 1755 per

1148 1765 1252 1797 solum
1276 1762 1454 1806 capitulum
1486 1763 1638 1805 generale
1674 1764 1722 1797 vel
1754 1774 1814 1807 per
1837 1775 1889 1798 re-

1147 1817 1324 1850 verendum
1361 1820 1485 1859 patrem
1522 1815 1560 1847 de
1594 1826 1726 1849 carcere
1753 1823 1889 1860 possunt

1147 1870 1257 1904 educi.
1296 1864 1469 1913 Postquam
1503 1879 1577 1902 vcro
1613 1869 1732 1902 suerint
1767 1870 1886 1911 educti,

1148 1928 1242 1956 erunt
1266 1933 1379 1955 eorum
1406 1921 1561 1961 omnium,
1580 1930 1660 1964 quos
1686 1921 1885 1963 invenerint,

1147 1986 1276 2019 semper
1294 1975 1420 2014 ultimi,
1446 1973 1515 2006 sine
1542 1984 1598 2017 spe
1625 1974 1837 2008 restitutionis
1854 1975 1887 2008 in

1147 2029 1318 2073 pristinum
1332 2027 1479 2069 gradum,
1495 2031 1526 2059 et
1540 2027 1629 2059 nulla
1646 2026 1888 2070 dispensatione

1147 2087 1300 2126 poterunt
1335 2080 1380 2114 eis
1418 2080 1625 2113 obedientiae
1651 2081 1884 2114 commendari.

1148 2136 1316 2168 Praeterea
1342 2133 1449 2166 educti
1476 2133 1515 2165 de
1540 2143 1681 2173 carcere,
1714 2143 1773 2176 per
1809 2145 1888 2177 qua-

1147 2188 1295 2230 draginta
1335 2187 1404 2219 dies
1447 2186 1614 2219 ferialibus
1658 2186 1772 2219 diebus
1816 2192 1888 2229 post

1148 2241 1376 2280 Exullabunt,
1405 2239 1525 2273 festivis
1550 2244 1656 2272 autem
1687 2239 1719 2271 in
1745 2239 1887 2283 capitulo

1146 2305 1387 2332 etmversorum,
1407 2293 1469 2325 nisi
1488 2293 1618 2336 quando
1635 2293 1888 2327 communicave-

1147 2347 1223 2387 rint,
1250 2346 1409 2389 recipiant
1435 2345 1651 2388 disciplinam,
1686 2350 1718 2378 et
1753 2345 1887 2389 quadra-

1146 2400 1234 2443 ginta
1260 2399 1374 2432 diebus
1398 2399 1529 2442 capituli
1567 2399 1605 2431 ad
1632 2404 1751 2432 terram
1777 2409 1886 2432 come·

1146 2455 1223 2486 dant
1239 2462 1339 2496 super
1356 2462 1498 2485 asserem
1520 2452 1643 2485 nudum
1663 2451 1694 2484 in
1713 2451 1885 2485 refectorio

1147 2516 1239 2538 mane
1265 2511 1297 2538 et
1313 2504 1450 2549 vesperi,
1471 2505 1667 2549 computatis
1685 2504 1799 2538 diebus
1817 2504 1887 2548 qui-

1146 2561 1204 2592 bus
1240 2558 1553 2591 communicaverint
1587 2558 1618 2591 in
1659 2562 1818 2591 conventu
1852 2558 1887 2591 in

1114 2655 1128 2664 ἡ
1146 2611 1261 2656 quibus
1282 2612 1320 2645 ad
1346 2616 1466 2645 terram
1490 2621 1555 2645 non
1573 2611 1756 2653 comedant,
1779 2616 1811 2645 et
1825 2615 1887 2656 per

1895 227 1943 256 An.
1959 228 1988 256 C.
2011 229 2076 259 1688
