2111 3157
45 201 94 228 An.
110 199 139 227 C.
163 198 229 227 1680

94 467 222 494 componant

40 494 116 518 vultus,

63 831 91 851 Ae
104 836 180 857 corpus
190 832 220 851 to-

37 858 88 878 tum.

55 1299 162 1321 Quaedam
173 1304 215 1319 ser·

34 1329 81 1344 van
99 1325 176 1345 ‚iebant
194 1326 214 1346 in

34 1352 131 1374 triclinio.

57 1980 107 2000 nem
122 1980 163 2000 alia
178 1985 214 2000 ex-

31 2007 63 2027 tra
79 2007 136 2027 illud.

59 2292 148 2314 statutis
162 2296 214 2314 tem-

33 2320 118 2345 poribus
145 2325 215 2340 omues

32 2346 92 2366 simut
125 2352 214 2368 commo-

32 2375 110 2394 rentur.

234 249 369 282 invicem
393 249 633 292 impertiantur:
657 250 800 282 minores
824 249 857 281 in
883 250 962 281 allo-

234 302 309 344 quio
323 313 341 334 a
357 303 532 335 maioribus
551 308 581 335 et
599 303 818 345 superioribus
836 301 961 334 affatum

233 360 414 396 expectent,
442 355 527 398 quod
545 355 672 388 debitae
688 353 907 386 submissionis
932 358 964 385 et

232 407 442 440 verecundiae
468 407 594 449 signum
619 407 724 439 suerit.

276 469 353 491 xxxv
394 459 467 491 Tam
493 459 596 490 vultus
623 457 782 490 tristitiam
808 463 839 490 et
858 457 964 489 oculo-

232 520 302 542 rum
330 511 554 549 nustcritatem,
580 520 673 552 quam
692 509 851 542 levitatem
869 508 901 540 in
919 519 962 540 sev

231 562 311 604 ipsis
337 573 448 595 omnes
480 562 524 594 sic
549 562 734 603 corrigant,
762 567 797 592 ut
825 560 961 592 suavitas

232 624 303 646 cum
330 614 490 655 gravitate,
518 614 676 646 modestia
700 623 774 644 vero
800 623 868 644 cum
895 623 962 644 ma-

231 666 439 707 gnanimitate
474 666 505 698 in
537 665 675 697 cuiusvis
711 667 798 697 vultu
837 670 959 696 certare

230 717 381 757 videatur,
407 717 438 749 in
464 718 526 750 hoc
551 718 622 759 ipso
648 723 752 749 tamen
774 727 900 749 omnem
925 716 959 748 si-

230 769 441 802 mulationem
467 775 498 801 et
526 769 709 812 hypocrisin
736 769 956 801 excludentes

273 831 376 854 xxxvi.
403 822 537 854 Exclusa
561 821 647 853 omni
672 821 824 860 levitate,
848 821 880 852 in
913 821 959 852 in-

229 884 321 906 cessu
340 874 527 916 gravitatem
545 884 614 905 cum
640 873 797 905 modestia
824 874 959 905 coniun-

228 930 316 968 gant,
344 936 471 968 semper
494 926 672 958 incedendo
691 935 753 957 non
771 930 907 964 currant,
927 925 956 956 in

226 979 367 1010 vestibus
392 979 580 1011 munditiem
607 984 724 1019 ament,
749 979 859 1010 sordes
885 979 979 1010 ode-i

225 1030 297 1070 rint,
324 1038 354 1064 et
374 1033 406 1063 in
424 1031 573 1064 omnibus
591 1031 696 1063 verbis
714 1031 956 1073 actionibusque

226 1084 290 1115 suis
317 1090 424 1125 gestus
447 1083 662 1115 membrorum
684 1093 718 1114 ac
739 1083 834 1115 totius
848 1093 959 1124 corpo-

225 1135 268 1167 ris
281 1135 544 1178 compositionem
560 1137 655 1167 talem
673 1135 857 1173 exhibeant,
877 1145 956 1176 quae
977 1127 979 1140 ⁶

226 1197 354 1219 omnem
390 1188 555 1219 hominem
587 1186 756 1219 aedificare
791 1187 894 1229 possit
923 1197 956 1218 ac

227 1240 353 1272 debeat.
977 1250 979 1264 ι

270 1301 385 1325 xxxvii.
412 1292 492 1334 Erga
510 1292 599 1323 cibos
617 1291 649 1323 in
667 1292 775 1323 mensa
792 1291 956 1333 appositos
976 1277 979 1321 ,ἶ

225 1343 326 1386 ipsuis
352 1344 511 1386 appetitus
532 1344 770 1376 sensualitatem
789 1343 847 1374 sibi
866 1354 956 1385 prae·
975 1369 977 1375 .

225 1397 383 1429 dominari
408 1397 452 1429 sic
472 1407 536 1429 non
562 1396 668 1428 sinant
690 1402 723 1427 ut
748 1397 823 1438 gula
850 1402 955 1428 rectae

224 1449 356 1482 rationis
380 1461 471 1481 usum
497 1449 700 1492 praeveniat·,
723 1455 876 1491 quantum
901 1460 955 1481 au-
975 1455 978 1469 ¹

225 1507 288 1535 tem
315 1502 351 1535 ad
370 1503 565 1535 moderatam
586 1501 730 1544 eorporis
747 1502 954 1534 resectionem

224 1555 439 1587 necessarium
458 1555 562 1593 suerit,
583 1554 772 1593 comedant;
796 1554 827 1586 in
847 1554 955 1596 singu-
974 1581 976 1594 ,

223 1607 328 1640 lorum
353 1607 499 1640 ciborum
535 1607 787 1639 contrectatione
814 1606 975 1651 debitanr

224 1659 414 1692 modestiam
439 1670 473 1691 ac
499 1659 647 1692 decorem
667 1659 698 1691 in
716 1660 853 1691 aliorum
870 1660 955 1691 aedi-

223 1712 405 1745 ficationem
423 1713 610 1751 observent;
636 1712 799 1744 silentium
826 1723 953 1754 quoque
974 1727 977 1741 t

223 1764 257 1797 in
282 1765 422 1798 triclinio
447 1771 553 1797 sancte
578 1769 735 1803 servetur,
760 1769 848 1797 extra
866 1760 976 1804 men-f

224 1829 289 1851 sam
313 1829 409 1862 porro
426 1818 587 1851 ordinarie
603 1818 668 1850 sive
690 1818 774 1850 domi
796 1818 861 1850 sive
880 1819 954 1850 soris

223 1870 432 1909 abstineant¹,
450 1881 553 1913 neque
571 1870 639 1902 sine
661 1870 792 1902 licentia
812 1871 955 1913 superio-

224 1933 293 1955 rum
319 1923 394 1955 alibi
419 1923 588 1955 comedant
612 1928 667 1954 ant
691 1922 813 1955 bibant.

267 1986 398 2009 xxxv111.
414 1976 490 2008 Post
505 1985 648 2007 mensam
664 1974 861 2017 aliquantum
882 1981 954 2007 tem-

224 2028 311 2070 poris
336 2028 491 2060 honestae
515 2026 707 2059 recreationi
733 2025 952 2069 indulgebnnt‚

223 2079 269 2113 sic
294 2086 399 2113 tamen
423 2086 457 2112 ut
481 2080 519 2112 ab
544 2079 696 2112 indecora
720 2080 865 2122 corporis
889 2080 955 2122 agi-

224 2133 344 2165 tatione
380 2132 570 2171 abstineant,
596 2137 627 2164 et
658 2142 729 2164 cum
756 2134 793 2164 ea
821 2133 955 2164 circum-

223 2185 386 2228 spectione
412 2196 447 2217 ac
472 2183 628 2217 modestia
658 2182 810 2216 laetitiam
835 2190 952 2217 attem—

223 2242 347 2279 perent,
372 2242 407 2269 ut
430 2247 525 2269 nemo
551 2236 692 2279 prudens
713 2236 829 2269 offendi
847 2242 954 2280 queat,
975 2236 977 2269 1

267 2299 372 2322 xxxxx.
399 2289 497 2322 Nemo
523 2295 640 2328 autem,
666 2288 730 2321 sive
758 2289 863 2329 domi,
890 2290 955 2322 sive

224 2342 515 2382 soris,recreationi
533 2352 566 2374 se
584 2341 765 2374 subducere
780 2343 828 2374 vel
843 2342 880 2374 ad
896 2342 957 2375 alia

224 2396 303 2434 loca,
319 2396 503 2428 occasiones
528 2400 583 2427 aut
603 2393 764 2427 consortia
784 2394 954 2435 declinare,

223 2448 274 2482 vel
298 2459 335 2482 eo
355 2453 511 2492 tempore,
531 2453 742 2492 praepostero
764 2445 888 2490 ordine,
905 2449 957 2482 lit-

260 2564 273 2590 1
293 2562 407 2591 Videtur
424 2563 517 2592 deesse
537 2572 554 2590 α
575 2561 634 2590 cibo
654 2563 694 2599 (n.
710 2564 758 2597 τ.).

824 200 1034 225 inuocanrius
1056 201 1087 224 xi
1111 200 1160 224 m).
1633 186 1698 221 253
1743 196 1795 223 An.
1812 196 1841 223 c.
1860 195 1928 224 test)

1006 248 1082 281 teris
1106 258 1236 291 operam
1261 247 1349 287 dare,
1374 246 1423 279 vel
1448 246 1480 278 in
1497 245 1569 278 loco
1594 245 1736 277 solitario

1006 311 1039 332 se
1075 300 1222 333 tristitiae
1258 306 1312 332 aut
1345 299 1582 332 melancholiae
1617 298 1735 330 dedere

1005 353 1222 395 permittatur:
1248 358 1296 384 est
1322 352 1407 385 enim
1434 357 1560 393 tempus
1586 350 1735 382 studendi

1006 410 1037 436 et
1068 409 1194 448 tempus
1218 405 1366 445 ridendi;
1399 404 1506 437 omnia
1530 409 1653 446 tempus
1679 403 1735 435 ha-

1005 457 1094 489 benL

1048 518 1097 540 xL.
1124 507 1267 546 Quamvis
1296 510 1471 541 humanum
1504 509 1562 548 sit,
1590 508 1673 541 intra
1696 509 1734 541 li-
1770 520 1877 541 Modoram
1897 523 1925 543 ιο.

1004 561 1096 592 mites
1111 561 1234 593 virtutis
1254 562 1459 604 eutrapeliae,
1478 561 1575 593 iocari
1600 566 1631 593 et
1647 561 1733 593 iocos
1744 552 1873 604 ἷζῖἶῖἶὲἶᾼςηῖι
1888 556 1926 595 ’ἷῖἶῖ

1004 617 1058 643 aut
1082 614 1165 645 sales
1190 614 1228 645 ab
1260 613 1329 645 aliis
1363 614 1509 655 accipere
1535 624 1570 645 ac
1594 614 1732 645 tolerare
1744 606 1780 621 ⁰⁰⁵
1794 604 1909 626 mmm*

1003 674 1118 705 posse;
1144 665 1358 697 nihilominus
1383 671 1488 697 tamen
1515 666 1731 707 stultiloquia,

1002 717 1210 749 scurrilitates
1229 723 1260 749 et
1276 718 1346 755 alia,
1368 728 1449 759 quae
1468 718 1647 750 honestatis
1669 724 1734 750 ter-

1002 769 1105 801 minos
1121 770 1327 812 mediumque
1345 769 1549 802 discretionis
1564 770 1732 811 excedunt,

979 830 980 837 ¹
1003 821 1033 853 in
1055 823 1143 854 nulla
1167 823 1334 855 occasione
1356 823 1545 854 tolerentur.
1566 822 1640 854 Cum
1659 833 1731 855 vero

1002 883 1038 904 ex
1071 874 1213 906 humana
1246 874 1514 916 iinpersectione,
1550 879 1612 906 tam
1645 875 1730 907 domi

1002 936 1096 966 quam
1121 926 1209 966 foris,
1227 932 1338 958 contra
1362 926 1461 958 dictas
1479 926 1674 969 eutrapeliae
1701 932 1732 959 et

1001 977 1203 1010 discretionis
1229 979 1317 1020 leges
1345 989 1409 1010 non
1436 989 1507 1011 raro
1533 979 1660 1021 peccari
1686 989 1731 1011 so·

1003 1030 1074 1068 leat,
1096 1041 1113 1062 a
1136 1031 1255 1062 teneris
1276 1036 1460 1063 assuescant
1481 1042 1519 1062 ne
1543 1031 1582 1062 ita
1602 1030 1730 1063 delicati

1001 1082 1179 1114 efficiantur
1202 1088 1237 1114 ut
1261 1083 1342 1114 nihil
1368 1083 1431 1125 pati
1455 1083 1556 1115 velint
1580 1088 1633 1115 aut
1656 1093 1731 1125 pos-

1001 1134 1084 1173 sint,
1116 1134 1333 1167 existimantes
1359 1135 1467 1167 onmia
1501 1135 1560 1166 sibi
1591 1145 1628 1167 cx
1655 1141 1729 1167 voto

977 1189 979 1193 '
1000 1185 1147 1218 accidere
1165 1186 1295 1218 debere.

1043 1248 1105 1270 xL1.
1143 1238 1219 1270 Cum
1252 1239 1343 1271 valde
1385 1238 1539 1271 indecens
1575 1239 1615 1271 sit
1649 1249 1726 1282 pro·
1766 1249 1923 1281 Nemmiozo-

999 1291 1104 1332 prium
1136 1301 1318 1322 sermonem
1354 1291 1419 1323 suis
1451 1291 1649 1334 interpolare
1681 1277 1864 1325 ca-d³“²‘¹³u⁵'

999 1343 1135 1381 chinnis,
1151 1344 1232 1382 ideo,
1255 1343 1286 1375 in
1309 1344 1475 1375 narrandis
1493 1346 1541 1376 vel
1559 1345 1729 1378 audiendis

999 1395 1163 1437 leporibus
1195 1406 1229 1427 ac
1257 1395 1386 1434 facetiis,
1411 1396 1514 1429 nolint
1538 1397 1608 1429 aliis
1633 1397 1664 1429 in
1692 1398 1731 1429 ri-

999 1448 1104 1480 dendo
1125 1449 1264 1490 palmam
1288 1448 1496 1490 praeripere,
1522 1450 1576 1481 sed
1610 1449 1732 1492 appeti-

999 1506 1061 1532 tum
1081 1511 1170 1532 suum
1192 1500 1380 1533 inhibentes
1399 1511 1468 1533 cum
1487 1502 1649 1534 moderata
1667 1513 1731 1534 sua-

998 1554 1091 1585 vitate
1118 1553 1181 1585 oris
1206 1564 1262 1585 sua
1287 1554 1468 1596 loquantur,
1494 1557 1543 1587 vel
1574 1555 1652 1587 alios
1679 1566 1732 1587 au-

998 1607 1154 1645 scultent,
1181 1606 1252 1638 aliis
1278 1606 1309 1637 in
1334 1606 1432 1638 risum
1462 1608 1574 1640 solutis
1607 1613 1639 1639 et
1670 1608 1729 1650 ipsi

998 1658 1193 1697 subrideant‚
1211 1664 1305 1700 prout
1328 1658 1426 1691 virtus
1445 1660 1642 1702 eutrapeliae
1661 1671 1732 1692 sua-

997 1711 1082 1750 serit,
1104 1710 1232 1742 xitando
1251 1711 1314 1743 duo
1337 1717 1487 1752 extrema,
1513 1711 1643 1744 nimiam
1662 1712 1730 1755 qui-

998 1764 1069 1795 dem
1090 1763 1309 1795 austeritatem
1337 1774 1373 1795 ex
1397 1766 1470 1804 una,
1495 1764 1629 1797 nimiam
1653 1774 1728 1797 vero

974 1810 975 1832 ³
998 1815 1156 1848 levitatem
1179 1826 1215 1847 cx
1234 1816 1334 1848 altera
1349 1821 1453 1858 parte.

1040 1877 1114 1900 xL11.
1143 1868 1175 1899 ln
1200 1867 1454 1901 recreationibus
1471 1868 1607 1901 invicem
1624 1870 1729 1902 verbis
1752 1905 1755 1908 ι
1774 1877 1857 1900 notasti
1880 1884 1921 1900 non

998 1921 1046 1952 vel
1072 1919 1251 1951 actionibus
1284 1919 1409 1952 irritare
1445 1927 1500 1953 aut
1534 1908 1787 1954 insulsorum⁵¹⁰²'

998 1983 1123 2005 morum
1149 1972 1279 2015 ineptiis
1296 1974 1422 2006 molesti
1441 1984 1509 2006 esse
1529 1974 1640 2013 nolint,
1661 1974 1730 2017 qui-

998 2026 1055 2057 bus
1079 2024 1133 2058 alii
1158 2025 1197 2057 ad
1223 2024 1393 2066 tristitiam,
1421 2036 1582 2065 nauseam,
1604 2027 1730 2059 iracun-

998 2078 1081 2110 diam
1107 2080 1156 2111 vel
1178 2078 1390 2121 antipathiam
1410 2084 1636 2121 provocentur.

1040 2141 1128 2165 me.
1145 2131 1179 2163 In
1197 2132 1407 2164 auscultando
1423 2132 1555 2165 alterius
1572 2130 1923 2185 diSCU¹31¹>smffgne³¹²⁰tf¹gl

999 2185 1126 2216 secluso
1152 2184 1237 2216 omni
1263 2190 1459 2226 contemptu,
1491 2185 1650 2227 sagaciter
1675 2186 1903 2218 0h-etumcapiani.

999 2242 1138 2275 servent,
1165 2237 1242 2279 quid
1268 2236 1293 2268 is
1318 2237 1503 2279 pulchrum,
1529 2236 1607 2280 quid
1643 2237 1732 2270 inde-

1000 2287 1071 2321 cus'
1097 2288 1248 2329 effundat,
1284 2289 1425 2332 indeque
1452 2289 1512 2321 sibi
1539 2290 1732 2323 documenta

1000 2341 1094 2373 tacite
1121 2340 1298 2381 eii'orment,
1323 2342 1487 2384 quomodo
1513 2353 1545 2374 se
1570 2342 1601 2374 in
1635 2342 1730 2375 sinuli

999 2394 1168 2426 occasione
1201 2404 1313 2435 gerere
1351 2393 1458 2434 velint,
1494 2405 1573 2437 quae
1610 2405 1730 2434 cavere,

1000 2457 1082 2490 quae
1107 2446 1296 2480 observare:
1323 2447 1509 2490 loquentem
1534 2452 1639 2481 autem
1658 2457 1733 2491 pro-

1035 2563 1046 2588 1
1070 2561 1168 2590 Forsan
1185 2561 1319 2591 indecens
1338 2562 1376 2598 (n.
1393 2561 1442 2597 T.).
