<?xml version="1.0" encoding="UTF-8"?>
<!DOCTYPE html PUBLIC "-//W3C//DTD XHTML 1.0 Transitional//EN"
    "http://www.w3.org/TR/xhtml1/DTD/xhtml1-transitional.dtd">
<html xmlns="http://www.w3.org/1999/xhtml" xml:lang="en" lang="en">
 <head>
  <title>
</title>
<meta http-equiv="Content-Type" content="text/html;charset=utf-8" />
  <meta name='ocr-system' content='tesseract 3.04.00' />
  <meta name='ocr-capabilities' content='ocr_page ocr_carea ocr_par ocr_line ocrx_word'/>
</head>
<body>
  <div class='ocr_page' id='page_1' title='image "./bullarumdiplomat19cath_0935.png"; bbox 0 0 2111 3157; ppageno 0'>
   <div class='ocr_carea' id='block_1_1' title="bbox 25 236 211 267">
    <p class='ocr_par' dir='ltr' id='par_1_1' title="bbox 25 236 211 267">
     <span class='ocr_line' id='line_1_1' title="bbox 25 236 211 267; baseline -0.005 0"><span class='ocrx_word' id='word_1_1' title='bbox 25 239 79 267; x_wconf 78' lang='lat' dir='ltr'>An.</span> <span class='ocrx_word' id='word_1_2' title='bbox 93 236 122 266; x_wconf 85' lang='lat' dir='ltr'>C.</span> <span class='ocrx_word' id='word_1_3' title='bbox 144 237 211 266; x_wconf 75' lang='lat'><strong>1688</strong></span> 
     </span>
    </p>
   </div>
   <div class='ocr_carea' id='block_1_2' title="bbox 201 288 946 2649">
    <p class='ocr_par' dir='ltr' id='par_1_2' title="bbox 212 288 946 479">
     <span class='ocr_line' id='line_1_2' title="bbox 215 288 945 332; baseline 0.003 -13"><span class='ocrx_word' id='word_1_4' title='bbox 215 296 376 330; x_wconf 82' lang='lat' dir='ltr'>exponere</span> <span class='ocrx_word' id='word_1_5' title='bbox 410 292 592 329; x_wconf 84' lang='lat' dir='ltr'>teneantur,</span> <span class='ocrx_word' id='word_1_6' title='bbox 619 293 651 322; x_wconf 90' lang='lat' dir='ltr'>et</span> <span class='ocrx_word' id='word_1_7' title='bbox 675 289 701 322; x_wconf 88' lang='lat' dir='ltr'>si</span> <span class='ocrx_word' id='word_1_8' title='bbox 726 288 798 332; x_wconf 86' lang='lat' dir='ltr'>quis</span> <span class='ocrx_word' id='word_1_9' title='bbox 831 299 867 321; x_wconf 82' lang='lat' dir='ltr'>ex</span> <span class='ocrx_word' id='word_1_10' title='bbox 900 289 945 321; x_wconf 85' lang='lat' dir='ltr'>eis</span> 
     </span>
     <span class='ocr_line' id='line_1_3' title="bbox 214 339 946 374; baseline 0.003 -2"><span class='ocrx_word' id='word_1_11' title='bbox 214 339 333 373; x_wconf 85' lang='lat' dir='ltr'>cibaria</span> <span class='ocrx_word' id='word_1_12' title='bbox 366 347 420 374; x_wconf 92' lang='lat' dir='ltr'>aut</span> <span class='ocrx_word' id='word_1_13' title='bbox 453 342 515 374; x_wconf 89' lang='lat' dir='ltr'>alia</span> <span class='ocrx_word' id='word_1_14' title='bbox 545 341 657 374; x_wconf 89' lang='lat' dir='ltr'>illicita</span> <span class='ocrx_word' id='word_1_15' title='bbox 681 347 791 374; x_wconf 88' lang='lat' dir='ltr'>tenere</span> <span class='ocrx_word' id='word_1_16' title='bbox 824 341 865 374; x_wconf 89' lang='lat' dir='ltr'>sit</span> <span class='ocrx_word' id='word_1_17' title='bbox 895 352 946 374; x_wconf 87' lang='lat' dir='ltr'>as-</span> 
     </span>
     <span class='ocr_line' id='line_1_4' title="bbox 212 394 943 434; baseline 0.001 -10"><span class='ocrx_word' id='word_1_18' title='bbox 212 397 331 433; x_wconf 86' lang='lat' dir='ltr'>suetus,</span> <span class='ocrx_word' id='word_1_19' title='bbox 347 399 379 426; x_wconf 91' lang='lat' dir='ltr'>et</span> <span class='ocrx_word' id='word_1_20' title='bbox 397 394 535 427; x_wconf 90' lang='lat' dir='ltr'>monitus</span> <span class='ocrx_word' id='word_1_21' title='bbox 553 394 693 428; x_wconf 88' lang='lat' dir='ltr'>noluerit</span> <span class='ocrx_word' id='word_1_22' title='bbox 709 404 742 427; x_wconf 88' lang='lat' dir='ltr'>se</span> <span class='ocrx_word' id='word_1_23' title='bbox 760 394 943 434; x_wconf 86' lang='lat' dir='ltr'>emendare,</span> 
     </span>
     <span class='ocr_line' id='line_1_5' title="bbox 212 443 442 479; baseline 0.013 -3"><span class='ocrx_word' id='word_1_24' title='bbox 212 443 442 479; x_wconf 76' lang='lat' dir='ltr'>incarceretur.</span> 
     </span>
    </p>

    <p class='ocr_par' dir='ltr' id='par_1_3' title="bbox 208 497 943 909">
     <span class='ocr_line' id='line_1_6' title="bbox 255 497 943 542; baseline 0.001 -12"><span class='ocrx_word' id='word_1_25' title='bbox 255 507 325 531; x_wconf 81' lang='lat' dir='ltr'>vin.</span> <span class='ocrx_word' id='word_1_26' title='bbox 352 497 521 532; x_wconf 76' lang='lat' dir='ltr'>Rationem</span> <span class='ocrx_word' id='word_1_27' title='bbox 547 499 585 531; x_wconf 90' lang='lat' dir='ltr'>de</span> <span class='ocrx_word' id='word_1_28' title='bbox 611 499 770 539; x_wconf 89' lang='lat' dir='ltr'>omnibus,</span> <span class='ocrx_word' id='word_1_29' title='bbox 788 509 868 542; x_wconf 89' lang='lat' dir='ltr'>quae</span> <span class='ocrx_word' id='word_1_30' title='bbox 893 509 943 531; x_wconf 89' lang='lat' dir='ltr'>re-</span> 
     </span>
     <span class='ocr_line' id='line_1_7' title="bbox 211 549 941 594; baseline 0.003 -14"><span class='ocrx_word' id='word_1_31' title='bbox 211 549 334 593; x_wconf 73' lang='lat' dir='ltr'>cipiunt</span> <span class='ocrx_word' id='word_1_32' title='bbox 366 555 397 583; x_wconf 89' lang='lat' dir='ltr'>et</span> <span class='ocrx_word' id='word_1_33' title='bbox 427 551 636 594; x_wconf 82' lang='lat' dir='ltr'>expendunt,</span> <span class='ocrx_word' id='word_1_34' title='bbox 668 551 805 584; x_wconf 90' lang='lat' dir='ltr'>reddant</span> <span class='ocrx_word' id='word_1_35' title='bbox 828 551 941 583; x_wconf 81' lang='lat' dir='ltr'>fratres</span> 
     </span>
     <span class='ocr_line' id='line_1_8' title="bbox 211 602 941 647; baseline 0.001 -13"><span class='ocrx_word' id='word_1_36' title='bbox 211 602 446 636; x_wconf 80' lang='lat' dir='ltr'>obedientiales</span> <span class='ocrx_word' id='word_1_37' title='bbox 485 604 706 647; x_wconf 78' lang='lat' dir='ltr'>procuratori,</span> <span class='ocrx_word' id='word_1_38' title='bbox 746 603 873 647; x_wconf 91' lang='lat' dir='ltr'>quoties</span> <span class='ocrx_word' id='word_1_39' title='bbox 912 603 941 635; x_wconf 90' lang='lat' dir='ltr'>ei</span> 
     </span>
     <span class='ocr_line' id='line_1_9' title="bbox 210 655 941 699; baseline 0 -12"><span class='ocrx_word' id='word_1_40' title='bbox 210 655 382 698; x_wconf 79' lang='lat' dir='ltr'>placuerit:</span> <span class='ocrx_word' id='word_1_41' title='bbox 408 666 466 689; x_wconf 88' lang='lat' dir='ltr'>nec</span> <span class='ocrx_word' id='word_1_42' title='bbox 491 656 623 690; x_wconf 86' lang='lat' dir='ltr'>alteram</span> <span class='ocrx_word' id='word_1_43' title='bbox 658 656 826 699; x_wconf 87' lang='lat' dir='ltr'>pecuniam</span> <span class='ocrx_word' id='word_1_44' title='bbox 861 655 941 688; x_wconf 82' lang='lat' dir='ltr'>acci-</span> 
     </span>
     <span class='ocr_line' id='line_1_10' title="bbox 209 707 941 752; baseline 0.001 -13"><span class='ocrx_word' id='word_1_45' title='bbox 209 707 309 750; x_wconf 84' lang='lat' dir='ltr'>piant,</span> <span class='ocrx_word' id='word_1_46' title='bbox 336 708 438 742; x_wconf 90' lang='lat' dir='ltr'>donec</span> <span class='ocrx_word' id='word_1_47' title='bbox 464 709 502 742; x_wconf 89' lang='lat' dir='ltr'>de</span> <span class='ocrx_word' id='word_1_48' title='bbox 527 711 658 752; x_wconf 76' lang='lat' dir='ltr'>accepta</span> <span class='ocrx_word' id='word_1_49' title='bbox 680 709 826 752; x_wconf 82' lang='lat' dir='ltr'>plenarie</span> <span class='ocrx_word' id='word_1_50' title='bbox 851 708 941 740; x_wconf 83' lang='lat' dir='ltr'>ratio-</span> 
     </span>
     <span class='ocr_line' id='line_1_11' title="bbox 209 760 939 804; baseline 0 -12"><span class='ocrx_word' id='word_1_51' title='bbox 209 769 283 792; x_wconf 91' lang='lat' dir='ltr'>nem</span> <span class='ocrx_word' id='word_1_52' title='bbox 308 761 524 793; x_wconf 89' lang='lat' dir='ltr'>reddiderint:</span> <span class='ocrx_word' id='word_1_53' title='bbox 557 761 589 793; x_wconf 91' lang='lat' dir='ltr'>in</span> <span class='ocrx_word' id='word_1_54' title='bbox 615 771 677 804; x_wconf 87' lang='lat' dir='ltr'>qua</span> <span class='ocrx_word' id='word_1_55' title='bbox 704 760 889 800; x_wconf 78' lang='lat' dir='ltr'>reddenda,</span> <span class='ocrx_word' id='word_1_56' title='bbox 915 761 939 792; x_wconf 83' lang='lat' dir='ltr'>si</span> 
     </span>
     <span class='ocr_line' id='line_1_12' title="bbox 209 812 939 856; baseline -0.003 -10"><span class='ocrx_word' id='word_1_57' title='bbox 209 812 248 845; x_wconf 85' lang='lat' dir='ltr'>de</span> <span class='ocrx_word' id='word_1_58' title='bbox 271 813 440 846; x_wconf 84' lang='lat' dir='ltr'>mendacio</span> <span class='ocrx_word' id='word_1_59' title='bbox 465 813 601 846; x_wconf 84' lang='lat' dir='ltr'>convicti</span> <span class='ocrx_word' id='word_1_60' title='bbox 627 813 754 853; x_wconf 85' lang='lat' dir='ltr'>suerint,</span> <span class='ocrx_word' id='word_1_61' title='bbox 777 818 939 856; x_wconf 85' lang='lat' dir='ltr'>tamquam</span> 
     </span>
     <span class='ocr_line' id='line_1_13' title="bbox 208 865 713 909; baseline 0.002 -12"><span class='ocrx_word' id='word_1_62' title='bbox 208 865 247 897; x_wconf 88' lang='lat' dir='ltr'>de</span> <span class='ocrx_word' id='word_1_63' title='bbox 263 866 400 909; x_wconf 91' lang='lat' dir='ltr'>proprio</span> <span class='ocrx_word' id='word_1_64' title='bbox 417 867 547 909; x_wconf 86' lang='lat' dir='ltr'>possint</span> <span class='ocrx_word' id='word_1_65' title='bbox 565 866 713 898; x_wconf 88' lang='lat' dir='ltr'>iudicari.</span> 
     </span>
    </p>

    <p class='ocr_par' dir='ltr' id='par_1_4' title="bbox 202 917 939 1424">
     <span class='ocr_line' id='line_1_14' title="bbox 251 917 939 962; baseline 0 -12"><span class='ocrx_word' id='word_1_66' title='bbox 251 928 292 951; x_wconf 80' lang='lat' dir='ltr'>tx.</span> <span class='ocrx_word' id='word_1_67' title='bbox 319 917 387 951; x_wconf 93' lang='lat' dir='ltr'>Non</span> <span class='ocrx_word' id='word_1_68' title='bbox 411 919 574 962; x_wconf 82' lang='lat' dir='ltr'>accipiant</span> <span class='ocrx_word' id='word_1_69' title='bbox 589 919 628 951; x_wconf 91' lang='lat' dir='ltr'>ab</span> <span class='ocrx_word' id='word_1_70' title='bbox 648 918 767 961; x_wconf 87' lang='lat' dir='ltr'>aliquo,</span> <span class='ocrx_word' id='word_1_71' title='bbox 785 929 846 951; x_wconf 87' lang='lat' dir='ltr'>nec</span> <span class='ocrx_word' id='word_1_72' title='bbox 863 918 939 951; x_wconf 81' lang='lat' dir='ltr'>dent</span> 
     </span>
     <span class='ocr_line' id='line_1_15' title="bbox 205 970 939 1014; baseline -0.001 -11"><span class='ocrx_word' id='word_1_73' title='bbox 205 970 300 1004; x_wconf 88' lang='lat' dir='ltr'>alicui</span> <span class='ocrx_word' id='word_1_74' title='bbox 324 971 497 1014; x_wconf 86' lang='lat' dir='ltr'>pecuniam</span> <span class='ocrx_word' id='word_1_75' title='bbox 522 977 643 1012; x_wconf 85' lang='lat' dir='ltr'>mutuo,</span> <span class='ocrx_word' id='word_1_76' title='bbox 665 971 785 1014; x_wconf 84' lang='lat' dir='ltr'>alioqui</span> <span class='ocrx_word' id='word_1_77' title='bbox 809 976 939 1006; x_wconf 79' lang='lat' dir='ltr'>teneant</span> 
     </span>
     <span class='ocr_line' id='line_1_16' title="bbox 205 1024 938 1068; baseline 0.001 -12"><span class='ocrx_word' id='word_1_78' title='bbox 205 1024 320 1057; x_wconf 84' lang='lat' dir='ltr'>cellam</span> <span class='ocrx_word' id='word_1_79' title='bbox 344 1035 402 1068; x_wconf 89' lang='lat' dir='ltr'>pro</span> <span class='ocrx_word' id='word_1_80' title='bbox 419 1035 558 1066; x_wconf 88' lang='lat' dir='ltr'>carcere,</span> <span class='ocrx_word' id='word_1_81' title='bbox 580 1025 714 1058; x_wconf 86' lang='lat' dir='ltr'>arbitrio</span> <span class='ocrx_word' id='word_1_82' title='bbox 739 1024 866 1068; x_wconf 80' lang='lat' dir='ltr'>prioris,</span> <span class='ocrx_word' id='word_1_83' title='bbox 885 1024 938 1057; x_wconf 92' lang='lat' dir='ltr'>do-</span> 
     </span>
     <span class='ocr_line' id='line_1_17' title="bbox 205 1076 938 1121; baseline 0.001 -13"><span class='ocrx_word' id='word_1_84' title='bbox 205 1086 265 1109; x_wconf 87' lang='lat' dir='ltr'>nec</span> <span class='ocrx_word' id='word_1_85' title='bbox 289 1077 460 1120; x_wconf 87' lang='lat' dir='ltr'>pecuniam</span> <span class='ocrx_word' id='word_1_86' title='bbox 481 1077 521 1119; x_wconf 87' lang='lat' dir='ltr'>ei,</span> <span class='ocrx_word' id='word_1_87' title='bbox 538 1088 555 1110; x_wconf 89' lang='lat' dir='ltr'>a</span> <span class='ocrx_word' id='word_1_88' title='bbox 572 1087 636 1121; x_wconf 91' lang='lat' dir='ltr'>quo</span> <span class='ocrx_word' id='word_1_89' title='bbox 653 1076 848 1120; x_wconf 85' lang='lat' dir='ltr'>receperint,</span> <span class='ocrx_word' id='word_1_90' title='bbox 869 1076 938 1109; x_wconf 92' lang='lat' dir='ltr'>red-</span> 
     </span>
     <span class='ocr_line' id='line_1_18' title="bbox 205 1128 937 1174; baseline 0 -13"><span class='ocrx_word' id='word_1_91' title='bbox 205 1128 303 1170; x_wconf 84' lang='lat' dir='ltr'>dant,</span> <span class='ocrx_word' id='word_1_92' title='bbox 328 1130 376 1163; x_wconf 91' lang='lat' dir='ltr'>vel</span> <span class='ocrx_word' id='word_1_93' title='bbox 412 1130 452 1163; x_wconf 86' lang='lat' dir='ltr'>ab</span> <span class='ocrx_word' id='word_1_94' title='bbox 489 1141 527 1164; x_wconf 91' lang='lat' dir='ltr'>eo</span> <span class='ocrx_word' id='word_1_95' title='bbox 563 1131 722 1174; x_wconf 88' lang='lat' dir='ltr'>recipiant</span> <span class='ocrx_word' id='word_1_96' title='bbox 757 1129 807 1161; x_wconf 84' lang='lat' dir='ltr'>cui</span> <span class='ocrx_word' id='word_1_97' title='bbox 841 1129 937 1162; x_wconf 91' lang='lat' dir='ltr'>tradi-</span> 
     </span>
     <span class='ocr_line' id='line_1_19' title="bbox 205 1181 936 1226; baseline 0 -12"><span class='ocrx_word' id='word_1_98' title='bbox 205 1181 334 1223; x_wconf 86' lang='lat' dir='ltr'>derant,</span> <span class='ocrx_word' id='word_1_99' title='bbox 361 1183 423 1216; x_wconf 81' lang='lat' dir='ltr'>nisi</span> <span class='ocrx_word' id='word_1_100' title='bbox 456 1194 515 1226; x_wconf 91' lang='lat' dir='ltr'>pro</span> <span class='ocrx_word' id='word_1_101' title='bbox 548 1183 716 1217; x_wconf 77' lang='lat' dir='ltr'>manifesta</span> <span class='ocrx_word' id='word_1_102' title='bbox 745 1182 936 1215; x_wconf 78' lang='lat' dir='ltr'>necessitate</span> 
     </span>
     <span class='ocr_line' id='line_1_20' title="bbox 202 1235 935 1280; baseline 0 -13"><span class='ocrx_word' id='word_1_103' title='bbox 202 1235 252 1268; x_wconf 88' lang='lat' dir='ltr'>vel</span> <span class='ocrx_word' id='word_1_104' title='bbox 282 1235 419 1268; x_wconf 89' lang='lat' dir='ltr'>utilitate</span> <span class='ocrx_word' id='word_1_105' title='bbox 454 1236 558 1280; x_wconf 91' lang='lat' dir='ltr'>priori</span> <span class='ocrx_word' id='word_1_106' title='bbox 591 1236 641 1268; x_wconf 85' lang='lat' dir='ltr'>vel</span> <span class='ocrx_word' id='word_1_107' title='bbox 676 1235 877 1278; x_wconf 85' lang='lat' dir='ltr'>procuratori</span> <span class='ocrx_word' id='word_1_108' title='bbox 903 1245 935 1267; x_wconf 91' lang='lat' dir='ltr'>se</span> 
     </span>
     <span class='ocr_line' id='line_1_21' title="bbox 202 1286 935 1331; baseline 0 -12"><span class='ocrx_word' id='word_1_109' title='bbox 202 1286 235 1320; x_wconf 93' lang='lat' dir='ltr'>id</span> <span class='ocrx_word' id='word_1_110' title='bbox 261 1287 366 1330; x_wconf 83' lang='lat' dir='ltr'>egisse</span> <span class='ocrx_word' id='word_1_111' title='bbox 387 1289 648 1322; x_wconf 85' lang='lat' dir='ltr'>monstraverint.</span> <span class='ocrx_word' id='word_1_112' title='bbox 676 1287 786 1321; x_wconf 88' lang='lat' dir='ltr'>Eidem</span> <span class='ocrx_word' id='word_1_113' title='bbox 810 1298 935 1331; x_wconf 87' lang='lat' dir='ltr'>poenae</span> 
     </span>
     <span class='ocr_line' id='line_1_22' title="bbox 203 1337 936 1382; baseline 0.003 -13"><span class='ocrx_word' id='word_1_114' title='bbox 203 1337 369 1371; x_wconf 85' lang='lat' dir='ltr'>subiaceat</span> <span class='ocrx_word' id='word_1_115' title='bbox 383 1338 579 1382; x_wconf 85' lang='lat' dir='ltr'>quicumque</span> <span class='ocrx_word' id='word_1_116' title='bbox 597 1339 700 1371; x_wconf 90' lang='lat' dir='ltr'>claves</span> <span class='ocrx_word' id='word_1_117' title='bbox 719 1338 936 1371; x_wconf 84' lang='lat' dir='ltr'>clandestinas</span> 
     </span>
     <span class='ocr_line' id='line_1_23' title="bbox 202 1390 364 1424; baseline 0 -1"><span class='ocrx_word' id='word_1_118' title='bbox 202 1390 364 1424; x_wconf 87' lang='lat' dir='ltr'>habuerit.</span> 
     </span>
    </p>

    <p class='ocr_par' dir='ltr' id='par_1_5' title="bbox 201 1444 936 1805">
     <span class='ocr_line' id='line_1_24' title="bbox 245 1444 936 1488; baseline 0.001 -11"><span class='ocrx_word' id='word_1_119' title='bbox 245 1455 275 1477; x_wconf 85' lang='lat' dir='ltr'>x.</span> <span class='ocrx_word' id='word_1_120' title='bbox 288 1444 439 1488; x_wconf 88' lang='lat' dir='ltr'>Deposita</span> <span class='ocrx_word' id='word_1_121' title='bbox 453 1445 558 1478; x_wconf 83' lang='lat' dir='ltr'>aliena</span> <span class='ocrx_word' id='word_1_122' title='bbox 571 1454 745 1488; x_wconf 87' lang='lat' dir='ltr'>nunquam,</span> <span class='ocrx_word' id='word_1_123' title='bbox 758 1445 853 1477; x_wconf 87' lang='lat' dir='ltr'>etiam</span> <span class='ocrx_word' id='word_1_124' title='bbox 868 1455 936 1488; x_wconf 88' lang='lat' dir='ltr'>pro-</span> 
     </span>
     <span class='ocr_line' id='line_1_25' title="bbox 202 1498 935 1542; baseline 0 -12"><span class='ocrx_word' id='word_1_125' title='bbox 202 1502 347 1531; x_wconf 89' lang='lat' dir='ltr'>curatore</span> <span class='ocrx_word' id='word_1_126' title='bbox 373 1498 605 1542; x_wconf 88' lang='lat' dir='ltr'>praecipiente,</span> <span class='ocrx_word' id='word_1_127' title='bbox 629 1498 828 1538; x_wconf 89' lang='lat' dir='ltr'>custodiant·‚</span> <span class='ocrx_word' id='word_1_128' title='bbox 855 1508 935 1541; x_wconf 88' lang='lat' dir='ltr'>quae</span> 
     </span>
     <span class='ocr_line' id='line_1_26' title="bbox 201 1550 936 1594; baseline 0 -12"><span class='ocrx_word' id='word_1_129' title='bbox 201 1550 228 1582; x_wconf 85' lang='lat' dir='ltr'>si</span> <span class='ocrx_word' id='word_1_130' title='bbox 246 1550 330 1583; x_wconf 80' lang='lat' dir='ltr'>foras</span> <span class='ocrx_word' id='word_1_131' title='bbox 350 1551 543 1594; x_wconf 85' lang='lat' dir='ltr'>receperint,</span> <span class='ocrx_word' id='word_1_132' title='bbox 564 1551 682 1584; x_wconf 89' lang='lat' dir='ltr'>reversi</span> <span class='ocrx_word' id='word_1_133' title='bbox 700 1561 771 1583; x_wconf 80' lang='lat' dir='ltr'>mox</span> <span class='ocrx_word' id='word_1_134' title='bbox 793 1551 847 1583; x_wconf 82' lang='lat' dir='ltr'>illa</span> <span class='ocrx_word' id='word_1_135' title='bbox 865 1561 936 1594; x_wconf 89' lang='lat' dir='ltr'>pro-</span> 
     </span>
     <span class='ocr_line' id='line_1_27' title="bbox 202 1602 936 1646; baseline 0 -11"><span class='ocrx_word' id='word_1_136' title='bbox 202 1603 342 1637; x_wconf 87' lang='lat' dir='ltr'>curatori</span> <span class='ocrx_word' id='word_1_137' title='bbox 365 1603 515 1636; x_wconf 89' lang='lat' dir='ltr'>reddant.</span> <span class='ocrx_word' id='word_1_138' title='bbox 541 1602 631 1641; x_wconf 85' lang='lat' dir='ltr'>Quod</span> <span class='ocrx_word' id='word_1_139' title='bbox 657 1604 683 1636; x_wconf 88' lang='lat' dir='ltr'>si</span> <span class='ocrx_word' id='word_1_140' title='bbox 709 1604 781 1646; x_wconf 80' lang='lat' dir='ltr'>quis</span> <span class='ocrx_word' id='word_1_141' title='bbox 806 1604 936 1646; x_wconf 86' lang='lat' dir='ltr'>deposi-</span> 
     </span>
     <span class='ocr_line' id='line_1_28' title="bbox 202 1656 936 1699; baseline 0.001 -12"><span class='ocrx_word' id='word_1_142' title='bbox 202 1660 270 1688; x_wconf 91' lang='lat' dir='ltr'>tum</span> <span class='ocrx_word' id='word_1_143' title='bbox 296 1656 430 1699; x_wconf 85' lang='lat' dir='ltr'>aliquod</span> <span class='ocrx_word' id='word_1_144' title='bbox 454 1665 554 1699; x_wconf 90' lang='lat' dir='ltr'>penes</span> <span class='ocrx_word' id='word_1_145' title='bbox 579 1666 612 1688; x_wconf 88' lang='lat' dir='ltr'>se</span> <span class='ocrx_word' id='word_1_146' title='bbox 638 1656 758 1688; x_wconf 88' lang='lat' dir='ltr'>habere</span> <span class='ocrx_word' id='word_1_147' title='bbox 792 1656 861 1688; x_wconf 87' lang='lat' dir='ltr'>sine</span> <span class='ocrx_word' id='word_1_148' title='bbox 898 1656 936 1688; x_wconf 91' lang='lat' dir='ltr'>li-</span> 
     </span>
     <span class='ocr_line' id='line_1_29' title="bbox 202 1708 936 1752; baseline 0.003 -12"><span class='ocrx_word' id='word_1_149' title='bbox 202 1708 308 1741; x_wconf 70' lang='lat' dir='ltr'>centia</span> <span class='ocrx_word' id='word_1_150' title='bbox 332 1708 448 1751; x_wconf 89' lang='lat' dir='ltr'>prioris</span> <span class='ocrx_word' id='word_1_151' title='bbox 473 1709 698 1752; x_wconf 85' lang='lat' dir='ltr'>deprehensus</span> <span class='ocrx_word' id='word_1_152' title='bbox 723 1709 830 1749; x_wconf 86' lang='lat' dir='ltr'>suerit,</span> <span class='ocrx_word' id='word_1_153' title='bbox 858 1714 936 1742; x_wconf 90' lang='lat' dir='ltr'>tam-</span> 
     </span>
     <span class='ocr_line' id='line_1_30' title="bbox 203 1762 700 1805; baseline 0.004 -12"><span class='ocrx_word' id='word_1_154' title='bbox 203 1772 299 1805; x_wconf 88' lang='lat' dir='ltr'>quam</span> <span class='ocrx_word' id='word_1_155' title='bbox 318 1762 356 1794; x_wconf 89' lang='lat' dir='ltr'>de</span> <span class='ocrx_word' id='word_1_156' title='bbox 374 1762 505 1805; x_wconf 89' lang='lat' dir='ltr'>proprio</span> <span class='ocrx_word' id='word_1_157' title='bbox 526 1762 700 1795; x_wconf 89' lang='lat' dir='ltr'>iudicetur.</span> 
     </span>
    </p>

    <p class='ocr_par' dir='ltr' id='par_1_6' title="bbox 203 1814 936 2174">
     <span class='ocr_line' id='line_1_31' title="bbox 245 1814 936 1858; baseline 0 -11"><span class='ocrx_word' id='word_1_158' title='bbox 245 1825 290 1848; x_wconf 82' lang='lat' dir='ltr'>xi.</span> <span class='ocrx_word' id='word_1_159' title='bbox 316 1814 348 1847; x_wconf 89' lang='lat' dir='ltr'>Si</span> <span class='ocrx_word' id='word_1_160' title='bbox 373 1815 445 1858; x_wconf 91' lang='lat' dir='ltr'>quis</span> <span class='ocrx_word' id='word_1_161' title='bbox 469 1815 593 1858; x_wconf 87' lang='lat' dir='ltr'>aliquid</span> <span class='ocrx_word' id='word_1_162' title='bbox 618 1815 657 1848; x_wconf 87' lang='lat' dir='ltr'>de</span> <span class='ocrx_word' id='word_1_163' title='bbox 682 1816 780 1848; x_wconf 86' lang='lat' dir='ltr'>rebus</span> <span class='ocrx_word' id='word_1_164' title='bbox 803 1815 863 1847; x_wconf 86' lang='lat' dir='ltr'>sibi</span> <span class='ocrx_word' id='word_1_165' title='bbox 890 1816 936 1848; x_wconf 86' lang='lat' dir='ltr'>in-</span> 
     </span>
     <span class='ocr_line' id='line_1_32' title="bbox 203 1867 936 1910; baseline -0.001 -9"><span class='ocrx_word' id='word_1_166' title='bbox 203 1868 330 1902; x_wconf 91' lang='lat' dir='ltr'>iunctae</span> <span class='ocrx_word' id='word_1_167' title='bbox 354 1867 560 1901; x_wconf 90' lang='lat' dir='ltr'>obedientiae</span> <span class='ocrx_word' id='word_1_168' title='bbox 586 1868 804 1910; x_wconf 81' lang='lat' dir='ltr'>interrogatus</span> <span class='ocrx_word' id='word_1_169' title='bbox 830 1869 936 1901; x_wconf 85' lang='lat' dir='ltr'>occul-</span> 
     </span>
     <span class='ocr_line' id='line_1_33' title="bbox 203 1920 936 1961; baseline 0.003 -9"><span class='ocrx_word' id='word_1_170' title='bbox 203 1920 337 1961; x_wconf 89' lang='lat' dir='ltr'>taverit,</span> <span class='ocrx_word' id='word_1_171' title='bbox 364 1920 547 1960; x_wconf 86' lang='lat' dir='ltr'>convictus,</span> <span class='ocrx_word' id='word_1_172' title='bbox 575 1926 611 1953; x_wconf 85' lang='lat' dir='ltr'>ut</span> <span class='ocrx_word' id='word_1_173' title='bbox 635 1921 674 1954; x_wconf 89' lang='lat' dir='ltr'>de</span> <span class='ocrx_word' id='word_1_174' title='bbox 707 1921 791 1954; x_wconf 82' lang='lat' dir='ltr'>furto</span> <span class='ocrx_word' id='word_1_175' title='bbox 816 1921 936 1954; x_wconf 88' lang='lat' dir='ltr'>iudice-</span> 
     </span>
     <span class='ocr_line' id='line_1_34' title="bbox 204 1973 935 2016; baseline 0 -10"><span class='ocrx_word' id='word_1_176' title='bbox 204 1979 275 2014; x_wconf 71' lang='lat' dir='ltr'>tur,</span> <span class='ocrx_word' id='word_1_177' title='bbox 302 1973 353 2005; x_wconf 90' lang='lat' dir='ltr'>cui</span> <span class='ocrx_word' id='word_1_178' title='bbox 379 1984 504 2016; x_wconf 89' lang='lat' dir='ltr'>poenae</span> <span class='ocrx_word' id='word_1_179' title='bbox 529 1973 692 2006; x_wconf 87' lang='lat' dir='ltr'>subiaceat</span> <span class='ocrx_word' id='word_1_180' title='bbox 723 1979 755 2006; x_wconf 83' lang='lat' dir='ltr'>et</span> <span class='ocrx_word' id='word_1_181' title='bbox 778 1974 854 2013; x_wconf 87' lang='lat' dir='ltr'>ille,</span> <span class='ocrx_word' id='word_1_182' title='bbox 881 1974 935 2016; x_wconf 89' lang='lat' dir='ltr'>qui</span> 
     </span>
     <span class='ocr_line' id='line_1_35' title="bbox 204 2025 935 2068; baseline 0 -10"><span class='ocrx_word' id='word_1_183' title='bbox 204 2025 243 2058; x_wconf 89' lang='lat' dir='ltr'>de</span> <span class='ocrx_word' id='word_1_184' title='bbox 270 2025 367 2058; x_wconf 84' lang='lat' dir='ltr'>rebus</span> <span class='ocrx_word' id='word_1_185' title='bbox 394 2026 433 2058; x_wconf 88' lang='lat' dir='ltr'>ad</span> <span class='ocrx_word' id='word_1_186' title='bbox 455 2025 674 2058; x_wconf 86' lang='lat' dir='ltr'>obedientiam</span> <span class='ocrx_word' id='word_1_187' title='bbox 703 2036 797 2068; x_wconf 86' lang='lat' dir='ltr'>quam</span> <span class='ocrx_word' id='word_1_188' title='bbox 815 2026 935 2058; x_wconf 88' lang='lat' dir='ltr'>dimisit</span> 
     </span>
     <span class='ocr_line' id='line_1_36' title="bbox 203 2077 934 2121; baseline 0.001 -11"><span class='ocrx_word' id='word_1_189' title='bbox 203 2077 443 2121; x_wconf 86' lang='lat' dir='ltr'>pertinentibus</span> <span class='ocrx_word' id='word_1_190' title='bbox 474 2077 596 2121; x_wconf 88' lang='lat' dir='ltr'>aliquid</span> <span class='ocrx_word' id='word_1_191' title='bbox 632 2078 727 2111; x_wconf 79' lang='lat' dir='ltr'>luerit</span> <span class='ocrx_word' id='word_1_192' title='bbox 761 2079 934 2111; x_wconf 78' lang='lat' dir='ltr'>retinuisse</span> 
     </span>
     <span class='ocr_line' id='line_1_37' title="bbox 204 2136 402 2174; baseline 0.005 -12"><span class='ocrx_word' id='word_1_193' title='bbox 204 2136 402 2174; x_wconf 87' lang='lat' dir='ltr'>compertus.</span> 
     </span>
    </p>

    <p class='ocr_par' dir='ltr' id='par_1_7' title="bbox 204 2183 940 2531">
     <span class='ocr_line' id='line_1_38' title="bbox 247 2183 937 2217; baseline 0 0"><span class='ocrx_word' id='word_1_194' title='bbox 247 2193 301 2217; x_wconf 86' lang='lat' dir='ltr'>xu.</span> <span class='ocrx_word' id='word_1_195' title='bbox 326 2183 479 2216; x_wconf 82' lang='lat' dir='ltr'>Conversi</span> <span class='ocrx_word' id='word_1_196' title='bbox 503 2183 573 2217; x_wconf 90' lang='lat' dir='ltr'>sine</span> <span class='ocrx_word' id='word_1_197' title='bbox 598 2184 730 2217; x_wconf 71' lang='lat' dir='ltr'>licentia</span> <span class='ocrx_word' id='word_1_198' title='bbox 755 2184 835 2217; x_wconf 84' lang='lat' dir='ltr'>nihil</span> <span class='ocrx_word' id='word_1_199' title='bbox 854 2186 937 2217; x_wconf 85' lang='lat' dir='ltr'>acci-</span> 
     </span>
     <span class='ocr_line' id='line_1_39' title="bbox 204 2236 938 2280; baseline 0.003 -12"><span class='ocrx_word' id='word_1_200' title='bbox 204 2236 314 2279; x_wconf 87' lang='lat' dir='ltr'>piant,</span> <span class='ocrx_word' id='word_1_201' title='bbox 338 2236 474 2276; x_wconf 90' lang='lat' dir='ltr'>donent‚</span> <span class='ocrx_word' id='word_1_202' title='bbox 500 2237 728 2277; x_wconf 82' lang='lat' dir='ltr'>aecomodent,</span> <span class='ocrx_word' id='word_1_203' title='bbox 753 2243 938 2280; x_wconf 87' lang='lat' dir='ltr'>permutent</span> 
     </span>
     <span class='ocr_line' id='line_1_40' title="bbox 204 2288 937 2333; baseline 0.004 -13"><span class='ocrx_word' id='word_1_204' title='bbox 204 2288 254 2322; x_wconf 85' lang='lat' dir='ltr'>vel</span> <span class='ocrx_word' id='word_1_205' title='bbox 279 2289 584 2332; x_wconf 80' lang='lat' dir='ltr'>quomodocumque</span> <span class='ocrx_word' id='word_1_206' title='bbox 610 2289 774 2329; x_wconf 87' lang='lat' dir='ltr'>alienent,</span> <span class='ocrx_word' id='word_1_207' title='bbox 809 2295 842 2323; x_wconf 89' lang='lat' dir='ltr'>et</span> <span class='ocrx_word' id='word_1_208' title='bbox 879 2301 937 2333; x_wconf 88' lang='lat' dir='ltr'>pro</span> 
     </span>
     <span class='ocr_line' id='line_1_41' title="bbox 206 2341 937 2385; baseline 0.001 -11"><span class='ocrx_word' id='word_1_209' title='bbox 206 2341 322 2374; x_wconf 86' lang='lat' dir='ltr'>alienis</span> <span class='ocrx_word' id='word_1_210' title='bbox 347 2351 509 2384; x_wconf 87' lang='lat' dir='ltr'>nunquam</span> <span class='ocrx_word' id='word_1_211' title='bbox 526 2342 718 2385; x_wconf 75' lang='lat' dir='ltr'>spondeant.</span> <span class='ocrx_word' id='word_1_212' title='bbox 741 2342 937 2376; x_wconf 86' lang='lat' dir='ltr'>Donationes</span> 
     </span>
     <span class='ocr_line' id='line_1_42' title="bbox 206 2394 939 2437; baseline 0.003 -11"><span class='ocrx_word' id='word_1_213' title='bbox 206 2394 302 2426; x_wconf 86' lang='lat' dir='ltr'>etiam</span> <span class='ocrx_word' id='word_1_214' title='bbox 327 2394 496 2427; x_wconf 86' lang='lat' dir='ltr'>simulatae</span> <span class='ocrx_word' id='word_1_215' title='bbox 532 2395 591 2427; x_wconf 90' lang='lat' dir='ltr'>sub</span> <span class='ocrx_word' id='word_1_216' title='bbox 626 2395 734 2437; x_wconf 87' lang='lat' dir='ltr'>specie</span> <span class='ocrx_word' id='word_1_217' title='bbox 765 2396 939 2428; x_wconf 86' lang='lat' dir='ltr'>mutuatio-</span> 
     </span>
     <span class='ocr_line' id='line_1_43' title="bbox 206 2446 940 2486; baseline 0.004 -8"><span class='ocrx_word' id='word_1_218' title='bbox 206 2446 276 2486; x_wconf 83' lang='lat' dir='ltr'>nis,</span> <span class='ocrx_word' id='word_1_219' title='bbox 302 2446 340 2479; x_wconf 88' lang='lat' dir='ltr'>ab</span> <span class='ocrx_word' id='word_1_220' title='bbox 371 2446 424 2480; x_wconf 85' lang='lat' dir='ltr'>his</span> <span class='ocrx_word' id='word_1_221' title='bbox 459 2447 509 2480; x_wconf 92' lang='lat' dir='ltr'>vel</span> <span class='ocrx_word' id='word_1_222' title='bbox 543 2447 628 2479; x_wconf 84' lang='lat' dir='ltr'>inter</span> <span class='ocrx_word' id='word_1_223' title='bbox 662 2457 718 2480; x_wconf 90' lang='lat' dir='ltr'>eos</span> <span class='ocrx_word' id='word_1_224' title='bbox 753 2449 940 2481; x_wconf 84' lang='lat' dir='ltr'>nullatenus</span> 
     </span>
     <span class='ocr_line' id='line_1_44' title="bbox 207 2497 296 2531; baseline 0.011 -1"><span class='ocrx_word' id='word_1_225' title='bbox 207 2497 296 2531; x_wconf 83' lang='lat' dir='ltr'>fiant.</span> 
     </span>
    </p>

    <p class='ocr_par' dir='ltr' id='par_1_8' title="bbox 208 2551 941 2649">
     <span class='ocr_line' id='line_1_45' title="bbox 251 2551 940 2592; baseline 0.001 -8"><span class='ocrx_word' id='word_1_226' title='bbox 251 2561 320 2585; x_wconf 84' lang='lat' dir='ltr'>xm.</span> <span class='ocrx_word' id='word_1_227' title='bbox 347 2551 483 2585; x_wconf 86' lang='lat' dir='ltr'>Litteras</span> <span class='ocrx_word' id='word_1_228' title='bbox 505 2560 565 2585; x_wconf 90' lang='lat' dir='ltr'>nec</span> <span class='ocrx_word' id='word_1_229' title='bbox 591 2551 738 2592; x_wconf 90' lang='lat' dir='ltr'>mittant,</span> <span class='ocrx_word' id='word_1_230' title='bbox 774 2562 836 2586; x_wconf 89' lang='lat' dir='ltr'>nec</span> <span class='ocrx_word' id='word_1_231' title='bbox 859 2554 940 2586; x_wconf 88' lang='lat' dir='ltr'>reci-</span> 
     </span>
     <span class='ocr_line' id='line_1_46' title="bbox 208 2604 941 2649; baseline 0.004 -13"><span class='ocrx_word' id='word_1_232' title='bbox 208 2604 313 2649; x_wconf 86' lang='lat' dir='ltr'>piant,</span> <span class='ocrx_word' id='word_1_233' title='bbox 339 2604 399 2637; x_wconf 90' lang='lat' dir='ltr'>nisi</span> <span class='ocrx_word' id='word_1_234' title='bbox 424 2604 515 2649; x_wconf 86' lang='lat' dir='ltr'>prius</span> <span class='ocrx_word' id='word_1_235' title='bbox 539 2614 556 2637; x_wconf 90' lang='lat' dir='ltr'>a</span> <span class='ocrx_word' id='word_1_236' title='bbox 580 2605 689 2648; x_wconf 90' lang='lat' dir='ltr'>priore</span> <span class='ocrx_word' id='word_1_237' title='bbox 714 2606 762 2638; x_wconf 79' lang='lat' dir='ltr'>vel</span> <span class='ocrx_word' id='word_1_238' title='bbox 786 2615 941 2649; x_wconf 84' lang='lat' dir='ltr'>procura-</span> 
     </span>
    </p>
   </div>
   <div class='ocr_carea' id='block_1_3' title="bbox 798 239 1135 265">
    <p class='ocr_par' dir='ltr' id='par_1_9' title="bbox 798 239 1135 265">
     <span class='ocr_line' id='line_1_47' title="bbox 798 239 1135 265; baseline -0.006 0"><span class='ocrx_word' id='word_1_239' title='bbox 798 240 872 265; x_wconf 85' lang='lat' dir='ltr'>INNO</span> <span class='ocrx_word' id='word_1_240' title='bbox 878 239 1009 264; x_wconf 82' lang='lat' dir='ltr'>CENTIUS</span> <span class='ocrx_word' id='word_1_241' title='bbox 1030 240 1060 264; x_wconf 78' lang='lat' dir='ltr'>XI</span> <span class='ocrx_word' id='word_1_242' title='bbox 1086 240 1135 263; x_wconf 72' lang='lat'>1¹1⁵.</span> 
     </span>
    </p>
   </div>
   <div class='ocr_carea' id='block_1_4' title="bbox 958 301 967 2412">
    <p class='ocr_par' dir='ltr' id='par_1_10' title="bbox 958 301 967 2412">
     <span class='ocr_line' id='line_1_48' title="bbox 958 301 967 2412; baseline 0 0"><span class='ocrx_word' id='word_1_243' title='bbox 958 301 967 2412; x_wconf 95' lang='lat' dir='ltr'> </span> 
     </span>
    </p>
   </div>
   <div class='ocr_carea' id='block_1_5' title="bbox 978 287 1719 2650">
    <p class='ocr_par' dir='ltr' id='par_1_11' title="bbox 985 287 1719 489">
     <span class='ocr_line' id='line_1_49' title="bbox 989 287 1717 331; baseline -0.001 -11"><span class='ocrx_word' id='word_1_244' title='bbox 989 293 1059 321; x_wconf 86' lang='lat' dir='ltr'>tore</span> <span class='ocrx_word' id='word_1_245' title='bbox 1084 287 1176 329; x_wconf 86' lang='lat' dir='ltr'>visas,</span> <span class='ocrx_word' id='word_1_246' title='bbox 1201 287 1228 320; x_wconf 90' lang='lat' dir='ltr'>si</span> <span class='ocrx_word' id='word_1_247' title='bbox 1252 292 1438 331; x_wconf 87' lang='lat' dir='ltr'>praesentes</span> <span class='ocrx_word' id='word_1_248' title='bbox 1463 293 1550 326; x_wconf 88' lang='lat' dir='ltr'>sunt,</span> <span class='ocrx_word' id='word_1_249' title='bbox 1577 289 1717 331; x_wconf 72' lang='lat' dir='ltr'>exceptis</span> 
     </span>
     <span class='ocr_line' id='line_1_50' title="bbox 987 341 1716 385; baseline 0 -13"><span class='ocrx_word' id='word_1_250' title='bbox 987 341 1113 381; x_wconf 80' lang='lat' dir='ltr'>litteris,</span> <span class='ocrx_word' id='word_1_251' title='bbox 1138 351 1214 385; x_wconf 89' lang='lat' dir='ltr'>quas</span> <span class='ocrx_word' id='word_1_252' title='bbox 1231 341 1271 374; x_wconf 90' lang='lat' dir='ltr'>ad</span> <span class='ocrx_word' id='word_1_253' title='bbox 1288 341 1502 374; x_wconf 88' lang='lat' dir='ltr'>reverendum</span> <span class='ocrx_word' id='word_1_254' title='bbox 1527 346 1649 383; x_wconf 86' lang='lat' dir='ltr'>patrem</span> <span class='ocrx_word' id='word_1_255' title='bbox 1667 342 1716 373; x_wconf 83' lang='lat' dir='ltr'>vel</span> 
     </span>
     <span class='ocr_line' id='line_1_51' title="bbox 986 394 1719 435; baseline 0 -9"><span class='ocrx_word' id='word_1_256' title='bbox 986 394 1164 427; x_wconf 84' lang='lat' dir='ltr'>visitatores</span> <span class='ocrx_word' id='word_1_257' title='bbox 1189 394 1342 435; x_wconf 88' lang='lat' dir='ltr'>scribunt,</span> <span class='ocrx_word' id='word_1_258' title='bbox 1367 400 1421 427; x_wconf 88' lang='lat' dir='ltr'>aut</span> <span class='ocrx_word' id='word_1_259' title='bbox 1444 394 1482 427; x_wconf 88' lang='lat' dir='ltr'>ab</span> <span class='ocrx_word' id='word_1_260' title='bbox 1503 394 1623 427; x_wconf 89' lang='lat' dir='ltr'>eisdem</span> <span class='ocrx_word' id='word_1_261' title='bbox 1643 395 1719 427; x_wconf 80' lang='lat' dir='ltr'>reci-</span> 
     </span>
     <span class='ocr_line' id='line_1_52' title="bbox 985 445 1089 489; baseline 0.01 -11"><span class='ocrx_word' id='word_1_262' title='bbox 985 445 1089 489; x_wconf 64' lang='lat' dir='ltr'>piu‘nt.</span> 
     </span>
    </p>

    <p class='ocr_par' dir='ltr' id='par_1_12' title="bbox 982 499 1718 910">
     <span class='ocr_line' id='line_1_53' title="bbox 1027 499 1718 533; baseline 0 -2"><span class='ocrx_word' id='word_1_263' title='bbox 1027 510 1088 531; x_wconf 74' lang='grc' dir='ltr'><strong>Χιν.</strong></span> <span class='ocrx_word' id='word_1_264' title='bbox 1116 499 1145 532; x_wconf 86' lang='lat' dir='ltr'>Si</span> <span class='ocrx_word' id='word_1_265' title='bbox 1171 500 1267 532; x_wconf 76' lang='lat' dir='ltr'>vestis</span> <span class='ocrx_word' id='word_1_266' title='bbox 1291 501 1340 533; x_wconf 91' lang='lat' dir='ltr'>vel</span> <span class='ocrx_word' id='word_1_267' title='bbox 1365 500 1451 533; x_wconf 88' lang='lat' dir='ltr'>aliud</span> <span class='ocrx_word' id='word_1_268' title='bbox 1470 499 1628 533; x_wconf 87' lang='lat' dir='ltr'>eiusmodi</span> <span class='ocrx_word' id='word_1_269' title='bbox 1649 500 1718 532; x_wconf 90' lang='lat' dir='ltr'>mit-</span> 
     </span>
     <span class='ocr_line' id='line_1_54' title="bbox 985 552 1717 595; baseline 0.004 -12"><span class='ocrx_word' id='word_1_270' title='bbox 985 556 1066 584; x_wconf 91' lang='lat' dir='ltr'>tatur</span> <span class='ocrx_word' id='word_1_271' title='bbox 1090 552 1183 584; x_wconf 86' lang='lat' dir='ltr'>alicui</span> <span class='ocrx_word' id='word_1_272' title='bbox 1209 553 1353 592; x_wconf 78' lang='lat' dir='ltr'>fratrum,</span> <span class='ocrx_word' id='word_1_273' title='bbox 1373 564 1408 586; x_wconf 81' lang='lat' dir='ltr'>ex</span> <span class='ocrx_word' id='word_1_274' title='bbox 1430 553 1561 595; x_wconf 71' lang='lat' dir='ltr'>antiqua</span> <span class='ocrx_word' id='word_1_275' title='bbox 1582 563 1717 586; x_wconf 82' lang='lat' dir='ltr'>consue-</span> 
     </span>
     <span class='ocr_line' id='line_1_55' title="bbox 985 603 1717 647; baseline 0.003 -13"><span class='ocrx_word' id='word_1_276' title='bbox 985 603 1116 644; x_wconf 79' lang='lat' dir='ltr'>tudine,</span> <span class='ocrx_word' id='word_1_277' title='bbox 1143 615 1207 636; x_wconf 87' lang='lat' dir='ltr'>non</span> <span class='ocrx_word' id='word_1_278' title='bbox 1233 605 1283 644; x_wconf 83' lang='lat' dir='ltr'>ei,</span> <span class='ocrx_word' id='word_1_279' title='bbox 1315 605 1371 637; x_wconf 82' lang='lat' dir='ltr'>scd</span> <span class='ocrx_word' id='word_1_280' title='bbox 1397 605 1489 637; x_wconf 86' lang='lat' dir='ltr'>alteri</span> <span class='ocrx_word' id='word_1_281' title='bbox 1514 605 1620 647; x_wconf 86' lang='lat' dir='ltr'>potius</span> <span class='ocrx_word' id='word_1_282' title='bbox 1646 605 1717 637; x_wconf 90' lang='lat' dir='ltr'>dari</span> 
     </span>
     <span class='ocr_line' id='line_1_56' title="bbox 983 656 1717 700; baseline 0.001 -11"><span class='ocrx_word' id='word_1_283' title='bbox 983 656 1099 696; x_wconf 83' lang='lat' dir='ltr'>debet,</span> <span class='ocrx_word' id='word_1_284' title='bbox 1133 667 1172 688; x_wconf 90' lang='lat' dir='ltr'>ne</span> <span class='ocrx_word' id='word_1_285' title='bbox 1208 658 1298 699; x_wconf 81' lang='lat' dir='ltr'>quasi</span> <span class='ocrx_word' id='word_1_286' title='bbox 1332 658 1500 700; x_wconf 89' lang='lat' dir='ltr'>proprium</span> <span class='ocrx_word' id='word_1_287' title='bbox 1526 658 1647 690; x_wconf 87' lang='lat' dir='ltr'>habere</span> <span class='ocrx_word' id='word_1_288' title='bbox 1673 658 1717 690; x_wconf 83' lang='lat' dir='ltr'>vi-</span> 
     </span>
     <span class='ocr_line' id='line_1_57' title="bbox 982 710 1716 753; baseline 0.003 -12"><span class='ocrx_word' id='word_1_289' title='bbox 982 710 1105 742; x_wconf 89' lang='lat' dir='ltr'>deatur.</span> <span class='ocrx_word' id='word_1_290' title='bbox 1133 710 1166 742; x_wconf 89' lang='lat' dir='ltr'>ln</span> <span class='ocrx_word' id='word_1_291' title='bbox 1191 711 1325 743; x_wconf 83' lang='lat' dir='ltr'>arbitrio</span> <span class='ocrx_word' id='word_1_292' title='bbox 1350 716 1458 743; x_wconf 90' lang='lat' dir='ltr'>tamen</span> <span class='ocrx_word' id='word_1_293' title='bbox 1483 711 1599 753; x_wconf 86' lang='lat' dir='ltr'>prioris</span> <span class='ocrx_word' id='word_1_294' title='bbox 1624 711 1716 743; x_wconf 88' lang='lat' dir='ltr'>relin-</span> 
     </span>
     <span class='ocr_line' id='line_1_58' title="bbox 983 763 1715 804; baseline 0.003 -11"><span class='ocrx_word' id='word_1_295' title='bbox 983 763 1100 804; x_wconf 86' lang='lat' dir='ltr'>quitur,</span> <span class='ocrx_word' id='word_1_296' title='bbox 1126 767 1233 794; x_wconf 89' lang='lat' dir='ltr'>utrum</span> <span class='ocrx_word' id='word_1_297' title='bbox 1260 763 1298 802; x_wconf 91' lang='lat' dir='ltr'>ei,</span> <span class='ocrx_word' id='word_1_298' title='bbox 1329 763 1379 795; x_wconf 82' lang='lat' dir='ltr'>cui</span> <span class='ocrx_word' id='word_1_299' title='bbox 1411 764 1544 796; x_wconf 86' lang='lat' dir='ltr'>missum</span> <span class='ocrx_word' id='word_1_300' title='bbox 1579 768 1637 803; x_wconf 65' lang='lat' dir='ltr'>est,</span> <span class='ocrx_word' id='word_1_301' title='bbox 1675 773 1715 795; x_wconf 89' lang='lat' dir='ltr'>an</span> 
     </span>
     <span class='ocr_line' id='line_1_59' title="bbox 982 815 1716 858; baseline 0.004 -12"><span class='ocrx_word' id='word_1_302' title='bbox 982 815 1073 847; x_wconf 86' lang='lat' dir='ltr'>alteri</span> <span class='ocrx_word' id='word_1_303' title='bbox 1100 815 1209 853; x_wconf 88' lang='lat' dir='ltr'>detur;</span> <span class='ocrx_word' id='word_1_304' title='bbox 1236 815 1291 847; x_wconf 82' lang='lat' dir='ltr'>sed</span> <span class='ocrx_word' id='word_1_305' title='bbox 1310 815 1348 848; x_wconf 87' lang='lat' dir='ltr'>de</span> <span class='ocrx_word' id='word_1_306' title='bbox 1372 816 1594 858; x_wconf 86' lang='lat' dir='ltr'>procuratoris</span> <span class='ocrx_word' id='word_1_307' title='bbox 1619 815 1716 849; x_wconf 84' lang='lat' dir='ltr'>licen-</span> 
     </span>
     <span class='ocr_line' id='line_1_60' title="bbox 983 867 1535 910; baseline 0.004 -12"><span class='ocrx_word' id='word_1_308' title='bbox 983 867 1023 900; x_wconf 78' lang='lat' dir='ltr'>tia</span> <span class='ocrx_word' id='word_1_309' title='bbox 1041 878 1136 900; x_wconf 83' lang='lat' dir='ltr'>nemo</span> <span class='ocrx_word' id='word_1_310' title='bbox 1154 867 1230 899; x_wconf 82' lang='lat' dir='ltr'>illud</span> <span class='ocrx_word' id='word_1_311' title='bbox 1249 867 1397 910; x_wconf 87' lang='lat' dir='ltr'>accipere</span> <span class='ocrx_word' id='word_1_312' title='bbox 1418 873 1535 910; x_wconf 82' lang='lat' dir='ltr'>potest.</span> 
     </span>
    </p>

    <p class='ocr_par' dir='ltr' id='par_1_13' title="bbox 979 920 1715 1373">
     <span class='ocr_line' id='line_1_61' title="bbox 1023 920 1713 963; baseline 0.001 -11"><span class='ocrx_word' id='word_1_313' title='bbox 1023 931 1073 953; x_wconf 80' lang='lat' dir='ltr'>xv.</span> <span class='ocrx_word' id='word_1_314' title='bbox 1100 920 1130 952; x_wconf 85' lang='lat' dir='ltr'>Si</span> <span class='ocrx_word' id='word_1_315' title='bbox 1156 920 1239 952; x_wconf 81' lang='lat' dir='ltr'>infra</span> <span class='ocrx_word' id='word_1_316' title='bbox 1265 921 1418 953; x_wconf 86' lang='lat' dir='ltr'>terminos</span> <span class='ocrx_word' id='word_1_317' title='bbox 1438 926 1564 953; x_wconf 83' lang='lat' dir='ltr'>nostros</span> <span class='ocrx_word' id='word_1_318' title='bbox 1589 921 1713 963; x_wconf 87' lang='lat' dir='ltr'>aliquid</span> 
     </span>
     <span class='ocr_line' id='line_1_62' title="bbox 980 972 1712 1015; baseline 0.001 -11"><span class='ocrx_word' id='word_1_319' title='bbox 980 973 1144 1005; x_wconf 78' lang='lat' dir='ltr'>inventum</span> <span class='ocrx_word' id='word_1_320' title='bbox 1173 973 1278 1013; x_wconf 82' lang='lat' dir='ltr'>suerit,</span> <span class='ocrx_word' id='word_1_321' title='bbox 1307 972 1334 1005; x_wconf 90' lang='lat' dir='ltr'>ei</span> <span class='ocrx_word' id='word_1_322' title='bbox 1356 973 1513 1015; x_wconf 83' lang='lat' dir='ltr'>protinus,</span> <span class='ocrx_word' id='word_1_323' title='bbox 1538 973 1628 1006; x_wconf 87' lang='lat' dir='ltr'>cuius</span> <span class='ocrx_word' id='word_1_324' title='bbox 1653 979 1712 1013; x_wconf 87' lang='lat' dir='ltr'>est,</span> 
     </span>
     <span class='ocr_line' id='line_1_63' title="bbox 980 1026 1715 1069; baseline 0.001 -12"><span class='ocrx_word' id='word_1_325' title='bbox 980 1026 1004 1058; x_wconf 88' lang='lat' dir='ltr'>si</span> <span class='ocrx_word' id='word_1_326' title='bbox 1031 1026 1137 1065; x_wconf 75' lang='lat' dir='ltr'>adest,</span> <span class='ocrx_word' id='word_1_327' title='bbox 1166 1026 1213 1058; x_wconf 87' lang='lat' dir='ltr'>sin</span> <span class='ocrx_word' id='word_1_328' title='bbox 1239 1031 1355 1063; x_wconf 84' lang='lat' dir='ltr'>autem,</span> <span class='ocrx_word' id='word_1_329' title='bbox 1381 1026 1583 1069; x_wconf 86' lang='lat' dir='ltr'>procuratori</span> <span class='ocrx_word' id='word_1_330' title='bbox 1604 1027 1715 1059; x_wconf 85' lang='lat' dir='ltr'>redda-</span> 
     </span>
     <span class='ocr_line' id='line_1_64' title="bbox 980 1078 1714 1121; baseline 0 -11"><span class='ocrx_word' id='word_1_331' title='bbox 980 1083 1039 1110; x_wconf 87' lang='lat' dir='ltr'>tur.</span> <span class='ocrx_word' id='word_1_332' title='bbox 1078 1078 1108 1111; x_wconf 80' lang='lat' dir='ltr'>Si</span> <span class='ocrx_word' id='word_1_333' title='bbox 1146 1084 1253 1111; x_wconf 85' lang='lat' dir='ltr'>autem</span> <span class='ocrx_word' id='word_1_334' title='bbox 1286 1084 1375 1111; x_wconf 79' lang='lat' dir='ltr'>extra</span> <span class='ocrx_word' id='word_1_335' title='bbox 1400 1078 1556 1111; x_wconf 84' lang='lat' dir='ltr'>terminos</span> <span class='ocrx_word' id='word_1_336' title='bbox 1591 1079 1714 1121; x_wconf 86' lang='lat' dir='ltr'>aliquid</span> 
     </span>
     <span class='ocr_line' id='line_1_65' title="bbox 979 1130 1713 1170; baseline 0.003 -9"><span class='ocrx_word' id='word_1_337' title='bbox 979 1130 1143 1163; x_wconf 84' lang='lat' dir='ltr'>inventum</span> <span class='ocrx_word' id='word_1_338' title='bbox 1165 1131 1205 1163; x_wconf 86' lang='lat' dir='ltr'>sit</span> <span class='ocrx_word' id='word_1_339' title='bbox 1222 1142 1239 1166; x_wconf 88' lang='lat' dir='ltr'>a</span> <span class='ocrx_word' id='word_1_340' title='bbox 1257 1131 1372 1163; x_wconf 77' lang='lat' dir='ltr'>nostris</span> <span class='ocrx_word' id='word_1_341' title='bbox 1390 1131 1553 1170; x_wconf 77' lang='lat' dir='ltr'>fratribus,</span> <span class='ocrx_word' id='word_1_342' title='bbox 1579 1136 1633 1163; x_wconf 91' lang='lat' dir='ltr'>aut</span> <span class='ocrx_word' id='word_1_343' title='bbox 1654 1142 1713 1163; x_wconf 85' lang='lat' dir='ltr'>suo</span> 
     </span>
     <span class='ocr_line' id='line_1_66' title="bbox 979 1183 1711 1226; baseline 0 -11"><span class='ocrx_word' id='word_1_344' title='bbox 979 1183 1108 1215; x_wconf 84' lang='lat' dir='ltr'>domino</span> <span class='ocrx_word' id='word_1_345' title='bbox 1133 1184 1157 1215; x_wconf 88' lang='lat' dir='ltr'>si</span> <span class='ocrx_word' id='word_1_346' title='bbox 1183 1183 1251 1216; x_wconf 80' lang='lat' dir='ltr'>sieri</span> <span class='ocrx_word' id='word_1_347' title='bbox 1277 1189 1386 1226; x_wconf 84' lang='lat' dir='ltr'>potest</span> <span class='ocrx_word' id='word_1_348' title='bbox 1409 1183 1515 1215; x_wconf 84' lang='lat' dir='ltr'>statim</span> <span class='ocrx_word' id='word_1_349' title='bbox 1541 1184 1711 1223; x_wconf 83' lang='lat' dir='ltr'>reddatur,</span> 
     </span>
     <span class='ocr_line' id='line_1_67' title="bbox 979 1235 1713 1279; baseline 0 -12"><span class='ocrx_word' id='word_1_350' title='bbox 979 1236 1087 1275; x_wconf 83' lang='lat' dir='ltr'>antei,</span> <span class='ocrx_word' id='word_1_351' title='bbox 1108 1246 1166 1278; x_wconf 88' lang='lat' dir='ltr'>per</span> <span class='ocrx_word' id='word_1_352' title='bbox 1183 1247 1281 1279; x_wconf 88' lang='lat' dir='ltr'>quem</span> <span class='ocrx_word' id='word_1_353' title='bbox 1300 1236 1413 1270; x_wconf 86' lang='lat' dir='ltr'>melius</span> <span class='ocrx_word' id='word_1_354' title='bbox 1430 1242 1460 1268; x_wconf 87' lang='lat' dir='ltr'>et</span> <span class='ocrx_word' id='word_1_355' title='bbox 1479 1235 1603 1268; x_wconf 59' lang='lat' dir='ltr'>fidelius</span> <span class='ocrx_word' id='word_1_356' title='bbox 1622 1235 1713 1268; x_wconf 88' lang='lat' dir='ltr'>reddi</span> 
     </span>
     <span class='ocr_line' id='line_1_68' title="bbox 979 1287 1713 1330; baseline -0.001 -10"><span class='ocrx_word' id='word_1_357' title='bbox 979 1296 1072 1329; x_wconf 84' lang='lat' dir='ltr'>posse</span> <span class='ocrx_word' id='word_1_358' title='bbox 1097 1293 1236 1330; x_wconf 79' lang='lat' dir='ltr'>putatur,</span> <span class='ocrx_word' id='word_1_359' title='bbox 1262 1288 1524 1320; x_wconf 75' lang='lat' dir='ltr'>commendetur:</span> <span class='ocrx_word' id='word_1_360' title='bbox 1560 1287 1638 1320; x_wconf 73' lang='lat' dir='ltr'>alias</span> <span class='ocrx_word' id='word_1_361' title='bbox 1665 1287 1713 1319; x_wconf 94' lang='lat' dir='ltr'>in-</span> 
     </span>
     <span class='ocr_line' id='line_1_69' title="bbox 980 1341 1303 1373; baseline 0.003 -2"><span class='ocrx_word' id='word_1_362' title='bbox 980 1345 1093 1373; x_wconf 84' lang='lat' dir='ltr'>tactum</span> <span class='ocrx_word' id='word_1_363' title='bbox 1115 1341 1303 1373; x_wconf 87' lang='lat' dir='ltr'>dimittatur.</span> 
     </span>
    </p>

    <p class='ocr_par' dir='ltr' id='par_1_14' title="bbox 978 1393 1713 1646">
     <span class='ocr_line' id='line_1_70' title="bbox 1019 1393 1713 1437; baseline 0.001 -12"><span class='ocrx_word' id='word_1_364' title='bbox 1019 1403 1081 1426; x_wconf 80' lang='lat' dir='ltr'>xvi.</span> <span class='ocrx_word' id='word_1_365' title='bbox 1108 1393 1217 1426; x_wconf 80' lang='lat' dir='ltr'>Nullus</span> <span class='ocrx_word' id='word_1_366' title='bbox 1241 1404 1415 1426; x_wconf 79' lang='lat' dir='ltr'>conversus</span> <span class='ocrx_word' id='word_1_367' title='bbox 1434 1404 1563 1437; x_wconf 84' lang='lat' dir='ltr'>equum,</span> <span class='ocrx_word' id='word_1_368' title='bbox 1588 1394 1713 1434; x_wconf 79' lang='lat' dir='ltr'>cellam,</span> 
     </span>
     <span class='ocr_line' id='line_1_71' title="bbox 978 1446 1710 1489; baseline 0.001 -12"><span class='ocrx_word' id='word_1_369' title='bbox 978 1456 1111 1488; x_wconf 80' lang='lat' dir='ltr'>cappam</span> <span class='ocrx_word' id='word_1_370' title='bbox 1137 1447 1185 1478; x_wconf 76' lang='lat' dir='ltr'>vel</span> <span class='ocrx_word' id='word_1_371' title='bbox 1211 1446 1375 1489; x_wconf 89' lang='lat' dir='ltr'>proprium</span> <span class='ocrx_word' id='word_1_372' title='bbox 1403 1447 1555 1479; x_wconf 79' lang='lat' dir='ltr'>famulum</span> <span class='ocrx_word' id='word_1_373' title='bbox 1583 1447 1710 1485; x_wconf 80' lang='lat' dir='ltr'>liabent,</span> 
     </span>
     <span class='ocr_line' id='line_1_72' title="bbox 978 1498 1711 1541; baseline 0.001 -11"><span class='ocrx_word' id='word_1_374' title='bbox 978 1508 1036 1530; x_wconf 84' lang='lat' dir='ltr'>nec</span> <span class='ocrx_word' id='word_1_375' title='bbox 1072 1498 1240 1541; x_wconf 84' lang='lat' dir='ltr'>quodlibet</span> <span class='ocrx_word' id='word_1_376' title='bbox 1265 1499 1374 1539; x_wconf 87' lang='lat' dir='ltr'>aliud,</span> <span class='ocrx_word' id='word_1_377' title='bbox 1402 1499 1488 1541; x_wconf 84' lang='lat' dir='ltr'>quod</span> <span class='ocrx_word' id='word_1_378' title='bbox 1523 1499 1624 1541; x_wconf 80' lang='lat' dir='ltr'>priori</span> <span class='ocrx_word' id='word_1_379' title='bbox 1663 1500 1711 1531; x_wconf 69' lang='lat' dir='ltr'>vol</span> 
     </span>
     <span class='ocr_line' id='line_1_73' title="bbox 979 1551 1711 1593; baseline 0.004 -11"><span class='ocrx_word' id='word_1_380' title='bbox 979 1551 1190 1593; x_wconf 80' lang='lat' dir='ltr'>procuratori,</span> <span class='ocrx_word' id='word_1_381' title='bbox 1203 1551 1282 1584; x_wconf 87' lang='lat' dir='ltr'>illud</span> <span class='ocrx_word' id='word_1_382' title='bbox 1298 1551 1424 1583; x_wconf 83' lang='lat' dir='ltr'>mittere</span> <span class='ocrx_word' id='word_1_383' title='bbox 1439 1552 1486 1583; x_wconf 84' lang='lat' dir='ltr'>vel</span> <span class='ocrx_word' id='word_1_384' title='bbox 1501 1552 1711 1584; x_wconf 77' lang='lat' dir='ltr'>accomodare</span> 
     </span>
     <span class='ocr_line' id='line_1_74' title="bbox 978 1604 1396 1646; baseline 0.002 -11"><span class='ocrx_word' id='word_1_385' title='bbox 978 1604 1109 1643; x_wconf 72' lang='lat' dir='ltr'>volenti,</span> <span class='ocrx_word' id='word_1_386' title='bbox 1131 1604 1247 1635; x_wconf 80' lang='lat' dir='ltr'>audeat</span> <span class='ocrx_word' id='word_1_387' title='bbox 1263 1614 1396 1646; x_wconf 84' lang='lat' dir='ltr'>negare.</span> 
     </span>
    </p>

    <p class='ocr_par' dir='ltr' id='par_1_15' title="bbox 978 1656 1716 2384">
     <span class='ocr_line' id='line_1_75' title="bbox 1022 1656 1712 1700; baseline 0.001 -12"><span class='ocrx_word' id='word_1_388' title='bbox 1022 1666 1100 1689; x_wconf 83' lang='lat' dir='ltr'>xvu.</span> <span class='ocrx_word' id='word_1_389' title='bbox 1127 1656 1239 1689; x_wconf 86' lang='lat' dir='ltr'>Nullus</span> <span class='ocrx_word' id='word_1_390' title='bbox 1270 1657 1366 1689; x_wconf 88' lang='lat' dir='ltr'>etiam</span> <span class='ocrx_word' id='word_1_391' title='bbox 1396 1658 1550 1700; x_wconf 80' lang='lat' dir='ltr'>pecunias</span> <span class='ocrx_word' id='word_1_392' title='bbox 1587 1658 1712 1700; x_wconf 82' lang='lat' dir='ltr'>aliquas</span> 
     </span>
     <span class='ocr_line' id='line_1_76' title="bbox 978 1710 1713 1753; baseline 0.003 -12"><span class='ocrx_word' id='word_1_393' title='bbox 978 1719 1036 1752; x_wconf 88' lang='lat' dir='ltr'>per</span> <span class='ocrx_word' id='word_1_394' title='bbox 1060 1720 1093 1741; x_wconf 83' lang='lat' dir='ltr'>se</span> <span class='ocrx_word' id='word_1_395' title='bbox 1118 1710 1168 1741; x_wconf 91' lang='lat' dir='ltr'>vel</span> <span class='ocrx_word' id='word_1_396' title='bbox 1205 1720 1264 1752; x_wconf 90' lang='lat' dir='ltr'>per</span> <span class='ocrx_word' id='word_1_397' title='bbox 1298 1710 1439 1743; x_wconf 86' lang='lat' dir='ltr'>medium</span> <span class='ocrx_word' id='word_1_398' title='bbox 1476 1711 1713 1753; x_wconf 76' lang='lat' dir='ltr'>cuiuscumque</span> 
     </span>
     <span class='ocr_line' id='line_1_77' title="bbox 978 1763 1714 1805; baseline 0.001 -11"><span class='ocrx_word' id='word_1_399' title='bbox 978 1763 1188 1805; x_wconf 88' lang='lat' dir='ltr'>interpositae</span> <span class='ocrx_word' id='word_1_400' title='bbox 1220 1773 1377 1805; x_wconf 85' lang='lat' dir='ltr'>personae</span> <span class='ocrx_word' id='word_1_401' title='bbox 1399 1764 1430 1795; x_wconf 93' lang='lat' dir='ltr'>in</span> <span class='ocrx_word' id='word_1_402' title='bbox 1449 1766 1505 1795; x_wconf 76' lang='lat' dir='ltr'>sua</span> <span class='ocrx_word' id='word_1_403' title='bbox 1520 1764 1638 1795; x_wconf 81' lang='lat' dir='ltr'>habeat</span> <span class='ocrx_word' id='word_1_404' title='bbox 1655 1774 1714 1805; x_wconf 86' lang='lat' dir='ltr'>po-</span> 
     </span>
     <span class='ocr_line' id='line_1_78' title="bbox 979 1816 1715 1859; baseline 0.001 -12"><span class='ocrx_word' id='word_1_405' title='bbox 979 1821 1089 1848; x_wconf 83' lang='lat' dir='ltr'>testate</span> <span class='ocrx_word' id='word_1_406' title='bbox 1115 1816 1165 1848; x_wconf 82' lang='lat' dir='ltr'>vel</span> <span class='ocrx_word' id='word_1_407' title='bbox 1190 1816 1362 1855; x_wconf 83' lang='lat' dir='ltr'>voluntate,</span> <span class='ocrx_word' id='word_1_408' title='bbox 1389 1816 1509 1859; x_wconf 88' lang='lat' dir='ltr'>alioqui</span> <span class='ocrx_word' id='word_1_409' title='bbox 1535 1816 1639 1858; x_wconf 77' lang='lat' dir='ltr'>rigide</span> <span class='ocrx_word' id='word_1_410' title='bbox 1658 1826 1715 1858; x_wconf 88' lang='lat' dir='ltr'>pu-</span> 
     </span>
     <span class='ocr_line' id='line_1_79' title="bbox 978 1868 1713 1912; baseline 0.001 -12"><span class='ocrx_word' id='word_1_411' title='bbox 978 1869 1095 1901; x_wconf 89' lang='lat' dir='ltr'>niatur.</span> <span class='ocrx_word' id='word_1_412' title='bbox 1122 1868 1152 1901; x_wconf 89' lang='lat' dir='ltr'>Si</span> <span class='ocrx_word' id='word_1_413' title='bbox 1179 1879 1253 1901; x_wconf 88' lang='lat' dir='ltr'>vcro</span> <span class='ocrx_word' id='word_1_414' title='bbox 1277 1869 1372 1901; x_wconf 85' lang='lat' dir='ltr'>alicui</span> <span class='ocrx_word' id='word_1_415' title='bbox 1395 1869 1517 1912; x_wconf 87' lang='lat' dir='ltr'>aliquid</span> <span class='ocrx_word' id='word_1_416' title='bbox 1535 1870 1644 1901; x_wconf 84' lang='lat' dir='ltr'>datum</span> <span class='ocrx_word' id='word_1_417' title='bbox 1663 1870 1713 1901; x_wconf 83' lang='lat' dir='ltr'>vel</span> 
     </span>
     <span class='ocr_line' id='line_1_80' title="bbox 979 1921 1715 1960; baseline -0.003 -6"><span class='ocrx_word' id='word_1_418' title='bbox 979 1922 1120 1956; x_wconf 87' lang='lat' dir='ltr'>oblatum</span> <span class='ocrx_word' id='word_1_419' title='bbox 1147 1921 1253 1960; x_wconf 84' lang='lat' dir='ltr'>suerit,</span> <span class='ocrx_word' id='word_1_420' title='bbox 1290 1922 1322 1953; x_wconf 88' lang='lat' dir='ltr'>in</span> <span class='ocrx_word' id='word_1_421' title='bbox 1353 1932 1392 1954; x_wconf 87' lang='lat' dir='ltr'>eo</span> <span class='ocrx_word' id='word_1_422' title='bbox 1418 1922 1540 1954; x_wconf 88' lang='lat' dir='ltr'>nullum</span> <span class='ocrx_word' id='word_1_423' title='bbox 1574 1922 1622 1954; x_wconf 83' lang='lat' dir='ltr'>ius</span> <span class='ocrx_word' id='word_1_424' title='bbox 1660 1926 1715 1954; x_wconf 90' lang='lat' dir='ltr'>aut</span> 
     </span>
     <span class='ocr_line' id='line_1_81' title="bbox 979 1974 1714 2018; baseline 0 -12"><span class='ocrx_word' id='word_1_425' title='bbox 979 1974 1212 2018; x_wconf 86' lang='lat' dir='ltr'>proprietatem</span> <span class='ocrx_word' id='word_1_426' title='bbox 1232 1975 1449 2016; x_wconf 82' lang='lat' dir='ltr'>praetendere</span> <span class='ocrx_word' id='word_1_427' title='bbox 1477 1974 1571 2006; x_wconf 71' lang='lat' dir='ltr'>debet</span> <span class='ocrx_word' id='word_1_428' title='bbox 1590 1980 1643 2006; x_wconf 90' lang='lat' dir='ltr'>aut</span> <span class='ocrx_word' id='word_1_429' title='bbox 1663 1985 1714 2016; x_wconf 87' lang='lat' dir='ltr'>po-</span> 
     </span>
     <span class='ocr_line' id='line_1_82' title="bbox 979 2025 1714 2069; baseline -0.003 -10"><span class='ocrx_word' id='word_1_430' title='bbox 979 2032 1050 2066; x_wconf 86' lang='lat' dir='ltr'>test,</span> <span class='ocrx_word' id='word_1_431' title='bbox 1077 2027 1152 2059; x_wconf 84' lang='lat' dir='ltr'>licet</span> <span class='ocrx_word' id='word_1_432' title='bbox 1184 2037 1219 2058; x_wconf 85' lang='lat' dir='ltr'>ex</span> <span class='ocrx_word' id='word_1_433' title='bbox 1246 2025 1402 2068; x_wconf 81' lang='lat' dir='ltr'>permissu</span> <span class='ocrx_word' id='word_1_434' title='bbox 1432 2026 1649 2069; x_wconf 82' lang='lat' dir='ltr'>praesidentis</span> <span class='ocrx_word' id='word_1_435' title='bbox 1674 2026 1714 2058; x_wconf 87' lang='lat' dir='ltr'>ad</span> 
     </span>
     <span class='ocr_line' id='line_1_83' title="bbox 979 2079 1716 2122; baseline -0.001 -10"><span class='ocrx_word' id='word_1_436' title='bbox 979 2079 1157 2122; x_wconf 84' lang='lat' dir='ltr'>simplicem</span> <span class='ocrx_word' id='word_1_437' title='bbox 1180 2089 1284 2119; x_wconf 80' lang='lat' dir='ltr'>usum⁷</span> <span class='ocrx_word' id='word_1_438' title='bbox 1305 2079 1343 2111; x_wconf 89' lang='lat' dir='ltr'>ad</span> <span class='ocrx_word' id='word_1_439' title='bbox 1365 2085 1476 2111; x_wconf 90' lang='lat' dir='ltr'>nutum</span> <span class='ocrx_word' id='word_1_440' title='bbox 1497 2079 1564 2111; x_wconf 83' lang='lat' dir='ltr'>eius</span> <span class='ocrx_word' id='word_1_441' title='bbox 1592 2089 1716 2111; x_wconf 70' lang='lat' dir='ltr'>revoca-</span> 
     </span>
     <span class='ocr_line' id='line_1_84' title="bbox 980 2132 1715 2174; baseline -0.001 -9"><span class='ocrx_word' id='word_1_442' title='bbox 980 2133 1088 2171; x_wconf 86' lang='lat' dir='ltr'>bilem,</span> <span class='ocrx_word' id='word_1_443' title='bbox 1115 2132 1194 2165; x_wconf 86' lang='lat' dir='ltr'>illud</span> <span class='ocrx_word' id='word_1_444' title='bbox 1220 2132 1324 2174; x_wconf 84' lang='lat' dir='ltr'>possit</span> <span class='ocrx_word' id='word_1_445' title='bbox 1348 2132 1432 2174; x_wconf 91' lang='lat' dir='ltr'>apud</span> <span class='ocrx_word' id='word_1_446' title='bbox 1451 2143 1483 2164; x_wconf 85' lang='lat' dir='ltr'>se</span> <span class='ocrx_word' id='word_1_447' title='bbox 1505 2132 1666 2164; x_wconf 88' lang='lat' dir='ltr'>custodire</span> <span class='ocrx_word' id='word_1_448' title='bbox 1683 2137 1715 2164; x_wconf 89' lang='lat' dir='ltr'>ct</span> 
     </span>
     <span class='ocr_line' id='line_1_85' title="bbox 981 2183 1715 2226; baseline -0.001 -9"><span class='ocrx_word' id='word_1_449' title='bbox 981 2195 1018 2217; x_wconf 87' lang='lat' dir='ltr'>eo</span> <span class='ocrx_word' id='word_1_450' title='bbox 1044 2185 1102 2223; x_wconf 86' lang='lat' dir='ltr'>uti,</span> <span class='ocrx_word' id='word_1_451' title='bbox 1129 2183 1270 2226; x_wconf 82' lang='lat' dir='ltr'>exceptis</span> <span class='ocrx_word' id='word_1_452' title='bbox 1294 2184 1454 2226; x_wconf 86' lang='lat' dir='ltr'>pecuniis.</span> <span class='ocrx_word' id='word_1_453' title='bbox 1482 2183 1570 2221; x_wconf 79' lang='lat' dir='ltr'>Quod</span> <span class='ocrx_word' id='word_1_454' title='bbox 1591 2184 1616 2216; x_wconf 89' lang='lat' dir='ltr'>si</span> <span class='ocrx_word' id='word_1_455' title='bbox 1638 2194 1715 2216; x_wconf 89' lang='lat' dir='ltr'>con-</span> 
     </span>
     <span class='ocr_line' id='line_1_86' title="bbox 981 2236 1714 2283; baseline -0.001 -14"><span class='ocrx_word' id='word_1_456' title='bbox 981 2237 1116 2269; x_wconf 79' lang='lat' dir='ltr'>tentiose</span> <span class='ocrx_word' id='word_1_457' title='bbox 1141 2236 1220 2268; x_wconf 88' lang='lat' dir='ltr'>illud</span> <span class='ocrx_word' id='word_1_458' title='bbox 1254 2241 1415 2283; x_wconf 84' lang='lat' dir='ltr'>tamquam</span> <span class='ocrx_word' id='word_1_459' title='bbox 1441 2247 1534 2268; x_wconf 84' lang='lat' dir='ltr'>suum</span> <span class='ocrx_word' id='word_1_460' title='bbox 1569 2236 1714 2268; x_wconf 83' lang='lat' dir='ltr'>retinere</span> 
     </span>
     <span class='ocr_line' id='line_1_87' title="bbox 981 2289 1714 2329; baseline -0.001 -8"><span class='ocrx_word' id='word_1_461' title='bbox 981 2290 1126 2329; x_wconf 86' lang='lat' dir='ltr'>volucrit,</span> <span class='ocrx_word' id='word_1_462' title='bbox 1150 2289 1190 2321; x_wconf 89' lang='lat' dir='ltr'>ab</span> <span class='ocrx_word' id='word_1_463' title='bbox 1215 2299 1252 2321; x_wconf 87' lang='lat' dir='ltr'>co</span> <span class='ocrx_word' id='word_1_464' title='bbox 1277 2295 1453 2328; x_wconf 51' lang='lat' dir='ltr'>afferatur,</span> <span class='ocrx_word' id='word_1_465' title='bbox 1470 2294 1501 2321; x_wconf 85' lang='lat' dir='ltr'>et</span> <span class='ocrx_word' id='word_1_466' title='bbox 1521 2289 1559 2321; x_wconf 88' lang='lat' dir='ltr'>ad</span> <span class='ocrx_word' id='word_1_467' title='bbox 1577 2299 1714 2322; x_wconf 87' lang='lat' dir='ltr'>commu-</span> 
     </span>
     <span class='ocr_line' id='line_1_88' title="bbox 981 2342 1371 2384; baseline -0.005 -8"><span class='ocrx_word' id='word_1_468' title='bbox 981 2354 1054 2376; x_wconf 88' lang='lat' dir='ltr'>nem</span> <span class='ocrx_word' id='word_1_469' title='bbox 1072 2353 1164 2374; x_wconf 84' lang='lat' dir='ltr'>usum</span> <span class='ocrx_word' id='word_1_470' title='bbox 1183 2342 1371 2384; x_wconf 87' lang='lat' dir='ltr'>deputetur.</span> 
     </span>
    </p>

    <p class='ocr_par' dir='ltr' id='par_1_16' title="bbox 983 2394 1715 2650">
     <span class='ocr_line' id='line_1_89' title="bbox 1024 2394 1712 2436; baseline 0.001 -9"><span class='ocrx_word' id='word_1_471' title='bbox 1024 2405 1115 2428; x_wconf 83' lang='lat' dir='ltr'>xvui.</span> <span class='ocrx_word' id='word_1_472' title='bbox 1142 2394 1267 2427; x_wconf 82' lang='lat' dir='ltr'>Debent</span> <span class='ocrx_word' id='word_1_473' title='bbox 1291 2394 1387 2426; x_wconf 89' lang='lat' dir='ltr'>etiam</span> <span class='ocrx_word' id='word_1_474' title='bbox 1420 2394 1555 2436; x_wconf 79' lang='lat' dir='ltr'>professi</span> <span class='ocrx_word' id='word_1_475' title='bbox 1582 2405 1712 2435; x_wconf 83' lang='lat' dir='ltr'>omnes,</span> 
     </span>
     <span class='ocr_line' id='line_1_90' title="bbox 983 2447 1714 2490; baseline -0.001 -9"><span class='ocrx_word' id='word_1_476' title='bbox 983 2454 1045 2481; x_wconf 88' lang='lat' dir='ltr'>tam</span> <span class='ocrx_word' id='word_1_477' title='bbox 1071 2447 1232 2487; x_wconf 85' lang='lat' dir='ltr'>monachi,</span> <span class='ocrx_word' id='word_1_478' title='bbox 1259 2458 1353 2490; x_wconf 88' lang='lat' dir='ltr'>quam</span> <span class='ocrx_word' id='word_1_479' title='bbox 1379 2448 1537 2487; x_wconf 82' lang='lat' dir='ltr'>conversi,</span> <span class='ocrx_word' id='word_1_480' title='bbox 1572 2448 1636 2481; x_wconf 89' lang='lat' dir='ltr'>imo</span> <span class='ocrx_word' id='word_1_481' title='bbox 1669 2454 1714 2480; x_wconf 85' lang='lat' dir='ltr'>te-</span> 
     </span>
     <span class='ocr_line' id='line_1_91' title="bbox 983 2501 1714 2544; baseline 0 -10"><span class='ocrx_word' id='word_1_482' title='bbox 983 2507 1101 2534; x_wconf 86' lang='lat' dir='ltr'>nentur</span> <span class='ocrx_word' id='word_1_483' title='bbox 1124 2511 1161 2533; x_wconf 87' lang='lat' dir='ltr'>ex</span> <span class='ocrx_word' id='word_1_484' title='bbox 1186 2501 1377 2533; x_wconf 84' lang='lat' dir='ltr'>necessitate</span> <span class='ocrx_word' id='word_1_485' title='bbox 1401 2501 1465 2533; x_wconf 93' lang='lat' dir='ltr'>voti</span> <span class='ocrx_word' id='word_1_486' title='bbox 1488 2511 1564 2534; x_wconf 86' lang='lat' dir='ltr'>suae</span> <span class='ocrx_word' id='word_1_487' title='bbox 1590 2503 1714 2544; x_wconf 80' lang='lat' dir='ltr'>profes-</span> 
     </span>
     <span class='ocr_line' id='line_1_92' title="bbox 983 2553 1714 2596; baseline 0.001 -11"><span class='ocrx_word' id='word_1_488' title='bbox 983 2554 1100 2594; x_wconf 81' lang='lat' dir='ltr'>sionis,</span> <span class='ocrx_word' id='word_1_489' title='bbox 1125 2553 1244 2586; x_wconf 87' lang='lat' dir='ltr'>habere</span> <span class='ocrx_word' id='word_1_490' title='bbox 1281 2553 1421 2586; x_wconf 89' lang='lat' dir='ltr'>animum</span> <span class='ocrx_word' id='word_1_491' title='bbox 1453 2558 1600 2596; x_wconf 86' lang='lat' dir='ltr'>paratum</span> <span class='ocrx_word' id='word_1_492' title='bbox 1638 2555 1714 2587; x_wconf 75' lang='lat' dir='ltr'>resi-</span> 
     </span>
     <span class='ocr_line' id='line_1_93' title="bbox 984 2606 1715 2650; baseline 0.005 -12"><span class='ocrx_word' id='word_1_493' title='bbox 984 2606 1103 2650; x_wconf 76' lang='lat' dir='ltr'>gnandi</span> <span class='ocrx_word' id='word_1_494' title='bbox 1127 2606 1159 2638; x_wconf 90' lang='lat' dir='ltr'>in</span> <span class='ocrx_word' id='word_1_495' title='bbox 1184 2616 1294 2638; x_wconf 80' lang='lat' dir='ltr'>manus</span> <span class='ocrx_word' id='word_1_496' title='bbox 1315 2606 1527 2650; x_wconf 82' lang='lat' dir='ltr'>praesidentis</span> <span class='ocrx_word' id='word_1_497' title='bbox 1550 2613 1665 2650; x_wconf 79' lang='lat' dir='ltr'>sponte</span> <span class='ocrx_word' id='word_1_498' title='bbox 1683 2613 1715 2642; x_wconf 80' lang='lat' dir='ltr'>ct</span> 
     </span>
    </p>
   </div>
   <div class='ocr_carea' id='block_1_6' title="bbox 1617 230 1910 267">
    <p class='ocr_par' dir='ltr' id='par_1_17' title="bbox 1617 230 1910 267">
     <span class='ocr_line' id='line_1_94' title="bbox 1617 230 1910 267; baseline 0.01 -3"><span class='ocrx_word' id='word_1_499' title='bbox 1617 230 1679 264; x_wconf 71' lang='lat'>399</span> <span class='ocrx_word' id='word_1_500' title='bbox 1725 240 1778 267; x_wconf 77' lang='lat' dir='ltr'>An.</span> <span class='ocrx_word' id='word_1_501' title='bbox 1797 240 1826 267; x_wconf 80' lang='lat' dir='ltr'>c,</span> <span class='ocrx_word' id='word_1_502' title='bbox 1844 239 1910 267; x_wconf 68' lang='lat'><strong>¹688</strong></span> 
     </span>
    </p>
   </div>
  </div>
 </body>
</html>
