2111 3157
149 181 197 207 An.
219 179 247 206 c.
268 180 332 207 tosa
378 173 441 203 (5⁴23

343 234 440 261 ventu
459 228 511 261 SS.
529 228 652 260 Rosarii
679 232 710 259 et
727 226 863 268 collegio
884 225 914 258 S.
934 225 1077 257 Thomae

343 281 478 314 civitatis
507 282 640 315 Sanctae
676 280 764 312 Fidei
795 280 827 311 in
860 289 943 311 novo
975 288 1077 320 regno

343 333 532 367 Granatensi
565 335 596 366 in
622 333 720 366 Indiis
746 331 1004 365 Occidentalibus
1031 331 1077 364 di-

343 389 382 420 cti
409 387 535 420 Ordinis
561 388 603 419 sit
628 392 659 419 et
683 396 812 429 semper
833 385 930 417 suerit
953 383 1078 417 univer-

927 178 1107 202 nnttxniuu
1131 177 1282 201 nonarum

1099 261 1100 268 ἵ
1122 224 1349 264 doctoralium,
1368 223 1686 266 poenitentiariarum
1711 228 1743 256 et
1767 222 1855 256 theo-

1098 269 1100 329 }
1121 277 1288 319 legalium,
1303 287 1339 309 ac
1365 277 1539 318 dignitates
1564 280 1596 308 et
1621 276 1744 316 officia,
1770 286 1853 320 quae

1098 330 1160 376 ,de
1185 329 1256 362 iure
1288 331 1459 374 requirunt
1490 335 1526 362 ut
1558 329 1629 362 illas
1661 334 1693 362 et
1720 329 1777 362 illa
1801 329 1855 363 ob-

1098 383 1261 416 ]tinentes
1297 383 1481 416 huiusmodi
1517 382 1669 425 gradibus
1709 382 1853 425 insigniti

341 441 416 473 sitas
445 440 541 472 studii
578 439 616 471 ab
652 439 743 471 initio
777 438 976 470 fundationis
1001 430 1095 470 dicii‘
1120 436 1203 477 sint;
1230 437 1315 470 unde
1346 436 1410 470 hoc
1444 442 1613 480 praetextu
1648 436 1814 470 thomistas
1838 447 1856 469 a

341 499 516 527 conventus
534 504 591 535 per
614 493 737 526 litteras
755 492 859 525 felicis
878 491 1077 524 recordatio-

341 547 390 580 nis
410 546 556 589 Gregorii
575 547 633 579 ΡΙ).
654 546 718 578 Xlll
740 544 1002 589 praedecessoris
1023 555 1076 577 uo-

340 600 396 632 stri
434 605 563 639 erecta,
593 605 625 632 et
657 599 796 632 subinde
829 609 847 631 a
881 598 1076 631 recolendae

339 654 514 686 memoriae
545 653 643 686 Paulo
676 653 733 685 PP.
770 652 791 684 V
824 652 1076 695 praedecessore

338 707 460 750 pariter
492 712 604 739 nostro
629 716 688 749 per
712 715 786 738 suas
811 704 935 737 litteras
965 704 1003 735 ad
1030 703 1077 736 di-

339 767 421 793 ctum
447 760 620 803 collegium
647 759 822 798 translata,
847 758 980 801 ipsaque
1005 757 1076 789 uni-

340 814 474 846 versitas
500 813 640 846 fueritin
660 811 870 855 possessione
885 810 1074 844 conferendi

337 868 455 909 gradus
480 867 682 899 academicos
707 865 858 899 omnibus
882 864 1076 908 professori·

338 921 397 953 bns
438 926 469 953 et
500 919 667 963 discipulis
699 919 830 952 scholae
867 918 898 951 S.
934 918 1076 950 Thomae

339 973 507 1016 Aquinatis
527 973 647 1006 ibidem
666 973 843 1005 litterarum
865 971 980 1004 studiis
998 981 1077 1013 ope-

338 1037 406 1059 ram
432 1026 642 1066 navantibus;
662 1032 698 1058 ut
714 1031 819 1058 autem
845 1025 929 1058 dicta
952 1024 1077 1056 univer-

338 1080 413 1112 sitas
445 1080 475 1112 in
507 1079 623 1112 maiori
656 1079 844 1112 auctoritate
869 1082 962 1117 esset,
989 1082 1021 1109 et
1046 1087 1077 1109 e-

338 1129 462 1166 iusdem
490 1132 520 1165 S.
549 1133 692 1165 Thomae
719 1132 866 1164 doctrina
891 1130 993 1173 magis
1012 1141 1077 1162 am-

337 1186 501 1230 pliaretur,
517 1186 621 1218 bonae
637 1185 810 1218 memoriae
825 1184 1076 1227 Christopliorus

337 1239 463 1279 Porres,
488 1239 564 1272 dum
590 1238 677 1279 vixit,
700 1238 967 1282 archiepiscopus
1000 1236 1076 1269 dicti

338 1294 411 1326 novi
437 1294 529 1336 regni
554 1293 772 1333 Granatensis,
800 1292 854 1335 qui
881 1293 913 1324 in
945 1290 1078 1324 minori-

338 1347 398 1379 bus
424 1347 613 1380 constituitis
634 1346 871 1389 professionem
892 1345 1076 1387 regularem

339 1400 372 1432 in
396 1399 515 1432 Ordine
541 1400 707 1442 praedicto
734 1399 906 1437 emiserat,
931 1396 1077 1440 magnifi-

341 1464 413 1486 ctun
439 1454 471 1486 in
498 1453 581 1485 dicta
606 1453 731 1485 civitate
760 1452 934 1495 collegium
960 1451 1075 1491 maius,

340 1507 372 1539 in
399 1518 463 1550 quo
481 1507 660 1539 saeculares
681 1506 807 1538 nobiles
828 1511 859 1538 et
882 1506 986 1537 bonae
1004 1515 1079 1536 con-

342 1560 474 1593 ditionis
498 1561 728 1600 edocerentur,
753 1561 811 1591 sua
834 1559 983 1601 impensa
1008 1558 1079 1589 fun-

343 1614 489 1653 daverit,
521 1614 553 1646 in
590 1624 694 1656 eoque
732 1612 872 1645 erexerit
906 1612 1077 1645 cathedras

342 1668 586 1712 philosophiae,
613 1677 722 1699 sacrae
749 1665 946 1707 theologiae,
973 1676 1079 1698 sacro-

342 1732 413 1753 rum
441 1731 599 1753 canonum
626 1726 656 1752 ct
680 1721 798 1761 legum,
816 1719 932 1762 quibus
958 1729 1015 1761 pro
1034 1718 1081 1750 in-

344 1774 457 1807 stituto
491 1779 539 1806 est
572 1772 663 1815 sequi
700 1778 731 1805 et
762 1773 877 1805 docere
903 1771 1081 1804 doctrinam

344 1829 376 1862 S.
404 1829 556 1868 Thomae,
581 1833 680 1871 prout
704 1826 826 1860 ibidem
853 1826 885 1859 fit
913 1837 985 1859 cum
1017 1836 1083 1857 ma-

346 1885 406 1926 gna
431 1882 567 1915 utilitate
601 1881 818 1920 studentium,
845 1880 910 1922 qui,
931 1884 1004 1923 post
1027 1890 1084 1922 pe-

347 1941 435 1969 racta
459 1935 572 1975 studia,
598 1939 827 1977 susceptasque
845 1933 877 1965 in
904 1932 986 1966 dicta
1013 1932 1085 1965 uni-

347 1990 499 2023 versitate
524 1990 661 2027 laureas,
679 1988 717 2020 ad
739 1987 906 2020 servitium
933 1987 1087 2020 ecclesia-

348 2053 420 2075 rum
454 2053 490 2075 ac
523 2042 562 2074 ad
596 2040 777 2073 ministeria
808 2040 1025 2083 parochorum
1056 2044 1087 2072 et

349 2095 644 2139 praebendatorum
671 2093 896 2135 admittuntur)
920 2092 1088 2126 nihilomi—

351 2159 422 2188 nus,
442 2148 628 2181 huiusmodi
651 2145 783 2189 pacifica
800 2145 1005 2189 possessione
1021 2156 1088 2187 gra-

353 2202 412 2235 dus
444 2201 477 2234 in
509 2202 623 2235 eadem
655 2199 864 2234 universitate
893 2199 1088 2242 suscipiendi

354 2266 420 2289 non
442 2256 602 2295 obstante,
621 2255 797 2288 nonnullae
811 2264 971 2297 personae
992 2264 1010 2286 a
1025 2264 1090 2286 mo-

356 2310 429 2343 dico
455 2315 600 2353 tempore
626 2319 792 2344 rumorem
826 2312 1033 2351 sparserunt,
1060 2312 1091 2339 et

357 2363 426 2397 aliis
451 2363 651 2406 persuadere
676 2362 779 2395 conati
806 2367 891 2401 sunt,
912 2361 998 2404 quod
1023 2371 1091 2403 gra-

359 2416 425 2456 dus,
440 2417 472 2448 in
487 2417 627 2458 praefata
647 2415 854 2448 universitate
875 2414 1008 2458 recepti,
1027 2425 1092 2447 non

359 2469 424 2503 sint
449 2469 646 2502 sufficientes
667 2473 697 2502 et
721 2469 814 2502 validi
838 2469 876 2501 ad
899 2468 960 2501 hoc
977 2473 1012 2500 ut
1028 2478 1093 2511 gra-

361 2522 447 2555 duati
470 2522 595 2565 possint
618 2522 741 2554 admitti
760 2522 798 2554 ad
825 2521 1048 2565 oppositiones
1065 2526 1096 2554 et

361 2585 536 2609 concursus
560 2575 819 2618 praebendarum
852 2574 1095 2617 magistralium,

1119 489 1272 532 praefatis
1296 489 1410 522 officiis
1436 495 1467 522 et
1491 488 1699 531 dignitatibus
1724 489 1855 522 omnino

1120 542 1306 583 excludunt,
1333 547 1373 583 et,
1406 547 1566 585 quatenus
1592 553 1647 576 eos
1671 542 1853 583 admittant,

1120 594 1232 627 dicunt
1266 595 1488 639 capitulares,
1513 605 1546 628 se
1576 601 1712 639 propter
1736 595 1855 638 gradus

1120 648 1281 682 defectum
1314 659 1380 682 non
1413 659 1510 692 posse
1540 649 1586 682 eis
1610 650 1717 682 locum
1742 649 1774 682 in
1799 660 1857 683 no-

1119 701 1353 735 minationibus
1372 702 1464 735 dare:
1484 702 1568 746 quod
1584 703 1713 745 quidem
1739 703 1770 735 in
1788 713 1858 746 gra-

1119 755 1287 788 vissimum
1313 756 1476 788 redundat
1500 756 1744 799 praeiudicium
1760 757 1858 789 colle-

1119 809 1249 852 gialium
1274 810 1531 852 supradictorum
1557 820 1594 842 ac
1617 810 1650 842 in
1676 810 1857 843 diminutio-

1118 873 1192 895 nem
1224 863 1469 896 existimationis
1502 863 1666 896 doctrinae
1700 864 1777 896 tanti
1802 864 1857 896 do-

1119 916 1226 948 ctoris.
1254 916 1330 949 Cum
1366 917 1453 948 enim
1489 926 1555 948 non
1591 927 1626 948 ex
1664 916 1739 949 alia'
1760 918 1857 949 causat

1120 969 1343 1009 excludantur,
1360 979 1456 1011 quam
1470 979 1507 1001 ex
1522 979 1561 1001 eo
1584 969 1671 1012 quod
1690 969 1856 1002 doctrinae

1119 1021 1266 1054 eiusdem
1309 1021 1340 1054 S.
1378 1021 1520 1054 Thomae
1556 1032 1711 1064 sequaces
1753 1027 1785 1055 et
1822 1022 1856 1055 in

1119 1075 1255 1117 praefati
1292 1074 1422 1108 Ordinis
1459 1066 1669 1109 universitate
1708 1076 1856 1119 graduati

1120 1128 1194 1168 sint,
1219 1139 1315 1161 nemo
1340 1128 1479 1172 amplius
1504 1129 1575 1169 erit,
1600 1129 1654 1172 qui
1687 1130 1856 1163 doctrinae

1120 1181 1151 1213 S.
1170 1181 1313 1214 Thomae
1335 1181 1450 1214 studiis
1476 1192 1609 1224 operam
1626 1183 1703 1215 dare
1721 1183 1807 1223 velit,
1826 1188 1858 1216 et

1120 1234 1206 1267 intra
1222 1234 1383 1267 modicum
1403 1240 1529 1278 tempus
1553 1234 1725 1278 collegium
1751 1246 1857 1279 supra-

1121 1287 1253 1327 dictum,
1281 1288 1366 1330 quod
1393 1288 1491 1321 hodie
1517 1288 1697 1321 litterarum
1721 1289 1860 1321 semina-

1121 1341 1204 1374 rium
1229 1346 1287 1381 est,
1304 1342 1505 1374 destructum
1523 1342 1715 1382 remanebit,
1738 1343 1860 1385 peribit

1121 1395 1327 1434 universitas,
1354 1399 1386 1427 et
1417 1395 1564 1428 doctrina
1588 1395 1619 1428 S.
1650 1395 1792 1428 Thomae
1824 1396 1858 1428 in

1121 1448 1185 1492 illis
1209 1448 1357 1491 partibus
1389 1448 1619 1489 extinguetur,
1645 1458 1726 1491 quae
1751 1453 1859 1481 tamen

1121 1502 1197 1535 olim
1213 1513 1230 1534 a
1244 1501 1354 1534 multis
1376 1501 1529 1534 Romanis
1543 1501 1752 1535 Pontificibus
1770 1512 1859 1545 prae-

1122 1555 1349 1589 decessoribus
1385 1556 1503 1588 nostris
1534 1556 1756 1589 commendata
1784 1555 1867 1596 fuit,-

1122 1619 1187 1641 non
1213 1608 1283 1641 sine
1308 1610 1461 1642 mandato
1489 1614 1525 1641 ut
1549 1609 1635 1642 illius
1660 1608 1859 1653 ampliationi

1123 1662 1155 1694 in
1179 1662 1440 1696 universitatibus
1459 1673 1559 1706 opera
1584 1664 1725 1698 daretur.

1168 1717 1182 1760 g
1207 1716 1237 1749 Ξ.
1264 1716 1342 1750 Cuin
1369 1723 1485 1757 autem,
1512 1717 1595 1751 sicut
1623 1719 1738 1752 eadem
1763 1729 1861 1763 expo-

1126 1770 1200 1803 sitio
1225 1770 1450 1813 subiungebat,
1469 1781 1539 1812 nos,
1557 1782 1616 1814 per
1630 1772 1784 1815 quasdam
1804 1782 1862 1806 no·
1872 1780 2000 1828 {misnam

1126 1829 1208 1857 stras
1250 1824 1283 1856 in
1327 1824 1424 1857 simili
1469 1825 1573 1858 forma
1616 1825 1725 1859 Brevis
1776 1836 1861 1860 anno

1126 1887 1284 1911 unctxvxi
1310 1878 1476 1921 expeditas
1501 1878 1634 1919 litteras,
1657 1879 1696 1912 de
1730 1890 1863 1913 venera-

1127 1931 1238 1964 bilium
1266 1931 1397 1965 fratrum
1422 1938 1608 1965 nostrorum
1633 1932 1662 1966 S.
1680 1932 1718 1966 R.
1736 1933 1772 1966 Ε.
1794 1943 1865 1966 car-

1129 1983 1285 2017 dinalium
1329 1984 1472 2027 negociis
1512 1986 1745 2028 propagandae
1786 1985 1864 2020 fidei

1130 2037 1394 2080 praepositorum
1418 2038 1564 2078 consilio,
1583 2038 1766 2072 facultatem
1790 2049 1867 2072 con-

1131 2090 1254 2123 ferendi
1285 2090 1401 2133 gradus
1430 2091 1642 2125 scholasticos
1662 2092 1695 2124 in
1715 2092 1867 2126 omnibus

1131 2143 1284 2183 scientiis,
1304 2154 1386 2186 quae
1411 2143 1443 2176 in
1462 2144 1602 2187 collegio
1619 2145 1654 2178 B.
1670 2145 1867 2179 Ferdinandi

1132 2197 1219 2239 regis
1253 2197 1404 2230 catholici
1435 2197 1542 2230 Sancti
1580 2198 1755 2242 nuncupati
1792 2198 1868 2232 dicti

1132 2249 1260 2283 Ordinis
1274 2250 1420 2282 'civitatis
1442 2249 1600 2288 Quitensis
1624 2251 1658 2283 in
1678 2251 1802 2285 eisdem
1819 2251 1870 2284 In·

1134 2303 1195 2336 diis
1211 2303 1491 2336 Occcidentalibus
1506 2304 1712 2345 docerentur,
1730 2305 1791 2337 sub
1808 2314 1873 2338 cer·

1135 2357 1174 2389 tis
1199 2357 1295 2390 modo
1327 2362 1359 2389 et
1389 2357 1490 2390 forma
1515 2362 1591 2390 tunc
1615 2357 1773 2400 expressis
1798 2368 1873 2391 con-

1136 2410 1344 2451 cesserimus,
1375 2410 1562 2443 carissimus
1586 2420 1663 2444 vero
1687 2410 1720 2443 in
1745 2410 1873 2445 Christo

1137 2464 1222 2497 filius
1248 2470 1360 2497 noster
1395 2464 1525 2498 Carolus
1560 2464 1789 2507 Hispaniarum
1819 2474 1875 2499 rex

1139 2518 1319 2552 catholicus
1349 2528 1414 2552 non
1431 2519 1534 2552 solum
1558 2517 1685 2560 regium
1711 2528 1804 2551 suum
1819 2518 1876 2552 be-

1139 2573 1335 2617 neplacitum
1372 2583 1470 2616 super
1504 2571 1707 2606 institutione
1746 2571 1875 2616 collegii

1861 175 1911 201 An.
1933 175 1960 201 C.
1976 175 2040 205 last

1889 1726 2053 1753 Praerogativao

1872 1753 1959 1774 alterius
1971 1759 2054 1774 uuiver-

1999 1780 2054 1800 heau
