2111 3157
389 158 454 191 ‚llo

395 216 501 249 lorum
527 217 563 248 B.
593 217 634 248 M.
668 216 700 248 V.
725 217 757 247 in
780 215 918 248 ecclesiis
942 216 1081 257 fratrum

393 269 562 303 Servorum
587 269 725 302 eiusdem
754 270 790 301 B.
812 269 854 300 ils.
885 268 917 301 V.
946 267 1082 301 er·cc!z's¹.

159 165 208 193 An.
226 166 254 194 C.
279 166 340 193 1081

530 358 726 386 Innocentius
750 359 828 391 Papa
850 358 899 389 XI,

469 405 507 430 ad
527 406 701 437 perpetuam
721 402 764 429 rei
784 402 963 429 memoriam.

392 483 586 516 Commissae
612 482 704 515 nobis
727 493 743 514 a
760 482 894 514 Domino
915 481 1082 525 dispensa-

349 536 444 569 tionis
470 535 549 568 ratio
576 535 673 577 exigit
697 540 731 567 ut
758 535 944 567 caelestium
971 545 1081 566 mune-

348 599 414 621 rum
442 589 613 621 thesauros
638 588 788 631 prudenti
823 587 974 629 fidelique
1002 587 1080 619 libc-

347 642 471 674 ralitate
499 651 675 683 erogemus,
699 652 769 674 cum
791 641 822 673 id
843 640 880 672 ad
900 641 1078 682 augendam

347 693 490 726 fidelium
517 693 709 735 religionem
735 698 766 726 ct
790 693 971 725 animarum
995 694 1080 725 salu-

347 753 409 779 tem
436 757 602 789 speramus
633 746 663 778 in
692 746 827 779 Domino
861 746 1075 789 profuturmn.

206 810 334 835 taunacum
390 800 404 842 ἓ
434 799 460 831 1.
488 799 783 842 SupplicatIonibus
808 798 916 841 itaque
943 799 1079 831 dilccto-

153 836 333 884 ffiissiiififfliii'ss‘iiiss
346 863 416 884 rum
442 851 581 885 filiorum
607 852 724 894 prioris
750 851 919 894 generalis,
945 856 975 883 et
1004 862 1078 894 pro-

153 897 191 911 ”¹³'
345 905 501 938 curatoris
519 905 677 947 generalis
702 904 830 937 Ordinis
856 904 989 937 fratrum
1011 904 1078 937 Ser-

344 968 453 990 vorum
492 957 606 990 Mariae
642 957 780 999 Virginis
816 956 946 989 nomine
984 957 1076 989 nobis

345 1020 442 1053 super
467 1010 527 1042 hoc
551 1010 720 1042 humiliter
744 1009 901 1052 porrectis
920 1009 1074 1049 inclinati,

344 1062 491 1096 omnibus
509 1067 540 1094 et
564 1063 700 1104 singulis
726 1061 940 1094 confratribus
956 1066 988 1094 et
1004 1072 1077 1094 con-

344 1115 508 1148 sororibus
548 1115 846 1147 confraternitatum
885 1115 944 1147 sub
983 1115 1076 1147 titulo

343 1168 471 1211 Septem
493 1168 645 1201 Dolorum
666 1167 810 1200 eiusdem
827 1168 943 1200 Beatac
961 1167 1076 1201 Mariae

343 1220 489 1263 Virginis,
510 1226 572 1253 tam
597 1221 753 1253 hactenus
771 1221 803 1252 in
829 1221 974 1253 ecclesiis
1000 1221 1075 1254 dicti

343 1274 469 1306 Ordinis
487 1280 677 1313 erectarum,
695 1284 789 1317 quam
808 1274 962 1318 deinceps
980 1285 1077 1317 quan-

344 1327 521 1370 documque
547 1327 787 1370 erigendarum,
807 1337 881 1360 vere
906 1327 1076 1370 poeniten-

344 1380 427 1413 tibus
452 1386 482 1412 et
502 1380 666 1419 confessis,
685 1390 720 1412 ac
741 1382 830 1412 sacra
848 1380 1075 1413 communione

344 1432 491 1472 refectis,
518 1433 571 1476 qui
597 1443 672 1465 suae
698 1433 875 1475 respective
901 1434 1078 1466 confrater-

345 1485 451 1518 nitatis
471 1485 638 1518 ecclcsiam
663 1496 717 1518 scu
744 1487 923 1529 cappellam
941 1488 990 1520 vel
1009 1498 1078 1519 ora-

346 1538 460 1570 torium
487 1538 647 1571 dominica
672 1539 833 1572 Passionis
859 1550 875 1571 a
892 1540 1002 1582 primis
1027 1552 1079 1573 ve-

344 1592 444 1630 speris
467 1602 568 1634 usque
595 1592 633 1624 ad
659 1602 807 1624 occasum
833 1592 911 1625 solis
933 1593 1076 1626 ciusdem

344 1644 523 1676 dominicae
543 1645 634 1677 annis
655 1645 788 1688 siugulis
807 1646 921 1679 devote
936 1646 1078 1679 visitave-

344 1697 417 1737 rint,
439 1697 548 1740 ibique
575 1698 643 1740 pias
662 1698 936 1731 considerationes
953 1706 1076 1743 septem

345 1750 493 1782 dolorum
520 1751 729 1783 Beatissimae
754 1751 903 1794 Virginis,
930 1758 962 1785 et
984 1764 1077 1796 prae-

344 1803 436 1845 cipue
463 1802 623 1835 Passionis
643 1802 762 1836 domiui
782 1804 881 1836 nostri
900 1804 968 1837 lcsu
987 1805 1077 1837 C'uri-

344 1855 382 1887 sti
409 1855 557 1894 fecerint,
576 1867 610 1887 ac
637 1867 694 1898 pro
719 1856 969 1890 christianorum
994 1858 1077 1901 prin-

343 1907 448 1950 cipum
467 1909 648 1948 concordia,
666 1909 834 1942 haeresum
852 1910 1075 1954 extimatione,

343 1971 379 1993 ac
403 1966 530 1993 sanctae
557 1962 667 1994 matris
691 1962 850 1995 Ecclesiae
880 1965 1076 1997 exaltatione

344 2009 413 2052 pias
439 2010 478 2042 ad
504 2010 602 2043 Deum
628 2019 739 2053 preces
765 2010 947 2052 effuderint,
966 2014 1077 2056 plena-

344 2061 421 2094 riam
440 2063 581 2095 omnium
598 2068 802 2106 pcccatorum
824 2074 955 2098 suorum
973 2065 1078 2099 indul-

345 2115 483 2157 gentiam
515 2121 546 2148 et
571 2116 797 2150 remissionem
825 2118 1078 2153 misericorditer

345 2169 564 2202 concedimus.

183 493 301 514 Emmum.

382 2283 392 2308 1
415 2283 544 2310 Concessa
572 2284 621 2311 fuit
649 2284 813 2321 indulgentia
834 2286 954 2322 plenaria
973 2288 1078 2315 confra-

347 2326 516 2353 ternitatibus
535 2328 643 2355 habitus
664 2330 806 2357 Servorum
823 2332 853 2357 Β.
871 2332 907 2358 M.
926 2332 953 2360 V.
975 2333 1007 2359 nb
1027 2334 1078 2360 lioc

346 2371 475 2397 Pontifice
495 2371 520 2397 in
540 2376 624 2399 const.
646 2374 688 2400 ed.
713 2382 887 2408 murztxxvuu,
912 2376 956 2403 die
981 2377 1014 2403 30
1040 2378 1078 2404 ia-

346 2415 443 2445 nuarii,
465 2419 536 2449 pont.
558 2422 582 2447 1;
603 2416 664 2443 item
690 2418 715 2443 in
736 2423 821 2445 const.
847 2420 888 2446 ed.
915 2427 1077 2453 mocrixxxlu,

346 2457 389 2484 die
404 2458 437 2484 24
451 2459 576 2491 octobris,
594 2464 929 2493 pont.v111,c0nli1·matu1n
945 2464 993 2490 suit
1008 2473 1079 2491 sum-

347 2502 458 2528 marium
475 2503 592 2529 omnium
609 2503 833 2538 indulgentiarum
853 2508 1078 2535 confraternitati-

346 2545 396 2574 bus
411 2546 516 2583 Septem
532 2546 653 2574 Ueiorum
671 2558 865 2577 confessarium,

928 168 1103 191 Dt‘ttAttlt‘M
1130 169 1191 192 ram
1201 169 1279 193 xJsst'M

1864 170 1911 197 An.
1934 171 1962 197 C.
1987 172 2047 200 lsssi

1171 216 1185 258 g
1211 215 1241 248 ⁶2.
1269 215 1398 249 Eisdem
1415 226 1491 250 vero
1511 217 1723 250 confratribus
1741 223 1772 251 et
1789 228 1863 251 con·
1923 231 2052 258 induigeas,

1127 269 1292 301 sororibus
1325 279 1384 312 pcr
1420 280 1539 302 annum
1577 271 1804 303 exercentibus
1827 259 2051 310 sess‘e’i‘r'uiii'miiiffum

1127 316 1314 354 huiusmodi
1340 322 1674 363 considerationibus,
1700 334 1735 356 ac
1760 324 1862 357 medi-

1127 375 1310 415 tationibus,
1329 385 1365 407 ac
1388 376 1549 418 precihus,
1575 377 1768 418 praesertim
1791 388 1863 410 ora-

1091 453 1093 455 ,
1127 427 1214 460 tione
1241 428 1402 460 dominica
1435 433 1467 461 et
1491 429 1683 462 salutatione
1717 430 1863 473 angelica

1126 491 1196 513 cum
1222 480 1345 513 cantico
1363 480 1474 513 Stabat
1492 485 1594 513 mater
1614 482 1772 523 dolorosa,
1790 488 1860 524 etc„

1126 533 1155 565 in
1183 533 1326 565 ecclesiis
1353 534 1527 575 praedictis
1556 535 1696 575 recitari,
1722 536 1860 579 aliisque

1123 585 1345 628 spiritualibus
1372 586 1534 619 exercitiis
1559 587 1678 620 ibidem
1697 588 1765 621 fieri
1787 589 1860 622 soli-

1124 638 1175 678 tis⁷
1203 649 1239 671 ac
1265 643 1299 670 ut
1323 640 1504 681 praefertur
1529 640 1706 681 orantibus,
1734 641 1861 684 quoties

1122 691 1153 723 id
1172 691 1308 733 egerint,
1324 692 1418 724 toties
1444 697 1572 725 centum
1598 693 1666 726 dies
1692 694 1730 726 de
1755 694 1860 726 iniun-

1122 743 1179 775 ctis
1198 744 1253 783 eis,
1272 749 1326 776 aut
1346 744 1423 777 alias
1449 746 1695 788 quomodolibet
1719 757 1777 789 per
1801 758 1858 780 eos

1123 796 1240 829 debitis
1273 797 1484 840 poenitentiis
1509 797 1540 830 in
1566 799 1670 832 forma
1695 799 1859 833 Ecclesiae

1122 852 1276 882 consueta
1301 851 1494 884 relaxamus.

1165 903 1179 945 ἓ
1204 902 1235 935 3.
1263 903 1435 936 Praeterea
1460 904 1675 938 confratribus
1692 910 1724 938 et
1742 916 1859 940 conso·
1907 916 2050 943 Indulgentiae

1121 955 1247 987 roribus
1273 956 1447 998 praedictis
1474 958 1656 996 ecclesiam,
1674 969 1730 991 seu
1752 945 1989 1002 capel-³⁸⁸²mnum'

1121 1009 1194 1048 lam,
1212 1010 1262 1041 vel
1287 1009 1464 1042 oratorium
1489 1021 1563 1043 suae
1581 1012 1761 1054 respective
1782 1023 1859 1045 con-

1122 1060 1331 1094 fraternitatis
1357 1062 1471 1095 diehus
1488 1063 1662 1096 stationum
1681 1065 1783 1098 almae
1802 1065 1858 1098 Ur-

1121 1113 1169 1145 bis
1184 1119 1314 1147 nostrae
1336 1114 1368 1147 in
1387 1125 1523 1148 romano
1541 1116 1661 1149 missali
1687 1117 1857 1160 descriptis

1121 1167 1236 1199 devote
1254 1168 1376 1210 pariter
1392 1168 1595 1201 visitantibus
1622 1175 1653 1202 et
1677 1169 1856 1211 orantibus,

1120 1224 1155 1251 ut
1179 1230 1285 1262 supra,
1307 1221 1393 1263 quod
1420 1231 1533 1254 omnes
1547 1226 1579 1254 et
1592 1221 1736 1264 singulas
1755 1222 1857 1256 indul-

1121 1272 1246 1314 gentias
1271 1277 1304 1304 et
1338 1278 1545 1316 peccatorum
1579 1274 1788 1308 remissiones
1820 1286 1857 1309 ac

1120 1324 1393 1368 poenitentiarum
1417 1326 1635 1360 relaxationes
1655 1337 1858 1372 consequan-

1122 1383 1192 1418 tur,
1223 1388 1302 1421 quas
1333 1384 1615 1422 consequerentur
1645 1379 1670 1413 si
1705 1381 1857 1415 ecclesias

1123 1436 1183 1463 tam
1199 1431 1282 1464 intra
1296 1441 1390 1474 quam
1407 1437 1495 1465 extra
1513 1433 1656 1466 eamdem
1671 1433 1787 1467 Urbem
1803 1445 1858 1477 po-

1121 1484 1207 1523 sitas,
1225 1484 1263 1517 ad
1286 1484 1317 1517 id
1332 1485 1517 1525 destinatas,
1545 1487 1660 1519 diebus
1682 1487 1857 1520 stationum

1122 1538 1310 1572 huiusmodi
1341 1540 1559 1583 personaliter
1584 1545 1614 1572 et
1639 1541 1754 1574 devote
1783 1541 1858 1574 visi-

1123 1596 1259 1632 tassent;
1283 1596 1382 1635 utque
1408 1592 1505 1625 iidem
1527 1593 1704 1625 confratres
1729 1599 1761 1626 et
1784 1604 1859 1626 con-

1120 1654 1260 1684 sorores,
1279 1648 1342 1677 tam
1356 1644 1539 1687 praedictas
1557 1655 1653 1688 quam
1671 1646 1747 1678 alias
1764 1656 1859 1689 quas-

1120 1707 1257 1740 cumque
1282 1697 1502 1739 indulgentias
1527 1703 1558 1730 ct
1582 1703 1790 1740 peccatorum
1809 1710 1858 1732 re-

1120 1750 1290 1783 missiones
1317 1755 1348 1782 et
1376 1750 1650 1793 poenitentiarum
1683 1752 1858 1785 relaxatio-

1120 1813 1188 1843 neS,
1206 1803 1299 1836 dictis
1320 1804 1641 1836 confraternitatibus
1666 1816 1683 1837 a
1704 1805 1857 1838 Romanis

1120 1856 1328 1889 Pontificibus
1348 1857 1656 1899 praedecessoribus
1675 1858 1795 1891 nostris
1821 1870 1858 1892 ac

1120 1909 1216 1942 etiam
1242 1910 1350 1942 forsan
1368 1920 1384 1941 a
1400 1909 1495 1942 nobis
1516 1911 1765 1953 quomodolibet
1782 1922 1859 1944 con-

1119 1971 1236 2001 cessaS,
1253 1962 1396 1995 fidelium
1416 1962 1643 1995 defunctorum
1669 1963 1857 2004 animabuS,

1121 2025 1201 2058 quae
1219 2015 1283 2048 Deo
1297 2015 1330 2048 in
1347 2015 1506 2048 charitate
1522 2015 1715 2048 coniunctae
1742 2017 1780 2049 ab
1798 2016 1858 2049 hac

1120 2068 1189 2101 luce
1214 2068 1444 2111 migraverint,
1476 2077 1535 2111 per
1558 2069 1691 2101 modum
1715 2068 1857 2112 suffragii

1120 2121 1282 2164 applicare
1307 2121 1441 2164 possint,
1473 2121 1681 2154 concedimus
1707 2120 1859 2154 similiter

1121 2180 1153 2208 et
1171 2167 1393 2217 indulgemus.
1431 2174 1660 2207 Praesentibus
1694 2174 1859 2218 perpetuis

1123 2228 1234 2260 futuris
1263 2227 1463 2271 temporibus
1488 2227 1648 2260 valituris.
1676 2272 1678 2276 ι

1165 2281 1179 2323 g
1204 2280 1235 2313 Ιι.
1258 2280 1327 2313 Non
1345 2281 1496 2314 obstante
1514 2280 1624 2314 nostra
1642 2281 1681 2314 de
1698 2291 1764 2314 non
1782 2291 1861 2315 con-

1121 2333 1274 2366 cedendis
1303 2333 1518 2377 indulgentiis
1548 2334 1587 2366 ad
1616 2334 1735 2374 instar,
1765 2334 1857 2368 aliis-

1121 2397 1183 2430 que
1216 2387 1500 2420 constitutionibus
1536 2391 1567 2419 et
1598 2387 1862 2421 ordinationibus

1121 2441 1321 2482 apostolicis,
1341 2440 1523 2483 ceterisque
1541 2440 1713 2473 contrariis
1731 2440 1861 2484 quibus-

1121 2503 1270 2535 cumque.

1166 2546 1179 2588 ἓ
1213 2545 1244 2578 5.
1272 2545 1425 2579 Volumus
1466 2552 1572 2579 autem
1597 2551 1634 2579 ut
1670 2538 2052 2591 earumdem,n...f.‚¹.‘2⁰siiu².‘²‘'‘

1897 2285 2015 2309 ctnusuloo.
2027 2291 2033 2296 ⁴
