2111 3157
49 222 102 253 An,
119 221 147 250 C.
171 221 237 248 1680

89 1374 223 1397 Confirmatio

42 1399 155 1424 Pontifictn.

242 270 366 303 niarum
402 276 431 303 et
462 271 642 304 Lusitaniae
674 272 773 304 altera
807 283 841 303 ex
868 272 967 314 parti-

242 324 313 362 bus,
341 334 434 356 saera
459 325 669 366 Congregatio
703 324 970 357 eminentissimo-

240 385 310 407 rum
336 376 366 408 S.
394 376 430 408 R.
457 377 490 408 Ε.
518 377 727 409 cardinalium
763 376 900 417 negotiis
938 381 970 408 et

241 428 532 460 consumationibus
557 429 783 470 episcoporum
802 434 833 460 et
846 428 970 469 regula-

239 479 324 511 rium
346 480 538 522 praeposita,
564 480 707 522 partibus
732 479 859 517 auditis,
888 480 969 511 refe-

240 537 331 565 rente
357 531 611 563 eminentissimo
629 531 823 570 Crescentio,
845 531 969 563 censuit

239 593 303 615 non
322 583 419 614 licere
434 583 635 614 Discalceatis
652 583 700 614 ins
718 583 913 624 aggregandi
929 583 965 614 ad

239 634 531 666 confraternitatem
561 634 818 666 Cincturatorum
848 634 877 666 S.
906 635 967 666 Ma-

238 686 304 718 riae
336 686 374 719 de
399 686 624 719 Consolatione
645 687 781 729 positam
809 687 841 718 in
867 687 967 718 eccle-

238 738 283 770 sia
316 738 347 771 S.
374 739 477 771 Iacobi
515 739 694 778 Bononiae;
733 749 825 781 posse
860 744 986 770 tan2en=

238 791 361 832 erigere
400 791 678 823 confraternitates
715 791 965 833 Corrigiatornm

236 843 269 875 in
287 843 427 885 propriis
448 854 557 875 eorum
584 843 728 876 ecclesiis
750 849 880 882 tantum,
900 854 966 875 ser-

236 899 308 928 vata
329 901 433 927 tamen
460 896 559 927 forma
577 895 814 928 constitutionis
838 902 964 928 sanctae

236 948 412 980 memoriae
456 948 630 980 Clementis
672 948 734 980 Vltt
779 948 963 990 incipientis

238 1000 475 1044 Quaecumque,
495 1006 566 1039 etc.‚
586 1006 751 1033 emanatae
771 1001 829 1033 sub
857 1001 906 1033 dic
920 1011 963 1033 vn

237 1053 415 1085 decembris
432 1063 540 1093 MDCIV,
569 1058 600 1085 et
628 1054 790 1086 decretum
819 1053 962 1085 eiusdem

236 1115 346 1138 sacrae
374 1105 659 1147 Congregationis;
676 1105 816 1148 ideoque
835 1106 964 1137 erectio-

235 1168 307 1190 nem
334 1158 446 1190 factam
471 1158 502 1189 in
529 1158 664 1190 ccclesia
694 1158 964 1190 Discalceatorum

234 1209 266 1241 in
288 1209 412 1242 civitate
437 1210 637 1252 Ulyssiponis
660 1220 729 1241 esse
755 1210 887 1241 nnllam.
909 1209 965 1241 Ro-

234 1272 315 1300 mae,
338 1272 396 1294 xxx
419 1262 611 1304 septembris
626 1271 822 1301 nnctxxvui,
844 1260 879 1293 G.
896 1271 964 1293 car-

236 1313 351 1346 dinalis
367 1314 543 1347 CARPmEus
567 1326 598 1346 n.

278 1366 338 1409 §2
357 1367 431 1399 Cum
447 1373 561 1407 antem,
579 1367 660 1399 sicut
678 1367 789 1399 cadem
806 1367 964 1409 expositio

235 1420 458 1463 subiungebat,
478 1421 640 1464 praefatus
670 1420 853 1452 Dominiens
878 1419 965 1462 prior
983 1431 984 1435 ¹

235 1473 394 1515 generalis
420 1474 586 1506 decretum
612 1473 810 1510 huiusmodi,
831 1483 895 1515 quo
913 1472 965 1504 fir-
983 1502 985 1510 ,

234 1526 318 1558 mins
336 1526 485 1558 subsistat
505 1531 536 1558 et
552 1532 697 1559 servetur
722 1526 874 1565 exactius,
893 1536 965 1568 apo-

234 1579 365 1611 stolicae
380 1584 507 1611 nostrae
522 1578 775 1611 confirmationis
786 1578 964 1621 patrocinio

235 1631 439 1670 communiri,
466 1642 501 1663 ac
526 1632 604 1663 alias
623 1636 804 1673 opportune
825 1630 856 1662 in
874 1640 965 1672 prac-

234 1683 338 1716 missis
368 1694 384 1715 a
408 1683 500 1715 nobis
524 1683 686 1725 provideri
715 1688 745 1715 et
769 1689 803 1715 ut
828 1683 909 1714 infra
925 1684 964 1714 in-

235 1736 361 1778 dulgeri
379 1737 552 1779 plurimum
574 1736 757 1768 desideret:
780 1747 848 1775 nos,
868 1736 964 1778 ipsius

234 1789 390 1821 Dominici
405 1789 521 1831 prioris
537 1789 697 1831 generalis
711 1789 790 1821 votis
808 1789 868 1820 liae
885 1789 915 1820 in
930 1800 963 1820 rc

234 1848 386 1884 quantum
411 1852 482 1874 cum
510 1842 644 1874 Domino
679 1852 845 1884 possumus
881 1842 965 1873 favo-

233 1894 379 1926 rabiliter
413 1904 556 1927 annuere
591 1896 756 1933 volentes,
785 1905 922 1937 eumque
948 1905 964 1925 a

234 1947 399 1989 quibusvis
415 1947 767 1986 excommunicationi&
785 1947 965 1989 suspensio-

233 1998 283 2030 nis
309 2004 341 2031 et
366 1999 545 2038 interdicti,
572 1999 708 2042 aliisque
741 1999 965 2031 ecclesiasticis

233 2051 416 2091 sententiis,
435 2051 580 2083 censuris
601 2057 633 2084 et
657 2051 782 2093 poenis,
799 2062 814 2082 a
832 2051 901 2083 iurc
916 2053 964 2083 vel

234 2103 272 2135 ab
299 2103 444 2143 homine,
461 2104 570 2146 quavis
601 2105 769 2136 occasione
795 2105 843 2135 vel
870 2106 986 2139 eansa1

232 2156 317 2196 latis,
344 2157 369 2188 si
390 2157 507 2199 quibus
526 2156 769 2198 quomodolibet
792 2157 964 2188 innodatus
985 2164 986 2173 ³

234 2209 353 2247 existit,
373 2209 411 2241 ad
429 2208 577 2241 effectum
601 2209 816 2251 praesentium
843 2210 967 2241 dnnita¹

232 2266 286 2293 καὶ
309 2261 585 2303 consequendum,
610 2261 721 2293 harum
750 2261 832 2293 serie
861 2262 965 2294 absol-

236 2319 345 2346 ventes
359 2321 389 2346 et
407 2314 590 2346 absolutum
613 2314 679 2346 fore
698 2320 878 2354 censentes,
894 2325 966 2357 sup-

234 2366 466 2409 plicationibus
499 2367 566 2399 eius
591 2367 721 2399 nomine
754 2368 846 2399 nobis
872 2379 987 2410 snperl

235 2419 298 2451 hoc
324 2419 490 2452 humiliter
513 2418 671 2461 porrectis
688 2419 841 2459 inclinati,
861 2421 967 2452 decre>

235 2475 302 2503 tum
320 2471 562 2514 praeinsertnm,
577 2471 766 2503 anctoritate
778 2473 963 2514 apostolica,

235 2528 349 2556 tenore
371 2524 600 2566 praesentium,
615 2524 839 2556 confirmamus
861 2530 892 2557 et
909 2536 965 2567 ap-

235 2577 421 2622 probamus,
438 2577 549 2620 illique
575 2577 769 2609 inviolabilis
788 2582 818 2609 et
839 2583 967 2620 aposto—

821 223 1033 251 iuno-GENTtJtS
1054 224 1086 248 xt
1110 222 1158 246 121‘.

1013 272 1092 304 lieae
1118 269 1277 303 firmitatis
1308 270 1409 303 robur
1444 269 1629 307 adiirimus;
1658 269 1743 301 salva

989 341 991 346 ·
1013 328 1116 355 tamen
1142 334 1272 365 semper
1291 324 1323 355 in
1340 322 1526 365 praemissis
1551 322 1741 353 auctoritate

1011 375 1153 407 eiusdem
1198 375 1466 417 Congregationis
1514 373 1739 406 cardinalium.

1010 428 1189 465 Praeterea,
1207 438 1246 459 nc
1268 428 1319 469 pia
1337 427 1595 459 christifidelium
1614 427 1741 459 devotio

1010 479 1042 510 in
1068 479 1278 521 acquisitione
1304 479 1574 521 indulgentiarum
1601 480 1742 521 decipia-

1010 536 1070 570 tur,
1097 532 1281 563 memoratis
1305 532 1428 563 vicariis
1455 532 1658 573 generalibus
1685 533 1742 564 lia-

1010 593 1080 613 rum
1101 583 1182 614 serie
1208 583 1413 625 iniungimus,
1441 590 1473 615 ut
1498 585 1742 616 confraternita-

1010 640 1074 666 tum
1094 635 1348 667 Cincturatornm
1375 636 1558 668 huiusmodi
1585 637 1646 668 iam
1672 647 1741 669 ere-

1009 692 1141 723 ctarum,
1159 692 1189 719 et
1203 698 1260 729 per
1274 698 1329 719 eos
1349 699 1405 719 sen
1430 699 1540 720 corum
1560 694 1741 721 antecesso-

1008 749 1059 771 res
1079 739 1279 781 supradictae
1301 740 1645 772 arcliiconfratcrnitati
1672 742 1739 773 sine

1008 790 1176 823 sufficienti
1195 791 1343 823 facultate
1362 798 1617 833 aggregatarnm
1633 804 1740 834 aegre·

1007 842 1169 884 gationem
1196 854 1212 874 a
1238 843 1381 885 praefato
1408 844 1571 876 Dominico
1600 855 1653 876 sou
1680 856 1738 887 pro

1008 899 1153 937 tempore
1172 896 1326 927 existente
1351 896 1459 938 priore
1485 897 1625 938 generati
1651 897 1740 929 Ordi-

1007 948 1055 979 nis
1083 948 1246 990 praedicti,
1264 948 1481 990 quantocitius
1506 949 1572 981 fieri
1599 950 1736 991 poterit,

1007 1005 1127 1042 petant,
1150 1011 1186 1032 ac
1211 1006 1271 1033 tam
1297 1002 1456 1043 praefatas
1482 1001 1626 1043 Gregorii
1652 1013 1740 1044 prae-

1007 1052 1187 1085 decessoris
1211 1053 1353 1092 litteras,
1384 1064 1476 1095 quam
1502 1054 1738 1096 praeinsertnm

1007 1105 1108 1137 dictae
1134 1105 1397 1147 Congiufgationis
1429 1107 1591 1138 decretum
1624 1118 1738 1149 perpe-

1007 1157 1067 1188 tuis
1085 1158 1197 1189 futuris
1217 1157 1414 1199 temporibus
1441 1158 1669 1191 inviolabiliter
1686 1161 1738 1191 ob-

1007 1215 1145 1247 servent,
1162 1211 1220 1241 sul)
1235 1210 1349 1252 poenis
1370 1216 1479 1243 nostro
1506 1222 1560 1243 seu
1582 1222 1640 1253 pro
1659 1217 1737 1243 tem·

1006 1272 1084 1304 pore
1110 1262 1277 1294 existentis
1312 1263 1444 1295 Romani
1470 1263 1630 1296 Pontificis
1655 1264 1738 1296 arbi·
1763 1266 1766 1275 ⁴

1006 1314 1067 1346 trio
1093 1314 1307 1356 imponendis.

1049 1367 1063 1409 ξ
1088 1366 1118 1399 3.
1143 1367 1359 1400 Decerncntcs
1385 1369 1512 1401 easdem
1548 1376 1737 1411 praesentes

1006 1419 1130 1452 litteras
1152 1430 1282 1462 semper
1302 1420 1417 1459 firmas,
1436 1421 1556 1454 validas
1582 1427 1613 1453 et
1638 1423 1737 1455 effica-

1006 1482 1058 1504 ces
1075 1472 1209 1505 existere
1228 1478 1259 1505 et
1277 1473 1352 1512 fore⁷
1367 1484 1507 1516 suosque
1524 1475 1689 1517 plenarios
1708 1481 1740 1508 et

1007 1524 1148 1566 integros
1179 1524 1309 1557 effectus
1335 1526 1444 1558 sortiri
1470 1532 1501 1559 ct
1525 1527 1685 1567 obtinere,
1703 1539 1738 1560 ac

1007 1576 1080 1614 illis,
1110 1577 1147 1609 ad
1185 1588 1265 1620 quos
1302 1585 1423 1621 spectat
1455 1585 1486 1611 ct
1510 1590 1567 1622 pro
1594 1585 1737 1621 tempore

1007 1629 1176 1670 spectabit,
1201 1630 1388 1672 plenissime
1414 1631 1599 1673 suffragari,
1626 1632 1736 1674 sicque

1006 1680 1037 1711 in
1063 1682 1248 1723 praemissis
1276 1693 1335 1724 per
1365 1694 1583 1726 quoscumque
1618 1684 1738 1716 iudices

1007 1734 1188 1766 ordinarios
1222 1746 1258 1767 ac
1283 1736 1472 1777 delegatos,
1507 1736 1603 1768 ctiam
1630 1748 1737 1769 causa-

1007 1797 1077 1818 rum
1103 1787 1212 1829 palatii
1243 1789 1413 1830 apostolici
1445 1789 1631 1828 auditores,
1658 1789 1739 1821 indi-

1007 1839 1070 1871 cari
1098 1845 1125 1871 et
1153 1840 1279 1872 definiri
1315 1841 1454 1879 debere,
1481 1852 1517 1873 ae
1550 1841 1672 1873 irritum
1708 1847 1739 1873 et

1007 1891 1101 1923 inane
1132 1892 1158 1924 si
1184 1903 1276 1924 secus
1300 1904 1396 1935 super
1428 1894 1476 1925 liis
1512 1904 1528 1926 a
1553 1904 1736 1937 quoquam,

1007 1946 1115 1988 quavis
1140 1946 1340 1983 anctoritate,
1359 1947 1499 1979 scienter
1514 1948 1561 1979 vel
1587 1947 1739 1988 ignoran-

1007 2003 1056 2029 ter
1081 1998 1253 2039 contigcrit
1278 1999 1436 2032 attentari.

1050 2052 1064 2092 ξ
1088 2050 1118 2082 lt.
1147 2050 1214 2082 Non
1234 2051 1433 2083 obstantibus
1454 2052 1737 2084 constitutionilnis

1007 2108 1036 2135 ct
1060 2103 1316 2135 ordinationilnis
1340 2104 1539 2146 apostolicis,
1566 2110 1736 2146 ac,qnate·

1009 2161 1099 2187 tenus
1116 2166 1194 2198 opus
1213 2156 1261 2195 sit,
1279 2156 1406 2188 Ordinis
1424 2162 1455 2188 et
1471 2157 1736 2199 Congregationis

1008 2208 1211 2247 huiusmodi,
1233 2208 1325 2240 etiam
1352 2209 1544 2247 iuramento,
1572 2210 1736 2242 confirma-

1007 2262 1092 2293 tione
1111 2262 1298 2303 apostolica,
1318 2262 1365 2293 vol
1384 2262 1491 2304 quatis
1512 2261 1659 2294 firmitate
1677 2262 1738 2294 aliti

1008 2315 1189 2353 roboratis,
1215 2314 1341 2347 statutis
1370 2321 1400 2347 et
1431 2315 1736 2353 consuctudinibus,

1008 2367 1185 2409 privilegiis
1222 2378 1368 2410 quoque,
1398 2368 1531 2400 indultis
1565 2373 1596 2399 ct
1626 2367 1738 2400 litteris

1007 2419 1193 2462 apostolicis
1215 2420 1244 2451 in
1270 2418 1466 2452 contrarium
1484 2419 1736 2462 praemissorum

1008 2474 1256 2515 quomodolibet
1280 2473 1454 2511 concessis,
1482 2473 1679 2505 confirmatis
1708 2477 1739 2504 et

1008 2526 1185 2565 innovatis,
1213 2526 1329 2568 quibus
1362 2525 1509 2557 omnibns
1542 2531 1573 2557 et
1593 2525 1735 2564 sinendis,

1008 2579 1137 2611 illorum
1156 2583 1285 2611 tenores
1310 2578 1531 2621 praesentibus
1558 2588 1616 2620 pro
1643 2579 1737 2620 plene

1639 211 1701 243 ⁶230
1750 220 1796 246 Ain.
1814 219 1841 246 C.
1864 219 1931 246 1680

1775 1376 1893 1399 Clausulas.

1816 2059 1929 2089 lli—rogatio

1748 2089 1906 2107 contrarioium.
