<?xml version="1.0" encoding="UTF-8"?>
<!DOCTYPE html PUBLIC "-//W3C//DTD XHTML 1.0 Transitional//EN"
    "http://www.w3.org/TR/xhtml1/DTD/xhtml1-transitional.dtd">
<html xmlns="http://www.w3.org/1999/xhtml" xml:lang="en" lang="en">
 <head>
  <title>
</title>
<meta http-equiv="Content-Type" content="text/html;charset=utf-8" />
  <meta name='ocr-system' content='tesseract 3.04.00' />
  <meta name='ocr-capabilities' content='ocr_page ocr_carea ocr_par ocr_line ocrx_word'/>
</head>
<body>
  <div class='ocr_page' id='page_1' title='image "./bullarumdiplomat19cath_0166.png"; bbox 0 0 2111 3157; ppageno 0'>
   <div class='ocr_carea' id='block_1_1' title="bbox 132 161 430 200">
    <p class='ocr_par' dir='ltr' id='par_1_1' title="bbox 132 161 430 200">
     <span class='ocr_line' id='line_1_1' title="bbox 132 161 430 200; baseline -0.01 -1"><span class='ocrx_word' id='word_1_1' title='bbox 132 172 182 200; x_wconf 73' lang='lat' dir='ltr'>Au.</span> <span class='ocrx_word' id='word_1_2' title='bbox 202 172 230 200; x_wconf 90' lang='lat' dir='ltr'>c.</span> <span class='ocrx_word' id='word_1_3' title='bbox 255 171 322 200; x_wconf 80' lang='grc'>1618</span> <span class='ocrx_word' id='word_1_4' title='bbox 367 161 430 197; x_wconf 69' lang='lat'>132</span> 
     </span>
    </p>
   </div>
   <div class='ocr_carea' id='block_1_2' title="bbox 153 1338 253 1359">
    <p class='ocr_par' dir='ltr' id='par_1_2' title="bbox 153 1338 253 1359">
     <span class='ocr_line' id='line_1_2' title="bbox 153 1338 253 1359; baseline -0.02 0"><span class='ocrx_word' id='word_1_5' title='bbox 153 1338 253 1359; x_wconf 68' lang='lat' dir='ltr'>irritatio.</span> 
     </span>
    </p>
   </div>
   <div class='ocr_carea' id='block_1_3' title="bbox 913 166 1267 194">
    <p class='ocr_par' dir='ltr' id='par_1_3' title="bbox 913 166 1267 194">
     <span class='ocr_line' id='line_1_3' title="bbox 913 166 1267 194; baseline 0 -2"><span class='ocrx_word' id='word_1_6' title='bbox 913 166 1094 194; x_wconf 63' lang='lat' dir='ltr'><strong>BELLARIL&#39;M</strong></span> <span class='ocrx_word' id='word_1_7' title='bbox 1117 166 1267 192; x_wconf 69' lang='lat' dir='ltr'>ROMANUM</span> 
     </span>
    </p>
   </div>
   <div class='ocr_carea' id='block_1_4' title="bbox 325 215 1832 262">
    <p class='ocr_par' dir='ltr' id='par_1_4' title="bbox 325 215 1832 262">
     <span class='ocr_line' id='line_1_4' title="bbox 325 215 1832 262; baseline -0.001 -8"><span class='ocrx_word' id='word_1_8' title='bbox 325 222 365 254; x_wconf 90' lang='lat' dir='ltr'>ab</span> <span class='ocrx_word' id='word_1_9' title='bbox 391 222 506 254; x_wconf 86' lang='lat' dir='ltr'>eodem</span> <span class='ocrx_word' id='word_1_10' title='bbox 531 219 666 253; x_wconf 83' lang='lat' dir='ltr'>consilio</span> <span class='ocrx_word' id='word_1_11' title='bbox 690 218 782 261; x_wconf 74' lang='lat' dir='ltr'>regio</span> <span class='ocrx_word' id='word_1_12' title='bbox 807 217 975 255; x_wconf 78' lang='lat' dir='ltr'>castellae,</span> <span class='ocrx_word' id='word_1_13' title='bbox 1001 225 1058 247; x_wconf 88' lang='lat' dir='ltr'>seu</span> <span class='ocrx_word' id='word_1_14' title='bbox 1077 215 1080 248; x_wconf 88' lang='lat' dir='ltr'>l</span> <span class='ocrx_word' id='word_1_15' title='bbox 1099 225 1165 253; x_wconf 88' lang='lat' dir='ltr'>nes,</span> <span class='ocrx_word' id='word_1_16' title='bbox 1192 216 1322 249; x_wconf 87' lang='lat' dir='ltr'>decreta</span> <span class='ocrx_word' id='word_1_17' title='bbox 1347 223 1379 249; x_wconf 89' lang='lat' dir='ltr'>et</span> <span class='ocrx_word' id='word_1_18' title='bbox 1400 217 1550 251; x_wconf 86' lang='lat' dir='ltr'>mandata</span> <span class='ocrx_word' id='word_1_19' title='bbox 1579 226 1645 251; x_wconf 81' lang='lat' dir='ltr'>tam</span> <span class='ocrx_word' id='word_1_20' title='bbox 1679 218 1832 262; x_wconf 83' lang='lat' dir='ltr'>poenalia</span> 
     </span>
    </p>
   </div>
   <div class='ocr_carea' id='block_1_5' title="bbox 325 267 1058 368">
    <p class='ocr_par' dir='ltr' id='par_1_5' title="bbox 325 267 1058 368">
     <span class='ocr_line' id='line_1_5' title="bbox 325 267 1058 306; baseline -0.01 0"><span class='ocrx_word' id='word_1_21' title='bbox 325 275 397 306; x_wconf 87' lang='lat' dir='ltr'>aliis</span> <span class='ocrx_word' id='word_1_22' title='bbox 437 273 652 306; x_wconf 87' lang='lat' dir='ltr'>tribunalibus</span> <span class='ocrx_word' id='word_1_23' title='bbox 687 273 737 304; x_wconf 81' lang='lat' dir='ltr'>vel</span> <span class='ocrx_word' id='word_1_24' title='bbox 771 269 932 302; x_wconf 86' lang='lat' dir='ltr'>iudicibus</span> <span class='ocrx_word' id='word_1_25' title='bbox 967 267 1058 300; x_wconf 82' lang='lat' dir='ltr'>laicis</span> 
     </span>
     <span class='ocr_line' id='line_1_6' title="bbox 326 321 1057 368; baseline -0.01 -9"><span class='ocrx_word' id='word_1_26' title='bbox 326 327 522 364; x_wconf 80' lang='lat' dir='ltr'>huiusmodi,</span> <span class='ocrx_word' id='word_1_27' title='bbox 544 336 640 368; x_wconf 87' lang='lat' dir='ltr'>super</span> <span class='ocrx_word' id='word_1_28' title='bbox 664 324 756 357; x_wconf 86' lang='grc'>(110113</span> <span class='ocrx_word' id='word_1_29' title='bbox 781 321 975 360; x_wconf 78' lang='lat' dir='ltr'>recursibus,</span> <span class='ocrx_word' id='word_1_30' title='bbox 1000 331 1057 353; x_wconf 89' lang='lat' dir='ltr'>seu</span> 
     </span>
    </p>
   </div>
   <div class='ocr_carea' id='block_1_6' title="bbox 324 377 1079 479">
    <p class='ocr_par' dir='ltr' id='par_1_6' title="bbox 324 377 1079 479">
     <span class='ocr_line' id='line_1_7' title="bbox 324 377 1078 419; baseline -0.008 -8"><span class='ocrx_word' id='word_1_31' title='bbox 324 380 455 412; x_wconf 89' lang='lat' dir='ltr'>illorum</span> <span class='ocrx_word' id='word_1_32' title='bbox 485 378 677 416; x_wconf 76' lang='lat' dir='ltr'>occasione,</span> <span class='ocrx_word' id='word_1_33' title='bbox 705 377 831 409; x_wconf 89' lang='lat' dir='ltr'>diversa</span> <span class='ocrx_word' id='word_1_34' title='bbox 861 379 1078 419; x_wconf 50' lang='lat' dir='ltr'>praecepta,¹</span> 
     </span>
     <span class='ocr_line' id='line_1_8' title="bbox 324 421 1079 479; baseline -0.008 -15"><span class='ocrx_word' id='word_1_35' title='bbox 324 432 554 469; x_wconf 69' lang='lat' dir='ltr'>ordinationes,</span> <span class='ocrx_word' id='word_1_36' title='bbox 581 432 710 463; x_wconf 81' lang='lat' dir='ltr'>decreta</span> <span class='ocrx_word' id='word_1_37' title='bbox 734 434 765 462; x_wconf 88' lang='lat' dir='ltr'>et</span> <span class='ocrx_word' id='word_1_38' title='bbox 784 428 946 467; x_wconf 87' lang='lat' dir='ltr'>mandata,</span> <span class='ocrx_word' id='word_1_39' title='bbox 962 427 1058 460; x_wconf 90' lang='lat' dir='ltr'>etiam</span> <span class='ocrx_word' id='word_1_40' title='bbox 1075 421 1079 479; x_wconf 56' lang='lat' dir='ltr'>J</span> 
     </span>
    </p>
   </div>
   <div class='ocr_carea' id='block_1_7' title="bbox 322 481 1059 631">
    <p class='ocr_par' dir='ltr' id='par_1_7' title="bbox 322 481 1059 631">
     <span class='ocr_line' id='line_1_9' title="bbox 322 481 1058 526; baseline -0.008 -10"><span class='ocrx_word' id='word_1_41' title='bbox 322 484 482 526; x_wconf 82' lang='lat' dir='ltr'>poenalia,</span> <span class='ocrx_word' id='word_1_42' title='bbox 509 494 565 515; x_wconf 91' lang='lat' dir='ltr'>seu</span> <span class='ocrx_word' id='word_1_43' title='bbox 597 483 650 515; x_wconf 87' lang='lat' dir='ltr'>alii</span> <span class='ocrx_word' id='word_1_44' title='bbox 680 487 778 521; x_wconf 86' lang='lat' dir='ltr'>aetus,</span> <span class='ocrx_word' id='word_1_45' title='bbox 814 481 910 513; x_wconf 84' lang='lat' dir='ltr'>etiam</span> <span class='ocrx_word' id='word_1_46' title='bbox 944 484 1058 512; x_wconf 87' lang='lat' dir='ltr'>contra</span> 
     </span>
     <span class='ocr_line' id='line_1_10' title="bbox 323 532 1059 579; baseline -0.007 -11"><span class='ocrx_word' id='word_1_47' title='bbox 323 537 426 579; x_wconf 86' lang='lat' dir='ltr'>ipsam</span> <span class='ocrx_word' id='word_1_48' title='bbox 457 545 630 579; x_wconf 73' lang='lat' dir='ltr'>personam</span> <span class='ocrx_word' id='word_1_49' title='bbox 662 534 799 578; x_wconf 75' lang='lat' dir='ltr'>praefati</span> <span class='ocrx_word' id='word_1_50' title='bbox 825 533 895 565; x_wconf 85' lang='lat' dir='ltr'>Savi</span> <span class='ocrx_word' id='word_1_51' title='bbox 931 532 1059 565; x_wconf 86' lang='lat' dir='ltr'>archie-</span> 
     </span>
     <span class='ocr_line' id='line_1_11' title="bbox 322 587 1057 631; baseline -0.005 -11"><span class='ocrx_word' id='word_1_52' title='bbox 322 588 447 631; x_wconf 71' lang='lat' dir='ltr'>piscopi</span> <span class='ocrx_word' id='word_1_53' title='bbox 470 593 501 619; x_wconf 81' lang='lat' dir='ltr'>et</span> <span class='ocrx_word' id='word_1_54' title='bbox 517 587 634 626; x_wconf 85' lang='lat' dir='ltr'>nuncii,</span> <span class='ocrx_word' id='word_1_55' title='bbox 653 587 711 619; x_wconf 89' lang='grc'>31111</span> <span class='ocrx_word' id='word_1_56' title='bbox 727 591 895 630; x_wconf 75' lang='lat' dir='ltr'>praetextu</span> <span class='ocrx_word' id='word_1_57' title='bbox 914 590 1057 617; x_wconf 81' lang='lat' dir='ltr'>assertae</span> 
     </span>
    </p>
   </div>
   <div class='ocr_carea' id='block_1_8' title="bbox 320 637 1078 679">
    <p class='ocr_par' dir='ltr' id='par_1_8' title="bbox 320 637 1078 679">
     <span class='ocr_line' id='line_1_12' title="bbox 320 637 1078 679; baseline -0.005 -8"><span class='ocrx_word' id='word_1_58' title='bbox 320 640 506 679; x_wconf 78' lang='lat' dir='ltr'>violentiae,</span> <span class='ocrx_word' id='word_1_59' title='bbox 534 639 716 672; x_wconf 78' lang='lat' dir='ltr'>detestabili</span> <span class='ocrx_word' id='word_1_60' title='bbox 741 645 772 671; x_wconf 87' lang='lat' dir='ltr'>et</span> <span class='ocrx_word' id='word_1_61' title='bbox 796 639 951 670; x_wconf 80' lang='lat' dir='ltr'>hactenus</span> <span class='ocrx_word' id='word_1_62' title='bbox 968 637 1078 668; x_wconf 83' lang='lat' dir='ltr'>inan--</span> 
     </span>
    </p>
   </div>
   <div class='ocr_carea' id='block_1_9' title="bbox 318 689 1070 2570">
    <p class='ocr_par' dir='ltr' id='par_1_9' title="bbox 318 689 1058 1302">
     <span class='ocr_line' id='line_1_13' title="bbox 321 689 1058 733; baseline -0.007 -9"><span class='ocrx_word' id='word_1_63' title='bbox 321 694 388 725; x_wconf 85' lang='lat' dir='ltr'>dito</span> <span class='ocrx_word' id='word_1_64' title='bbox 414 704 491 725; x_wconf 90' lang='lat' dir='ltr'>ausu</span> <span class='ocrx_word' id='word_1_65' title='bbox 523 692 751 731; x_wconf 74' lang='lat' dir='ltr'>emanaverint,</span> <span class='ocrx_word' id='word_1_66' title='bbox 777 691 809 723; x_wconf 91' lang='lat' dir='ltr'>in</span> <span class='ocrx_word' id='word_1_67' title='bbox 834 689 1058 733; x_wconf 77' lang='lat' dir='ltr'>gravissimum</span> 
     </span>
     <span class='ocr_line' id='line_1_14' title="bbox 321 742 1056 778; baseline -0.005 -1"><span class='ocrx_word' id='word_1_68' title='bbox 321 745 481 778; x_wconf 69' lang='lat' dir='ltr'>libertatis</span> <span class='ocrx_word' id='word_1_69' title='bbox 505 750 537 777; x_wconf 87' lang='lat' dir='ltr'>et</span> <span class='ocrx_word' id='word_1_70' title='bbox 571 744 782 777; x_wconf 84' lang='lat' dir='ltr'>immunitatis</span> <span class='ocrx_word' id='word_1_71' title='bbox 814 742 1056 776; x_wconf 86' lang='lat' dir='ltr'>ecclesiasticae</span> 
     </span>
     <span class='ocr_line' id='line_1_15' title="bbox 322 794 1055 839; baseline -0.008 -9"><span class='ocrx_word' id='word_1_72' title='bbox 322 809 357 830; x_wconf 86' lang='lat' dir='ltr'>ac</span> <span class='ocrx_word' id='word_1_73' title='bbox 382 797 615 830; x_wconf 84' lang='lat' dir='ltr'>iurisdictionis</span> <span class='ocrx_word' id='word_1_74' title='bbox 641 796 849 839; x_wconf 84' lang='lat' dir='ltr'>apostolicae,</span> <span class='ocrx_word' id='word_1_75' title='bbox 868 805 932 838; x_wconf 87' lang='lat' dir='ltr'>qua</span> <span class='ocrx_word' id='word_1_76' title='bbox 952 794 1055 826; x_wconf 85' lang='lat' dir='ltr'>dictus</span> 
     </span>
     <span class='ocr_line' id='line_1_16' title="bbox 321 848 1056 892; baseline -0.007 -10"><span class='ocrx_word' id='word_1_77' title='bbox 321 852 420 883; x_wconf 72' lang='lat' dir='ltr'>Savus</span> <span class='ocrx_word' id='word_1_78' title='bbox 439 849 703 892; x_wconf 74' lang='lat' dir='ltr'>archiepiscopus</span> <span class='ocrx_word' id='word_1_79' title='bbox 718 854 751 880; x_wconf 86' lang='lat' dir='ltr'>et</span> <span class='ocrx_word' id='word_1_80' title='bbox 767 848 905 880; x_wconf 86' lang='lat' dir='ltr'>nuncius</span> <span class='ocrx_word' id='word_1_81' title='bbox 924 851 1056 879; x_wconf 86' lang='lat' dir='ltr'>nostrae</span> 
     </span>
     <span class='ocr_line' id='line_1_17' title="bbox 322 898 1055 945; baseline -0.008 -10"><span class='ocrx_word' id='word_1_82' title='bbox 322 909 353 935; x_wconf 83' lang='lat' dir='ltr'>et</span> <span class='ocrx_word' id='word_1_83' title='bbox 385 903 592 945; x_wconf 78' lang='lat' dir='ltr'>Apostolicae</span> <span class='ocrx_word' id='word_1_84' title='bbox 627 901 719 933; x_wconf 78' lang='lat' dir='ltr'>Sedis</span> <span class='ocrx_word' id='word_1_85' title='bbox 758 900 888 933; x_wconf 88' lang='lat' dir='ltr'>nomine</span> <span class='ocrx_word' id='word_1_86' title='bbox 924 899 957 930; x_wconf 91' lang='lat' dir='ltr'>in</span> <span class='ocrx_word' id='word_1_87' title='bbox 991 898 1055 930; x_wconf 91' lang='lat' dir='ltr'>illis</span> 
     </span>
     <span class='ocr_line' id='line_1_18' title="bbox 320 951 1057 998; baseline -0.007 -11"><span class='ocrx_word' id='word_1_88' title='bbox 320 956 467 998; x_wconf 85' lang='lat' dir='ltr'>partibus</span> <span class='ocrx_word' id='word_1_89' title='bbox 503 955 656 996; x_wconf 72' lang='lat' dir='ltr'>fungitur,</span> <span class='ocrx_word' id='word_1_90' title='bbox 689 952 924 996; x_wconf 86' lang='lat' dir='ltr'>praeiudicium</span> <span class='ocrx_word' id='word_1_91' title='bbox 947 956 978 983; x_wconf 88' lang='grc'>01</span> <span class='ocrx_word' id='word_1_92' title='bbox 1001 951 1057 982; x_wconf 89' lang='lat' dir='ltr'>de-</span> 
     </span>
     <span class='ocr_line' id='line_1_19' title="bbox 322 1002 1056 1047; baseline -0.008 -8"><span class='ocrx_word' id='word_1_93' title='bbox 322 1008 519 1045; x_wconf 86' lang='lat' dir='ltr'>trimentum,</span> <span class='ocrx_word' id='word_1_94' title='bbox 541 1012 573 1038; x_wconf 88' lang='lat' dir='ltr'>et</span> <span class='ocrx_word' id='word_1_95' title='bbox 596 1006 685 1045; x_wconf 79' lang='lat' dir='ltr'>alias,</span> <span class='ocrx_word' id='word_1_96' title='bbox 709 1010 808 1047; x_wconf 89' lang='lat' dir='ltr'>prout</span> <span class='ocrx_word' id='word_1_97' title='bbox 831 1005 864 1036; x_wconf 90' lang='lat' dir='ltr'>in</span> <span class='ocrx_word' id='word_1_98' title='bbox 889 1002 1056 1046; x_wconf 88' lang='lat' dir='ltr'>scripturis</span> 
     </span>
     <span class='ocr_line' id='line_1_20' title="bbox 321 1055 1055 1102; baseline -0.005 -12"><span class='ocrx_word' id='word_1_99' title='bbox 321 1061 462 1102; x_wconf 82' lang='lat' dir='ltr'>desuper</span> <span class='ocrx_word' id='word_1_100' title='bbox 477 1059 643 1097; x_wconf 78' lang='lat' dir='ltr'>consectis,</span> <span class='ocrx_word' id='word_1_101' title='bbox 662 1069 741 1101; x_wconf 89' lang='lat' dir='ltr'>quas</span> <span class='ocrx_word' id='word_1_102' title='bbox 758 1068 824 1090; x_wconf 88' lang='lat' dir='ltr'>non</span> <span class='ocrx_word' id='word_1_103' title='bbox 843 1055 1055 1099; x_wconf 77' lang='lat' dir='ltr'>approbandi,</span> 
     </span>
     <span class='ocr_line' id='line_1_21' title="bbox 320 1107 1057 1154; baseline -0.007 -11"><span class='ocrx_word' id='word_1_104' title='bbox 320 1113 377 1144; x_wconf 88' lang='lat' dir='ltr'>sed</span> <span class='ocrx_word' id='word_1_105' title='bbox 403 1111 530 1154; x_wconf 87' lang='lat' dir='ltr'>penitus</span> <span class='ocrx_word' id='word_1_106' title='bbox 556 1115 588 1143; x_wconf 89' lang='lat' dir='ltr'>et</span> <span class='ocrx_word' id='word_1_107' title='bbox 611 1111 743 1143; x_wconf 88' lang='lat' dir='ltr'>omnino</span> <span class='ocrx_word' id='word_1_108' title='bbox 768 1107 965 1152; x_wconf 85' lang='lat' dir='ltr'>reprobandi</span> <span class='ocrx_word' id='word_1_109' title='bbox 991 1107 1057 1139; x_wconf 90' lang='lat' dir='ltr'>ani-</span> 
     </span>
     <span class='ocr_line' id='line_1_22' title="bbox 318 1160 1056 1206; baseline -0.007 -10"><span class='ocrx_word' id='word_1_110' title='bbox 318 1175 381 1203; x_wconf 82' lang='lat' dir='ltr'>mo,</span> <span class='ocrx_word' id='word_1_111' title='bbox 407 1163 634 1206; x_wconf 84' lang='lat' dir='ltr'>praesentibus</span> <span class='ocrx_word' id='word_1_112' title='bbox 650 1173 709 1205; x_wconf 88' lang='lat' dir='ltr'>pro</span> <span class='ocrx_word' id='word_1_113' title='bbox 726 1163 823 1205; x_wconf 86' lang='lat' dir='ltr'>plene</span> <span class='ocrx_word' id='word_1_114' title='bbox 841 1166 873 1194; x_wconf 90' lang='lat' dir='ltr'>et</span> <span class='ocrx_word' id='word_1_115' title='bbox 893 1160 1056 1193; x_wconf 86' lang='lat' dir='ltr'>sufficien-</span> 
     </span>
     <span class='ocr_line' id='line_1_23' title="bbox 320 1212 1054 1258; baseline -0.007 -10"><span class='ocrx_word' id='word_1_116' title='bbox 320 1223 370 1249; x_wconf 84' lang='lat' dir='ltr'>ter</span> <span class='ocrx_word' id='word_1_117' title='bbox 401 1216 561 1258; x_wconf 65' lang='lat' dir='ltr'>expressis</span> <span class='ocrx_word' id='word_1_118' title='bbox 597 1214 711 1247; x_wconf 86' lang='lat' dir='ltr'>haberi</span> <span class='ocrx_word' id='word_1_119' title='bbox 735 1215 895 1253; x_wconf 87' lang='lat' dir='ltr'>volumus,</span> <span class='ocrx_word' id='word_1_120' title='bbox 921 1212 1054 1245; x_wconf 87' lang='lat' dir='ltr'>uberius</span> 
     </span>
     <span class='ocr_line' id='line_1_24' title="bbox 320 1268 639 1302; baseline -0.006 0"><span class='ocrx_word' id='word_1_121' title='bbox 320 1269 438 1302; x_wconf 83' lang='lat' dir='ltr'>(licitur</span> <span class='ocrx_word' id='word_1_122' title='bbox 462 1268 639 1301; x_wconf 77' lang='lat' dir='ltr'>contineri:</span> 
     </span>
    </p>

    <p class='ocr_par' dir='ltr' id='par_1_10' title="bbox 319 1317 1070 2570">
     <span class='ocr_line' id='line_1_25' title="bbox 365 1317 1056 1363; baseline -0.006 -10"><span class='ocrx_word' id='word_1_123' title='bbox 365 1323 378 1363; x_wconf 63' lang='grc' dir='ltr'>ξ</span> <span class='ocrx_word' id='word_1_124' title='bbox 404 1321 434 1353; x_wconf 77' lang='lat'>⁶2.</span> <span class='ocrx_word' id='word_1_125' title='bbox 462 1322 543 1354; x_wconf 88' lang='lat' dir='ltr'>Hinc</span> <span class='ocrx_word' id='word_1_126' title='bbox 575 1325 623 1352; x_wconf 84' lang='lat' dir='ltr'>cst</span> <span class='ocrx_word' id='word_1_127' title='bbox 647 1320 733 1363; x_wconf 84' lang='lat' dir='ltr'>quod</span> <span class='ocrx_word' id='word_1_128' title='bbox 766 1329 846 1357; x_wconf 82' lang='lat' dir='ltr'>nos,</span> <span class='ocrx_word' id='word_1_129' title='bbox 876 1329 913 1351; x_wconf 75' lang='lat' dir='ltr'>ex</span> <span class='ocrx_word' id='word_1_130' title='bbox 947 1317 1056 1350; x_wconf 88' lang='lat' dir='ltr'>debito</span> 
     </span>
     <span class='ocr_line' id='line_1_26' title="bbox 319 1371 1058 1419; baseline -0.004 -14"><span class='ocrx_word' id='word_1_131' title='bbox 319 1375 492 1419; x_wconf 72' lang='lat' dir='ltr'>pastoralis</span> <span class='ocrx_word' id='word_1_132' title='bbox 517 1373 621 1413; x_wconf 83' lang='lat' dir='ltr'>officii,</span> <span class='ocrx_word' id='word_1_133' title='bbox 652 1373 738 1415; x_wconf 90' lang='lat' dir='ltr'>quod</span> <span class='ocrx_word' id='word_1_134' title='bbox 772 1371 949 1403; x_wconf 74' lang='lat' dir='ltr'>humilitati</span> <span class='ocrx_word' id='word_1_135' title='bbox 985 1380 1058 1402; x_wconf 87' lang='lat' dir='ltr'>nos-</span> 
     </span>
     <span class='ocr_line' id='line_1_27' title="bbox 322 1423 1059 1466; baseline -0.008 -6"><span class='ocrx_word' id='word_1_136' title='bbox 322 1434 397 1466; x_wconf 87' lang='lat' dir='ltr'>trae,</span> <span class='ocrx_word' id='word_1_137' title='bbox 424 1427 546 1459; x_wconf 85' lang='lat' dir='ltr'>meritis</span> <span class='ocrx_word' id='word_1_138' title='bbox 571 1426 646 1458; x_wconf 87' lang='lat' dir='ltr'>licet</span> <span class='ocrx_word' id='word_1_139' title='bbox 685 1431 717 1457; x_wconf 89' lang='grc'>01</span> <span class='ocrx_word' id='word_1_140' title='bbox 740 1425 860 1457; x_wconf 83' lang='lat' dir='ltr'>viribus</span> <span class='ocrx_word' id='word_1_141' title='bbox 884 1425 980 1465; x_wconf 81' lang='lat' dir='ltr'>longe</span> <span class='ocrx_word' id='word_1_142' title='bbox 1002 1423 1059 1455; x_wconf 91' lang='lat' dir='ltr'>im-</span> 
     </span>
     <span class='ocr_line' id='line_1_28' title="bbox 322 1476 1059 1524; baseline -0.004 -14"><span class='ocrx_word' id='word_1_143' title='bbox 322 1480 404 1524; x_wconf 82' lang='lat' dir='ltr'>pari,</span> <span class='ocrx_word' id='word_1_144' title='bbox 431 1478 590 1512; x_wconf 76' lang='lat' dir='ltr'>commisit</span> <span class='ocrx_word' id='word_1_145' title='bbox 614 1478 722 1511; x_wconf 86' lang='lat' dir='ltr'>divina</span> <span class='ocrx_word' id='word_1_146' title='bbox 747 1477 903 1519; x_wconf 77' lang='lat' dir='ltr'>dignatio,</span> <span class='ocrx_word' id='word_1_147' title='bbox 927 1476 1059 1508; x_wconf 87' lang='lat' dir='ltr'>liberta-</span> 
     </span>
     <span class='ocr_line' id='line_1_29' title="bbox 323 1529 1059 1566; baseline -0.01 0"><span class='ocrx_word' id='word_1_148' title='bbox 323 1539 387 1566; x_wconf 74' lang='lat' dir='ltr'>tem</span> <span class='ocrx_word' id='word_1_149' title='bbox 408 1538 439 1565; x_wconf 91' lang='lat' dir='ltr'>et</span> <span class='ocrx_word' id='word_1_150' title='bbox 462 1531 696 1564; x_wconf 86' lang='lat' dir='ltr'>immunitatem</span> <span class='ocrx_word' id='word_1_151' title='bbox 727 1529 980 1562; x_wconf 83' lang='lat' dir='ltr'>ecclesiasticam</span> <span class='ocrx_word' id='word_1_152' title='bbox 1023 1539 1059 1560; x_wconf 85' lang='lat' dir='ltr'>ac</span> 
     </span>
     <span class='ocr_line' id='line_1_30' title="bbox 324 1581 1060 1625; baseline -0.007 -8"><span class='ocrx_word' id='word_1_153' title='bbox 324 1585 584 1617; x_wconf 84' lang='lat' dir='ltr'>iurisdictionem</span> <span class='ocrx_word' id='word_1_154' title='bbox 609 1582 820 1625; x_wconf 83' lang='lat' dir='ltr'>apostolicam</span> <span class='ocrx_word' id='word_1_155' title='bbox 838 1581 1021 1624; x_wconf 85' lang='lat' dir='ltr'>praedictas</span> <span class='ocrx_word' id='word_1_156' title='bbox 1044 1592 1060 1612; x_wconf 91' lang='lat' dir='ltr'>a</span> 
     </span>
     <span class='ocr_line' id='line_1_31' title="bbox 324 1633 1060 1678; baseline -0.008 -8"><span class='ocrx_word' id='word_1_157' title='bbox 324 1637 507 1670; x_wconf 83' lang='lat' dir='ltr'>temerariis</span> <span class='ocrx_word' id='word_1_158' title='bbox 532 1641 562 1669; x_wconf 85' lang='lat' dir='ltr'>et</span> <span class='ocrx_word' id='word_1_159' title='bbox 587 1634 776 1678; x_wconf 83' lang='lat' dir='ltr'>perniciosis</span> <span class='ocrx_word' id='word_1_160' title='bbox 801 1633 986 1666; x_wconf 85' lang='lat' dir='ltr'>huiusmodi</span> <span class='ocrx_word' id='word_1_161' title='bbox 1008 1644 1060 1665; x_wconf 88' lang='lat' dir='ltr'>co-</span> 
     </span>
     <span class='ocr_line' id='line_1_32' title="bbox 324 1688 1059 1727; baseline -0.007 -7"><span class='ocrx_word' id='word_1_162' title='bbox 324 1688 451 1720; x_wconf 87' lang='lat' dir='ltr'>natibus</span> <span class='ocrx_word' id='word_1_163' title='bbox 487 1688 630 1726; x_wconf 82' lang='lat' dir='ltr'>illaesas,</span> <span class='ocrx_word' id='word_1_164' title='bbox 670 1691 837 1727; x_wconf 86' lang='lat' dir='ltr'>sartasque</span> <span class='ocrx_word' id='word_1_165' title='bbox 883 1689 916 1716; x_wconf 86' lang='grc'>01</span> <span class='ocrx_word' id='word_1_166' title='bbox 961 1688 1059 1716; x_wconf 88' lang='lat' dir='ltr'>tectas</span> 
     </span>
     <span class='ocr_line' id='line_1_33' title="bbox 327 1737 1061 1780; baseline -0.005 -9"><span class='ocrx_word' id='word_1_167' title='bbox 327 1741 409 1773; x_wconf 85' lang='lat' dir='ltr'>tueri</span> <span class='ocrx_word' id='word_1_168' title='bbox 446 1745 478 1773; x_wconf 88' lang='lat' dir='ltr'>et</span> <span class='ocrx_word' id='word_1_169' title='bbox 501 1748 693 1772; x_wconf 82' lang='lat' dir='ltr'>conservare</span> <span class='ocrx_word' id='word_1_170' title='bbox 727 1737 905 1780; x_wconf 84' lang='lat' dir='ltr'>cupientes,</span> <span class='ocrx_word' id='word_1_171' title='bbox 932 1747 968 1768; x_wconf 89' lang='lat' dir='ltr'>ac</span> <span class='ocrx_word' id='word_1_172' title='bbox 993 1746 1061 1768; x_wconf 91' lang='lat' dir='ltr'>om—</span> 
     </span>
     <span class='ocr_line' id='line_1_34' title="bbox 325 1789 1060 1835; baseline -0.008 -10"><span class='ocrx_word' id='word_1_173' title='bbox 325 1793 428 1831; x_wconf 85' lang='lat' dir='ltr'>nium,</span> <span class='ocrx_word' id='word_1_174' title='bbox 462 1802 543 1835; x_wconf 85' lang='lat' dir='ltr'>quae</span> <span class='ocrx_word' id='word_1_175' title='bbox 576 1790 607 1822; x_wconf 90' lang='lat' dir='ltr'>in</span> <span class='ocrx_word' id='word_1_176' title='bbox 638 1789 826 1832; x_wconf 77' lang='lat' dir='ltr'>praemissis</span> <span class='ocrx_word' id='word_1_177' title='bbox 857 1798 913 1821; x_wconf 84' lang='lat' dir='ltr'>seu</span> <span class='ocrx_word' id='word_1_178' title='bbox 948 1798 1060 1821; x_wconf 88' lang='lat' dir='ltr'>eorum</span> 
     </span>
     <span class='ocr_line' id='line_1_35' title="bbox 327 1843 1063 1886; baseline -0.008 -9"><span class='ocrx_word' id='word_1_179' title='bbox 327 1846 497 1877; x_wconf 75' lang='lat' dir='ltr'>occasione</span> <span class='ocrx_word' id='word_1_180' title='bbox 529 1843 641 1886; x_wconf 90' lang='lat' dir='ltr'>quovis</span> <span class='ocrx_word' id='word_1_181' title='bbox 676 1843 773 1874; x_wconf 90' lang='lat' dir='ltr'>modo</span> <span class='ocrx_word' id='word_1_182' title='bbox 805 1846 874 1873; x_wconf 81' lang='lat' dir='ltr'>acta</span> <span class='ocrx_word' id='word_1_183' title='bbox 910 1845 942 1873; x_wconf 88' lang='lat' dir='ltr'>et</span> <span class='ocrx_word' id='word_1_184' title='bbox 974 1845 1063 1882; x_wconf 79' lang='lat' dir='ltr'>gesta</span> 
     </span>
     <span class='ocr_line' id='line_1_36' title="bbox 326 1893 1061 1937; baseline -0.008 -7"><span class='ocrx_word' id='word_1_185' title='bbox 326 1904 409 1936; x_wconf 80' lang='lat' dir='ltr'>sunt,</span> <span class='ocrx_word' id='word_1_186' title='bbox 436 1898 566 1937; x_wconf 85' lang='lat' dir='ltr'>seriem,</span> <span class='ocrx_word' id='word_1_187' title='bbox 600 1906 712 1928; x_wconf 80' lang='lat' dir='ltr'>causas</span> <span class='ocrx_word' id='word_1_188' title='bbox 737 1900 769 1927; x_wconf 90' lang='lat' dir='ltr'>et</span> <span class='ocrx_word' id='word_1_189' title='bbox 792 1893 1061 1932; x_wconf 79' lang='lat' dir='ltr'>circumstantias,</span> 
     </span>
     <span class='ocr_line' id='line_1_37' title="bbox 328 1946 1063 1992; baseline -0.007 -10"><span class='ocrx_word' id='word_1_190' title='bbox 328 1951 423 1983; x_wconf 84' lang='lat' dir='ltr'>otiam</span> <span class='ocrx_word' id='word_1_191' title='bbox 449 1954 678 1992; x_wconf 74' lang='lat' dir='ltr'>aggravantes,</span> <span class='ocrx_word' id='word_1_192' title='bbox 703 1958 832 1980; x_wconf 82' lang='lat' dir='ltr'>necnon</span> <span class='ocrx_word' id='word_1_193' title='bbox 856 1946 986 1979; x_wconf 87' lang='lat' dir='ltr'>consilii</span> <span class='ocrx_word' id='word_1_194' title='bbox 1009 1956 1063 1978; x_wconf 89' lang='lat' dir='ltr'>seu</span> 
     </span>
     <span class='ocr_line' id='line_1_38' title="bbox 329 1998 1066 2035; baseline -0.005 0"><span class='ocrx_word' id='word_1_195' title='bbox 329 2003 467 2035; x_wconf 86' lang='lat' dir='ltr'>aliorum</span> <span class='ocrx_word' id='word_1_196' title='bbox 502 2001 709 2033; x_wconf 87' lang='lat' dir='ltr'>tribunalium</span> <span class='ocrx_word' id='word_1_197' title='bbox 735 2005 767 2032; x_wconf 86' lang='lat' dir='ltr'>et</span> <span class='ocrx_word' id='word_1_198' title='bbox 791 1999 936 2031; x_wconf 90' lang='lat' dir='ltr'>iudicum</span> <span class='ocrx_word' id='word_1_199' title='bbox 967 1998 1066 2031; x_wconf 70' lang='lat' dir='ltr'>laico-</span> 
     </span>
     <span class='ocr_line' id='line_1_39' title="bbox 327 2051 1063 2098; baseline -0.008 -11"><span class='ocrx_word' id='word_1_200' title='bbox 327 2066 398 2087; x_wconf 86' lang='lat' dir='ltr'>rum</span> <span class='ocrx_word' id='word_1_201' title='bbox 424 2055 642 2098; x_wconf 80' lang='lat' dir='ltr'>praesatorum</span> <span class='ocrx_word' id='word_1_202' title='bbox 669 2053 851 2095; x_wconf 83' lang='lat' dir='ltr'>qualitates,</span> <span class='ocrx_word' id='word_1_203' title='bbox 878 2051 1063 2094; x_wconf 68' lang='lat' dir='ltr'>dignitates,</span> 
     </span>
     <span class='ocr_line' id='line_1_40' title="bbox 329 2106 1067 2149; baseline -0.007 -9"><span class='ocrx_word' id='word_1_204' title='bbox 329 2109 463 2141; x_wconf 91' lang='lat' dir='ltr'>nomina</span> <span class='ocrx_word' id='word_1_205' title='bbox 488 2113 519 2140; x_wconf 89' lang='lat' dir='ltr'>et</span> <span class='ocrx_word' id='word_1_206' title='bbox 543 2106 748 2149; x_wconf 78' lang='lat' dir='ltr'>cognomina,</span> <span class='ocrx_word' id='word_1_207' title='bbox 773 2106 873 2138; x_wconf 86' lang='lat' dir='ltr'>aliave</span> <span class='ocrx_word' id='word_1_208' title='bbox 899 2114 1067 2147; x_wconf 87' lang='lat' dir='ltr'>quaecum-</span> 
     </span>
     <span class='ocr_line' id='line_1_41' title="bbox 331 2157 1066 2205; baseline -0.005 -14"><span class='ocrx_word' id='word_1_209' title='bbox 331 2172 418 2205; x_wconf 81' lang='lat' dir='ltr'>que,</span> <span class='ocrx_word' id='word_1_210' title='bbox 445 2161 541 2193; x_wconf 88' lang='lat' dir='ltr'>etiam</span> <span class='ocrx_word' id='word_1_211' title='bbox 580 2158 763 2202; x_wconf 73' lang='lat' dir='ltr'>specificam</span> <span class='ocrx_word' id='word_1_212' title='bbox 802 2163 833 2191; x_wconf 87' lang='lat' dir='ltr'>et</span> <span class='ocrx_word' id='word_1_213' title='bbox 868 2157 1066 2189; x_wconf 86' lang='lat' dir='ltr'>individuam</span> 
     </span>
     <span class='ocr_line' id='line_1_42' title="bbox 330 2209 1066 2255; baseline -0.01 -8"><span class='ocrx_word' id='word_1_214' title='bbox 330 2215 529 2248; x_wconf 81' lang='lat' dir='ltr'>mentionem</span> <span class='ocrx_word' id='word_1_215' title='bbox 548 2218 580 2245; x_wconf 86' lang='lat' dir='ltr'>et</span> <span class='ocrx_word' id='word_1_216' title='bbox 596 2211 838 2255; x_wconf 80' lang='lat' dir='ltr'>expressionem</span> <span class='ocrx_word' id='word_1_217' title='bbox 855 2209 1066 2252; x_wconf 77' lang='lat' dir='ltr'>requirentia,</span> 
     </span>
     <span class='ocr_line' id='line_1_43' title="bbox 330 2262 1068 2310; baseline -0.009 -10"><span class='ocrx_word' id='word_1_218' title='bbox 330 2266 557 2310; x_wconf 83' lang='lat' dir='ltr'>praesentibus</span> <span class='ocrx_word' id='word_1_219' title='bbox 583 2265 693 2297; x_wconf 88' lang='lat' dir='ltr'>itidem</span> <span class='ocrx_word' id='word_1_220' title='bbox 729 2274 789 2306; x_wconf 90' lang='lat' dir='ltr'>pro</span> <span class='ocrx_word' id='word_1_221' title='bbox 822 2264 918 2306; x_wconf 91' lang='lat' dir='ltr'>plene</span> <span class='ocrx_word' id='word_1_222' title='bbox 950 2262 1068 2294; x_wconf 74' lang='grc'>013111-</span> 
     </span>
     <span class='ocr_line' id='line_1_44' title="bbox 330 2315 1067 2360; baseline -0.005 -8"><span class='ocrx_word' id='word_1_223' title='bbox 330 2320 478 2352; x_wconf 79' lang='lat' dir='ltr'>ficienter</span> <span class='ocrx_word' id='word_1_224' title='bbox 502 2318 660 2360; x_wconf 73' lang='lat' dir='ltr'>expressis</span> <span class='ocrx_word' id='word_1_225' title='bbox 686 2321 717 2350; x_wconf 88' lang='lat' dir='ltr'>et</span> <span class='ocrx_word' id='word_1_226' title='bbox 742 2321 851 2351; x_wconf 75' lang='lat' dir='ltr'>exacte</span> <span class='ocrx_word' id='word_1_227' title='bbox 873 2315 1067 2360; x_wconf 64' lang='lat' dir='ltr'>specificans</span> 
     </span>
     <span class='ocr_line' id='line_1_45' title="bbox 331 2371 1068 2413; baseline -0.008 -7"><span class='ocrx_word' id='word_1_228' title='bbox 331 2374 509 2412; x_wconf 86' lang='lat' dir='ltr'>habentes,</span> <span class='ocrx_word' id='word_1_229' title='bbox 535 2377 623 2403; x_wconf 91' lang='lat' dir='ltr'>motu</span> <span class='ocrx_word' id='word_1_230' title='bbox 660 2371 817 2413; x_wconf 86' lang='lat' dir='ltr'>proprio,</span> <span class='ocrx_word' id='word_1_231' title='bbox 851 2380 887 2402; x_wconf 85' lang='lat' dir='ltr'>ac</span> <span class='ocrx_word' id='word_1_232' title='bbox 919 2381 954 2402; x_wconf 77' lang='lat' dir='ltr'>ex</span> <span class='ocrx_word' id='word_1_233' title='bbox 982 2371 1068 2401; x_wconf 77' lang='lat' dir='ltr'>certa</span> 
     </span>
     <span class='ocr_line' id='line_1_46' title="bbox 331 2422 1068 2460; baseline -0.005 -3"><span class='ocrx_word' id='word_1_234' title='bbox 331 2426 464 2458; x_wconf 75' lang='lat' dir='ltr'>scientia</span> <span class='ocrx_word' id='word_1_235' title='bbox 490 2429 517 2457; x_wconf 87' lang='lat' dir='ltr'>et</span> <span class='ocrx_word' id='word_1_236' title='bbox 545 2425 667 2455; x_wconf 79' lang='lat' dir='ltr'>matura</span> <span class='ocrx_word' id='word_1_237' title='bbox 685 2422 920 2455; x_wconf 72' lang='lat' dir='ltr'>deliberatione</span> <span class='ocrx_word' id='word_1_238' title='bbox 939 2422 1068 2460; x_wconf 72' lang='lat' dir='ltr'>nostris,</span> 
     </span>
     <span class='ocr_line' id='line_1_47' title="bbox 331 2473 1069 2521; baseline -0.009 -9"><span class='ocrx_word' id='word_1_239' title='bbox 331 2479 435 2521; x_wconf 83' lang='lat' dir='ltr'>deque</span> <span class='ocrx_word' id='word_1_240' title='bbox 450 2476 647 2520; x_wconf 81' lang='lat' dir='ltr'>apostolieae</span> <span class='ocrx_word' id='word_1_241' title='bbox 667 2475 835 2517; x_wconf 79' lang='lat' dir='ltr'>potestatis</span> <span class='ocrx_word' id='word_1_242' title='bbox 854 2473 1069 2516; x_wconf 77' lang='grc'>11100111111100,</span> 
     </span>
     <span class='ocr_line' id='line_1_48' title="bbox 331 2526 1070 2570; baseline -0.005 -7"><span class='ocrx_word' id='word_1_243' title='bbox 331 2530 442 2566; x_wconf 82' lang='lat' dir='ltr'>omnia</span> <span class='ocrx_word' id='word_1_244' title='bbox 467 2534 498 2562; x_wconf 88' lang='lat' dir='ltr'>ct</span> <span class='ocrx_word' id='word_1_245' title='bbox 523 2528 651 2570; x_wconf 69' lang='lat' dir='ltr'>singula</span> <span class='ocrx_word' id='word_1_246' title='bbox 677 2531 859 2570; x_wconf 79' lang='lat' dir='ltr'>praecepta,</span> <span class='ocrx_word' id='word_1_247' title='bbox 893 2526 1070 2559; x_wconf 86' lang='lat' dir='ltr'>ordinatio-</span> 
     </span>
    </p>
   </div>
   <div class='ocr_carea' id='block_1_10' title="bbox 1070 293 1086 1484">
    <p class='ocr_par' dir='ltr' id='par_1_11' title="bbox 1070 293 1086 1484">
     <span class='ocr_line' id='line_1_49' title="bbox 1070 293 1086 1484; baseline 0 0"><span class='ocrx_word' id='word_1_248' title='bbox 1070 293 1086 1484; x_wconf 95' lang='lat' dir='ltr'> </span> 
     </span>
    </p>
   </div>
   <div class='ocr_carea' id='block_1_11' title="bbox 1097 269 1830 468">
    <p class='ocr_par' dir='ltr' id='par_1_12' title="bbox 1097 269 1830 468">
     <span class='ocr_line' id='line_1_50' title="bbox 1099 269 1830 314; baseline 0.007 -16"><span class='ocrx_word' id='word_1_249' title='bbox 1099 277 1196 309; x_wconf 83' lang='lat' dir='ltr'>quam</span> <span class='ocrx_word' id='word_1_250' title='bbox 1210 278 1273 301; x_wconf 92' lang='lat' dir='ltr'>non</span> <span class='ocrx_word' id='word_1_251' title='bbox 1288 269 1451 311; x_wconf 89' lang='lat' dir='ltr'>poenalia,</span> <span class='ocrx_word' id='word_1_252' title='bbox 1470 269 1618 313; x_wconf 86' lang='lat' dir='ltr'>aliosque</span> <span class='ocrx_word' id='word_1_253' title='bbox 1636 276 1726 304; x_wconf 87' lang='lat' dir='ltr'>actus</span> <span class='ocrx_word' id='word_1_254' title='bbox 1740 282 1830 314; x_wconf 86' lang='lat' dir='ltr'>quos-</span> 
     </span>
     <span class='ocr_line' id='line_1_51' title="bbox 1098 320 1830 363; baseline 0.007 -12"><span class='ocrx_word' id='word_1_255' title='bbox 1098 320 1177 351; x_wconf 79' lang='lat' dir='ltr'>libet</span> <span class='ocrx_word' id='word_1_256' title='bbox 1201 331 1218 352; x_wconf 85' lang='lat' dir='ltr'>a</span> <span class='ocrx_word' id='word_1_257' title='bbox 1242 321 1377 354; x_wconf 87' lang='lat' dir='ltr'>consilio</span> <span class='ocrx_word' id='word_1_258' title='bbox 1394 321 1485 363; x_wconf 82' lang='lat' dir='ltr'>regio</span> <span class='ocrx_word' id='word_1_259' title='bbox 1501 322 1670 363; x_wconf 87' lang='lat' dir='ltr'>Castellae,</span> <span class='ocrx_word' id='word_1_260' title='bbox 1687 334 1742 356; x_wconf 91' lang='lat' dir='ltr'>seu</span> <span class='ocrx_word' id='word_1_261' title='bbox 1759 324 1830 357; x_wconf 83' lang='lat' dir='ltr'>aliis</span> 
     </span>
     <span class='ocr_line' id='line_1_52' title="bbox 1098 373 1830 419; baseline 0.007 -15"><span class='ocrx_word' id='word_1_262' title='bbox 1098 373 1312 405; x_wconf 83' lang='lat' dir='ltr'>tribunalibus</span> <span class='ocrx_word' id='word_1_263' title='bbox 1342 379 1374 406; x_wconf 85' lang='lat' dir='ltr'>ct</span> <span class='ocrx_word' id='word_1_264' title='bbox 1401 373 1559 407; x_wconf 84' lang='lat' dir='ltr'>iudicibus</span> <span class='ocrx_word' id='word_1_265' title='bbox 1585 375 1674 408; x_wconf 87' lang='lat' dir='ltr'>laicis</span> <span class='ocrx_word' id='word_1_266' title='bbox 1699 376 1830 419; x_wconf 88' lang='lat' dir='ltr'>quibus-</span> 
     </span>
     <span class='ocr_line' id='line_1_53' title="bbox 1097 428 1828 468; baseline 0.007 -12"><span class='ocrx_word' id='word_1_267' title='bbox 1097 436 1150 465; x_wconf 82' lang='lat' dir='ltr'>vis,</span> <span class='ocrx_word' id='word_1_268' title='bbox 1170 436 1201 458; x_wconf 86' lang='lat' dir='ltr'>in</span> <span class='ocrx_word' id='word_1_269' title='bbox 1225 436 1409 468; x_wconf 82' lang='lat' dir='ltr'>praemissis</span> <span class='ocrx_word' id='word_1_270' title='bbox 1433 437 1490 460; x_wconf 87' lang='grc'>3011</span> <span class='ocrx_word' id='word_1_271' title='bbox 1512 437 1624 461; x_wconf 87' lang='grc'>0011110</span> <span class='ocrx_word' id='word_1_272' title='bbox 1648 428 1828 468; x_wconf 81' lang='lat' dir='ltr'>occasione,</span> 
     </span>
    </p>
   </div>
   <div class='ocr_carea' id='block_1_12' title="bbox 1077 479 1830 523">
    <p class='ocr_par' dir='ltr' id='par_1_13' title="bbox 1077 479 1830 523">
     <span class='ocr_line' id='line_1_54' title="bbox 1077 479 1830 523; baseline 0.004 -12"><span class='ocrx_word' id='word_1_273' title='bbox 1077 479 1284 520; x_wconf 55' lang='grc'>11111103011110</span> <span class='ocrx_word' id='word_1_274' title='bbox 1310 485 1421 512; x_wconf 87' lang='lat' dir='ltr'>contra</span> <span class='ocrx_word' id='word_1_275' title='bbox 1456 490 1627 523; x_wconf 84' lang='lat' dir='ltr'>personam</span> <span class='ocrx_word' id='word_1_276' title='bbox 1659 481 1830 514; x_wconf 86' lang='lat' dir='ltr'>memorati</span> 
     </span>
    </p>
   </div>
   <div class='ocr_carea' id='block_1_13' title="bbox 1097 530 1832 733">
    <p class='ocr_par' dir='ltr' id='par_1_14' title="bbox 1097 530 1832 733">
     <span class='ocr_line' id='line_1_55' title="bbox 1097 530 1829 574; baseline 0.005 -12"><span class='ocrx_word' id='word_1_277' title='bbox 1097 530 1165 563; x_wconf 81' lang='lat' dir='ltr'>Savi</span> <span class='ocrx_word' id='word_1_278' title='bbox 1201 530 1439 574; x_wconf 82' lang='lat' dir='ltr'>archiepiscopi</span> <span class='ocrx_word' id='word_1_279' title='bbox 1472 537 1504 565; x_wconf 90' lang='lat' dir='ltr'>et</span> <span class='ocrx_word' id='word_1_280' title='bbox 1531 532 1651 573; x_wconf 89' lang='lat' dir='ltr'>nuncii,</span> <span class='ocrx_word' id='word_1_281' title='bbox 1677 543 1735 566; x_wconf 90' lang='lat' dir='ltr'>seu</span> <span class='ocrx_word' id='word_1_282' title='bbox 1759 532 1829 566; x_wconf 88' lang='lat' dir='ltr'>eius</span> 
     </span>
     <span class='ocr_line' id='line_1_56' title="bbox 1097 583 1831 628; baseline 0.004 -13"><span class='ocrx_word' id='word_1_283' title='bbox 1097 583 1262 616; x_wconf 83' lang='lat' dir='ltr'>ministros</span> <span class='ocrx_word' id='word_1_284' title='bbox 1288 588 1320 615; x_wconf 92' lang='lat' dir='ltr'>et</span> <span class='ocrx_word' id='word_1_285' title='bbox 1346 584 1497 624; x_wconf 85' lang='lat' dir='ltr'>tribunal,</span> <span class='ocrx_word' id='word_1_286' title='bbox 1523 590 1555 618; x_wconf 90' lang='lat' dir='ltr'>et</span> <span class='ocrx_word' id='word_1_287' title='bbox 1577 586 1656 618; x_wconf 78' lang='lat' dir='ltr'>alias</span> <span class='ocrx_word' id='word_1_288' title='bbox 1680 586 1713 618; x_wconf 92' lang='lat' dir='ltr'>in</span> <span class='ocrx_word' id='word_1_289' title='bbox 1737 595 1831 628; x_wconf 84' lang='lat' dir='ltr'>prae-</span> 
     </span>
     <span class='ocr_line' id='line_1_57' title="bbox 1097 635 1832 670; baseline 0.005 -4"><span class='ocrx_word' id='word_1_290' title='bbox 1097 635 1250 667; x_wconf 89' lang='lat' dir='ltr'>iudicium</span> <span class='ocrx_word' id='word_1_291' title='bbox 1271 635 1430 668; x_wconf 81' lang='lat' dir='ltr'>libertatis</span> <span class='ocrx_word' id='word_1_292' title='bbox 1449 642 1481 668; x_wconf 91' lang='lat' dir='ltr'>et</span> <span class='ocrx_word' id='word_1_293' title='bbox 1497 637 1708 670; x_wconf 88' lang='lat' dir='ltr'>immunitatis</span> <span class='ocrx_word' id='word_1_294' title='bbox 1727 638 1832 670; x_wconf 83' lang='lat' dir='ltr'>eccle-</span> 
     </span>
     <span class='ocr_line' id='line_1_58' title="bbox 1097 688 1830 733; baseline 0.003 -13"><span class='ocrx_word' id='word_1_295' title='bbox 1097 689 1243 720; x_wconf 86' lang='lat' dir='ltr'>siasticae</span> <span class='ocrx_word' id='word_1_296' title='bbox 1279 699 1315 720; x_wconf 87' lang='lat' dir='ltr'>ae</span> <span class='ocrx_word' id='word_1_297' title='bbox 1354 688 1585 723; x_wconf 82' lang='lat' dir='ltr'>iurisdictionis</span> <span class='ocrx_word' id='word_1_298' title='bbox 1632 690 1830 733; x_wconf 81' lang='lat' dir='ltr'>apostolieae</span> 
     </span>
    </p>
   </div>
   <div class='ocr_carea' id='block_1_14' title="bbox 1075 741 1830 793">
    <p class='ocr_par' dir='ltr' id='par_1_15' title="bbox 1075 741 1830 793">
     <span class='ocr_line' id='line_1_59' title="bbox 1075 741 1830 793; baseline 0.003 -21"><span class='ocrx_word' id='word_1_299' title='bbox 1075 788 1076 793; x_wconf 17' lang='grc'>1</span> <span class='ocrx_word' id='word_1_300' title='bbox 1097 741 1210 783; x_wconf 87' lang='lat' dir='ltr'>quovis</span> <span class='ocrx_word' id='word_1_301' title='bbox 1234 741 1331 773; x_wconf 89' lang='lat' dir='ltr'>modo</span> <span class='ocrx_word' id='word_1_302' title='bbox 1367 748 1532 783; x_wconf 86' lang='lat' dir='ltr'>emanata,</span> <span class='ocrx_word' id='word_1_303' title='bbox 1559 745 1723 783; x_wconf 75' lang='lat' dir='ltr'>relaxata,</span> <span class='ocrx_word' id='word_1_304' title='bbox 1748 747 1830 782; x_wconf 86' lang='lat' dir='ltr'>acta,</span> 
     </span>
    </p>
   </div>
   <div class='ocr_carea' id='block_1_15' title="bbox 1096 794 1833 991">
    <p class='ocr_par' dir='ltr' id='par_1_16' title="bbox 1096 794 1833 991">
     <span class='ocr_line' id='line_1_60' title="bbox 1096 794 1832 835; baseline 0.004 -11"><span class='ocrx_word' id='word_1_305' title='bbox 1096 799 1184 835; x_wconf 81' lang='lat' dir='ltr'>gesta</span> <span class='ocrx_word' id='word_1_306' title='bbox 1208 798 1239 825; x_wconf 86' lang='lat' dir='ltr'>et</span> <span class='ocrx_word' id='word_1_307' title='bbox 1262 794 1422 833; x_wconf 85' lang='lat' dir='ltr'>ordinata,</span> <span class='ocrx_word' id='word_1_308' title='bbox 1449 805 1520 827; x_wconf 87' lang='lat' dir='ltr'>cum</span> <span class='ocrx_word' id='word_1_309' title='bbox 1546 796 1695 829; x_wconf 88' lang='lat' dir='ltr'>omnibus</span> <span class='ocrx_word' id='word_1_310' title='bbox 1713 800 1744 828; x_wconf 88' lang='grc'>01</span> <span class='ocrx_word' id='word_1_311' title='bbox 1767 795 1832 827; x_wconf 87' lang='lat' dir='ltr'>sin-</span> 
     </span>
     <span class='ocr_line' id='line_1_61' title="bbox 1096 846 1832 891; baseline 0.003 -14"><span class='ocrx_word' id='word_1_312' title='bbox 1096 846 1180 887; x_wconf 79' lang='lat' dir='ltr'>gulis</span> <span class='ocrx_word' id='word_1_313' title='bbox 1203 846 1278 878; x_wconf 90' lang='lat' dir='ltr'>inde</span> <span class='ocrx_word' id='word_1_314' title='bbox 1304 847 1421 879; x_wconf 84' lang='lat' dir='ltr'>secutis</span> <span class='ocrx_word' id='word_1_315' title='bbox 1439 853 1469 879; x_wconf 89' lang='lat' dir='ltr'>et</span> <span class='ocrx_word' id='word_1_316' title='bbox 1488 848 1594 881; x_wconf 80' lang='lat' dir='ltr'>forsan</span> <span class='ocrx_word' id='word_1_317' title='bbox 1612 849 1832 891; x_wconf 74' lang='lat' dir='ltr'>quandocum-</span> 
     </span>
     <span class='ocr_line' id='line_1_62' title="bbox 1097 898 1829 941; baseline 0.007 -13"><span class='ocrx_word' id='word_1_318' title='bbox 1097 909 1158 940; x_wconf 85' lang='lat' dir='ltr'>que</span> <span class='ocrx_word' id='word_1_319' title='bbox 1183 898 1350 936; x_wconf 88' lang='lat' dir='ltr'>secuturis,</span> <span class='ocrx_word' id='word_1_320' title='bbox 1368 899 1497 941; x_wconf 90' lang='lat' dir='ltr'>penitus</span> <span class='ocrx_word' id='word_1_321' title='bbox 1524 905 1555 933; x_wconf 87' lang='lat' dir='ltr'>et</span> <span class='ocrx_word' id='word_1_322' title='bbox 1580 901 1713 934; x_wconf 86' lang='lat' dir='ltr'>omnino</span> <span class='ocrx_word' id='word_1_323' title='bbox 1731 901 1829 941; x_wconf 84' lang='lat' dir='ltr'>nulla,</span> 
     </span>
     <span class='ocr_line' id='line_1_63' title="bbox 1097 949 1833 991; baseline 0.007 -11"><span class='ocrx_word' id='word_1_324' title='bbox 1097 950 1212 988; x_wconf 90' lang='lat' dir='ltr'>inania,</span> <span class='ocrx_word' id='word_1_325' title='bbox 1236 949 1386 990; x_wconf 86' lang='lat' dir='ltr'>invalida,</span> <span class='ocrx_word' id='word_1_326' title='bbox 1413 951 1512 991; x_wconf 84' lang='lat' dir='ltr'>irrita,</span> <span class='ocrx_word' id='word_1_327' title='bbox 1538 953 1707 986; x_wconf 84' lang='lat' dir='ltr'>temerarie</span> <span class='ocrx_word' id='word_1_328' title='bbox 1732 957 1833 985; x_wconf 84' lang='lat' dir='ltr'>atten-</span> 
     </span>
    </p>
   </div>
   <div class='ocr_carea' id='block_1_16' title="bbox 1074 1002 1830 1048">
    <p class='ocr_par' dir='ltr' id='par_1_17' title="bbox 1074 1002 1830 1048">
     <span class='ocr_line' id='line_1_64' title="bbox 1074 1002 1830 1048; baseline 0.005 -15"><span class='ocrx_word' id='word_1_329' title='bbox 1074 1027 1076 1038; x_wconf 55' lang='grc'>,</span> <span class='ocrx_word' id='word_1_330' title='bbox 1097 1007 1160 1034; x_wconf 86' lang='lat' dir='ltr'>tata</span> <span class='ocrx_word' id='word_1_331' title='bbox 1185 1007 1215 1034; x_wconf 92' lang='lat' dir='ltr'>et</span> <span class='ocrx_word' id='word_1_332' title='bbox 1239 1002 1278 1034; x_wconf 90' lang='lat' dir='ltr'>de</span> <span class='ocrx_word' id='word_1_333' title='bbox 1303 1002 1385 1035; x_wconf 85' lang='lat' dir='ltr'>sacto</span> <span class='ocrx_word' id='word_1_334' title='bbox 1403 1010 1625 1048; x_wconf 82' lang='lat' dir='ltr'>praesumpta,</span> <span class='ocrx_word' id='word_1_335' title='bbox 1643 1005 1830 1047; x_wconf 87' lang='lat' dir='ltr'>nulliusque</span> 
     </span>
    </p>
   </div>
   <div class='ocr_carea' id='block_1_17' title="bbox 1095 1054 1848 2513">
    <p class='ocr_par' dir='ltr' id='par_1_18' title="bbox 1095 1054 1838 1832">
     <span class='ocr_line' id='line_1_65' title="bbox 1095 1054 1832 1090; baseline 0.004 -4"><span class='ocrx_word' id='word_1_336' title='bbox 1095 1055 1227 1086; x_wconf 91' lang='lat' dir='ltr'>omnino</span> <span class='ocrx_word' id='word_1_337' title='bbox 1266 1054 1392 1087; x_wconf 87' lang='lat' dir='ltr'>roboris</span> <span class='ocrx_word' id='word_1_338' title='bbox 1429 1061 1460 1087; x_wconf 88' lang='lat' dir='ltr'>et</span> <span class='ocrx_word' id='word_1_339' title='bbox 1498 1057 1652 1090; x_wconf 87' lang='lat' dir='ltr'>momenti</span> <span class='ocrx_word' id='word_1_340' title='bbox 1697 1067 1766 1089; x_wconf 89' lang='lat' dir='ltr'>esse</span> <span class='ocrx_word' id='word_1_341' title='bbox 1800 1061 1832 1089; x_wconf 87' lang='lat' dir='ltr'>et</span> 
     </span>
     <span class='ocr_line' id='line_1_66' title="bbox 1097 1107 1832 1152; baseline 0.004 -13"><span class='ocrx_word' id='word_1_342' title='bbox 1097 1112 1254 1149; x_wconf 85' lang='lat' dir='ltr'>perpetuo</span> <span class='ocrx_word' id='word_1_343' title='bbox 1281 1107 1358 1146; x_wconf 82' lang='lat' dir='ltr'>sore,</span> <span class='ocrx_word' id='word_1_344' title='bbox 1385 1112 1497 1141; x_wconf 82' lang='lat' dir='ltr'>tenore</span> <span class='ocrx_word' id='word_1_345' title='bbox 1520 1109 1740 1152; x_wconf 85' lang='lat' dir='ltr'>praesentium</span> <span class='ocrx_word' id='word_1_346' title='bbox 1776 1109 1832 1142; x_wconf 89' lang='lat' dir='ltr'>de-</span> 
     </span>
     <span class='ocr_line' id='line_1_67' title="bbox 1096 1160 1832 1202; baseline 0.004 -11"><span class='ocrx_word' id='word_1_347' title='bbox 1096 1160 1278 1198; x_wconf 50' lang='lat' dir='ltr'>claramus,</span> <span class='ocrx_word' id='word_1_348' title='bbox 1305 1164 1337 1191; x_wconf 86' lang='lat' dir='ltr'>et</span> <span class='ocrx_word' id='word_1_349' title='bbox 1361 1160 1588 1202; x_wconf 85' lang='lat' dir='ltr'>nibilominus,</span> <span class='ocrx_word' id='word_1_350' title='bbox 1615 1163 1653 1194; x_wconf 91' lang='lat' dir='ltr'>ad</span> <span class='ocrx_word' id='word_1_351' title='bbox 1673 1162 1832 1194; x_wconf 88' lang='lat' dir='ltr'>maiorem</span> 
     </span>
     <span class='ocr_line' id='line_1_68' title="bbox 1096 1212 1833 1257; baseline 0.004 -13"><span class='ocrx_word' id='word_1_352' title='bbox 1096 1212 1264 1251; x_wconf 86' lang='lat' dir='ltr'>cautelam,</span> <span class='ocrx_word' id='word_1_353' title='bbox 1280 1217 1312 1245; x_wconf 87' lang='grc'>01</span> <span class='ocrx_word' id='word_1_354' title='bbox 1336 1218 1496 1255; x_wconf 84' lang='lat' dir='ltr'>quatenus</span> <span class='ocrx_word' id='word_1_355' title='bbox 1521 1225 1600 1257; x_wconf 89' lang='lat' dir='ltr'>opus</span> <span class='ocrx_word' id='word_1_356' title='bbox 1621 1215 1672 1255; x_wconf 88' lang='lat' dir='ltr'>sit,</span> <span class='ocrx_word' id='word_1_357' title='bbox 1693 1215 1749 1247; x_wconf 86' lang='lat' dir='ltr'>illa</span> <span class='ocrx_word' id='word_1_358' title='bbox 1767 1224 1833 1247; x_wconf 89' lang='lat' dir='ltr'>om-</span> 
     </span>
     <span class='ocr_line' id='line_1_69' title="bbox 1098 1265 1833 1310; baseline 0.004 -13"><span class='ocrx_word' id='word_1_359' title='bbox 1098 1265 1150 1297; x_wconf 87' lang='lat' dir='ltr'>nia</span> <span class='ocrx_word' id='word_1_360' title='bbox 1175 1269 1206 1296; x_wconf 87' lang='lat' dir='ltr'>et</span> <span class='ocrx_word' id='word_1_361' title='bbox 1229 1265 1365 1307; x_wconf 78' lang='lat' dir='ltr'>singula,</span> <span class='ocrx_word' id='word_1_362' title='bbox 1393 1272 1550 1308; x_wconf 85' lang='lat' dir='ltr'>quatenus</span> <span class='ocrx_word' id='word_1_363' title='bbox 1577 1269 1615 1300; x_wconf 90' lang='lat' dir='ltr'>de</span> <span class='ocrx_word' id='word_1_364' title='bbox 1640 1267 1723 1300; x_wconf 83' lang='lat' dir='ltr'>sacto</span> <span class='ocrx_word' id='word_1_365' title='bbox 1757 1277 1833 1310; x_wconf 91' lang='lat' dir='ltr'>pro-</span> 
     </span>
     <span class='ocr_line' id='line_1_70' title="bbox 1098 1319 1831 1359; baseline 0.001 -9"><span class='ocrx_word' id='word_1_366' title='bbox 1098 1323 1277 1356; x_wconf 82' lang='lat' dir='ltr'>cesserunt,</span> <span class='ocrx_word' id='word_1_367' title='bbox 1301 1324 1399 1357; x_wconf 90' lang='lat' dir='ltr'>motu,</span> <span class='ocrx_word' id='word_1_368' title='bbox 1425 1319 1569 1359; x_wconf 80' lang='lat' dir='ltr'>scientia,</span> <span class='ocrx_word' id='word_1_369' title='bbox 1596 1320 1831 1353; x_wconf 83' lang='lat' dir='ltr'>deliberatione</span> 
     </span>
     <span class='ocr_line' id='line_1_71' title="bbox 1099 1370 1832 1414; baseline 0.003 -12"><span class='ocrx_word' id='word_1_370' title='bbox 1099 1376 1130 1402; x_wconf 85' lang='lat' dir='ltr'>et</span> <span class='ocrx_word' id='word_1_371' title='bbox 1152 1370 1319 1412; x_wconf 84' lang='lat' dir='ltr'>potestatis</span> <span class='ocrx_word' id='word_1_372' title='bbox 1343 1371 1546 1413; x_wconf 84' lang='lat' dir='ltr'>plenitudine</span> <span class='ocrx_word' id='word_1_373' title='bbox 1571 1373 1700 1414; x_wconf 89' lang='lat' dir='ltr'>paribus</span> <span class='ocrx_word' id='word_1_374' title='bbox 1719 1372 1832 1404; x_wconf 88' lang='lat' dir='ltr'>harum</span> 
     </span>
     <span class='ocr_line' id='line_1_72' title="bbox 1100 1423 1834 1466; baseline 0.003 -12"><span class='ocrx_word' id='word_1_375' title='bbox 1100 1423 1183 1455; x_wconf 82' lang='lat' dir='ltr'>serie</span> <span class='ocrx_word' id='word_1_376' title='bbox 1210 1423 1321 1455; x_wconf 89' lang='lat' dir='ltr'>itidem</span> <span class='ocrx_word' id='word_1_377' title='bbox 1351 1429 1510 1466; x_wconf 82' lang='lat' dir='ltr'>perpetuo</span> <span class='ocrx_word' id='word_1_378' title='bbox 1542 1435 1739 1464; x_wconf 85' lang='lat' dir='ltr'>revocamus,</span> <span class='ocrx_word' id='word_1_379' title='bbox 1764 1434 1834 1456; x_wconf 85' lang='lat' dir='ltr'>cas-</span> 
     </span>
     <span class='ocr_line' id='line_1_73' title="bbox 1100 1475 1835 1517; baseline 0.003 -10"><span class='ocrx_word' id='word_1_380' title='bbox 1100 1486 1219 1515; x_wconf 88' lang='lat' dir='ltr'>samus,</span> <span class='ocrx_word' id='word_1_381' title='bbox 1247 1475 1418 1516; x_wconf 89' lang='lat' dir='ltr'>irritamus,</span> <span class='ocrx_word' id='word_1_382' title='bbox 1451 1478 1661 1517; x_wconf 80' lang='lat' dir='ltr'>annullamus,</span> <span class='ocrx_word' id='word_1_383' title='bbox 1697 1477 1835 1509; x_wconf 87' lang='lat' dir='ltr'>viribus-</span> 
     </span>
     <span class='ocr_line' id='line_1_74' title="bbox 1101 1527 1835 1570; baseline 0.003 -11"><span class='ocrx_word' id='word_1_384' title='bbox 1101 1538 1162 1570; x_wconf 89' lang='lat' dir='ltr'>que</span> <span class='ocrx_word' id='word_1_385' title='bbox 1188 1533 1218 1559; x_wconf 82' lang='lat' dir='ltr'>et</span> <span class='ocrx_word' id='word_1_386' title='bbox 1243 1527 1357 1560; x_wconf 78' lang='lat' dir='ltr'>effectu</span> <span class='ocrx_word' id='word_1_387' title='bbox 1382 1528 1511 1570; x_wconf 87' lang='lat' dir='ltr'>penitus</span> <span class='ocrx_word' id='word_1_388' title='bbox 1530 1535 1562 1561; x_wconf 90' lang='lat' dir='ltr'>et</span> <span class='ocrx_word' id='word_1_389' title='bbox 1578 1529 1710 1562; x_wconf 91' lang='lat' dir='ltr'>omnino</span> <span class='ocrx_word' id='word_1_390' title='bbox 1726 1539 1835 1561; x_wconf 85' lang='lat' dir='ltr'>vacua-</span> 
     </span>
     <span class='ocr_line' id='line_1_75' title="bbox 1103 1581 1834 1622; baseline 0.003 -11"><span class='ocrx_word' id='word_1_391' title='bbox 1103 1590 1179 1617; x_wconf 66' lang='lat' dir='ltr'>mus,</span> <span class='ocrx_word' id='word_1_392' title='bbox 1206 1590 1241 1612; x_wconf 91' lang='lat' dir='ltr'>ac</span> <span class='ocrx_word' id='word_1_393' title='bbox 1265 1590 1324 1622; x_wconf 87' lang='lat' dir='ltr'>pro</span> <span class='ocrx_word' id='word_1_394' title='bbox 1349 1581 1521 1619; x_wconf 82' lang='lat' dir='ltr'>revocatis,</span> <span class='ocrx_word' id='word_1_395' title='bbox 1544 1582 1689 1621; x_wconf 83' lang='lat' dir='ltr'>cassatis,</span> <span class='ocrx_word' id='word_1_396' title='bbox 1725 1581 1834 1622; x_wconf 88' lang='lat' dir='ltr'>irritis,</span> 
     </span>
     <span class='ocr_line' id='line_1_76' title="bbox 1104 1632 1836 1676; baseline 0.004 -13"><span class='ocrx_word' id='word_1_397' title='bbox 1104 1632 1206 1670; x_wconf 83' lang='lat' dir='ltr'>nullis,</span> <span class='ocrx_word' id='word_1_398' title='bbox 1243 1632 1392 1664; x_wconf 84' lang='lat' dir='ltr'>invalidis</span> <span class='ocrx_word' id='word_1_399' title='bbox 1425 1638 1456 1664; x_wconf 87' lang='lat' dir='ltr'>et</span> <span class='ocrx_word' id='word_1_400' title='bbox 1481 1633 1620 1673; x_wconf 84' lang='lat' dir='ltr'>abolitis,</span> <span class='ocrx_word' id='word_1_401' title='bbox 1651 1633 1836 1676; x_wconf 87' lang='lat' dir='ltr'>viribusque</span> 
     </span>
     <span class='ocr_line' id='line_1_77' title="bbox 1103 1684 1835 1727; baseline 0.004 -12"><span class='ocrx_word' id='word_1_402' title='bbox 1103 1689 1135 1717; x_wconf 81' lang='lat' dir='ltr'>et</span> <span class='ocrx_word' id='word_1_403' title='bbox 1174 1684 1288 1716; x_wconf 76' lang='lat' dir='ltr'>ellectu</span> <span class='ocrx_word' id='word_1_404' title='bbox 1328 1685 1457 1727; x_wconf 85' lang='lat' dir='ltr'>penitus</span> <span class='ocrx_word' id='word_1_405' title='bbox 1494 1690 1526 1717; x_wconf 88' lang='lat' dir='ltr'>et</span> <span class='ocrx_word' id='word_1_406' title='bbox 1560 1686 1694 1719; x_wconf 88' lang='lat' dir='ltr'>omnino</span> <span class='ocrx_word' id='word_1_407' title='bbox 1729 1685 1835 1718; x_wconf 87' lang='lat' dir='ltr'>vacuis</span> 
     </span>
     <span class='ocr_line' id='line_1_78' title="bbox 1103 1737 1838 1779; baseline 0.003 -11"><span class='ocrx_word' id='word_1_408' title='bbox 1103 1747 1232 1779; x_wconf 84' lang='lat' dir='ltr'>semper</span> <span class='ocrx_word' id='word_1_409' title='bbox 1271 1737 1384 1769; x_wconf 84' lang='lat' dir='ltr'>haberi</span> <span class='ocrx_word' id='word_1_410' title='bbox 1422 1738 1540 1771; x_wconf 87' lang='lat' dir='ltr'>debere</span> <span class='ocrx_word' id='word_1_411' title='bbox 1565 1739 1769 1772; x_wconf 79' lang='lat' dir='ltr'>decernimus</span> <span class='ocrx_word' id='word_1_412' title='bbox 1805 1742 1838 1770; x_wconf 83' lang='lat' dir='ltr'>et</span> 
     </span>
     <span class='ocr_line' id='line_1_79' title="bbox 1104 1790 1493 1832; baseline 0.003 -10"><span class='ocrx_word' id='word_1_413' title='bbox 1104 1794 1259 1832; x_wconf 86' lang='lat' dir='ltr'>perpetuo</span> <span class='ocrx_word' id='word_1_414' title='bbox 1275 1790 1493 1823; x_wconf 75' lang='lat' dir='ltr'>declaramus.</span> 
     </span>
    </p>

    <p class='ocr_par' dir='ltr' id='par_1_19' title="bbox 1106 1841 1848 2513">
     <span class='ocr_line' id='line_1_80' title="bbox 1148 1841 1840 1886; baseline 0.003 -13"><span class='ocrx_word' id='word_1_415' title='bbox 1148 1842 1162 1884; x_wconf 63' lang='lat' dir='ltr'>g</span> <span class='ocrx_word' id='word_1_416' title='bbox 1187 1841 1218 1874; x_wconf 80' lang='lat'>3.</span> <span class='ocrx_word' id='word_1_417' title='bbox 1245 1841 1464 1875; x_wconf 86' lang='lat' dir='ltr'>Decernentes</span> <span class='ocrx_word' id='word_1_418' title='bbox 1490 1842 1585 1875; x_wconf 88' lang='lat' dir='ltr'>etiam</span> <span class='ocrx_word' id='word_1_419' title='bbox 1603 1843 1733 1876; x_wconf 88' lang='lat' dir='ltr'>easdem</span> <span class='ocrx_word' id='word_1_420' title='bbox 1748 1852 1840 1886; x_wconf 85' lang='lat' dir='ltr'>prae-</span> 
     </span>
     <span class='ocr_line' id='line_1_81' title="bbox 1106 1894 1841 1938; baseline 0.004 -13"><span class='ocrx_word' id='word_1_421' title='bbox 1106 1899 1213 1927; x_wconf 86' lang='lat' dir='ltr'>sentes</span> <span class='ocrx_word' id='word_1_422' title='bbox 1237 1894 1370 1933; x_wconf 86' lang='lat' dir='ltr'>litteras,</span> <span class='ocrx_word' id='word_1_423' title='bbox 1390 1899 1421 1926; x_wconf 90' lang='lat' dir='ltr'>et</span> <span class='ocrx_word' id='word_1_424' title='bbox 1446 1894 1477 1926; x_wconf 89' lang='lat' dir='ltr'>in</span> <span class='ocrx_word' id='word_1_425' title='bbox 1503 1894 1547 1927; x_wconf 87' lang='lat' dir='ltr'>eis</span> <span class='ocrx_word' id='word_1_426' title='bbox 1572 1900 1724 1928; x_wconf 87' lang='lat' dir='ltr'>contenta</span> <span class='ocrx_word' id='word_1_427' title='bbox 1741 1905 1841 1938; x_wconf 87' lang='lat' dir='ltr'>quae-</span> 
     </span>
     <span class='ocr_line' id='line_1_82' title="bbox 1107 1946 1842 1991; baseline 0.003 -13"><span class='ocrx_word' id='word_1_428' title='bbox 1107 1956 1252 1988; x_wconf 86' lang='lat' dir='ltr'>cumque,</span> <span class='ocrx_word' id='word_1_429' title='bbox 1280 1946 1377 1979; x_wconf 83' lang='lat' dir='ltr'>etiarn</span> <span class='ocrx_word' id='word_1_430' title='bbox 1405 1957 1441 1979; x_wconf 77' lang='lat' dir='ltr'>ex</span> <span class='ocrx_word' id='word_1_431' title='bbox 1476 1957 1514 1979; x_wconf 91' lang='lat' dir='ltr'>eo</span> <span class='ocrx_word' id='word_1_432' title='bbox 1540 1948 1627 1990; x_wconf 89' lang='lat' dir='ltr'>quod</span> <span class='ocrx_word' id='word_1_433' title='bbox 1652 1948 1785 1991; x_wconf 79' lang='lat' dir='ltr'>praefati</span> <span class='ocrx_word' id='word_1_434' title='bbox 1810 1953 1842 1980; x_wconf 91' lang='lat' dir='ltr'>et</span> 
     </span>
     <span class='ocr_line' id='line_1_83' title="bbox 1107 1998 1841 2042; baseline 0.004 -12"><span class='ocrx_word' id='word_1_435' title='bbox 1107 1998 1160 2031; x_wconf 88' lang='lat' dir='ltr'>alii</span> <span class='ocrx_word' id='word_1_436' title='bbox 1186 1999 1378 2041; x_wconf 82' lang='lat' dir='ltr'>quicumque</span> <span class='ocrx_word' id='word_1_437' title='bbox 1403 1999 1436 2032; x_wconf 91' lang='lat' dir='ltr'>in</span> <span class='ocrx_word' id='word_1_438' title='bbox 1461 2000 1652 2042; x_wconf 86' lang='lat' dir='ltr'>praemissis</span> <span class='ocrx_word' id='word_1_439' title='bbox 1680 2001 1841 2033; x_wconf 86' lang='lat' dir='ltr'>interesse</span> 
     </span>
     <span class='ocr_line' id='line_1_84' title="bbox 1109 2052 1843 2097; baseline 0.003 -13"><span class='ocrx_word' id='word_1_440' title='bbox 1109 2053 1266 2084; x_wconf 85' lang='lat' dir='ltr'>babentes</span> <span class='ocrx_word' id='word_1_441' title='bbox 1280 2062 1337 2084; x_wconf 86' lang='lat' dir='ltr'>seu</span> <span class='ocrx_word' id='word_1_442' title='bbox 1355 2052 1475 2084; x_wconf 83' lang='lat' dir='ltr'>babere</span> <span class='ocrx_word' id='word_1_443' title='bbox 1490 2054 1736 2095; x_wconf 87' lang='lat' dir='ltr'>quomodolibet</span> <span class='ocrx_word' id='word_1_444' title='bbox 1749 2063 1843 2097; x_wconf 84' lang='lat' dir='ltr'>prae-</span> 
     </span>
     <span class='ocr_line' id='line_1_85' title="bbox 1108 2104 1844 2148; baseline 0.004 -12"><span class='ocrx_word' id='word_1_445' title='bbox 1108 2105 1287 2143; x_wconf 86' lang='lat' dir='ltr'>tendentes,</span> <span class='ocrx_word' id='word_1_446' title='bbox 1305 2104 1444 2137; x_wconf 83' lang='lat' dir='ltr'>cuiusvis</span> <span class='ocrx_word' id='word_1_447' title='bbox 1471 2110 1586 2145; x_wconf 78' lang='lat' dir='ltr'>status,</span> <span class='ocrx_word' id='word_1_448' title='bbox 1609 2106 1738 2148; x_wconf 81' lang='lat' dir='ltr'>gradus,</span> <span class='ocrx_word' id='word_1_449' title='bbox 1756 2106 1844 2139; x_wconf 87' lang='lat' dir='ltr'>ordi-</span> 
     </span>
     <span class='ocr_line' id='line_1_86' title="bbox 1109 2156 1842 2200; baseline 0.003 -12"><span class='ocrx_word' id='word_1_450' title='bbox 1109 2157 1167 2193; x_wconf 78' lang='lat' dir='ltr'>nis,</span> <span class='ocrx_word' id='word_1_451' title='bbox 1183 2156 1458 2200; x_wconf 86' lang='lat' dir='ltr'>praeeminentiae</span> <span class='ocrx_word' id='word_1_452' title='bbox 1474 2163 1506 2190; x_wconf 88' lang='lat' dir='ltr'>et</span> <span class='ocrx_word' id='word_1_453' title='bbox 1519 2157 1684 2200; x_wconf 80' lang='lat' dir='ltr'>dignitatis</span> <span class='ocrx_word' id='word_1_454' title='bbox 1695 2158 1842 2198; x_wconf 82' lang='lat' dir='ltr'>existant,</span> 
     </span>
     <span class='ocr_line' id='line_1_87' title="bbox 1109 2209 1844 2252; baseline 0 -10"><span class='ocrx_word' id='word_1_455' title='bbox 1109 2220 1165 2242; x_wconf 89' lang='lat' dir='ltr'>seu</span> <span class='ocrx_word' id='word_1_456' title='bbox 1186 2209 1266 2241; x_wconf 81' lang='lat' dir='ltr'>alias</span> <span class='ocrx_word' id='word_1_457' title='bbox 1284 2210 1434 2252; x_wconf 76' lang='lat' dir='ltr'>specifica</span> <span class='ocrx_word' id='word_1_458' title='bbox 1452 2216 1482 2242; x_wconf 88' lang='lat' dir='ltr'>ct</span> <span class='ocrx_word' id='word_1_459' title='bbox 1499 2210 1665 2244; x_wconf 80' lang='lat' dir='ltr'>individua</span> <span class='ocrx_word' id='word_1_460' title='bbox 1677 2210 1844 2243; x_wconf 83' lang='lat' dir='ltr'>mentione</span> 
     </span>
     <span class='ocr_line' id='line_1_88' title="bbox 1110 2261 1848 2305; baseline 0 -10"><span class='ocrx_word' id='word_1_461' title='bbox 1110 2266 1141 2295; x_wconf 86' lang='lat' dir='ltr'>et</span> <span class='ocrx_word' id='word_1_462' title='bbox 1165 2261 1372 2305; x_wconf 65' lang='lat' dir='ltr'>expressione</span> <span class='ocrx_word' id='word_1_463' title='bbox 1399 2262 1497 2304; x_wconf 78' lang='lat' dir='ltr'>digni,</span> <span class='ocrx_word' id='word_1_464' title='bbox 1512 2262 1576 2295; x_wconf 87' lang='lat' dir='ltr'>illis</span> <span class='ocrx_word' id='word_1_465' title='bbox 1593 2272 1658 2295; x_wconf 92' lang='lat' dir='ltr'>non</span> <span class='ocrx_word' id='word_1_466' title='bbox 1676 2273 1848 2296; x_wconf 91' lang='lat' dir='ltr'>consense-</span> 
     </span>
     <span class='ocr_line' id='line_1_89' title="bbox 1110 2315 1847 2356; baseline 0.001 -9"><span class='ocrx_word' id='word_1_467' title='bbox 1110 2316 1189 2354; x_wconf 87' lang='lat' dir='ltr'>rint,</span> <span class='ocrx_word' id='word_1_468' title='bbox 1215 2326 1271 2347; x_wconf 86' lang='lat' dir='ltr'>seu</span> <span class='ocrx_word' id='word_1_469' title='bbox 1296 2315 1335 2348; x_wconf 91' lang='lat' dir='ltr'>ad</span> <span class='ocrx_word' id='word_1_470' title='bbox 1360 2326 1397 2347; x_wconf 87' lang='lat' dir='ltr'>ea</span> <span class='ocrx_word' id='word_1_471' title='bbox 1420 2315 1536 2355; x_wconf 84' lang='lat' dir='ltr'>vocati,</span> <span class='ocrx_word' id='word_1_472' title='bbox 1561 2315 1648 2348; x_wconf 86' lang='lat' dir='ltr'>citati</span> <span class='ocrx_word' id='word_1_473' title='bbox 1670 2319 1702 2348; x_wconf 84' lang='lat' dir='ltr'>et</span> <span class='ocrx_word' id='word_1_474' title='bbox 1725 2315 1847 2356; x_wconf 82' lang='lat' dir='ltr'>auditi,</span> 
     </span>
     <span class='ocr_line' id='line_1_90' title="bbox 1111 2372 1848 2411; baseline 0.001 -12"><span class='ocrx_word' id='word_1_475' title='bbox 1111 2377 1298 2409; x_wconf 83' lang='lat' dir='ltr'>causaeque,</span> <span class='ocrx_word' id='word_1_476' title='bbox 1315 2373 1448 2410; x_wconf 84' lang='lat' dir='ltr'>propter</span> <span class='ocrx_word' id='word_1_477' title='bbox 1466 2378 1544 2411; x_wconf 89' lang='lat' dir='ltr'>quas</span> <span class='ocrx_word' id='word_1_478' title='bbox 1557 2372 1744 2411; x_wconf 82' lang='lat' dir='ltr'>praesentes</span> <span class='ocrx_word' id='word_1_479' title='bbox 1762 2378 1848 2400; x_wconf 86' lang='lat' dir='ltr'>ema·</span> 
     </span>
     <span class='ocr_line' id='line_1_91' title="bbox 1112 2419 1846 2460; baseline 0.001 -8"><span class='ocrx_word' id='word_1_480' title='bbox 1112 2420 1227 2458; x_wconf 81' lang='lat' dir='ltr'>uarint,</span> <span class='ocrx_word' id='word_1_481' title='bbox 1243 2420 1443 2453; x_wconf 81' lang='lat' dir='ltr'>sufficienter</span> <span class='ocrx_word' id='word_1_482' title='bbox 1467 2421 1639 2460; x_wconf 83' lang='lat' dir='ltr'>adductae,</span> <span class='ocrx_word' id='word_1_483' title='bbox 1665 2419 1846 2453; x_wconf 82' lang='lat' dir='ltr'>verificatae</span> 
     </span>
     <span class='ocr_line' id='line_1_92' title="bbox 1112 2472 1847 2513; baseline 0.001 -8"><span class='ocrx_word' id='word_1_484' title='bbox 1112 2479 1143 2505; x_wconf 84' lang='lat' dir='ltr'>ct</span> <span class='ocrx_word' id='word_1_485' title='bbox 1165 2472 1353 2505; x_wconf 77' lang='lat' dir='ltr'>iustiticatae</span> <span class='ocrx_word' id='word_1_486' title='bbox 1386 2483 1452 2505; x_wconf 89' lang='lat' dir='ltr'>non</span> <span class='ocrx_word' id='word_1_487' title='bbox 1484 2472 1619 2513; x_wconf 88' lang='lat' dir='ltr'>suerint,</span> <span class='ocrx_word' id='word_1_488' title='bbox 1644 2477 1698 2505; x_wconf 86' lang='lat' dir='ltr'>aut</span> <span class='ocrx_word' id='word_1_489' title='bbox 1723 2483 1759 2505; x_wconf 77' lang='lat' dir='ltr'>ex</span> <span class='ocrx_word' id='word_1_490' title='bbox 1785 2472 1847 2506; x_wconf 72' lang='lat' dir='ltr'>alia</span> 
     </span>
    </p>
   </div>
   <div class='ocr_carea' id='block_1_18' title="bbox 1113 2525 1848 2569">
    <p class='ocr_par' dir='ltr' id='par_1_20' title="bbox 1113 2525 1848 2569">
     <span class='ocr_line' id='line_1_93' title="bbox 1113 2525 1848 2569; baseline 0.003 -12"><span class='ocrx_word' id='word_1_491' title='bbox 1113 2525 1256 2569; x_wconf 75' lang='lat' dir='ltr'>qualibet</span> <span class='ocrx_word' id='word_1_492' title='bbox 1291 2525 1385 2559; x_wconf 85' lang='lat' dir='ltr'>etiam</span> <span class='ocrx_word' id='word_1_493' title='bbox 1420 2525 1621 2569; x_wconf 86' lang='lat' dir='ltr'>quantumvis</span> <span class='ocrx_word' id='word_1_494' title='bbox 1652 2525 1791 2559; x_wconf 72' lang='lat' dir='ltr'>iuridiea</span> <span class='ocrx_word' id='word_1_495' title='bbox 1815 2530 1848 2559; x_wconf 87' lang='lat' dir='ltr'>et.</span> 
     </span>
    </p>
   </div>
   <div class='ocr_carea' id='block_1_19' title="bbox 1813 157 2020 204">
    <p class='ocr_par' dir='ltr' id='par_1_21' title="bbox 1813 157 2020 204">
     <span class='ocr_line' id='line_1_94' title="bbox 1813 157 2020 204; baseline 0.019 -7"><span class='ocrx_word' id='word_1_496' title='bbox 1813 167 1815 172; x_wconf 78' lang='grc'>’</span> <span class='ocrx_word' id='word_1_497' title='bbox 1835 157 1891 198; x_wconf 58' lang='lat' dir='ltr'>mi(</span> <span class='ocrx_word' id='word_1_498' title='bbox 1902 157 1932 199; x_wconf 79' lang='lat' dir='ltr'>c.</span> <span class='ocrx_word' id='word_1_499' title='bbox 1955 166 2020 204; x_wconf 55' lang='lat' dir='ltr'>fle</span> 
     </span>
    </p>
   </div>
   <div class='ocr_carea' id='block_1_20' title="bbox 1875 1852 1996 1875">
    <p class='ocr_par' dir='ltr' id='par_1_22' title="bbox 1875 1852 1996 1875">
     <span class='ocr_line' id='line_1_95' title="bbox 1875 1852 1996 1875; baseline -0.008 0"><span class='ocrx_word' id='word_1_500' title='bbox 1875 1852 1996 1875; x_wconf 60' lang='lat' dir='ltr'>clausulae.</span> 
     </span>
    </p>
   </div>
  </div>
 </body>
</html>
