<?xml version="1.0" encoding="UTF-8"?>
<!DOCTYPE html PUBLIC "-//W3C//DTD XHTML 1.0 Transitional//EN"
    "http://www.w3.org/TR/xhtml1/DTD/xhtml1-transitional.dtd">
<html xmlns="http://www.w3.org/1999/xhtml" xml:lang="en" lang="en">
 <head>
  <title>
</title>
<meta http-equiv="Content-Type" content="text/html;charset=utf-8" />
  <meta name='ocr-system' content='tesseract 3.04.00' />
  <meta name='ocr-capabilities' content='ocr_page ocr_carea ocr_par ocr_line ocrx_word'/>
</head>
<body>
  <div class='ocr_page' id='page_1' title='image "./bullarumdiplomat19cath_0210.png"; bbox 0 0 2111 3157; ppageno 0'>
   <div class='ocr_carea' id='block_1_1' title="bbox 178 190 476 227">
    <p class='ocr_par' dir='ltr' id='par_1_1' title="bbox 178 190 476 227">
     <span class='ocr_line' id='line_1_1' title="bbox 178 190 476 227; baseline -0.003 -2"><span class='ocrx_word' id='word_1_1' title='bbox 178 197 228 225; x_wconf 81' lang='lat' dir='ltr'>An.</span> <span class='ocrx_word' id='word_1_2' title='bbox 245 197 274 226; x_wconf 86' lang='lat' dir='ltr'>c.</span> <span class='ocrx_word' id='word_1_3' title='bbox 298 198 372 227; x_wconf 80' lang='lat'>1679.</span> <span class='ocrx_word' id='word_1_4' title='bbox 412 190 476 224; x_wconf 75' lang='grc'>176</span> 
     </span>
    </p>
   </div>
   <div class='ocr_carea' id='block_1_2' title="bbox 204 895 326 917">
    <p class='ocr_par' dir='ltr' id='par_1_2' title="bbox 204 895 326 917">
     <span class='ocr_line' id='line_1_2' title="bbox 204 895 326 917; baseline 0 -1"><span class='ocrx_word' id='word_1_5' title='bbox 204 895 326 917; x_wconf 56' lang='lat' dir='ltr'>(humine.</span> 
     </span>
    </p>
   </div>
   <div class='ocr_carea' id='block_1_3' title="bbox 371 201 1139 2475">
    <p class='ocr_par' dir='ltr' id='par_1_3' title="bbox 372 201 1135 880">
     <span class='ocr_line' id='line_1_3' title="bbox 955 201 1134 225; baseline 0 -1"><span class='ocrx_word' id='word_1_6' title='bbox 955 201 1134 225; x_wconf 61' lang='lat' dir='ltr'>nULLtntUM</span> 
     </span>
     <span class='ocr_line' id='line_1_4' title="bbox 373 249 1108 293; baseline 0.001 -12"><span class='ocrx_word' id='word_1_7' title='bbox 373 249 559 283; x_wconf 86' lang='lat' dir='ltr'>huiusmodi</span> <span class='ocrx_word' id='word_1_8' title='bbox 585 260 639 283; x_wconf 89' lang='lat' dir='ltr'>eos</span> <span class='ocrx_word' id='word_1_9' title='bbox 665 261 776 283; x_wconf 88' lang='lat' dir='ltr'>onmes</span> <span class='ocrx_word' id='word_1_10' title='bbox 803 255 834 283; x_wconf 90' lang='lat' dir='ltr'>et</span> <span class='ocrx_word' id='word_1_11' title='bbox 859 251 1006 293; x_wconf 77' lang='lat' dir='ltr'>singulos</span> <span class='ocrx_word' id='word_1_12' title='bbox 1034 251 1108 282; x_wconf 90' lang='lat' dir='ltr'>nul-</span> 
     </span>
     <span class='ocr_line' id='line_1_5' title="bbox 372 305 1109 338; baseline -0.001 0"><span class='ocrx_word' id='word_1_13' title='bbox 372 306 436 338; x_wconf 84' lang='lat' dir='ltr'>lam</span> <span class='ocrx_word' id='word_1_14' title='bbox 461 305 592 337; x_wconf 89' lang='lat' dir='ltr'>omnino</span> <span class='ocrx_word' id='word_1_15' title='bbox 614 306 644 337; x_wconf 91' lang='lat' dir='ltr'>in</span> <span class='ocrx_word' id='word_1_16' title='bbox 663 305 804 338; x_wconf 88' lang='lat' dir='ltr'>materiis</span> <span class='ocrx_word' id='word_1_17' title='bbox 831 306 868 338; x_wconf 87' lang='lat' dir='ltr'>ad</span> <span class='ocrx_word' id='word_1_18' title='bbox 895 310 1042 338; x_wconf 88' lang='lat' dir='ltr'>sanctum</span> <span class='ocrx_word' id='word_1_19' title='bbox 1065 305 1109 337; x_wconf 89' lang='lat' dir='ltr'>ln-</span> 
     </span>
     <span class='ocr_line' id='line_1_6' title="bbox 373 358 1110 402; baseline 0.001 -13"><span class='ocrx_word' id='word_1_20' title='bbox 373 358 556 401; x_wconf 87' lang='lat' dir='ltr'>quisitionis</span> <span class='ocrx_word' id='word_1_21' title='bbox 582 359 721 391; x_wconf 80' lang='lat' dir='ltr'>osticium</span> <span class='ocrx_word' id='word_1_22' title='bbox 747 359 989 402; x_wconf 76' lang='lat' dir='ltr'>quomodolibet</span> <span class='ocrx_word' id='word_1_23' title='bbox 1011 358 1110 402; x_wconf 90' lang='lat' dir='ltr'>perti-</span> 
     </span>
     <span class='ocr_line' id='line_1_7' title="bbox 372 411 1109 444; baseline 0.001 -1"><span class='ocrx_word' id='word_1_24' title='bbox 372 412 525 444; x_wconf 87' lang='lat' dir='ltr'>nentibus</span> <span class='ocrx_word' id='word_1_25' title='bbox 549 411 807 444; x_wconf 81' lang='lat' dir='ltr'>iurisdictionem</span> <span class='ocrx_word' id='word_1_26' title='bbox 828 412 978 444; x_wconf 86' lang='lat' dir='ltr'>habuisse</span> <span class='ocrx_word' id='word_1_27' title='bbox 997 422 1056 444; x_wconf 78' lang='lat' dir='ltr'>nec</span> <span class='ocrx_word' id='word_1_28' title='bbox 1072 412 1109 444; x_wconf 88' lang='lat' dir='ltr'>de</span> 
     </span>
     <span class='ocr_line' id='line_1_8' title="bbox 372 464 1135 508; baseline 0.003 -13"><span class='ocrx_word' id='word_1_29' title='bbox 372 464 536 507; x_wconf 74' lang='lat' dir='ltr'>praesenti</span> <span class='ocrx_word' id='word_1_30' title='bbox 570 464 710 504; x_wconf 75' lang='lat' dir='ltr'>habere;</span> <span class='ocrx_word' id='word_1_31' title='bbox 740 470 771 496; x_wconf 89' lang='lat' dir='ltr'>et</span> <span class='ocrx_word' id='word_1_32' title='bbox 803 469 978 508; x_wconf 87' lang='lat' dir='ltr'>propterea</span> <span class='ocrx_word' id='word_1_33' title='bbox 1003 465 1135 498; x_wconf 65' lang='lat' dir='ltr'>omnia}</span> 
     </span>
     <span class='ocr_line' id='line_1_9' title="bbox 373 499 1134 560; baseline 0.003 -12"><span class='ocrx_word' id='word_1_34' title='bbox 373 522 405 548; x_wconf 89' lang='lat' dir='ltr'>et</span> <span class='ocrx_word' id='word_1_35' title='bbox 429 517 557 558; x_wconf 75' lang='lat' dir='ltr'>singula</span> <span class='ocrx_word' id='word_1_36' title='bbox 576 527 633 559; x_wconf 88' lang='lat' dir='ltr'>per</span> <span class='ocrx_word' id='word_1_37' title='bbox 651 517 783 550; x_wconf 86' lang='lat' dir='ltr'>eosdem</span> <span class='ocrx_word' id='word_1_38' title='bbox 810 522 900 560; x_wconf 73' lang='lat' dir='ltr'>gesta</span> <span class='ocrx_word' id='word_1_39' title='bbox 917 523 988 560; x_wconf 87' lang='lat' dir='ltr'>post</span> <span class='ocrx_word' id='word_1_40' title='bbox 1005 518 1112 550; x_wconf 90' lang='lat' dir='ltr'>incur·</span> <span class='ocrx_word' id='word_1_41' title='bbox 1131 499 1134 543; x_wconf 66' lang='lat' dir='ltr'>i</span> 
     </span>
     <span class='ocr_line' id='line_1_10' title="bbox 372 570 1133 614; baseline 0.004 -13"><span class='ocrx_word' id='word_1_42' title='bbox 372 580 440 602; x_wconf 85' lang='lat' dir='ltr'>surn</span> <span class='ocrx_word' id='word_1_43' title='bbox 466 570 571 603; x_wconf 81' lang='lat' dir='ltr'>dictae</span> <span class='ocrx_word' id='word_1_44' title='bbox 597 571 836 614; x_wconf 90' lang='lat' dir='ltr'>suspensionis,</span> <span class='ocrx_word' id='word_1_45' title='bbox 855 577 885 604; x_wconf 89' lang='lat' dir='ltr'>et</span> <span class='ocrx_word' id='word_1_46' title='bbox 903 572 928 604; x_wconf 91' lang='lat' dir='ltr'>si</span> <span class='ocrx_word' id='word_1_47' title='bbox 948 583 1029 614; x_wconf 86' lang='lat' dir='ltr'>quae</span> <span class='ocrx_word' id='word_1_48' title='bbox 1048 572 1111 604; x_wconf 84' lang='lat' dir='ltr'>sor·</span> <span class='ocrx_word' id='word_1_49' title='bbox 1132 582 1133 598; x_wconf 64' lang='lat'>³</span> 
     </span>
     <span class='ocr_line' id='line_1_11' title="bbox 373 624 1112 666; baseline 0.003 -11"><span class='ocrx_word' id='word_1_50' title='bbox 373 634 428 655; x_wconf 88' lang='lat' dir='ltr'>san</span> <span class='ocrx_word' id='word_1_51' title='bbox 451 634 510 666; x_wconf 87' lang='lat' dir='ltr'>per</span> <span class='ocrx_word' id='word_1_52' title='bbox 527 634 582 656; x_wconf 85' lang='lat' dir='ltr'>eos</span> <span class='ocrx_word' id='word_1_53' title='bbox 601 624 815 666; x_wconf 87' lang='lat' dir='ltr'>imposterum</span> <span class='ocrx_word' id='word_1_54' title='bbox 834 630 981 666; x_wconf 76' lang='lat' dir='ltr'>agentur,</span> <span class='ocrx_word' id='word_1_55' title='bbox 1000 625 1033 657; x_wconf 95' lang='lat' dir='ltr'>in</span> <span class='ocrx_word' id='word_1_56' title='bbox 1050 636 1112 657; x_wconf 78' lang='lat' dir='ltr'>rna·</span> 
     </span>
     <span class='ocr_line' id='line_1_12' title="bbox 372 677 1110 718; baseline 0 -8"><span class='ocrx_word' id='word_1_57' title='bbox 372 678 461 711; x_wconf 84' lang='lat' dir='ltr'>teriis</span> <span class='ocrx_word' id='word_1_58' title='bbox 487 677 516 711; x_wconf 84' lang='lat' dir='ltr'>S.</span> <span class='ocrx_word' id='word_1_59' title='bbox 540 678 643 711; x_wconf 77' lang='lat' dir='ltr'>Ol&#39;ticii</span> <span class='ocrx_word' id='word_1_60' title='bbox 671 679 866 718; x_wconf 87' lang='lat' dir='ltr'>huiusmodi,</span> <span class='ocrx_word' id='word_1_61' title='bbox 886 679 927 711; x_wconf 90' lang='lat' dir='ltr'>ob</span> <span class='ocrx_word' id='word_1_62' title='bbox 949 679 1110 711; x_wconf 80' lang='lat' dir='ltr'>desectum</span> 
     </span>
     <span class='ocr_line' id='line_1_13' title="bbox 373 731 1110 775; baseline 0 -13"><span class='ocrx_word' id='word_1_63' title='bbox 373 731 620 770; x_wconf 82' lang='lat' dir='ltr'>iurisdictionis,</span> <span class='ocrx_word' id='word_1_64' title='bbox 647 732 779 775; x_wconf 89' lang='lat' dir='ltr'>penitus</span> <span class='ocrx_word' id='word_1_65' title='bbox 806 736 836 764; x_wconf 88' lang='lat' dir='ltr'>et</span> <span class='ocrx_word' id='word_1_66' title='bbox 868 731 1001 763; x_wconf 86' lang='lat' dir='ltr'>omnino</span> <span class='ocrx_word' id='word_1_67' title='bbox 1023 731 1110 762; x_wconf 88' lang='lat' dir='ltr'>nulla</span> 
     </span>
     <span class='ocr_line' id='line_1_14' title="bbox 373 784 1109 823; baseline 0 -7"><span class='ocrx_word' id='word_1_68' title='bbox 373 789 403 816; x_wconf 86' lang='lat' dir='ltr'>et</span> <span class='ocrx_word' id='word_1_69' title='bbox 422 784 565 817; x_wconf 79' lang='lat' dir='ltr'>invalida</span> <span class='ocrx_word' id='word_1_70' title='bbox 586 785 684 817; x_wconf 77' lang='lat' dir='ltr'>fuisse</span> <span class='ocrx_word' id='word_1_71' title='bbox 707 791 739 817; x_wconf 87' lang='lat' dir='ltr'>et.</span> <span class='ocrx_word' id='word_1_72' title='bbox 759 795 827 817; x_wconf 85' lang='lat' dir='ltr'>esse</span> <span class='ocrx_word' id='word_1_73' title='bbox 846 795 881 817; x_wconf 86' lang='lat' dir='ltr'>ac</span> <span class='ocrx_word' id='word_1_74' title='bbox 900 785 977 823; x_wconf 88' lang='lat' dir='ltr'>sore,</span> <span class='ocrx_word' id='word_1_75' title='bbox 999 789 1109 816; x_wconf 85' lang='lat' dir='ltr'>tenore</span> 
     </span>
     <span class='ocr_line' id='line_1_15' title="bbox 373 837 840 880; baseline 0.002 -11"><span class='ocrx_word' id='word_1_76' title='bbox 373 837 593 880; x_wconf 84' lang='lat' dir='ltr'>praesentium</span> <span class='ocrx_word' id='word_1_77' title='bbox 625 838 840 871; x_wconf 71' lang='lat' dir='ltr'>declaramus.</span> 
     </span>
    </p>

    <p class='ocr_par' dir='ltr' id='par_1_4' title="bbox 371 890 1139 2475">
     <span class='ocr_line' id='line_1_16' title="bbox 416 890 1110 934; baseline -0.003 -11"><span class='ocrx_word' id='word_1_78' title='bbox 416 891 431 933; x_wconf 64' lang='grc' dir='ltr'><strong>ἓ</strong></span> <span class='ocrx_word' id='word_1_79' title='bbox 456 890 486 923; x_wconf 82' lang='lat'>3.</span> <span class='ocrx_word' id='word_1_80' title='bbox 514 891 734 923; x_wconf 86' lang='lat' dir='ltr'>Decernentes</span> <span class='ocrx_word' id='word_1_81' title='bbox 761 892 890 924; x_wconf 87' lang='lat' dir='ltr'>easdem</span> <span class='ocrx_word' id='word_1_82' title='bbox 921 895 1110 934; x_wconf 80' lang='lat' dir='ltr'>praesentes</span> 
     </span>
     <span class='ocr_line' id='line_1_17' title="bbox 371 943 1109 987; baseline 0 -11"><span class='ocrx_word' id='word_1_83' title='bbox 371 943 495 977; x_wconf 72' lang='lat' dir='ltr'>litteras</span> <span class='ocrx_word' id='word_1_84' title='bbox 521 949 553 976; x_wconf 87' lang='lat' dir='ltr'>et</span> <span class='ocrx_word' id='word_1_85' title='bbox 577 943 608 975; x_wconf 91' lang='lat' dir='ltr'>in</span> <span class='ocrx_word' id='word_1_86' title='bbox 629 944 674 976; x_wconf 87' lang='lat' dir='ltr'>eis</span> <span class='ocrx_word' id='word_1_87' title='bbox 699 949 852 977; x_wconf 81' lang='lat' dir='ltr'>contenta</span> <span class='ocrx_word' id='word_1_88' title='bbox 877 954 1109 987; x_wconf 80' lang='lat' dir='ltr'>quaecumque,</span> 
     </span>
     <span class='ocr_line' id='line_1_18' title="bbox 372 996 1110 1039; baseline 0 -11"><span class='ocrx_word' id='word_1_89' title='bbox 372 996 468 1029; x_wconf 86' lang='lat' dir='ltr'>etiam</span> <span class='ocrx_word' id='word_1_90' title='bbox 494 1007 530 1028; x_wconf 79' lang='lat' dir='ltr'>ex</span> <span class='ocrx_word' id='word_1_91' title='bbox 556 1007 594 1028; x_wconf 91' lang='lat' dir='ltr'>eo</span> <span class='ocrx_word' id='word_1_92' title='bbox 621 997 708 1039; x_wconf 80' lang='lat' dir='ltr'>quod</span> <span class='ocrx_word' id='word_1_93' title='bbox 740 996 886 1039; x_wconf 48' lang='lat' dir='ltr'>praes-rifi,</span> <span class='ocrx_word' id='word_1_94' title='bbox 913 997 1006 1029; x_wconf 73' lang='lat' dir='ltr'>aliive</span> <span class='ocrx_word' id='word_1_95' title='bbox 1041 997 1110 1039; x_wconf 82' lang='lat' dir='ltr'>qui-</span> 
     </span>
     <span class='ocr_line' id='line_1_19' title="bbox 371 1050 1111 1092; baseline -0.001 -10"><span class='ocrx_word' id='word_1_96' title='bbox 371 1050 461 1090; x_wconf 79' lang='lat' dir='ltr'>libet,</span> <span class='ocrx_word' id='word_1_97' title='bbox 481 1050 714 1092; x_wconf 85' lang='lat' dir='ltr'>cuiuscumque</span> <span class='ocrx_word' id='word_1_98' title='bbox 739 1055 851 1089; x_wconf 83' lang='lat' dir='ltr'>status,</span> <span class='ocrx_word' id='word_1_99' title='bbox 874 1051 1002 1092; x_wconf 73' lang='lat' dir='ltr'>gradus,</span> <span class='ocrx_word' id='word_1_100' title='bbox 1023 1050 1111 1082; x_wconf 85' lang='lat' dir='ltr'>ordi-</span> 
     </span>
     <span class='ocr_line' id='line_1_20' title="bbox 371 1102 1109 1145; baseline 0 -11"><span class='ocrx_word' id='word_1_101' title='bbox 371 1102 429 1142; x_wconf 86' lang='lat' dir='ltr'>nis,</span> <span class='ocrx_word' id='word_1_102' title='bbox 448 1102 722 1145; x_wconf 70' lang='lat' dir='ltr'>praeeminentiae</span> <span class='ocrx_word' id='word_1_103' title='bbox 737 1108 768 1135; x_wconf 87' lang='lat' dir='ltr'>et</span> <span class='ocrx_word' id='word_1_104' title='bbox 782 1102 947 1145; x_wconf 75' lang='lat' dir='ltr'>dignitatis</span> <span class='ocrx_word' id='word_1_105' title='bbox 962 1103 1109 1143; x_wconf 73' lang='lat' dir='ltr'>existant,</span> 
     </span>
     <span class='ocr_line' id='line_1_21' title="bbox 371 1155 1134 1198; baseline 0 -11"><span class='ocrx_word' id='word_1_106' title='bbox 371 1155 402 1187; x_wconf 92' lang='lat' dir='ltr'>in</span> <span class='ocrx_word' id='word_1_107' title='bbox 442 1155 631 1198; x_wconf 70' lang='lat' dir='ltr'>praemissis</span> <span class='ocrx_word' id='word_1_108' title='bbox 668 1155 825 1188; x_wconf 88' lang='lat' dir='ltr'>interesse</span> <span class='ocrx_word' id='word_1_109' title='bbox 863 1155 1019 1188; x_wconf 89' lang='lat' dir='ltr'>habentes</span> <span class='ocrx_word' id='word_1_110' title='bbox 1055 1166 1134 1188; x_wconf 74' lang='lat' dir='ltr'>seu:</span> 
     </span>
     <span class='ocr_line' id='line_1_22' title="bbox 372 1209 1112 1252; baseline 0 -11"><span class='ocrx_word' id='word_1_111' title='bbox 372 1209 494 1241; x_wconf 81' lang='lat' dir='ltr'>habere</span> <span class='ocrx_word' id='word_1_112' title='bbox 510 1209 760 1252; x_wconf 83' lang='lat' dir='ltr'>quomodolibet</span> <span class='ocrx_word' id='word_1_113' title='bbox 771 1209 1036 1252; x_wconf 87' lang='lat' dir='ltr'>praetendentes,</span> <span class='ocrx_word' id='word_1_114' title='bbox 1048 1209 1112 1242; x_wconf 91' lang='lat' dir='ltr'>illis</span> 
     </span>
     <span class='ocr_line' id='line_1_23' title="bbox 371 1262 1113 1302; baseline -0.001 -7"><span class='ocrx_word' id='word_1_115' title='bbox 371 1273 438 1295; x_wconf 88' lang='lat' dir='ltr'>non</span> <span class='ocrx_word' id='word_1_116' title='bbox 463 1262 698 1302; x_wconf 71' lang='lat' dir='ltr'>consenserint,</span> <span class='ocrx_word' id='word_1_117' title='bbox 723 1273 782 1294; x_wconf 88' lang='lat' dir='ltr'>nec</span> <span class='ocrx_word' id='word_1_118' title='bbox 807 1262 846 1295; x_wconf 84' lang='lat' dir='ltr'>ad</span> <span class='ocrx_word' id='word_1_119' title='bbox 872 1273 910 1294; x_wconf 88' lang='lat' dir='ltr'>ea</span> <span class='ocrx_word' id='word_1_120' title='bbox 933 1262 1044 1302; x_wconf 78' lang='lat' dir='ltr'>vocati,</span> <span class='ocrx_word' id='word_1_121' title='bbox 1070 1263 1113 1294; x_wconf 87' lang='lat' dir='ltr'>ei-</span> 
     </span>
     <span class='ocr_line' id='line_1_24' title="bbox 372 1315 1113 1359; baseline 0 -11"><span class='ocrx_word' id='word_1_122' title='bbox 372 1315 429 1348; x_wconf 79' lang='lat' dir='ltr'>tati</span> <span class='ocrx_word' id='word_1_123' title='bbox 454 1321 486 1347; x_wconf 88' lang='lat' dir='ltr'>et</span> <span class='ocrx_word' id='word_1_124' title='bbox 509 1315 620 1355; x_wconf 86' lang='lat' dir='ltr'>auditi,</span> <span class='ocrx_word' id='word_1_125' title='bbox 647 1326 708 1348; x_wconf 84' lang='lat' dir='ltr'>nec</span> <span class='ocrx_word' id='word_1_126' title='bbox 733 1326 859 1355; x_wconf 81' lang='lat' dir='ltr'>causae,</span> <span class='ocrx_word' id='word_1_127' title='bbox 875 1321 1011 1359; x_wconf 90' lang='lat' dir='ltr'>propter</span> <span class='ocrx_word' id='word_1_128' title='bbox 1035 1326 1113 1358; x_wconf 85' lang='lat' dir='ltr'>quas</span> 
     </span>
     <span class='ocr_line' id='line_1_25' title="bbox 372 1369 1114 1412; baseline -0.001 -11"><span class='ocrx_word' id='word_1_129' title='bbox 372 1369 460 1412; x_wconf 81' lang='lat' dir='ltr'>ipsae</span> <span class='ocrx_word' id='word_1_130' title='bbox 485 1374 674 1411; x_wconf 80' lang='lat' dir='ltr'>praesentes</span> <span class='ocrx_word' id='word_1_131' title='bbox 700 1369 890 1407; x_wconf 79' lang='lat' dir='ltr'>emanarint,</span> <span class='ocrx_word' id='word_1_132' title='bbox 916 1369 1114 1402; x_wconf 77' lang='lat' dir='ltr'>sufficienter</span> 
     </span>
     <span class='ocr_line' id='line_1_26' title="bbox 373 1422 1113 1462; baseline -0.001 -7"><span class='ocrx_word' id='word_1_133' title='bbox 373 1423 539 1462; x_wconf 81' lang='lat' dir='ltr'>adductae,</span> <span class='ocrx_word' id='word_1_134' title='bbox 566 1422 745 1455; x_wconf 81' lang='lat' dir='ltr'>verificatae</span> <span class='ocrx_word' id='word_1_135' title='bbox 773 1428 803 1455; x_wconf 89' lang='lat' dir='ltr'>et</span> <span class='ocrx_word' id='word_1_136' title='bbox 827 1422 1016 1455; x_wconf 83' lang='lat' dir='ltr'>iustificatae</span> <span class='ocrx_word' id='word_1_137' title='bbox 1046 1423 1113 1454; x_wconf 85' lang='lat' dir='ltr'>sue-</span> 
     </span>
     <span class='ocr_line' id='line_1_27' title="bbox 373 1475 1112 1519; baseline 0.001 -12"><span class='ocrx_word' id='word_1_138' title='bbox 373 1475 446 1514; x_wconf 91' lang='lat' dir='ltr'>rint,</span> <span class='ocrx_word' id='word_1_139' title='bbox 473 1481 527 1508; x_wconf 86' lang='lat' dir='ltr'>aut</span> <span class='ocrx_word' id='word_1_140' title='bbox 551 1486 586 1508; x_wconf 81' lang='lat' dir='ltr'>ex</span> <span class='ocrx_word' id='word_1_141' title='bbox 609 1476 670 1508; x_wconf 75' lang='lat' dir='ltr'>alia</span> <span class='ocrx_word' id='word_1_142' title='bbox 690 1487 891 1519; x_wconf 83' lang='lat' dir='ltr'>quacumque</span> <span class='ocrx_word' id='word_1_143' title='bbox 910 1476 1112 1519; x_wconf 84' lang='lat' dir='ltr'>quantumvis</span> 
     </span>
     <span class='ocr_line' id='line_1_28' title="bbox 374 1528 1110 1572; baseline 0.001 -12"><span class='ocrx_word' id='word_1_144' title='bbox 374 1528 519 1566; x_wconf 76' lang='lat' dir='ltr'>iuridica,</span> <span class='ocrx_word' id='word_1_145' title='bbox 534 1529 586 1571; x_wconf 76' lang='lat' dir='ltr'>pia</span> <span class='ocrx_word' id='word_1_146' title='bbox 600 1534 632 1561; x_wconf 88' lang='lat' dir='ltr'>et</span> <span class='ocrx_word' id='word_1_147' title='bbox 646 1529 848 1572; x_wconf 74' lang='lat' dir='ltr'>privilegiata</span> <span class='ocrx_word' id='word_1_148' title='bbox 866 1532 972 1569; x_wconf 77' lang='lat' dir='ltr'>causa,</span> <span class='ocrx_word' id='word_1_149' title='bbox 992 1530 1110 1568; x_wconf 83' lang='lat' dir='ltr'>colore,</span> 
     </span>
     <span class='ocr_line' id='line_1_29' title="bbox 374 1582 1112 1625; baseline 0.001 -11"><span class='ocrx_word' id='word_1_150' title='bbox 374 1586 544 1625; x_wconf 84' lang='lat' dir='ltr'>praetextu</span> <span class='ocrx_word' id='word_1_151' title='bbox 578 1587 611 1613; x_wconf 88' lang='lat' dir='ltr'>et</span> <span class='ocrx_word' id='word_1_152' title='bbox 639 1582 757 1625; x_wconf 86' lang='lat' dir='ltr'>capite,</span> <span class='ocrx_word' id='word_1_153' title='bbox 793 1582 890 1614; x_wconf 85' lang='lat' dir='ltr'>etiam</span> <span class='ocrx_word' id='word_1_154' title='bbox 916 1582 948 1614; x_wconf 87' lang='lat' dir='ltr'>in</span> <span class='ocrx_word' id='word_1_155' title='bbox 973 1593 1112 1624; x_wconf 85' lang='lat' dir='ltr'>corpore</span> 
     </span>
     <span class='ocr_line' id='line_1_30' title="bbox 374 1635 1113 1676; baseline 0.001 -9"><span class='ocrx_word' id='word_1_156' title='bbox 374 1635 453 1667; x_wconf 86' lang='lat' dir='ltr'>iuris</span> <span class='ocrx_word' id='word_1_157' title='bbox 479 1636 599 1675; x_wconf 86' lang='lat' dir='ltr'>clauso,</span> <span class='ocrx_word' id='word_1_158' title='bbox 622 1635 718 1667; x_wconf 87' lang='lat' dir='ltr'>etiam</span> <span class='ocrx_word' id='word_1_159' title='bbox 743 1636 898 1676; x_wconf 83' lang='lat' dir='ltr'>enormis,</span> <span class='ocrx_word' id='word_1_160' title='bbox 926 1637 1113 1669; x_wconf 85' lang='lat' dir='ltr'>enormissi-</span> 
     </span>
     <span class='ocr_line' id='line_1_31' title="bbox 375 1688 1113 1733; baseline 0.003 -13"><span class='ocrx_word' id='word_1_161' title='bbox 375 1698 444 1720; x_wconf 87' lang='lat' dir='ltr'>mae</span> <span class='ocrx_word' id='word_1_162' title='bbox 470 1693 501 1720; x_wconf 89' lang='lat' dir='ltr'>et</span> <span class='ocrx_word' id='word_1_163' title='bbox 528 1688 634 1721; x_wconf 83' lang='lat' dir='ltr'>totalis</span> <span class='ocrx_word' id='word_1_164' title='bbox 660 1689 823 1727; x_wconf 88' lang='lat' dir='ltr'>laesionis,</span> <span class='ocrx_word' id='word_1_165' title='bbox 849 1690 938 1722; x_wconf 90' lang='lat' dir='ltr'>nullo</span> <span class='ocrx_word' id='word_1_166' title='bbox 969 1701 1113 1733; x_wconf 86' lang='lat' dir='ltr'>unquam</span> 
     </span>
     <span class='ocr_line' id='line_1_32' title="bbox 374 1742 1113 1786; baseline 0.003 -12"><span class='ocrx_word' id='word_1_167' title='bbox 374 1746 521 1784; x_wconf 85' lang='lat' dir='ltr'>tempore</span> <span class='ocrx_word' id='word_1_168' title='bbox 544 1742 582 1774; x_wconf 88' lang='lat' dir='ltr'>de</span> <span class='ocrx_word' id='word_1_169' title='bbox 603 1742 827 1785; x_wconf 81' lang='lat' dir='ltr'>subreptionis</span> <span class='ocrx_word' id='word_1_170' title='bbox 844 1744 892 1776; x_wconf 81' lang='lat' dir='ltr'>vel</span> <span class='ocrx_word' id='word_1_171' title='bbox 913 1744 1113 1786; x_wconf 88' lang='lat' dir='ltr'>obreptionis</span> 
     </span>
     <span class='ocr_line' id='line_1_33' title="bbox 376 1794 1114 1834; baseline 0.005 -8"><span class='ocrx_word' id='word_1_172' title='bbox 376 1800 431 1827; x_wconf 82' lang='lat' dir='ltr'>aut</span> <span class='ocrx_word' id='word_1_173' title='bbox 455 1794 613 1827; x_wconf 82' lang='lat' dir='ltr'>nullitatis</span> <span class='ocrx_word' id='word_1_174' title='bbox 637 1795 724 1834; x_wconf 84' lang='lat' dir='ltr'>vitio,</span> <span class='ocrx_word' id='word_1_175' title='bbox 758 1806 812 1828; x_wconf 80' lang='lat' dir='ltr'>seu</span> <span class='ocrx_word' id='word_1_176' title='bbox 839 1796 1029 1829; x_wconf 83' lang='lat' dir='ltr'>intentionis</span> <span class='ocrx_word' id='word_1_177' title='bbox 1056 1808 1114 1830; x_wconf 92' lang='lat' dir='ltr'>no-</span> 
     </span>
     <span class='ocr_line' id='line_1_34' title="bbox 375 1848 1114 1883; baseline 0.001 -2"><span class='ocrx_word' id='word_1_178' title='bbox 375 1854 459 1881; x_wconf 86' lang='lat' dir='ltr'>strae</span> <span class='ocrx_word' id='word_1_179' title='bbox 496 1853 549 1880; x_wconf 91' lang='lat' dir='ltr'>aut</span> <span class='ocrx_word' id='word_1_180' title='bbox 574 1848 727 1881; x_wconf 76' lang='lat' dir='ltr'>interesse</span> <span class='ocrx_word' id='word_1_181' title='bbox 755 1849 943 1882; x_wconf 80' lang='lat' dir='ltr'>habentium</span> <span class='ocrx_word' id='word_1_182' title='bbox 976 1861 1114 1883; x_wconf 78' lang='lat' dir='ltr'>consen-</span> 
     </span>
     <span class='ocr_line' id='line_1_35' title="bbox 376 1901 1114 1946; baseline 0.005 -13"><span class='ocrx_word' id='word_1_183' title='bbox 376 1911 449 1941; x_wconf 76' lang='lat' dir='ltr'>suS,</span> <span class='ocrx_word' id='word_1_184' title='bbox 475 1901 577 1934; x_wconf 79' lang='lat' dir='ltr'>aliove</span> <span class='ocrx_word' id='word_1_185' title='bbox 611 1902 756 1944; x_wconf 79' lang='lat' dir='ltr'>quolibet</span> <span class='ocrx_word' id='word_1_186' title='bbox 781 1903 876 1934; x_wconf 86' lang='lat' dir='ltr'>etiam</span> <span class='ocrx_word' id='word_1_187' title='bbox 914 1904 1114 1946; x_wconf 80' lang='lat' dir='ltr'>quantumvis</span> 
     </span>
     <span class='ocr_line' id='line_1_36' title="bbox 375 1955 1114 1999; baseline 0.004 -14"><span class='ocrx_word' id='word_1_188' title='bbox 375 1965 493 1996; x_wconf 84' lang='lat' dir='ltr'>magno</span> <span class='ocrx_word' id='word_1_189' title='bbox 520 1960 552 1986; x_wconf 90' lang='lat' dir='ltr'>et</span> <span class='ocrx_word' id='word_1_190' title='bbox 587 1955 791 1987; x_wconf 79' lang='lat' dir='ltr'>substantiali</span> <span class='ocrx_word' id='word_1_191' title='bbox 818 1967 854 1987; x_wconf 86' lang='lat' dir='ltr'>ac</span> <span class='ocrx_word' id='word_1_192' title='bbox 879 1957 1057 1999; x_wconf 71' lang='lat' dir='ltr'>incogitato</span> <span class='ocrx_word' id='word_1_193' title='bbox 1083 1963 1114 1990; x_wconf 87' lang='lat' dir='ltr'>et.</span> 
     </span>
     <span class='ocr_line' id='line_1_37' title="bbox 375 2006 1115 2053; baseline 0.007 -15"><span class='ocrx_word' id='word_1_194' title='bbox 375 2006 614 2049; x_wconf 66' lang='lat' dir='ltr'>inexcogitabili</span> <span class='ocrx_word' id='word_1_195' title='bbox 643 2008 904 2052; x_wconf 67' lang='lat' dir='ltr'>individuamque</span> <span class='ocrx_word' id='word_1_196' title='bbox 932 2011 1115 2053; x_wconf 65' lang='lat' dir='ltr'>expressio-</span> 
     </span>
     <span class='ocr_line' id='line_1_38' title="bbox 376 2061 1114 2106; baseline 0.004 -14"><span class='ocrx_word' id='word_1_197' title='bbox 376 2071 450 2093; x_wconf 88' lang='lat' dir='ltr'>nem</span> <span class='ocrx_word' id='word_1_198' title='bbox 476 2061 663 2104; x_wconf 83' lang='lat' dir='ltr'>requirente</span> <span class='ocrx_word' id='word_1_199' title='bbox 697 2062 822 2094; x_wconf 70' lang='lat' dir='ltr'>del&#39;es·tu</span> <span class='ocrx_word' id='word_1_200' title='bbox 850 2064 974 2102; x_wconf 84' lang='lat' dir='ltr'>notari,</span> <span class='ocrx_word' id='word_1_201' title='bbox 1010 2064 1114 2106; x_wconf 89' lang='lat' dir='ltr'>impu-</span> 
     </span>
     <span class='ocr_line' id='line_1_39' title="bbox 377 2113 1136 2156; baseline 0.005 -11"><span class='ocrx_word' id='word_1_202' title='bbox 377 2113 479 2155; x_wconf 82' lang='lat' dir='ltr'>gnari,</span> <span class='ocrx_word' id='word_1_203' title='bbox 508 2114 652 2156; x_wconf 73' lang='lat' dir='ltr'>int&#39;riugi,</span> <span class='ocrx_word' id='word_1_204' title='bbox 680 2116 859 2154; x_wconf 82' lang='lat' dir='ltr'>retractari,</span> <span class='ocrx_word' id='word_1_205' title='bbox 886 2117 1056 2155; x_wconf 83' lang='lat' dir='ltr'>moderari,</span> <span class='ocrx_word' id='word_1_206' title='bbox 1080 2118 1136 2149; x_wconf 47' lang='lat' dir='ltr'>li-1</span> 
     </span>
     <span class='ocr_line' id='line_1_40' title="bbox 377 2166 1114 2209; baseline 0.007 -12"><span class='ocrx_word' id='word_1_207' title='bbox 377 2166 495 2205; x_wconf 86' lang='lat' dir='ltr'>mitari,</span> <span class='ocrx_word' id='word_1_208' title='bbox 520 2167 551 2198; x_wconf 95' lang='lat' dir='ltr'>in</span> <span class='ocrx_word' id='word_1_209' title='bbox 578 2169 831 2200; x_wconf 80' lang='lat' dir='ltr'>controversiam</span> <span class='ocrx_word' id='word_1_210' title='bbox 857 2170 974 2209; x_wconf 85' lang='lat' dir='ltr'>vocari,</span> <span class='ocrx_word' id='word_1_211' title='bbox 999 2176 1051 2202; x_wconf 84' lang='lat' dir='ltr'>aut</span> <span class='ocrx_word' id='word_1_212' title='bbox 1076 2171 1114 2203; x_wconf 83' lang='lat' dir='ltr'>ad</span> 
     </span>
     <span class='ocr_line' id='line_1_41' title="bbox 378 2219 1115 2258; baseline 0.003 -7"><span class='ocrx_word' id='word_1_213' title='bbox 378 2219 534 2251; x_wconf 86' lang='lat' dir='ltr'>terminos</span> <span class='ocrx_word' id='word_1_214' title='bbox 564 2219 641 2251; x_wconf 86' lang='lat' dir='ltr'>iuris</span> <span class='ocrx_word' id='word_1_215' title='bbox 663 2220 783 2258; x_wconf 84' lang='lat' dir='ltr'>reduci,</span> <span class='ocrx_word' id='word_1_216' title='bbox 804 2231 859 2253; x_wconf 90' lang='lat' dir='ltr'>seu</span> <span class='ocrx_word' id='word_1_217' title='bbox 879 2223 1032 2254; x_wconf 70' lang='lat' dir='ltr'>adversus</span> <span class='ocrx_word' id='word_1_218' title='bbox 1047 2222 1115 2255; x_wconf 85' lang='lat' dir='ltr'>illas</span> 
     </span>
     <span class='ocr_line' id='line_1_42' title="bbox 378 2271 1116 2314; baseline 0.007 -11"><span class='ocrx_word' id='word_1_219' title='bbox 378 2271 569 2314; x_wconf 86' lang='lat' dir='ltr'>aperitionis</span> <span class='ocrx_word' id='word_1_220' title='bbox 606 2272 684 2311; x_wconf 81' lang='lat' dir='ltr'>oris,</span> <span class='ocrx_word' id='word_1_221' title='bbox 723 2273 936 2306; x_wconf 77' lang='lat' dir='ltr'>restitutionis</span> <span class='ocrx_word' id='word_1_222' title='bbox 970 2275 1001 2307; x_wconf 90' lang='lat' dir='ltr'>in</span> <span class='ocrx_word' id='word_1_223' title='bbox 1036 2275 1116 2308; x_wconf 85' lang='lat' dir='ltr'>inte-</span> 
     </span>
     <span class='ocr_line' id='line_1_43' title="bbox 379 2325 1115 2370; baseline 0.007 -14"><span class='ocrx_word' id='word_1_224' title='bbox 379 2335 481 2366; x_wconf 78' lang='lat' dir='ltr'>grum,</span> <span class='ocrx_word' id='word_1_225' title='bbox 508 2325 635 2357; x_wconf 79' lang='lat' dir='ltr'>aliudve</span> <span class='ocrx_word' id='word_1_226' title='bbox 662 2327 892 2370; x_wconf 61' lang='lat' dir='ltr'>‹piodetn‘nque</span> <span class='ocrx_word' id='word_1_227' title='bbox 918 2328 1017 2368; x_wconf 84' lang='lat' dir='ltr'>iuris,</span> <span class='ocrx_word' id='word_1_228' title='bbox 1045 2329 1115 2361; x_wconf 77' lang='lat' dir='ltr'>sacti</span> 
     </span>
     <span class='ocr_line' id='line_1_44' title="bbox 379 2378 1117 2420; baseline 0.008 -12"><span class='ocrx_word' id='word_1_229' title='bbox 379 2378 429 2410; x_wconf 84' lang='lat' dir='ltr'>vel</span> <span class='ocrx_word' id='word_1_230' title='bbox 453 2378 574 2420; x_wconf 78' lang='lat' dir='ltr'>gratiae</span> <span class='ocrx_word' id='word_1_231' title='bbox 600 2379 779 2411; x_wconf 70' lang='lat' dir='ltr'>ren‘iedium</span> <span class='ocrx_word' id='word_1_232' title='bbox 807 2381 959 2413; x_wconf 88' lang='lat' dir='ltr'>intentari</span> <span class='ocrx_word' id='word_1_233' title='bbox 986 2383 1032 2414; x_wconf 71' lang='lat' dir='ltr'>vel</span> <span class='ocrx_word' id='word_1_234' title='bbox 1061 2383 1117 2414; x_wconf 92' lang='lat' dir='ltr'>im-</span> 
     </span>
     <span class='ocr_line' id='line_1_45' title="bbox 378 2431 1139 2475; baseline 0.007 -13"><span class='ocrx_word' id='word_1_235' title='bbox 378 2431 510 2474; x_wconf 84' lang='lat' dir='ltr'>petrari,</span> <span class='ocrx_word' id='word_1_236' title='bbox 537 2442 591 2463; x_wconf 82' lang='lat' dir='ltr'>seu</span> <span class='ocrx_word' id='word_1_237' title='bbox 619 2433 801 2475; x_wconf 72' lang='lat' dir='ltr'>impetrate,</span> <span class='ocrx_word' id='word_1_238' title='bbox 821 2440 873 2466; x_wconf 87' lang='lat' dir='ltr'>aut</span> <span class='ocrx_word' id='word_1_239' title='bbox 895 2435 992 2466; x_wconf 89' lang='lat' dir='ltr'>etiam</span> <span class='ocrx_word' id='word_1_240' title='bbox 1019 2442 1116 2475; x_wconf 87' lang='lat' dir='ltr'>motu,</span> <span class='ocrx_word' id='word_1_241' title='bbox 1138 2459 1139 2464; x_wconf 62' lang='lat'>,</span> 
     </span>
    </p>
   </div>
   <div class='ocr_carea' id='block_1_4' title="bbox 1134 252 1142 2548">
    <p class='ocr_par' dir='ltr' id='par_1_5' title="bbox 1134 252 1142 2548">
     <span class='ocr_line' id='line_1_46' title="bbox 1134 252 1142 2548; baseline 0 0"><span class='ocrx_word' id='word_1_242' title='bbox 1134 252 1142 2548; x_wconf 95' lang='lat' dir='ltr'> </span> 
     </span>
    </p>
   </div>
   <div class='ocr_carea' id='block_1_5' title="bbox 378 2483 1119 2629">
    <p class='ocr_par' dir='ltr' id='par_1_6' title="bbox 378 2483 1119 2629">
     <span class='ocr_line' id='line_1_47' title="bbox 378 2483 1119 2532; baseline 0.008 -17"><span class='ocrx_word' id='word_1_243' title='bbox 378 2483 513 2516; x_wconf 80' lang='lat' dir='ltr'>scientia</span> <span class='ocrx_word' id='word_1_244' title='bbox 538 2490 570 2515; x_wconf 74' lang='lat' dir='ltr'>et</span> <span class='ocrx_word' id='word_1_245' title='bbox 604 2486 771 2527; x_wconf 71' lang='lat' dir='ltr'>potestatis</span> <span class='ocrx_word' id='word_1_246' title='bbox 803 2487 1007 2529; x_wconf 84' lang='lat' dir='ltr'>plenitudine</span> <span class='ocrx_word' id='word_1_247' title='bbox 1034 2490 1119 2532; x_wconf 84' lang='lat' dir='ltr'>pari-</span> 
     </span>
     <span class='ocr_line' id='line_1_48' title="bbox 380 2536 1116 2585; baseline 0.011 -18"><span class='ocrx_word' id='word_1_248' title='bbox 380 2536 439 2568; x_wconf 85' lang='lat' dir='ltr'>bus</span> <span class='ocrx_word' id='word_1_249' title='bbox 470 2547 627 2569; x_wconf 74' lang='lat' dir='ltr'>concesso</span> <span class='ocrx_word' id='word_1_250' title='bbox 661 2540 709 2571; x_wconf 70' lang='lat' dir='ltr'>wl</span> <span class='ocrx_word' id='word_1_251' title='bbox 748 2546 896 2573; x_wconf 73' lang='lat' dir='ltr'>emanato</span> <span class='ocrx_word' id='word_1_252' title='bbox 933 2543 1116 2585; x_wconf 72' lang='lat' dir='ltr'>‹pieiupiam</span> 
     </span>
     <span class='ocr_line' id='line_1_49' title="bbox 379 2588 1119 2629; baseline 0.008 -7"><span class='ocrx_word' id='word_1_253' title='bbox 379 2588 413 2622; x_wconf 90' lang='lat' dir='ltr'>in</span> <span class='ocrx_word' id='word_1_254' title='bbox 437 2589 554 2624; x_wconf 84' lang='lat' dir='ltr'>iudicio</span> <span class='ocrx_word' id='word_1_255' title='bbox 580 2592 628 2624; x_wconf 79' lang='lat' dir='ltr'>vel</span> <span class='ocrx_word' id='word_1_256' title='bbox 655 2597 743 2626; x_wconf 78' lang='lat' dir='ltr'>extra</span> <span class='ocrx_word' id='word_1_257' title='bbox 768 2593 847 2626; x_wconf 89' lang='lat' dir='ltr'>illud</span> <span class='ocrx_word' id='word_1_258' title='bbox 870 2594 914 2628; x_wconf 88' lang='lat' dir='ltr'>uti</span> <span class='ocrx_word' id='word_1_259' title='bbox 936 2606 990 2628; x_wconf 87' lang='lat' dir='ltr'>seu</span> <span class='ocrx_word' id='word_1_260' title='bbox 1013 2607 1045 2629; x_wconf 81' lang='lat' dir='ltr'>se</span> <span class='ocrx_word' id='word_1_261' title='bbox 1075 2597 1119 2628; x_wconf 88' lang='lat' dir='ltr'>iu-</span> 
     </span>
    </p>
   </div>
   <div class='ocr_carea' id='block_1_6' title="bbox 1155 201 1894 401">
    <p class='ocr_par' dir='ltr' id='par_1_7' title="bbox 1158 201 1310 226">
     <span class='ocr_line' id='line_1_50' title="bbox 1158 201 1310 226; baseline 0.013 -2"><span class='ocrx_word' id='word_1_262' title='bbox 1158 201 1310 226; x_wconf 67' lang='lat' dir='ltr'>nomnen</span> 
     </span>
    </p>

    <p class='ocr_par' dir='ltr' id='par_1_8' title="bbox 1155 251 1894 401">
     <span class='ocr_line' id='line_1_51' title="bbox 1156 251 1893 295; baseline 0.001 -12"><span class='ocrx_word' id='word_1_263' title='bbox 1156 260 1228 284; x_wconf 86' lang='lat' dir='ltr'>vare</span> <span class='ocrx_word' id='word_1_264' title='bbox 1254 252 1321 285; x_wconf 93' lang='lat' dir='ltr'>ullo</span> <span class='ocrx_word' id='word_1_265' title='bbox 1347 251 1443 284; x_wconf 85' lang='lat' dir='ltr'>inodo</span> <span class='ocrx_word' id='word_1_266' title='bbox 1468 261 1576 295; x_wconf 83' lang='lat' dir='ltr'>posse,</span> <span class='ocrx_word' id='word_1_267' title='bbox 1602 252 1657 285; x_wconf 88' lang='lat' dir='ltr'>sed</span> <span class='ocrx_word' id='word_1_268' title='bbox 1687 252 1773 295; x_wconf 80' lang='lat' dir='ltr'>ipsas</span> <span class='ocrx_word' id='word_1_269' title='bbox 1799 261 1893 295; x_wconf 84' lang='lat' dir='ltr'>prae-</span> 
     </span>
     <span class='ocr_line' id='line_1_52' title="bbox 1156 304 1894 345; baseline 0.001 -8"><span class='ocrx_word' id='word_1_270' title='bbox 1156 311 1264 338; x_wconf 88' lang='lat' dir='ltr'>sentes</span> <span class='ocrx_word' id='word_1_271' title='bbox 1290 305 1414 338; x_wconf 81' lang='lat' dir='ltr'>litteras</span> <span class='ocrx_word' id='word_1_272' title='bbox 1447 304 1561 345; x_wconf 76' lang='lat' dir='ltr'>firmas,</span> <span class='ocrx_word' id='word_1_273' title='bbox 1587 305 1707 338; x_wconf 81' lang='lat' dir='ltr'>validas</span> <span class='ocrx_word' id='word_1_274' title='bbox 1731 310 1763 338; x_wconf 87' lang='lat' dir='ltr'>et</span> <span class='ocrx_word' id='word_1_275' title='bbox 1788 305 1894 338; x_wconf 74' lang='lat' dir='ltr'>effica-</span> 
     </span>
     <span class='ocr_line' id='line_1_53' title="bbox 1155 358 1892 401; baseline 0.001 -11"><span class='ocrx_word' id='word_1_276' title='bbox 1155 369 1206 391; x_wconf 87' lang='lat' dir='ltr'>ces</span> <span class='ocrx_word' id='word_1_277' title='bbox 1231 358 1371 391; x_wconf 76' lang='lat' dir='ltr'>existere</span> <span class='ocrx_word' id='word_1_278' title='bbox 1397 364 1427 391; x_wconf 92' lang='lat' dir='ltr'>et</span> <span class='ocrx_word' id='word_1_279' title='bbox 1452 359 1530 398; x_wconf 84' lang='lat' dir='ltr'>sore,</span> <span class='ocrx_word' id='word_1_280' title='bbox 1557 369 1700 401; x_wconf 82' lang='lat' dir='ltr'>suosque</span> <span class='ocrx_word' id='word_1_281' title='bbox 1726 359 1892 401; x_wconf 83' lang='lat' dir='ltr'>plenarios</span> 
     </span>
    </p>
   </div>
   <div class='ocr_carea' id='block_1_7' title="bbox 1133 411 1892 454">
    <p class='ocr_par' dir='ltr' id='par_1_9' title="bbox 1133 411 1892 454">
     <span class='ocr_line' id='line_1_54' title="bbox 1133 411 1892 454; baseline 0.001 -11"><span class='ocrx_word' id='word_1_282' title='bbox 1133 434 1134 437; x_wconf 50' lang='lat'><em>=</em></span> <span class='ocrx_word' id='word_1_283' title='bbox 1155 417 1186 443; x_wconf 90' lang='lat' dir='ltr'>et</span> <span class='ocrx_word' id='word_1_284' title='bbox 1211 411 1355 454; x_wconf 74' lang='lat' dir='ltr'>integros</span> <span class='ocrx_word' id='word_1_285' title='bbox 1381 411 1512 445; x_wconf 86' lang='lat' dir='ltr'>ell&#39;ectus</span> <span class='ocrx_word' id='word_1_286' title='bbox 1537 411 1645 444; x_wconf 87' lang='lat' dir='ltr'>sortiri</span> <span class='ocrx_word' id='word_1_287' title='bbox 1672 416 1702 443; x_wconf 87' lang='lat' dir='ltr'>et</span> <span class='ocrx_word' id='word_1_288' title='bbox 1734 411 1892 451; x_wconf 85' lang='lat' dir='ltr'>obtinere,</span> 
     </span>
    </p>
   </div>
   <div class='ocr_carea' id='block_1_8' title="bbox 1154 464 1898 2261">
    <p class='ocr_par' dir='ltr' id='par_1_10' title="bbox 1154 464 1894 1303">
     <span class='ocr_line' id='line_1_55' title="bbox 1155 464 1892 508; baseline 0 -12"><span class='ocrx_word' id='word_1_289' title='bbox 1155 474 1189 496; x_wconf 86' lang='lat' dir='ltr'>ae</span> <span class='ocrx_word' id='word_1_290' title='bbox 1214 465 1287 504; x_wconf 87' lang='lat' dir='ltr'>illis,</span> <span class='ocrx_word' id='word_1_291' title='bbox 1302 465 1340 497; x_wconf 84' lang='lat' dir='ltr'>ad</span> <span class='ocrx_word' id='word_1_292' title='bbox 1366 475 1447 508; x_wconf 84' lang='lat' dir='ltr'>quos</span> <span class='ocrx_word' id='word_1_293' title='bbox 1472 470 1595 507; x_wconf 84' lang='lat' dir='ltr'>spectat</span> <span class='ocrx_word' id='word_1_294' title='bbox 1620 469 1651 497; x_wconf 86' lang='lat' dir='ltr'>et</span> <span class='ocrx_word' id='word_1_295' title='bbox 1675 464 1834 507; x_wconf 82' lang='lat' dir='ltr'>spectabit</span> <span class='ocrx_word' id='word_1_296' title='bbox 1859 465 1892 497; x_wconf 89' lang='lat' dir='ltr'>in</span> 
     </span>
     <span class='ocr_line' id='line_1_56' title="bbox 1154 518 1891 561; baseline 0.001 -12"><span class='ocrx_word' id='word_1_297' title='bbox 1154 518 1305 557; x_wconf 81' lang='lat' dir='ltr'>futurum,</span> <span class='ocrx_word' id='word_1_298' title='bbox 1324 518 1554 550; x_wconf 75' lang='lat' dir='ltr'>inviolabititer</span> <span class='ocrx_word' id='word_1_299' title='bbox 1574 518 1756 557; x_wconf 76' lang='lat' dir='ltr'>observari,</span> <span class='ocrx_word' id='word_1_300' title='bbox 1781 518 1891 561; x_wconf 81' lang='lat' dir='ltr'>sicque</span> 
     </span>
     <span class='ocr_line' id='line_1_57' title="bbox 1154 571 1893 614; baseline 0 -11"><span class='ocrx_word' id='word_1_301' title='bbox 1154 577 1185 604; x_wconf 88' lang='lat' dir='ltr'>et</span> <span class='ocrx_word' id='word_1_302' title='bbox 1216 582 1280 603; x_wconf 92' lang='lat' dir='ltr'>non</span> <span class='ocrx_word' id='word_1_303' title='bbox 1315 572 1407 603; x_wconf 89' lang='lat' dir='ltr'>aliter</span> <span class='ocrx_word' id='word_1_304' title='bbox 1431 571 1462 603; x_wconf 93' lang='lat' dir='ltr'>in</span> <span class='ocrx_word' id='word_1_305' title='bbox 1489 571 1676 613; x_wconf 84' lang='lat' dir='ltr'>praemissis</span> <span class='ocrx_word' id='word_1_306' title='bbox 1712 581 1773 614; x_wconf 88' lang='lat' dir='ltr'>per</span> <span class='ocrx_word' id='word_1_307' title='bbox 1797 582 1893 614; x_wconf 89' lang='lat' dir='ltr'>quos-</span> 
     </span>
     <span class='ocr_line' id='line_1_58' title="bbox 1154 624 1890 668; baseline 0.001 -12"><span class='ocrx_word' id='word_1_308' title='bbox 1154 635 1289 668; x_wconf 85' lang='lat' dir='ltr'>cumque</span> <span class='ocrx_word' id='word_1_309' title='bbox 1308 625 1430 657; x_wconf 84' lang='lat' dir='ltr'>iudices</span> <span class='ocrx_word' id='word_1_310' title='bbox 1451 624 1635 658; x_wconf 83' lang='lat' dir='ltr'>ordinarios</span> <span class='ocrx_word' id='word_1_311' title='bbox 1658 629 1690 657; x_wconf 87' lang='lat' dir='ltr'>et</span> <span class='ocrx_word' id='word_1_312' title='bbox 1710 625 1890 667; x_wconf 74' lang='lat' dir='ltr'>delegatos,</span> 
     </span>
     <span class='ocr_line' id='line_1_59' title="bbox 1154 678 1893 721; baseline 0 -11"><span class='ocrx_word' id='word_1_313' title='bbox 1154 678 1249 710; x_wconf 88' lang='lat' dir='ltr'>etiam</span> <span class='ocrx_word' id='word_1_314' title='bbox 1272 689 1440 711; x_wconf 82' lang='lat' dir='ltr'>causarum</span> <span class='ocrx_word' id='word_1_315' title='bbox 1464 678 1574 721; x_wconf 82' lang='lat' dir='ltr'>palatii</span> <span class='ocrx_word' id='word_1_316' title='bbox 1607 678 1777 720; x_wconf 83' lang='lat' dir='ltr'>apostolici</span> <span class='ocrx_word' id='word_1_317' title='bbox 1803 678 1893 710; x_wconf 87' lang='lat' dir='ltr'>andi-</span> 
     </span>
     <span class='ocr_line' id='line_1_60' title="bbox 1155 731 1891 771; baseline 0.001 -8"><span class='ocrx_word' id='word_1_318' title='bbox 1155 736 1252 771; x_wconf 81' lang='lat' dir='ltr'>tores,</span> <span class='ocrx_word' id='word_1_319' title='bbox 1287 743 1323 764; x_wconf 86' lang='lat' dir='ltr'>ae</span> <span class='ocrx_word' id='word_1_320' title='bbox 1353 732 1384 765; x_wconf 80' lang='lat' dir='ltr'>S.</span> <span class='ocrx_word' id='word_1_321' title='bbox 1423 732 1459 764; x_wconf 81' lang='lat' dir='ltr'>R.</span> <span class='ocrx_word' id='word_1_322' title='bbox 1498 732 1532 764; x_wconf 82' lang='lat' dir='ltr'>E.</span> <span class='ocrx_word' id='word_1_323' title='bbox 1567 731 1759 770; x_wconf 87' lang='lat' dir='ltr'>cardinales,</span> <span class='ocrx_word' id='word_1_324' title='bbox 1795 731 1891 764; x_wconf 85' lang='lat' dir='ltr'>etiam</span> 
     </span>
     <span class='ocr_line' id='line_1_61' title="bbox 1154 784 1890 827; baseline 0 -10"><span class='ocrx_word' id='word_1_325' title='bbox 1154 786 1192 817; x_wconf 90' lang='lat' dir='ltr'>de</span> <span class='ocrx_word' id='word_1_326' title='bbox 1219 786 1317 818; x_wconf 82' lang='lat' dir='ltr'>latere</span> <span class='ocrx_word' id='word_1_327' title='bbox 1343 787 1467 827; x_wconf 71' lang='lat' dir='ltr'>legatos</span> <span class='ocrx_word' id='word_1_328' title='bbox 1503 790 1534 818; x_wconf 89' lang='lat' dir='ltr'>et</span> <span class='ocrx_word' id='word_1_329' title='bbox 1559 784 1765 827; x_wconf 83' lang='lat' dir='ltr'>Apostolicae</span> <span class='ocrx_word' id='word_1_330' title='bbox 1798 784 1890 817; x_wconf 84' lang='lat' dir='ltr'>Sedis</span> 
     </span>
     <span class='ocr_line' id='line_1_62' title="bbox 1154 838 1892 881; baseline 0.001 -12"><span class='ocrx_word' id='word_1_331' title='bbox 1154 838 1300 878; x_wconf 85' lang='lat' dir='ltr'>nuncios,</span> <span class='ocrx_word' id='word_1_332' title='bbox 1336 839 1458 871; x_wconf 83' lang='lat' dir='ltr'>aliosve</span> <span class='ocrx_word' id='word_1_333' title='bbox 1490 838 1653 881; x_wconf 82' lang='lat' dir='ltr'>quoslibet</span> <span class='ocrx_word' id='word_1_334' title='bbox 1688 848 1892 880; x_wconf 81' lang='lat' dir='ltr'>quacumque</span> 
     </span>
     <span class='ocr_line' id='line_1_63' title="bbox 1154 890 1891 934; baseline 0.001 -13"><span class='ocrx_word' id='word_1_335' title='bbox 1154 891 1413 933; x_wconf 77' lang='lat' dir='ltr'>praeeminentia</span> <span class='ocrx_word' id='word_1_336' title='bbox 1450 896 1482 923; x_wconf 87' lang='lat' dir='ltr'>et</span> <span class='ocrx_word' id='word_1_337' title='bbox 1519 895 1681 934; x_wconf 82' lang='lat' dir='ltr'>potestate</span> <span class='ocrx_word' id='word_1_338' title='bbox 1721 890 1891 932; x_wconf 75' lang='lat' dir='ltr'>fungentes</span> 
     </span>
     <span class='ocr_line' id='line_1_64' title="bbox 1154 942 1894 983; baseline -0.003 -7"><span class='ocrx_word' id='word_1_339' title='bbox 1154 949 1186 976; x_wconf 85' lang='lat' dir='ltr'>et</span> <span class='ocrx_word' id='word_1_340' title='bbox 1210 944 1389 983; x_wconf 76' lang='lat' dir='ltr'>sunetmos,</span> <span class='ocrx_word' id='word_1_341' title='bbox 1417 944 1540 976; x_wconf 75' lang='lat' dir='ltr'>sublata</span> <span class='ocrx_word' id='word_1_342' title='bbox 1566 943 1611 976; x_wconf 88' lang='lat' dir='ltr'>eis</span> <span class='ocrx_word' id='word_1_343' title='bbox 1636 948 1668 975; x_wconf 89' lang='lat' dir='ltr'>et</span> <span class='ocrx_word' id='word_1_344' title='bbox 1692 953 1801 975; x_wconf 88' lang='lat' dir='ltr'>eorum</span> <span class='ocrx_word' id='word_1_345' title='bbox 1828 942 1894 974; x_wconf 85' lang='lat' dir='ltr'>cui-</span> 
     </span>
     <span class='ocr_line' id='line_1_65' title="bbox 1155 996 1893 1039; baseline -0.003 -10"><span class='ocrx_word' id='word_1_346' title='bbox 1155 997 1233 1029; x_wconf 82' lang='lat' dir='ltr'>libet</span> <span class='ocrx_word' id='word_1_347' title='bbox 1258 997 1366 1039; x_wconf 80' lang='lat' dir='ltr'>‹piavis</span> <span class='ocrx_word' id='word_1_348' title='bbox 1384 997 1477 1029; x_wconf 81' lang='lat' dir='ltr'>aliter</span> <span class='ocrx_word' id='word_1_349' title='bbox 1493 996 1656 1029; x_wconf 81' lang='lat' dir='ltr'>iudicandi</span> <span class='ocrx_word' id='word_1_350' title='bbox 1678 1000 1710 1028; x_wconf 88' lang='lat' dir='ltr'>et</span> <span class='ocrx_word' id='word_1_351' title='bbox 1735 996 1893 1038; x_wconf 86' lang='lat' dir='ltr'>interpre-</span> 
     </span>
     <span class='ocr_line' id='line_1_66' title="bbox 1156 1048 1893 1087; baseline -0.001 -6"><span class='ocrx_word' id='word_1_352' title='bbox 1156 1050 1241 1081; x_wconf 86' lang='lat' dir='ltr'>tandi</span> <span class='ocrx_word' id='word_1_353' title='bbox 1270 1050 1418 1082; x_wconf 76' lang='lat' dir='ltr'>facultate</span> <span class='ocrx_word' id='word_1_354' title='bbox 1438 1055 1468 1082; x_wconf 90' lang='lat' dir='ltr'>et</span> <span class='ocrx_word' id='word_1_355' title='bbox 1485 1049 1686 1087; x_wconf 84' lang='lat' dir='ltr'>auctoritate,</span> <span class='ocrx_word' id='word_1_356' title='bbox 1704 1048 1840 1081; x_wconf 86' lang='lat' dir='ltr'>iudicari</span> <span class='ocrx_word' id='word_1_357' title='bbox 1862 1053 1893 1080; x_wconf 89' lang='lat' dir='ltr'>et</span> 
     </span>
     <span class='ocr_line' id='line_1_67' title="bbox 1156 1100 1891 1141; baseline -0.003 -7"><span class='ocrx_word' id='word_1_358' title='bbox 1156 1101 1254 1134; x_wconf 86' lang='lat' dir='ltr'>delini</span> <span class='ocrx_word' id='word_1_359' title='bbox 1280 1102 1422 1141; x_wconf 88' lang='lat' dir='ltr'>debere;</span> <span class='ocrx_word' id='word_1_360' title='bbox 1458 1113 1494 1134; x_wconf 86' lang='lat' dir='ltr'>ac</span> <span class='ocrx_word' id='word_1_361' title='bbox 1519 1101 1648 1133; x_wconf 86' lang='lat' dir='ltr'>irritum</span> <span class='ocrx_word' id='word_1_362' title='bbox 1679 1106 1710 1133; x_wconf 89' lang='lat' dir='ltr'>et</span> <span class='ocrx_word' id='word_1_363' title='bbox 1735 1100 1831 1133; x_wconf 77' lang='lat' dir='ltr'>inane</span> <span class='ocrx_word' id='word_1_364' title='bbox 1866 1100 1891 1132; x_wconf 86' lang='lat' dir='ltr'>si</span> 
     </span>
     <span class='ocr_line' id='line_1_68' title="bbox 1155 1153 1894 1198; baseline -0.004 -11"><span class='ocrx_word' id='word_1_365' title='bbox 1155 1165 1245 1188; x_wconf 79' lang='lat' dir='ltr'>secus</span> <span class='ocrx_word' id='word_1_366' title='bbox 1271 1165 1369 1198; x_wconf 87' lang='lat' dir='ltr'>super</span> <span class='ocrx_word' id='word_1_367' title='bbox 1393 1154 1443 1187; x_wconf 89' lang='lat' dir='ltr'>his</span> <span class='ocrx_word' id='word_1_368' title='bbox 1468 1165 1485 1187; x_wconf 88' lang='lat' dir='ltr'>a</span> <span class='ocrx_word' id='word_1_369' title='bbox 1510 1164 1689 1197; x_wconf 82' lang='lat' dir='ltr'>quoquam,</span> <span class='ocrx_word' id='word_1_370' title='bbox 1713 1153 1823 1196; x_wconf 85' lang='lat' dir='ltr'>quavis</span> <span class='ocrx_word' id='word_1_371' title='bbox 1840 1163 1894 1186; x_wconf 85' lang='lat' dir='ltr'>au-</span> 
     </span>
     <span class='ocr_line' id='line_1_69' title="bbox 1156 1207 1894 1249; baseline -0.003 -9"><span class='ocrx_word' id='word_1_372' title='bbox 1156 1208 1315 1247; x_wconf 79' lang='lat' dir='ltr'>ctoritate,</span> <span class='ocrx_word' id='word_1_373' title='bbox 1334 1208 1473 1240; x_wconf 82' lang='lat' dir='ltr'>scienter</span> <span class='ocrx_word' id='word_1_374' title='bbox 1498 1208 1547 1239; x_wconf 80' lang='lat' dir='ltr'>vel</span> <span class='ocrx_word' id='word_1_375' title='bbox 1566 1207 1766 1249; x_wconf 78' lang='lat' dir='ltr'>ignoranter,</span> <span class='ocrx_word' id='word_1_376' title='bbox 1790 1207 1894 1239; x_wconf 87' lang='lat' dir='ltr'>conti-</span> 
     </span>
     <span class='ocr_line' id='line_1_70' title="bbox 1157 1261 1427 1303; baseline -0.004 -9"><span class='ocrx_word' id='word_1_377' title='bbox 1157 1262 1240 1303; x_wconf 74' lang='lat' dir='ltr'>gerit</span> <span class='ocrx_word' id='word_1_378' title='bbox 1265 1261 1427 1294; x_wconf 82' lang='lat' dir='ltr'>attentari.</span> 
     </span>
    </p>

    <p class='ocr_par' dir='ltr' id='par_1_11' title="bbox 1157 1313 1894 1518">
     <span class='ocr_line' id='line_1_71' title="bbox 1201 1313 1892 1356; baseline -0.001 -10"><span class='ocrx_word' id='word_1_379' title='bbox 1201 1315 1215 1356; x_wconf 61' lang='grc' dir='ltr'>ξ</span> <span class='ocrx_word' id='word_1_380' title='bbox 1240 1315 1271 1347; x_wconf 55' lang='lat' dir='ltr'>l.</span> <span class='ocrx_word' id='word_1_381' title='bbox 1299 1314 1368 1347; x_wconf 85' lang='lat' dir='ltr'>Non</span> <span class='ocrx_word' id='word_1_382' title='bbox 1390 1313 1592 1347; x_wconf 80' lang='lat' dir='ltr'>obstantibus</span> <span class='ocrx_word' id='word_1_383' title='bbox 1610 1313 1761 1346; x_wconf 88' lang='lat' dir='ltr'>omnibus</span> <span class='ocrx_word' id='word_1_384' title='bbox 1779 1317 1810 1345; x_wconf 91' lang='lat' dir='ltr'>et</span> <span class='ocrx_word' id='word_1_385' title='bbox 1827 1313 1892 1345; x_wconf 89' lang='lat' dir='ltr'>sin-</span> 
     </span>
     <span class='ocr_line' id='line_1_72' title="bbox 1158 1367 1892 1410; baseline 0.001 -11"><span class='ocrx_word' id='word_1_386' title='bbox 1158 1368 1240 1410; x_wconf 74' lang='lat' dir='ltr'>gulis</span> <span class='ocrx_word' id='word_1_387' title='bbox 1273 1367 1337 1400; x_wconf 92' lang='lat' dir='ltr'>illis</span> <span class='ocrx_word' id='word_1_388' title='bbox 1371 1378 1452 1410; x_wconf 84' lang='lat' dir='ltr'>quae</span> <span class='ocrx_word' id='word_1_389' title='bbox 1489 1367 1520 1400; x_wconf 90' lang='lat' dir='ltr'>in</span> <span class='ocrx_word' id='word_1_390' title='bbox 1546 1367 1662 1400; x_wconf 90' lang='lat' dir='ltr'>litteris</span> <span class='ocrx_word' id='word_1_391' title='bbox 1698 1367 1892 1410; x_wconf 85' lang='lat' dir='ltr'>supradictis</span> 
     </span>
     <span class='ocr_line' id='line_1_73' title="bbox 1157 1421 1894 1465; baseline 0.001 -11"><span class='ocrx_word' id='word_1_392' title='bbox 1157 1422 1317 1455; x_wconf 87' lang='lat' dir='ltr'>voluimus</span> <span class='ocrx_word' id='word_1_393' title='bbox 1342 1433 1407 1454; x_wconf 91' lang='lat' dir='ltr'>non</span> <span class='ocrx_word' id='word_1_394' title='bbox 1433 1423 1579 1461; x_wconf 89' lang='lat' dir='ltr'>obstare,</span> <span class='ocrx_word' id='word_1_395' title='bbox 1613 1421 1793 1465; x_wconf 84' lang='lat' dir='ltr'>ceterisque</span> <span class='ocrx_word' id='word_1_396' title='bbox 1819 1433 1894 1455; x_wconf 88' lang='lat' dir='ltr'>con-</span> 
     </span>
     <span class='ocr_line' id='line_1_74' title="bbox 1158 1475 1560 1518; baseline 0 -11"><span class='ocrx_word' id='word_1_397' title='bbox 1158 1475 1263 1507; x_wconf 84' lang='lat' dir='ltr'>trariis</span> <span class='ocrx_word' id='word_1_398' title='bbox 1290 1475 1560 1518; x_wconf 77' lang='lat' dir='ltr'>quibuscumque.</span> 
     </span>
    </p>

    <p class='ocr_par' dir='ltr' id='par_1_12' title="bbox 1157 1528 1897 2038">
     <span class='ocr_line' id='line_1_75' title="bbox 1201 1528 1895 1572; baseline 0.003 -12"><span class='ocrx_word' id='word_1_399' title='bbox 1201 1528 1257 1571; x_wconf 62' lang='lat'>{5-</span> <span class='ocrx_word' id='word_1_400' title='bbox 1278 1529 1430 1561; x_wconf 79' lang='lat' dir='ltr'>Volumus</span> <span class='ocrx_word' id='word_1_401' title='bbox 1440 1533 1543 1560; x_wconf 85' lang='lat' dir='ltr'>autem</span> <span class='ocrx_word' id='word_1_402' title='bbox 1559 1528 1786 1561; x_wconf 84' lang='lat' dir='ltr'>utearnmdem</span> <span class='ocrx_word' id='word_1_403' title='bbox 1801 1539 1895 1572; x_wconf 87' lang='lat' dir='ltr'>prae-</span> 
     </span>
     <span class='ocr_line' id='line_1_76' title="bbox 1157 1581 1894 1624; baseline 0 -10"><span class='ocrx_word' id='word_1_404' title='bbox 1157 1581 1295 1614; x_wconf 89' lang='lat' dir='ltr'>sentium</span> <span class='ocrx_word' id='word_1_405' title='bbox 1336 1582 1513 1614; x_wconf 86' lang='lat' dir='ltr'>litterarum</span> <span class='ocrx_word' id='word_1_406' title='bbox 1561 1581 1772 1624; x_wconf 84' lang='lat' dir='ltr'>transumptis</span> <span class='ocrx_word' id='word_1_407' title='bbox 1789 1609 1796 1622; x_wconf 92' lang='lat'>,</span> <span class='ocrx_word' id='word_1_408' title='bbox 1836 1592 1894 1614; x_wconf 85' lang='lat' dir='ltr'>seu</span> 
     </span>
     <span class='ocr_line' id='line_1_77' title="bbox 1157 1634 1894 1677; baseline 0.001 -11"><span class='ocrx_word' id='word_1_409' title='bbox 1157 1634 1322 1676; x_wconf 81' lang='lat' dir='ltr'>exemplis,</span> <span class='ocrx_word' id='word_1_410' title='bbox 1338 1635 1434 1666; x_wconf 84' lang='lat' dir='ltr'>etiam</span> <span class='ocrx_word' id='word_1_411' title='bbox 1447 1634 1626 1677; x_wconf 84' lang='lat' dir='ltr'>impressis,</span> <span class='ocrx_word' id='word_1_412' title='bbox 1642 1645 1737 1667; x_wconf 85' lang='lat' dir='ltr'>manu</span> <span class='ocrx_word' id='word_1_413' title='bbox 1756 1635 1894 1667; x_wconf 83' lang='lat' dir='ltr'>alicuius</span> 
     </span>
     <span class='ocr_line' id='line_1_78' title="bbox 1157 1688 1897 1731; baseline 0.003 -12"><span class='ocrx_word' id='word_1_414' title='bbox 1157 1688 1274 1720; x_wconf 89' lang='lat' dir='ltr'>notarii</span> <span class='ocrx_word' id='word_1_415' title='bbox 1294 1688 1416 1730; x_wconf 89' lang='lat' dir='ltr'>publici</span> <span class='ocrx_word' id='word_1_416' title='bbox 1438 1688 1686 1731; x_wconf 84' lang='lat' dir='ltr'>subscriptis‚et</span> <span class='ocrx_word' id='word_1_417' title='bbox 1700 1689 1808 1731; x_wconf 77' lang='lat' dir='ltr'>sigillo</span> <span class='ocrx_word' id='word_1_418' title='bbox 1822 1699 1897 1731; x_wconf 85' lang='lat' dir='ltr'>per-</span> 
     </span>
     <span class='ocr_line' id='line_1_79' title="bbox 1158 1741 1897 1783; baseline 0 -10"><span class='ocrx_word' id='word_1_419' title='bbox 1158 1751 1256 1773; x_wconf 82' lang='lat' dir='ltr'>sonae</span> <span class='ocrx_word' id='word_1_420' title='bbox 1278 1741 1310 1772; x_wconf 93' lang='lat' dir='ltr'>in</span> <span class='ocrx_word' id='word_1_421' title='bbox 1330 1741 1552 1774; x_wconf 56' lang='lat' dir='ltr'>eccltsiastica</span> <span class='ocrx_word' id='word_1_422' title='bbox 1577 1741 1735 1783; x_wconf 68' lang='lat' dir='ltr'>dignitate</span> <span class='ocrx_word' id='word_1_423' title='bbox 1776 1741 1897 1774; x_wconf 84' lang='lat' dir='ltr'>consti-</span> 
     </span>
     <span class='ocr_line' id='line_1_80' title="bbox 1159 1793 1895 1836; baseline 0.001 -11"><span class='ocrx_word' id='word_1_424' title='bbox 1159 1799 1245 1827; x_wconf 90' lang='lat' dir='ltr'>tutae</span> <span class='ocrx_word' id='word_1_425' title='bbox 1264 1794 1398 1826; x_wconf 89' lang='lat' dir='ltr'>nnmitis</span> <span class='ocrx_word' id='word_1_426' title='bbox 1416 1821 1422 1833; x_wconf 95' lang='lat'>,</span> <span class='ocrx_word' id='word_1_427' title='bbox 1443 1794 1556 1827; x_wconf 85' lang='lat' dir='ltr'>eadem</span> <span class='ocrx_word' id='word_1_428' title='bbox 1576 1804 1710 1836; x_wconf 86' lang='lat' dir='ltr'>prorsus</span> <span class='ocrx_word' id='word_1_429' title='bbox 1731 1793 1810 1827; x_wconf 85' lang='lat' dir='ltr'>tides</span> <span class='ocrx_word' id='word_1_430' title='bbox 1832 1799 1895 1827; x_wconf 84' lang='lat' dir='ltr'>tam</span> 
     </span>
     <span class='ocr_line' id='line_1_81' title="bbox 1158 1847 1897 1889; baseline 0 -10"><span class='ocrx_word' id='word_1_431' title='bbox 1158 1847 1188 1879; x_wconf 92' lang='lat' dir='ltr'>in</span> <span class='ocrx_word' id='word_1_432' title='bbox 1210 1847 1331 1879; x_wconf 87' lang='lat' dir='ltr'>iudi‹·io</span> <span class='ocrx_word' id='word_1_433' title='bbox 1349 1857 1444 1889; x_wconf 82' lang='lat' dir='ltr'>quain</span> <span class='ocrx_word' id='word_1_434' title='bbox 1465 1852 1554 1879; x_wconf 74' lang='lat' dir='ltr'>extra</span> <span class='ocrx_word' id='word_1_435' title='bbox 1574 1847 1653 1879; x_wconf 86' lang='lat' dir='ltr'>illud</span> <span class='ocrx_word' id='word_1_436' title='bbox 1675 1847 1793 1889; x_wconf 86' lang='lat' dir='ltr'>ubique</span> <span class='ocrx_word' id='word_1_437' title='bbox 1808 1847 1897 1879; x_wconf 85' lang='lat' dir='ltr'>loco-</span> 
     </span>
     <span class='ocr_line' id='line_1_82' title="bbox 1157 1900 1897 1943; baseline 0.003 -12"><span class='ocrx_word' id='word_1_438' title='bbox 1157 1911 1227 1932; x_wconf 90' lang='lat' dir='ltr'>rum</span> <span class='ocrx_word' id='word_1_439' title='bbox 1254 1900 1425 1938; x_wconf 76' lang='lat' dir='ltr'>habeatur,</span> <span class='ocrx_word' id='word_1_440' title='bbox 1454 1910 1535 1942; x_wconf 80' lang='lat' dir='ltr'>quae</span> <span class='ocrx_word' id='word_1_441' title='bbox 1564 1900 1644 1943; x_wconf 87' lang='lat' dir='ltr'>ipsis</span> <span class='ocrx_word' id='word_1_442' title='bbox 1670 1900 1897 1943; x_wconf 86' lang='lat' dir='ltr'>praesentibus</span> 
     </span>
     <span class='ocr_line' id='line_1_83' title="bbox 1158 1952 1896 1987; baseline 0.001 -3"><span class='ocrx_word' id='word_1_443' title='bbox 1158 1953 1275 1985; x_wconf 81' lang='lat' dir='ltr'>litteris</span> <span class='ocrx_word' id='word_1_444' title='bbox 1300 1954 1472 1987; x_wconf 85' lang='lat' dir='ltr'>baberetur</span> <span class='ocrx_word' id='word_1_445' title='bbox 1486 1953 1512 1984; x_wconf 87' lang='lat' dir='ltr'>si</span> <span class='ocrx_word' id='word_1_446' title='bbox 1532 1952 1641 1985; x_wconf 82' lang='lat' dir='ltr'>forent</span> <span class='ocrx_word' id='word_1_447' title='bbox 1658 1952 1824 1985; x_wconf 78' lang='lat' dir='ltr'>exhibitae</span> <span class='ocrx_word' id='word_1_448' title='bbox 1846 1953 1896 1985; x_wconf 87' lang='lat' dir='ltr'>vel</span> 
     </span>
     <span class='ocr_line' id='line_1_84' title="bbox 1158 2011 1320 2038; baseline -0.006 0"><span class='ocrx_word' id='word_1_449' title='bbox 1158 2011 1320 2038; x_wconf 71' lang='lat' dir='ltr'>ostensae.</span> 
     </span>
    </p>

    <p class='ocr_par' dir='ltr' id='par_1_13' title="bbox 1159 2057 1898 2206">
     <span class='ocr_line' id='line_1_85' title="bbox 1202 2057 1898 2101; baseline 0 -11"><span class='ocrx_word' id='word_1_450' title='bbox 1202 2059 1312 2090; x_wconf 73' lang='lat' dir='ltr'>[mlum</span> <span class='ocrx_word' id='word_1_451' title='bbox 1326 2058 1455 2097; x_wconf 68' lang='lat' dir='ltr'>Itomae,</span> <span class='ocrx_word' id='word_1_452' title='bbox 1474 2058 1559 2101; x_wconf 83' lang='lat' dir='ltr'>apud</span> <span class='ocrx_word' id='word_1_453' title='bbox 1571 2058 1601 2090; x_wconf 82' lang='lat' dir='ltr'>S.</span> <span class='ocrx_word' id='word_1_454' title='bbox 1612 2058 1753 2097; x_wconf 83' lang='lat' dir='ltr'>Petrum,</span> <span class='ocrx_word' id='word_1_455' title='bbox 1770 2057 1829 2090; x_wconf 87' lang='lat' dir='ltr'>sub</span> <span class='ocrx_word' id='word_1_456' title='bbox 1844 2068 1898 2090; x_wconf 87' lang='lat' dir='ltr'>an-</span> 
     </span>
     <span class='ocr_line' id='line_1_86' title="bbox 1159 2111 1895 2151; baseline 0 -8"><span class='ocrx_word' id='word_1_457' title='bbox 1159 2112 1234 2143; x_wconf 69' lang='lat' dir='ltr'>nulo</span> <span class='ocrx_word' id='word_1_458' title='bbox 1260 2111 1432 2143; x_wconf 78' lang='lat' dir='ltr'>Piscatoris</span> <span class='ocrx_word' id='word_1_459' title='bbox 1459 2111 1508 2143; x_wconf 88' lang='lat' dir='ltr'>die</span> <span class='ocrx_word' id='word_1_460' title='bbox 1527 2121 1611 2144; x_wconf 80' lang='lat' dir='ltr'>xxvn</span> <span class='ocrx_word' id='word_1_461' title='bbox 1632 2111 1706 2143; x_wconf 85' lang='lat' dir='ltr'>maii</span> <span class='ocrx_word' id='word_1_462' title='bbox 1724 2120 1895 2151; x_wconf 80' lang='lat' dir='ltr'>MDCLxxtx,</span> 
     </span>
     <span class='ocr_line' id='line_1_87' title="bbox 1159 2163 1675 2206; baseline 0.004 -12"><span class='ocrx_word' id='word_1_463' title='bbox 1159 2163 1365 2206; x_wconf 79' lang='lat' dir='ltr'>pontificatus</span> <span class='ocrx_word' id='word_1_464' title='bbox 1385 2164 1489 2195; x_wconf 80' lang='lat' dir='ltr'>nostri</span> <span class='ocrx_word' id='word_1_465' title='bbox 1516 2174 1601 2196; x_wconf 86' lang='lat' dir='ltr'>anno</span> <span class='ocrx_word' id='word_1_466' title='bbox 1628 2174 1675 2196; x_wconf 90' lang='lat'><em>111.</em></span> 
     </span>
    </p>

    <p class='ocr_par' dir='ltr' id='par_1_14' title="bbox 1195 2225 1803 2261">
     <span class='ocr_line' id='line_1_88' title="bbox 1195 2225 1803 2261; baseline 0.002 -9"><span class='ocrx_word' id='word_1_467' title='bbox 1195 2226 1253 2252; x_wconf 83' lang='lat' dir='ltr'>Dat.</span> <span class='ocrx_word' id='word_1_468' title='bbox 1273 2225 1316 2252; x_wconf 90' lang='lat' dir='ltr'>die</span> <span class='ocrx_word' id='word_1_469' title='bbox 1331 2226 1364 2252; x_wconf 65' lang='lat'>⁶27</span> <span class='ocrx_word' id='word_1_470' title='bbox 1381 2226 1444 2252; x_wconf 86' lang='lat' dir='ltr'>maii</span> <span class='ocrx_word' id='word_1_471' title='bbox 1463 2226 1541 2259; x_wconf 78' lang='lat'>1679,</span> <span class='ocrx_word' id='word_1_472' title='bbox 1558 2226 1655 2261; x_wconf 77' lang='lat' dir='ltr'>pontif.</span> <span class='ocrx_word' id='word_1_473' title='bbox 1678 2234 1748 2253; x_wconf 86' lang='lat' dir='ltr'>anno</span> <span class='ocrx_word' id='word_1_474' title='bbox 1765 2232 1803 2253; x_wconf 87' lang='lat' dir='ltr'>ltt.</span> 
     </span>
    </p>
   </div>
   <div class='ocr_carea' id='block_1_9' title="bbox 1440 2293 1611 2297">
    <p class='ocr_par' dir='ltr' id='par_1_15' title="bbox 1440 2293 1611 2297">
     <span class='ocr_line' id='line_1_89' title="bbox 1440 2293 1611 2297; baseline 0 0"><span class='ocrx_word' id='word_1_475' title='bbox 1440 2293 1611 2297; x_wconf 95' lang='lat' dir='ltr'> </span> 
     </span>
    </p>
   </div>
   <div class='ocr_carea' id='block_1_10' title="bbox 1485 2361 1575 2393">
    <p class='ocr_par' dir='ltr' id='par_1_16' title="bbox 1485 2361 1575 2393">
     <span class='ocr_line' id='line_1_90' title="bbox 1485 2361 1575 2393; baseline 0 0"><span class='ocrx_word' id='word_1_476' title='bbox 1485 2361 1575 2393; x_wconf 75' lang='lat' dir='ltr'>tht.</span> 
     </span>
    </p>
   </div>
   <div class='ocr_carea' id='block_1_11' title="bbox 1138 2440 1903 2485">
    <p class='ocr_par' dir='ltr' id='par_1_17' title="bbox 1138 2440 1903 2485">
     <span class='ocr_line' id='line_1_91' title="bbox 1138 2440 1903 2485; baseline 0.005 -13"><span class='ocrx_word' id='word_1_477' title='bbox 1138 2469 1140 2477; x_wconf 80' lang='grc'>,</span> <span class='ocrx_word' id='word_1_478' title='bbox 1162 2440 1373 2472; x_wconf 67' lang='lat' dir='ltr'>Permilli‘lnr</span> <span class='ocrx_word' id='word_1_479' title='bbox 1397 2441 1560 2484; x_wconf 68' lang='lat' dir='ltr'>superiori</span> <span class='ocrx_word' id='word_1_480' title='bbox 1578 2441 1725 2483; x_wconf 71' lang='lat' dir='ltr'>qenerali</span> <span class='ocrx_word' id='word_1_481' title='bbox 1740 2443 1903 2485; x_wconf 74' lang='lat' dir='ltr'>presbyte-</span> 
     </span>
    </p>
   </div>
   <div class='ocr_carea' id='block_1_12' title="bbox 1206 2494 1904 2643">
    <p class='ocr_par' dir='ltr' id='par_1_18' title="bbox 1206 2494 1904 2643">
     <span class='ocr_line' id='line_1_92' title="bbox 1207 2494 1903 2539; baseline 0.006 -15"><span class='ocrx_word' id='word_1_482' title='bbox 1207 2503 1312 2524; x_wconf 76' lang='lat' dir='ltr'>rorum</span> <span class='ocrx_word' id='word_1_483' title='bbox 1331 2494 1597 2536; x_wconf 57' lang='lat' dir='ltr'>Coum-effarionis</span> <span class='ocrx_word' id='word_1_484' title='bbox 1614 2495 1779 2527; x_wconf 69' lang='lat' dir='ltr'>,tlissiom&#39;s</span> <span class='ocrx_word' id='word_1_485' title='bbox 1797 2496 1903 2539; x_wconf 77' lang='lat' dir='ltr'>facul-</span> 
     </span>
     <span class='ocr_line' id='line_1_93' title="bbox 1209 2546 1903 2581; baseline 0.006 -4"><span class='ocrx_word' id='word_1_486' title='bbox 1209 2550 1256 2577; x_wconf 69' lang='lat' dir='ltr'>ms</span> <span class='ocrx_word' id='word_1_487' title='bbox 1281 2546 1490 2578; x_wconf 70' lang='lat' dir='ltr'>condonandi</span> <span class='ocrx_word' id='word_1_488' title='bbox 1514 2557 1551 2578; x_wconf 67' lang='lat' dir='ltr'>ex</span> <span class='ocrx_word' id='word_1_489' title='bbox 1582 2548 1805 2580; x_wconf 64' lang='lat' dir='ltr'>assistentium</span> <span class='ocrx_word' id='word_1_490' title='bbox 1829 2559 1903 2581; x_wconf 79' lang='lat' dir='ltr'>con-</span> 
     </span>
     <span class='ocr_line' id='line_1_94' title="bbox 1206 2600 1904 2643; baseline 0.007 -13"><span class='ocrx_word' id='word_1_491' title='bbox 1206 2608 1310 2635; x_wconf 78' lang='lat' dir='ltr'>sensa,</span> <span class='ocrx_word' id='word_1_492' title='bbox 1329 2609 1430 2632; x_wconf 75' lang='lat' dir='ltr'>novae</span> <span class='ocrx_word' id='word_1_493' title='bbox 1453 2600 1653 2643; x_wconf 75' lang='lat' dir='ltr'>probationis</span> <span class='ocrx_word' id='word_1_494' title='bbox 1676 2605 1808 2637; x_wconf 74' lang='lat' dir='ltr'>temnus.</span> <span class='ocrx_word' id='word_1_495' title='bbox 1831 2601 1904 2636; x_wconf 81' lang='lat' dir='ltr'>red-</span> 
     </span>
    </p>
   </div>
   <div class='ocr_carea' id='block_1_13' title="bbox 1895 180 2082 232">
    <p class='ocr_par' dir='ltr' id='par_1_19' title="bbox 1895 180 2082 232">
     <span class='ocr_line' id='line_1_95' title="bbox 1895 180 2082 232; baseline 0.021 -5"><span class='ocrx_word' id='word_1_496' title='bbox 1895 201 1946 231; x_wconf 68' lang='lat' dir='ltr'>An.</span> <span class='ocrx_word' id='word_1_497' title='bbox 1965 180 1996 230; x_wconf 82' lang='lat' dir='ltr'>c.</span> <span class='ocrx_word' id='word_1_498' title='bbox 2017 201 2082 232; x_wconf 77' lang='lat'>1679</span> 
     </span>
    </p>
   </div>
   <div class='ocr_carea' id='block_1_14' title="bbox 1904 1315 2091 1362">
    <p class='ocr_par' dir='ltr' id='par_1_20' title="bbox 1904 1315 2091 1362">
     <span class='ocr_line' id='line_1_96' title="bbox 1954 1315 2091 1337; baseline 0.007 -3"><span class='ocrx_word' id='word_1_499' title='bbox 1954 1315 2091 1337; x_wconf 57' lang='lat' dir='ltr'>Olictantium*</span> 
     </span>
     <span class='ocr_line' id='line_1_97' title="bbox 1904 1345 1999 1362; baseline 0.011 -1"><span class='ocrx_word' id='word_1_500' title='bbox 1904 1345 1999 1362; x_wconf 74' lang='lat' dir='ltr'>remotio.</span> 
     </span>
    </p>
   </div>
   <div class='ocr_carea' id='block_1_15' title="bbox 1905 1525 2103 1574">
    <p class='ocr_par' dir='ltr' id='par_1_21' title="bbox 1905 1525 2103 1574">
     <span class='ocr_line' id='line_1_98' title="bbox 1940 1525 2103 1552; baseline 0 -7"><span class='ocrx_word' id='word_1_501' title='bbox 1940 1525 2077 1552; x_wconf 59' lang='lat' dir='ltr'>Trans-ummo</span> <span class='ocrx_word' id='word_1_502' title='bbox 2101 1547 2103 1552; x_wconf 26' lang='lat'><strong>¹</strong></span> 
     </span>
     <span class='ocr_line' id='line_1_99' title="bbox 1905 1553 2023 1574; baseline 0.008 -1"><span class='ocrx_word' id='word_1_503' title='bbox 1905 1558 1948 1573; x_wconf 83' lang='lat' dir='ltr'>rum</span> <span class='ocrx_word' id='word_1_504' title='bbox 1963 1553 2023 1574; x_wconf 75' lang='lat' dir='ltr'>tides.</span> 
     </span>
    </p>
   </div>
  </div>
 </body>
</html>
