2111 3157
0 181 45 208 Aa.
65 180 96 207 C.
112 178 181 206 ¹680

222 235 263 256 111.
293 227 336 256 Ad
366 226 477 257 divinas
511 236 578 256 vero
608 227 695 256 horas
727 226 776 265 qui
803 225 914 255 venerit

183 277 248 313 post
269 274 407 313 hymnum
429 275 478 313 qui
501 275 695 314 praemittitur
718 274 846 312 psalmis,
866 281 914 311 ge—

183 321 331 360 nussectat‚
347 326 378 352 ut
398 331 496 361 supra,
514 327 541 352 et
556 326 634 361 petat
654 323 748 352 locum
770 330 870 358 suum;
889 321 913 350 si

183 374 278 400 autem
307 374 372 409 post.
401 370 494 400 Gloria
522 371 608 409 primi
638 370 741 409 psalmi
771 370 857 399 etiam
883 368 913 398 in

183 418 274 456 horis,
299 418 329 448 in
351 418 455 458 quibus
477 419 599 457 hymnus
628 427 685 448 non
707 417 911 457 praemittitur,

183 466 292 506 pariter
313 467 498 505 genuflectat,
522 467 653 505 factoque
662 476 691 499 ,a
712 465 861 504 superiore
876 464 914 494 si-

183 523 250 552 gno,
267 523 297 544 se
312 518 440 552 excuset,
457 514 514 553 vel,
531 518 563 544 ut
578 523 675 553 supra,
699 513 792 543 locum
815 511 914 551 poeni-

184 562 307 592 tentium
330 566 418 601 petat.

222 619 261 640 lv.
291 611 334 640 Ad
364 610 517 641 lectionem
549 619 616 640 vero
647 619 720 648 quae
749 609 854 639 dicitur
882 608 911 638 in

183 658 310 697 capitulo
325 662 390 688 ante
405 658 626 697 completorium
644 658 692 697 qui
709 657 820 687 venerit
836 660 912 695 post-

183 715 270 746 quam
295 706 385 736 lector
408 707 497 744 (facto
521 707 603 744 signo
619 716 634 735 a
650 705 811 745 superiore)
835 705 914 734 ince-

183 754 259 793 perit
279 754 387 792 legere,
411 755 596 793 genuflectat,
623 759 653 784 ut
675 763 773 793 supra,
799 758 826 783 et
852 757 913 783 ten-

183 802 231 832 dat
252 802 287 832 ad
309 802 405 832 locum
422 812 516 833 suum.
536 803 589 838 Qui
608 812 674 833 vero
696 812 753 834 non
774 802 914 832 interfue-

182 850 222 880 rit
248 851 367 881 lectioni
398 852 479 881 brevi
511 862 584 891 quae
610 852 716 882 dieitur
743 851 774 881 in
802 851 911 886 choro,

182 899 368 938 genuflectat,
391 900 522 939 factoque
543 910 558 930 a
581 901 731 940 superiore
756 900 859 938 signo,
883 908 913 928 se

183 951 311 986 excuset,
333 952 382 978 aut
403 948 432 978 in
455 948 555 978 ultimo
577 952 642 979 stet.

223 995 263 1035 (b)
285 1004 312 1025 v.
338 996 372 1027 Ut
392 997 476 1026 simul
497 1006 588 1026 omnes
609 998 701 1026 dicant
723 1006 839 1026 versum.
862 996 914 1026 De-

184 1043 328 1074 claramus
347 1044 482 1075 sufficere
514 1045 590 1084 quod
613 1045 714 1074 fratres
746 1044 805 1074 sint
839 1044 914 1073 intra

184 1091 310 1122 officium
332 1093 489 1131 refectorii,
506 1103 572 1123 cum
587 1093 718 1132 superior
733 1093 834 1131 incipit
851 1101 914 1121 ver-

184 1148 248 1169 sum
269 1139 437 1171 Benedicite.
461 1141 521 1177 Quo
543 1141 744 1181 pronunciato,
768 1141 817 1180 qui
834 1140 914 1170 dein-

184 1187 220 1217 de
247 1188 469 1227 ingredientur,
499 1190 714 1228 genuflectant,
742 1190 872 1228 factoque
898 1198 913 1218 a

184 1236 332 1276 superiore
354 1239 447 1277 signo,
470 1244 598 1277 surgant.

223 1292 262 1314 vt.
285 1285 401 1325 Propter
423 1287 451 1316 id
472 1289 649 1326 corripimur.
673 1288 741 1317 Tam
767 1287 914 1325 negligen-

185 1335 246 1370 tes,
276 1342 362 1372 quam
388 1334 474 1364 etiam
506 1335 555 1374 qui
581 1336 689 1365 suerint
719 1336 796 1365 iusta
827 1335 914 1364 causa

186 1381 338 1420 occupati,
362 1387 393 1412 ut
414 1382 566 1422 disciplina
593 1388 620 1413 et
649 1383 797 1413 humilitas
818 1387 914 1413 osten-

185 1428 289 1466 datur,
312 1431 526 1470 genussectant,
550 1432 680 1471 factoque
710 1432 764 1462 sibi
794 1431 877 1469 signo
899 1441 913 1461 a

185 1477 343 1516 superiore,
360 1484 491 1518 surgant,
508 1484 536 1510 et
557 1489 673 1510 causam
688 1489 757 1510 suae
772 1479 914 1510 tarditatis

185 1525 242 1565 ipsi
264 1527 407 1566 superiori
436 1529 561 1567 pandant
592 1529 736 1559 submissa
766 1538 856 1563 voce,
885 1534 915 1559 ut

186 1575 369 1606 discernatur
389 1578 538 1616 negligens
560 1587 575 1608 a
596 1578 723 1616 legitime
745 1582 892 1617 occupate.

226 1633 274 1655 vn.
298 1626 494 1656 Inservientes
516 1636 584 1657 vero
606 1627 757 1665 coquinae,
780 1627 847 1657 licet
868 1636 915 1665 gc-

187 1673 356 1711 nussectant,
376 1684 433 1705 non
456 1679 551 1705 tamen
573 1685 603 1705 se
618 1680 766 1714 excusent,
783 1676 849 1715 quia
872 1685 916 1705 sa-

188 1722 224 1752 tis
246 1723 336 1762 liquet
357 1732 405 1753 eos
427 1724 555 1761 legitime
578 1724 666 1754 fuisse
688 1728 852 1763 occupatos.

226 1780 285 1801 vin.
316 1771 345 1802 Si
376 1772 440 1811 quis
472 1777 567 1802 autem
600 1773 728 1811 legitime
761 1777 917 1812 occupatus

187 1830 246 1851 non
269 1825 365 1860 posset
387 1821 543 1851 convenire
565 1821 599 1850 ad
622 1821 759 1858 officium,
777 1822 821 1851 vel
836 1831 918 1852 exer-

188 1869 299 1904 citium,
322 1870 366 1899 vel
388 1870 423 1899 ad
445 1879 585 1906 mensam,
602 1870 646 1899 vel
668 1870 702 1900 ad
717 1870 771 1900 alia
801 1874 918 1909 propter

188 1927 263 1958 quae
284 1922 443 1949 conventus
472 1923 676 1957 congregatur,
705 1920 917 1950 excusationem

188 1976 269 1997 suam
290 1976 341 2006 per
362 1976 392 1997 se
415 1968 459 1997 vel
483 1976 532 2006 per
553 1968 642 1998 alium
673 1968 767 2003 faciat,
797 1969 918 1999 dicendo

188 2015 332 2054 superiori
353 2024 469 2044 causam
491 2024 559 2044 suae
581 2017 785 2055 occupationis.

227 2072 266 2092 ix.
290 2063 319 2093 Si
341 2072 407 2093 vero
429 2063 516 2093 alicui
539 2073 656 2093 necesse
671 2065 757 2095 fuerit
771 2065 919 2096 discedere

189 2111 225 2141 ab
248 2112 353 2148 officio,
377 2112 437 2141 sive
452 2112 487 2142 ab
502 2113 651 2151 exercitio,
668 2114 728 2143 sive
746 2123 760 2143 a
776 2118 920 2145 conventu

189 2161 458 2200 quomodocumque
489 2166 682 2199 congregato,
716 2171 767 2201 per
799 2172 919 2202 parvum

191 2210 328 2248 temporis
349 2209 486 2248 spatium,
501 2209 646 2239 licentiam
663 2220 679 2239 a
694 2211 844 2250 superiore
859 2212 920 2242 solo

189 2262 261 2287 nutu
294 2261 386 2296 petat:
419 2261 447 2287 et
474 2257 498 2286 si
529 2258 626 2287 statim
658 2263 839 2296 revertatur,
862 2269 920 2290 non

190 2307 373 2345 genuflectat.
402 2306 452 2337 Cui
483 2316 549 2336 vcro
580 2316 699 2337 necesse
728 2312 804 2338 esset
831 2308 921 2339 disce-

190 2356 258 2386 dere
285 2356 382 2385 animo
414 2364 471 2384 non
503 2355 668 2393 redeundi,
699 2355 776 2385 dicat
804 2366 921 2387 causam

190 2404 352 2443 superiori,
375 2408 404 2434 et
425 2413 514 2443 super
542 2404 594 2433 hoc
625 2403 753 2434 obtineat
775 2404 920 2435 licentiam

191 2452 406 2491 particularem.

231 2509 259 2529 x.
283 2501 404 2531 Praelati
428 2510 494 2531 vero
517 2505 700 2531 transeuntes
723 2511 773 2541 per
794 2502 849 2532 alia
866 2512 924 2533 mo-

191 2549 329 2587 nasteria,
352 2550 494 2580 intrantes
517 2550 637 2580 chorum
662 2550 704 2580 vel
727 2551 922 2587 refectorium,

316 2609 393 2636 Bull.
414 2610 492 2637 nom.
514 2626 547 2630 —
567 2611 625 2636 Vol.
642 2610 715 2637 XIX.
877 2612 912 2638 40

778 177 988 202 INNOCENTIUS
1011 179 1040 202 XI
1066 179 1113 202 Pr.

1585 167 1650 201 313
1695 175 1879 204 An.c.1680

954 226 978 255 si
1000 226 1081 255 tarde
1102 234 1151 256 eos
1173 226 1322 264 contingat
1343 224 1491 263 accedere,
1519 233 1577 254 non
1599 224 1634 254 ob
1656 224 1684 254 id

954 275 1165 313 genuflectant,
1189 284 1242 304 nec
1264 274 1350 304 etiam
1373 273 1520 303 licentiam
1543 276 1641 312 petant
1662 273 1687 302 si

953 323 1021 352 inde
1042 323 1123 353 abire
1144 324 1301 360 voluerint,
1334 323 1391 353 nisi
1419 322 1460 353 ibi
1487 321 1574 352 fuerit
1605 325 1687 361 pater

954 370 1133 409 praesidens.

953 417 1049 448 CAPUT
1071 418 1163 449 XLIV.
1181 437 1219 442 —
1235 419 1274 449 De
1290 421 1324 449 z't's
1339 420 1386 459 qui
1405 419 1685 453 excomnntnicantur,

1156 468 1282 506 quomodo
1302 469 1482 507 satisfaciant.

998 514 1055 551 Qui
1079 525 1138 558 pro
1164 516 1302 558 graviori
1320 517 1414 559 culpa
1434 517 1473 549 ab
1495 516 1638 549 oratorio
1656 522 1687 549 et
1735 528 1882 557 excommuni-

955 577 972 599 a
996 570 1108 599 mensa
1140 568 1455 608 excommunicatur,
1487 570 1589 609 liora,
1625 557 1882 612 (μιῇἶῗῑὶιῗῆἷᾈἯῖ-’.ζῖ

955 629 1036 661 opus
1061 619 1116 652 Dei
1145 620 1178 652 in
1211 621 1355 653 oratorio
1381 621 1582 662 celebratur,
1613 628 1686 655 ante
1697 610 1882 663 ssfitss¹¹²0¹l¹hi⁰fr¹lt

954 671 1038 703 fores
1071 671 1204 704 oratorii
1240 677 1419 714 prostratus
1453 672 1570 713 iaceat,
1605 661 1882 712 nihilffiib‘ffltss'ssttlffllf}

955 723 1084 763 dicens,
1110 723 1171 756 nisi
1208 729 1330 757 tantum
1366 725 1474 767 posito
1500 725 1532 758 in
1569 716 1881 769 terramtssssssfftss'ssssffl'ft'di

954 776 1068 818 capite,
1093 781 1126 809 et
1149 782 1329 819 prostratus
1350 788 1471 820 pronus
1488 779 1630 811 omnium
1649 766 1884 821 dessiifliifnidsss'isswo'-

955 828 1094 862 oratorio
1112 830 1296 862 exeuntium
1316 830 1452 873 pedibus
1471 841 1503 863 se
1523 821 1785 874 131¹oiicizit.¹“¹²⁰‘¹⁰'

955 881 993 913 Et
1016 881 1078 914 hoc
1103 882 1225 914 tamdiu
1249 882 1357 923 faciat,
1375 893 1478 925 usque
1497 884 1571 916 dum
1589 884 1688 917 abbas

956 934 1143 967 iudicaverit
1166 934 1362 967 satisfactum
1388 946 1480 976 esse;
1507 937 1578 980 qui,
1613 938 1688 970 dum

956 987 1058 1020 iussus
1084 988 1123 1020 ab
1145 987 1259 1021 abbate
1295 988 1428 1028 venerit,
1452 990 1621 1032 provolvat
1653 1001 1688 1023 se

956 1039 1055 1082 ipsius
1079 1040 1201 1073 abbatis
1225 1041 1374 1084 pedibus
1400 1041 1517 1074 deinde
1542 1043 1688 1075 omnium

956 1092 1097 1134 vestigiis
1122 1093 1275 1133 fratrum,
1299 1099 1334 1126 ut
1358 1092 1450 1126 oret¹
1483 1104 1542 1136 pro
1568 1105 1630 1135 eo;
1658 1101 1690 1128 ct

958 1150 1042 1185 tunc,
1056 1145 1081 1177 si
1099 1145 1228 1178 iusserit
1242 1146 1349 1183 abbas,
1369 1147 1549 1189 accipiatur
1566 1147 1598 1179 in
1616 1149 1690 1181 clio<

956 1207 1000 1236 ro,
1022 1198 1071 1229 vel
1096 1198 1129 1230 in
1153 1198 1267 1231 ordine
1289 1209 1354 1241 qno
1372 1198 1470 1231 abbas
1488 1199 1687 1232 decreverit:

956 1249 999 1281 ita
1023 1259 1098 1282 sanc
1123 1255 1159 1281 ut
1185 1251 1343 1292 psalmum
1368 1256 1421 1283 aut
1440 1251 1614 1285 lectionem
1638 1254 1689 1285 vel

956 1301 1043 1334 aliud
1068 1301 1144 1344 quid
1172 1312 1238 1334 non
1268 1309 1453 1345 praesumat
1482 1304 1516 1336 in
1548 1306 1690 1338 oratorio

956 1354 1135 1397 imponere,
1160 1354 1221 1387 nisi
1246 1355 1364 1388 iterum
1389 1356 1486 1389 abhas
1511 1357 1630 1390 iubeat.
1653 1358 1691 1390 Et

957 1406 1104 1440 omnibus
1140 1407 1249 1448 horis,
1288 1409 1362 1441 dum
1392 1410 1574 1452 completur
1608 1421 1690 1453 opus

956 1459 1023 1499 Dei,
1048 1460 1197 1502 proiiciat
1221 1471 1255 1493 se
1280 1460 1313 1493 in
1339 1466 1456 1494 terram
1489 1462 1521 1493 in
1553 1463 1625 1495 loco
1658 1462 1691 1495 in

957 1523 1020 1555 quo
1045 1518 1118 1553 stat,
1153 1518 1184 1545 et
1208 1512 1253 1546 sic
1283 1513 1455 1546 satisfaciat
1485 1524 1586 1557 usque
1615 1516 1690 1547 dum

957 1565 985 1597 ei
1011 1562 1119 1599 iubeat
1142 1565 1238 1598 abhas
1265 1571 1300 1597 ut
1323 1567 1469 1609 quiescat
1493 1568 1531 1599 ab
1557 1568 1617 1600 hac
1641 1579 1691 1600 sa-

958 1618 1150 1651 tisfactione.
1177 1618 1233 1657 Qui
1258 1629 1335 1652 vero
1360 1630 1420 1662 pro
1446 1620 1568 1653 levibus
1586 1621 1690 1663 culpis

959 1672 1256 1704 excommunicatur
1293 1677 1415 1705 tantum
1448 1684 1465 1706 a
1501 1675 1623 1713 mensa,
1658 1674 1692 1705 in

959 1724 1102 1757 oratorio
1132 1725 1306 1758 satisfaciat
1323 1736 1426 1768 usque
1451 1727 1490 1758 ad
1515 1726 1692 1759 iussionem

959 1777 1103 1817 abbatis,
1137 1783 1169 1810 et
1202 1777 1331 1811 tandem
1367 1778 1431 1810 hoc
1463 1779 1558 1811 faciat
1591 1789 1692 1821 usque

960 1829 1033 1862 dum
1057 1829 1227 1863 benedicat
1252 1836 1283 1863 et
1307 1830 1408 1863 dicat:
1435 1831 1569 1864 Sufficit.

1018 1882 1113 1912 CAPUT
1136 1882 1215 1912 LXV.
1238 1899 1276 1904 —
1298 1883 1337 1912 De
1358 1884 1404 1921 iix,
1428 1885 1475 1922 qui
1495 1885 1634 1923 falluntur

1236 1932 1265 1960 in
1286 1933 1414 1961 oratorio.

1004 1980 1034 2013 Si
1060 1981 1145 2023 quis,
1181 1980 1257 2012 dum
1293 1981 1491 2023 pronunciat
1524 1984 1694 2025 psalmum,
1727 1997 1888 2027 fian-manu-

962 2033 1206 2076 responsorium
1238 2038 1291 2065 aut
1322 2034 1546 2077 antiphonam,
1571 2037 1620 2069 vel
1651 2024 1889 2077 le-thiif¹¹v⁸21s·¹ssi'ss'=¹.¹z⁴s³

961 2088 1108 2128 ctionem,
1136 2086 1269 2127 fallitur,
1296 2087 1358 2119 nisi
1383 2098 1456 2120 cum
1473 2088 1695 2122 satisfactione

961 2140 1004 2172 ibi
1030 2140 1076 2182 (a)
1101 2150 1208 2172 coram
1233 2140 1382 2172 omnibus
1415 2139 1601 2173 humiliatus
1627 2143 1696 2175 fue-

962 2193 1013 2232 rit,
1038 2192 1154 2225 maiori
1179 2192 1337 2225 vindictae
1362 2192 1535 2234 subiaceat,
1577 2194 1697 2237 quippe

963 2246 1016 2288 qui
1042 2245 1147 2278 noluit
1180 2245 1362 2277 humilitate
1395 2245 1569 2288 corrigere,
1610 2247 1697 2290 quod

961 2298 1159 2341 negligentia
1184 2297 1332 2341 deliquit.
1366 2297 1506 2331 Infantes
1538 2308 1613 2332 vero
1638 2309 1696 2342 pro

963 2351 1015 2383 tali
1040 2352 1137 2394 culpa
1160 2351 1323 2393 vapulent.

1232 2411 1425 2433 DECLARATIO.

1004 2452 1042 2489 (a)
1067 2451 1165 2482 Coram
1185 2452 1319 2482 omnibus.
1343 2451 1462 2488 Quando
1483 2461 1566 2483 error
1580 2456 1624 2483 est
1639 2462 1700 2483 mo-

964 2501 1045 2531 dicus
1068 2500 1192 2530 sufficiat
1214 2505 1331 2540 tangere
1350 2505 1456 2532 terram
1478 2511 1581 2541 manu;
1605 2503 1656 2533 sed
1673 2503 1700 2534 si

1001 2557 1012 2582 1
1036 2555 1066 2581 Ni
1086 2554 1214 2582 malueris
1233 2555 1323 2591 legere
1343 2558 1424 2584 orent
1445 2556 1481 2591 (u.
1496 2556 1544 2591 Τ.).
