2111 3157
170 244 222 270 An.
242 243 268 270 e.
292 242 360 271 loss
407 234 470 268 916

190 996 309 1016 Clausulae.

191 1791 266 1812 (jamra
272 1791 348 1812 riorum

167 1820 283 1844 der-idatio.

212 2110 233 2130 F1
244 2109 273 2128 to<
299 2112 353 2130 tran-

171 2143 307 2162 {albinetum-

362 293 421 326 rit:
449 293 527 327 hinc
552 298 600 327 est
629 293 716 337 quod
742 303 823 332 ηοε,
849 303 886 326 ex
912 291 1103 325 commissae

362 346 456 380 nobis
474 348 607 380 caelitus
629 346 881 389 dispensationis
905 355 1050 385 munere,
1068 344 1104 377 fi-

362 400 484 432 delium
507 400 735 433 defunctorum
762 399 941 431 animarum
966 398 999 430 in
1024 398 1104 430 Pur-

362 452 487 494 gatorio
503 452 713 485 existentium
727 451 888 494 suffragiis
902 450 1104 494 peramplius

361 505 533 538 consulere
548 505 726 548 cupientes,
741 505 906 537 decretum
919 503 1103 537 huiusmodi

361 569 378 590 a
403 560 583 591 memorata
608 558 819 591 cardinalium
845 557 1102 600 Congregatione

361 611 493 652 editum,
512 616 547 644 ut
575 612 767 655 praefertur,
792 611 971 655 apostolica
995 616 1103 643 aucto-

360 665 474 705 ritate,
504 670 619 698 tenore
655 664 898 708 praesentium,
930 664 1103 698 confirma-

359 729 431 751 mus
453 724 485 751 et
508 719 743 762 approbamus,
770 720 883 762 illique
902 718 1101 752 inviolabilis

359 772 555 814 apostolicae
588 772 749 806 firmitatis
781 774 883 806 robur
914 772 1100 806 adiicimus:

359 826 445 858 salva
470 831 577 858 tamen
607 836 737 869 semper
771 827 804 859 in
836 825 1022 869 praemissis
1046 835 1102 857 au-

358 878 506 912 ctoritate
525 880 729 923 supradictae
751 879 1017 923 Congregationis
1034 889 1102 912 car-

360 932 532 967 dinalium.

402 986 417 1028 ξ
441 985 472 1020 3.
500 986 720 1019 Decernentes
747 986 878 1020 easdem
908 990 1098 1028 praesentes

358 1039 485 1072 litteras
511 1039 630 1079 firmas,
647 1039 769 1072 validas
800 1045 831 1072 et
863 1038 1007 1072 efficaces
1034 1038 1099 1071 exi-

358 1097 446 1125 stere
472 1097 504 1125 et
523 1092 601 1132 sore,
621 1102 763 1135 suosque
785 1092 953 1135 plenarios
970 1096 1001 1124 et
1017 1091 1100 1124 inte-

358 1155 434 1187 gros
460 1145 592 1179 effectus
617 1146 727 1179 sortiri
745 1151 777 1179 et
795 1146 956 1185 obtinere,
972 1156 1009 1178 ac
1023 1145 1097 1184 illis,
1119 1131 1123 1198 Ι

358 1199 397 1231 ad
420 1210 502 1242 quos
522 1205 648 1242 spectat
665 1204 697 1232 et
717 1210 776 1243 pro
800 1204 947 1242 tempore
972 1204 1100 1241 specta-

357 1251 415 1292 bit,
436 1253 467 1284 in
486 1253 636 1286 omnibus
655 1258 687 1285 ct
707 1264 765 1296 per
781 1252 889 1286 omnia
906 1250 1098 1296 plenissime

358 1304 538 1348 suffragari,
566 1311 597 1339 et
622 1306 660 1339 ab
687 1306 731 1339 eis
756 1306 938 1349 respective
966 1305 1099 1338 inviola·

357 1358 469 1391 biliter
494 1360 682 1400 observari,
707 1359 818 1402 sicque
843 1359 874 1391 in
908 1358 1098 1402 praemissis

358 1422 419 1455 per
445 1423 671 1455 quoscumque
702 1413 826 1446 iudices
852 1412 1036 1444 ordinarios
1068 1416 1100 1443 et

359 1465 542 1507 delegatos,
568 1465 665 1498 etiam
689 1475 859 1497 causarum
884 1465 995 1507 palatii
1021 1475 1100 1507 apo-

947 242 1127 268 B‘ULLARIUM
1152 243 1302 269 ROMANUM

1190 292 1305 325 Datum
1331 291 1461 333 Romae,
1481 293 1567 337 apud
1590 293 1620 327 S.
1641 294 1770 328 Mariam
1788 295 1885 329 Maio-

1146 355 1225 385 rem,
1241 347 1300 379 sub
1326 347 1448 379 annulo
1475 347 1661 387 piscatoris,
1676 348 1727 380 die
1752 358 1783 381 1v
1808 348 1883 381 maii

1145 408 1363 440 MDoLxxxvni,
1376 400 1585 443 pontificatus
1600 401 1702 434 nostri
1723 411 1808 434 anno
1824 411 1881 435 x11.

1181 460 1239 488 Dat.
1257 461 1301 489 die
1317 462 1333 488 4
1352 462 1414 489 maii
1436 463 1513 495 1688,
1536 463 1635 498 pontif.
1656 471 1727 490 anno
1746 469 1793 491 xu.

1446 604 1583 639 CXCVII.

1144 682 1323 725 Statuitur,
1343 689 1379 717 ut
1397 685 1579 718 executioni
1595 684 1769 719 mandetur
1785 686 1875 720 alters

1187 738 1301 771 nativa
1322 739 1358 770 in
1383 739 1534 771 electione
1557 740 1775 772 commissarii
1789 749 1876 783 yene-

1187 791 1271 823 ralis
1295 792 1491 823 cismontani
1507 792 1593 824 incer
1612 793 1728 835 fratres
1747 792 1883 826 Ordinis

1186 844 1293 876 sancti
1331 844 1503 877 Francisci
1537 844 1576 877 de
1612 844 1823 879 Obseruantia
1854 850 1884 878 et

1186 897 1388 939 Reformalos
1400 897 1422 929 ¹.

1325 977 1524 1005 Innocentius
1545 978 1626 1012 Papa
1645 978 1693 1013 XI,

1260 1021 1297 1049 ad
1316 1026 1493 1055 perpetuam
1512 1023 1557 1049 rei
1577 1024 1763 1050 memoriam.

1184 1092 1269 1126 Inter
1289 1093 1495 1135 gravissimas
1524 1094 1787 1137 multiplicesque
1805 1104 1882 1138 apo⁴

1141 1145 1275 1179 stolicae
1307 1146 1470 1179 servitutis
1506 1157 1598 1179 curas
1624 1147 1657 1179 in
1682 1158 1751 1180 eam
1784 1157 1883 1191 pecu-

1142 1199 1212 1231 liari
1238 1199 1457 1232 sollicitudine
1483 1199 1712 1239 incumbimus,
1735 1206 1770 1233 ut
1794 1201 1882 1234 chri-

1142 1252 1306 1292 stifideles,
1323 1253 1381 1285 sub
1399 1253 1487 1285 suavi
1505 1253 1674 1295 religionis
1691 1253 1766 1296 iugo
1782 1253 1881 1286 divini

1142 1305 1284 1338 numinis
1310 1305 1478 1348 obsequiis
1499 1306 1683 1349 mancipati,
1700 1317 1760 1349 per
1778 1308 1882 1350 provi-

1120 1371 1123 1397 l
1143 1359 1214 1392 dam
1235 1359 1441 1402 superiorum
1460 1359 1663 1398 electionem,
1683 1359 1881 1403 illorumque

1142 1413 1409 1456 circumspectum
1444 1414 1589 1455 regimen
1616 1419 1648 1446 et
1678 1413 1883 1456 gubernium,

1143 1466 1340 1500 felicioribus
1366 1466 1398 1498 in
1425 1467 1495 1499 dies
1529 1466 1561 1498 in
1587 1466 1756 1499 sanctitate
1783 1472 1814 1499 et
1834 1466 1884 1498 iu-

358 1518 467 1550 stolici
493 1519 668 1558 auditores,
687 1518 822 1551 iudicari
841 1523 873 1550 et
897 1517 1027 1550 definiri
1045 1518 1099 1550 de·
1142 1518 1227 1551 stitia
1247 1518 1419 1562 proficiant
1443 1519 1665 1552 incrementis.

359 1570 453 1611 bere,
482 1581 518 1603 ac
543 1571 670 1603 irritum
698 1577 730 1604 et
753 1572 849 1605 inane
875 1571 900 1604 si
926 1581 1018 1603 secus
1047 1581 1100 1603 su-

360 1633 419 1666 per
445 1623 496 1656 his
521 1634 537 1656 a
562 1635 738 1666 quoquam,
761 1623 870 1667 quavis
896 1623 1098 1663 auctoritate,

360 1677 503 1710 scienter
533 1678 581 1710 vel
620 1677 823 1720 ignoranter,
853 1678 1030 1720 contigerit
1054 1682 1101 1709 at-

361 1730 494 1762 tentari.

406 1784 420 1826 §
445 1783 477 1817 4.
504 1783 572 1817 Non
598 1784 808 1825 obstantibus,
836 1789 996 1827 quatenus
1022 1794 1101 1826 opus

361 1837 418 1876 sit,
444 1844 575 1870 nostrae
591 1836 598 1854 ¹
617 1844 648 1871 et
664 1838 878 1870 cancellariae
903 1838 1102 1880 apostolicae

361 1892 475 1933 regula
500 1891 539 1924 de
564 1902 629 1924 non
650 1891 867 1924 concedendis
892 1891 1101 1933 indulgentiis

363 1945 403 1977 ad
422 1945 532 1983 instar,
552 1945 688 1987 aliisque
707 1945 994 1977 constitutionibus
1012 1951 1043 1977 et
1058 1955 1104 1977 or·

365 1997 584 2031 dinationibus
609 1998 807 2041 apostolicis,
826 1998 1008 2041 ceterisque
1029 2008 1104 2031 con-

365 2051 470 2084 trariis
497 2051 768 2094 quibuscumque.

410 2105 424 2148 ς
450 2104 480 2137 5.
501 2104 658 2137 Volumus
676 2110 783 2137 autem
801 2110 835 2138 ut
852 2105 995 2148 ipsarum
1013 2115 1105 2149 prae·

365 2157 508 2190 sentium
533 2157 716 2189 litterarum
735 2158 956 2200 trausumptis,
970 2169 1026 2191 seu
1053 2169 1105 2191 ex-

367 2210 492 2253 emplis
512 2211 607 2243 etiam
642 2211 823 2254 impressis,
850 2222 946 2244 manu
970 2211 1106 2245 alicuius

367 2264 486 2296 notarii
522 2264 643 2306 publici
683 2265 890 2308 subscriptis,
931 2270 961 2298 et
997 2264 1105 2307 sigillo

368 2328 527 2360 personae
549 2318 580 2349 in
600 2318 823 2351 ecclesiastica
847 2319 1006 2361 dignitate
1032 2329 1107 2351 con-

370 2370 499 2403 stitutae
531 2370 675 2411 munitis,
714 2372 825 2404 eadem
858 2382 991 2415 prorsus
1027 2372 1106 2404 tides

371 2423 403 2455 in
426 2424 546 2457 iudicio
568 2431 600 2457 ct
623 2430 713 2458 extra
737 2426 817 2458 illud
839 2426 1007 2465 habeatur,
1026 2436 1107 2469 quae

371 2477 600 2518 praesentibus
632 2478 711 2520 ipsis
740 2479 917 2512 haberetur
945 2480 970 2512 si
1003 2480 1110 2511 forent

373 2528 537 2561 exhibitae
553 2530 603 2562 vol
628 2536 788 2564 ostensae.

413 2649 424 2673 1
446 2644 485 2673 De
505 2653 578 2673 more
598 2646 675 2674 solito
695 2647 755 2683 lege
775 2650 873 2676 nostrii
894 2649 934 2684 (n.
955 2649 1005 2684 ¹12).

1185 1572 1200 1615 ᾖ
1226 1571 1257 1604 l.
1285 1572 1363 1604 Curn
1388 1572 1498 1615 itaque
1516 1572 1594 1605 alias
1613 1572 1715 1605 felicis
1732 1572 2003 1631 recorda'mffssss'g'ff'
2018 1583 2038 1603 ui
2052 1582 2070 1604 tn

1143 1625 1240 1658 tionis
1266 1626 1448 1659 Alexander
1473 1625 1559 1669 Papa
1582 1626 1632 1658 VII
1649 1626 1883 1669 praedecessor

1143 1683 1254 1711 noster
1278 1688 1337 1721 per
1361 1688 1436 1711 suas
1461 1678 1493 1710 in
1520 1678 1618 1711 simili
1644 1680 1747 1711 forma
1770 1678 1881 1712 Brevis

1144 1732 1194 1765 die
1219 1743 1278 1765 xxx
1303 1732 1430 1774 augusti
1455 1741 1594 1765 MDCLxlv
1618 1732 1782 1775 expeditas
1799 1732 1884 1766 litte-

1144 1796 1195 1819 ras
1220 1786 1381 1829 quoddam
1409 1786 1574 1818 decretum
1599 1786 1631 1818 in
1656 1786 1798 1829 capitulo
1829 1796 1885 1828 ge-

1144 1839 1246 1872 nerali
1265 1839 1385 1873 dudum
1411 1840 1575 1872 celebrato
1595 1838 1723 1872 Ordinis
1750 1840 1884 1872 fratrum

1145 1893 1302 1926 Minorum
1327 1892 1427 1925 sancti
1453 1892 1613 1924 Francisci
1638 1892 1678 1924 de
1703 1891 1886 1925 Observan-

1145 1947 1188 1979 tia
1212 1950 1470 1988 nuncupatorum
1504 1950 1688 1977 emanatum
1720 1944 1806 1978 inter
1831 1955 1883 1978 ce-

1146 2005 1215 2032 tera
1231 2008 1331 2042 super
1348 1998 1486 2041 quadam
1511 1997 1700 2031 alim—nativa
1720 1997 1806 2030 inter
1826 1998 1884 2030 sra-

1147 2059 1211 2086 tres
1241 2053 1280 2085 de
1312 2051 1521 2085 Observantia
1557 2056 1589 2083 et
1626 2050 1885 2084 Reformatorum

1147 2110 1349 2148 nuncupatos
1382 2104 1522 2137 familiae
1548 2104 1771 2136 cismontanae
1801 2103 1887 2136 eius-

1126 2160 1219 2200 kdem
1251 2159 1381 2192 Ordinis
1419 2158 1622 2191 observanda
1658 2157 1691 2189 in
1726 2156 1886 2190 electione

1148 2211 1364 2245 commissarii
1409 2210 1570 2252 generalis
1607 2210 1710 2242 dictae
1745 2209 1887 2242 familiae

1149 2264 1384 2303 cismontanae,
1410 2263 1490 2296 itaut
1517 2261 1756 2295 commissarius
1788 2271 1890 2304 gene·

1150 2319 1224 2350 ralis
1249 2317 1436 2350 huiusmodi
1458 2327 1496 2349 ex
1520 2316 1672 2349 fratribus
1693 2314 1887 2348 Reformatis

1187 2426 1197 2451 1
1216 2425 1413 2452 Constitutione
1428 2423 1499 2452 edit-:1
1510 2429 1673 2456 MDCLxxle,
1690 2421 1733 2450 die
1743 2422 1777 2449 20
1787 2420 1890 2458 aprilis,

1152 2471 1246 2505 pontif.
1272 2477 1328 2501 vul,
1344 2471 1433 2505 agitur
1447 2470 1480 2496 de
1500 2468 1657 2496 alternative
1683 2476 1731 2503 pro
1754 2467 1893 2503 provincia

1151 2516 1179 2542 S.
1197 2514 1285 2541 lacobi
1307 2515 1332 2541 in
1355 2514 1496 2550 Hispania,
1514 2517 1540 2540 et
1555 2513 1581 2539 in
1602 2511 1749 2540 Innocentii
1763 2511 1808 2538 Xll
1823 2519 1891 2538 con—

1152 2559 1292 2586 stitutione
1315 2559 1386 2586 edita
1410 2565 1533 2592 nocxcn,
1550 2558 1593 2585 die
1615 2558 1645 2585 17
1666 2557 1741 2590 maii,
1759 2556 1853 2592 pontif.
1870 2561 1890 2590 1,

1153 2603 1185 2630 de
1205 2604 1365 2630 alternative
1390 2603 1461 2630 inter
1486 2603 1583 2630 fratres
1607 2601 1763 2637 provinciae
1789 2600 1817 2628 S.
1837 2599 1886 2627 Ni-

1154 2648 1232 2676 colai.

1891 248 1942 273 An.
1957 247 1986 274 C.
2006 227 2073 278 wite

1918 1105 2035 1130 Exorfflum.
