2111 3157
167 190 217 218 An.
235 190 265 218 c.
289 189 354 218 1686
400 179 464 214 688

187 1048 304 1072 Clausulas.

168 1792 279 1815 Derogatm
288 1797 336 1813 con·

154 1822 273 1840 tr-rmrum.

359 251 377 273 a
400 240 469 273 iure
494 239 545 272 vel
569 238 608 271 ab
632 236 775 274 homine,
794 233 905 278 quavis
925 232 1095 267 occasione

358 294 408 326 vel
434 293 530 325 causa
554 290 637 329 latis,
657 289 682 321 si
703 288 822 332 quibus
846 285 1096 330 quomodolibet

358 345 532 379 innodatus
557 342 673 381 existit,
704 341 743 373 ad
762 339 913 373 effectum
938 349 1095 383 praesen-

357 399 437 432 tium
461 398 625 431 dumtaxat
655 392 949 436 consequendum,
976 392 1093 424 harum

357 451 441 486 serie
456 449 663 483 absolventes
683 453 714 479 et
731 446 915 479 absolutum
932 445 1002 478 sore
1019 455 1094 478 cen-

357 510 475 543 sentes,
493 500 788 545 supplicationibus
806 498 875 532 eius
892 498 1024 532 nomine
1040 509 1094 532 no-

357 557 405 590 bis
423 566 523 599 super
548 555 609 587 hoc
630 552 800 586 humiliter
816 552 977 596 porrectis
1001 551 1093 585 incli-

355 610 437 649 nati,
463 609 595 642 decreta
618 606 839 650 praeinseita,
866 615 883 637 a
906 604 1091 638 memoratis

355 660 666 706 Congregationibus
681 659 897 692 cardinalium
913 659 1092 702 respective

355 722 518 756 emanata,
545 714 734 747 auctoritate
759 712 954 755 apostolica,
978 717 1091 745 tenore

353 770 590 814 praesentium,
616 767 836 811 approbamus
865 771 896 799 et
928 765 1094 799 confirma-

353 835 435 865 mus,
461 823 590 866 illisque
609 820 805 854 inviolabilis
823 819 1022 862 apostolicae
1041 818 1094 851 tir-

352 877 471 910 mitatis
482 877 581 909 robur
597 873 780 913 adiicimus·,
797 873 880 905 salva
895 877 1001 905 tamen
1015 882 1093 904 sem-

353 940 412 973 per
432 929 465 962 in
490 927 674 972 praemissis
697 924 890 959 auctoritate
908 924 1093 959 earumdem

353 983 529 1027 respective
548 980 846 1023 Congregationum
863 978 1089 1012 cardinalium.

397 1037 411 1080 g
449 1036 481 1069 3.
515 1035 731 1067 Decernentes
775 1033 860 1076 ipsas
902 1037 1092 1075 praesentes

353 1090 476 1124 litteras
503 1098 631 1132 semper
654 1087 771 1126 sirmaS,
794 1086 915 1119 validas
937 1090 969 1118 et
993 1085 1093 1118 effica-

352 1154 404 1177 ces
421 1143 557 1176 existere
590 1146 621 1175 et
650 1141 730 1180 lbre,
758 1149 902 1183 suosque
927 1138 1092 1182 plenarios·

352 1203 384 1230 et
409 1197 555 1239 integros
581 1194 712 1228 effectus
737 1192 845 1226 sortiri
871 1198 904 1225 et
929 1192 1091 1231 obtinere,

351 1261 387 1283 ac
403 1250 479 1289 illis,
498 1249 536 1281 ad
555 1259 636 1292 quos
662 1252 787 1291 spectat
809 1252 841 1279 et
856 1256 917 1290 pro
943 1250 1090 1288 tempore

351 1302 526 1346 spectabit,
558 1301 747 1345 plenissime
777 1298 967 1342 suffragari,
995 1303 1027 1331 et
1050 1298 1089 1330 ab

351 1356 396 1389 eis
428 1355 606 1398 respective
639 1352 875 1386 inviolabiliter
910 1350 1086 1392 observari,

351 1410 460 1453 sicque
483 1409 514 1441 in
533 1406 716 1451 praemissis
732 1417 793 1450 per
806 1415 1029 1449 quoscumque
1045 1404 1089 1436 iu·

350 1463 437 1496 (lices
459 1461 640 1496 ordinarios
666 1466 698 1493 et
715 1460 894 1502 delegatos,
908 1458 1004 1491 etiam
1020 1468 1088 1490 cau-

348 1527 455 1549 sarum
476 1515 584 1558 palatii
606 1513 775 1558 apostolici
800 1512 978 1551 auditores,
1004 1510 1089 1544 iudi-

348 1569 413 1602 cari
446 1574 477 1602 et
512 1567 637 1601 deliniri
671 1566 813 1605 debere,
844 1575 880 1598 ac
903 1564 1032 1597 irritum
1057 1568 1088 1596 et

348 1622 443 1656 inane
469 1622 494 1655 si
530 1631 624 1655 secus
652 1630 751 1664 snper
787 1619 837 1652 his
869 1629 886 1650 a
912 1627 1086 1662 quoquam,

348 1676 457 1719 quavis
482 1674 682 1714 auctoritate,
707 1673 850 1707 scienter
869 1671 1087 1715 velignoran-

347 1735 417 1771 ter,
445 1728 616 1772 contigerit
646 1727 810 1761 attentari.

391 1784 405 1826 ξ
429 1783 461 1816 4.
488 1782 558 1816 Non
584 1781 789 1815 obstantibus
825 1778 1021 1823 praemissis,
1048 1789 1085 1812 ac

347 1836 631 1870 constitutionibus
642 1840 674 1869 et
689 1833 949 1868 ordinationibus
961 1837 1085 1876 aposto-

346 1891 435 1931 licis,
458 1900 587 1924 necnon
612 1889 789 1933 quibusvis,
806 1887 902 1921 etiam
922 1887 1085 1919 iuramen-

346 1950 398 1984 to,
423 1943 666 1977 confirmatione
688 1941 879 1986 apostolica,
907 1941 956 1973 vel
973 1939 1083 1984 quavis

346 1998 497 2032 firmitate
521 1997 584 2030 alia
609 1995 784 2035 roboratis,
813 1993 938 2027 statutis
959 1999 990 2027 et
1010 2003 1084 2026 con-

345 2051 582 2089 suetudinibus,
599 2048 780 2094 privilegiis
793 2057 933 2092 quoque,
949 2046 1082 2079 indultis

346 2110 379 2139 et
395 2105 511 2138 litteris
529 2103 714 2147 apostolicis
733 2102 766 2135 in
783 2100 981 2134 contrarium
996 2109 1085 2143 prae-

346 2159 517 2193 missorum
542 2156 789 2202 quomodolibet
812 2154 985 2194 concessis,
1007 2163 1084 2186 con-
1109 2199 1110 2202 Ἴ

346 2212 479 2245 firmatis
513 2217 545 2245 et
567 2211 752 2251 innovatis,
783 2211 897 2255 quibus
934 2208 1082 2242 omnibus

348 2271 379 2299 et
399 2265 543 2308 singulis,
558 2265 689 2298 illorum
708 2269 840 2297 tenores
856 2262 1083 2307 praesentibus

347 2330 407 2363 pro
439 2320 535 2362 plene
566 2324 597 2351 et
624 2317 825 2351 sufficienter
850 2315 1015 2360 expressis
1049 2326 1084 2347 ac

348 2373 387 2405 de
407 2371 505 2404 verbo
526 2371 563 2403 ad
589 2371 722 2403 verbum
749 2370 882 2403 insertis
910 2369 1082 2408 habentes,

347 2425 411 2458 illis
433 2424 510 2457 alias
529 2424 561 2456 in
579 2434 637 2456 suo
656 2425 774 2456 robore
793 2421 1025 2466 permansuris,
1044 2421 1082 2454 ad

348 2477 600 2521 praemissorum
623 2476 780 2517 effectum,
803 2478 861 2510 liae
880 2476 946 2509 vice
963 2476 1085 2508 dumta-

939 184 1118 209 BULLAmt'M
1142 184 1294 210 ROMRNL'M

1878 185 1927 212 An.
1949 184 1978 212 C.
2001 185 2068 214 ¹686

1182 231 1252 275 55.
1279 232 1433 266 Volumus
1469 237 1576 266 autem
1615 237 1651 266 ut
1689 233 1874 268 earumdem
1924 245 1988 267 Fides
2011 249 2068 269 tran.

1138 285 1359 328 praesentium
1383 285 1563 319 litterarum
1581 287 1800 331 transumptis,
1818 298 1875 322 seu

1138 338 1304 381 exemplis,
1328 338 1425 372 etiam
1449 339 1626 383 impressis,
1653 350 1751 373 manu
1775 340 1875 374 alicu-

1137 392 1184 425 ius
1208 393 1328 426 notarii
1353 393 1477 436 publici
1495 393 1697 437 subscriptis,
1719 399 1751 427 et
1766 394 1874 438 sigillo

1136 456 1294 488 personae
1318 445 1352 479 in
1376 446 1595 480 ecelesiastica
1620 446 1777 489 dignitate
1801 458 1877 481 con-

1136 498 1264 532 stitutae
1299 499 1441 540 munitis,
1478 500 1589 533 eadem
1629 510 1765 544 prorsus
1795 500 1876 535 fides

1135 552 1254 595 ubique
1287 552 1432 586 locorum
1465 552 1633 592 habeatur,
1675 563 1757 597 quae
1795 552 1875 598 ipsis

1135 605 1364 649 praesentibus
1401 606 1582 639 haberetur
1606 605 1631 638 si
1657 605 1765 639 serent
1788 606 1877 641 exhi-

1134 658 1221 692 bitae
1245 660 1296 692 vel
1322 664 1486 692 ostensae.
1695 693 1697 695 .

1178 712 1292 745 Datum
1304 712 1436 752 Romae,
1458 712 1542 755 apud
1556 711 1587 745 S.
1603 711 1744 753 Petrum,
1753 712 1812 746 suh
1822 723 1876 746 an-

1135 766 1211 798 nulo
1238 764 1421 804 Piscatoris‚
1442 764 1494 798 die
1508 775 1559 798 xix
1580 764 1660 797 iunii
1679 775 1872 806 nnetxxxvt,

1136 817 1344 861 pontificatus
1365 818 1467 851 nostri
1493 828 1578 851 anno
1597 828 1627 852 x.

1172 879 1231 907 Dat.
1249 880 1293 908 die
1311 880 1341 907 19
1357 880 1426 907 iunii
1444 879 1528 915 1686,
1547 880 1648 916 p'ontif.
1666 888 1710 907 an.
1731 887 1761 908 x.

1438 1022 1566 1056 CLXIX.

1136 1102 1328 1136 Conceditur
1353 1112 1471 1146 maana
1508 1102 1666 1146 maqistro
1703 1103 1876 1148 hospitalis

1178 1157 1211 1190 S.
1237 1157 1376 1190 Ioannis
1404 1156 1701 1200 Hierosolymitani
1734 1157 1875 1200 facultas

1178 1210 1357 1252 recipiendi
1379 1220 1428 1242 eos
1452 1210 1623 1250 Franciae,
1647 1209 1826 1244 Alverm'ae
1845 1214 1876 1243 et

1176 1263 1393 1302 Provinciae,
1421 1263 1479 1306 qui
1513 1266 1589 1296 actu
1625 1262 1787 1296 haeresim
1810 1273 1875 1296 non

1175 1316 1424 1360 profiteantur¹.
1686 1319 1690 1322 ”

1132 1395 1247 1424 Dilecto
1266 1396 1329 1424 filio
1347 1397 1485 1424 moderno
1510 1399 1541 1425 et
1566 1403 1620 1432 pro
1648 1398 1781 1431 tempore
1809 1396 1874 1424 exl-

1167 1440 1261 1468 stenti
1281 1448 1387 1476 magno
1406 1441 1549 1476 magistro
1564 1441 1726 1476 hospitalis
1743 1441 1773 1470 S.
1788 1441 1876 1470 loan-

1166 1484 1213 1512 nis
1234 1485 1513 1520 HierosolymitanL

1322 1539 1520 1568 Innocentius
1540 1540 1620 1575 Papa
1638 1538 1688 1569 XI.

1404 1602 1521 1631 Dilecto
1539 1603 1595 1636 fili,

1163 1648 1293 1676 salutem
1313 1649 1345 1675 et.
1365 1647 1564 1682 apostolicam
1585 1647 1835 1678 benedictionem.

1173 1726 1187 1769 ἓ
1211 1725 1242 1758 1.
1264 1724 1400 1759 Nomine
1420 1724 1577 1760 carissimi
1600 1725 1634 1760 in
1658 1725 1788 1760 Christo
1811 1726 1871 1762 filii

1128 1778 1231 1813 nostri
1252 1778 1404 1812 Ludovici
1436 1778 1634 1813 Francorum
1669 1779 1755 1823 regis
1784 1779 1869 1813 chri-

1128 1831 1313 1865 stianissimi
1339 1831 1433 1864 nobis
1459 1842 1564 1875 nuper
1588 1832 1768 1876 expositum
1793 1833 1866 1873 suit,

1128 1885 1227 1929 quod,
1252 1895 1323 1917 cum
1349 1884 1494 1917 haeresis
1527 1885 1559 1918 in
1585 1895 1687 1929 regno
1712 1886 1867 1920 Franciae

1128 1940 1205 1972 cura
1228 1944 1259 1971 et
1282 1938 1387 1971 studio
1406 1938 1507 1981 ipsius
1524 1938 1676 1972 Ludovici
1699 1939 1784 1983 regis
1804 1939 1867 1974 iam

1128 1991 1254 2031 abolita,
1281 2001 1317 2023 ac
1343 1991 1408 2023 sere
1434 1991 1566 2024 omnino
1591 1992 1750 2035 extirpata
1772 2003 1868 2036 repe-

1128 2044 1237 2084 riatur,
1265 2050 1296 2077 et
1321 2044 1469 2088 plurimi,
1505 2045 1560 2088 qui
1585 2045 1639 2078 illa
1664 2045 1773 2079 infecti
1799 2046 1867 2080 sue-

1127 2104 1207 2139 rant,
1233 2097 1409 2131 catholicae
1434 2097 1510 2131 fidei
1534 2098 1703 2132 veritatem
1726 2100 1865 2144 amplexi

1126 2153 1212 2193 sint,
1235 2162 1374 2196 spesque
1399 2152 1520 2195 optima
1545 2151 1699 2196 effulgeat
1731 2153 1798 2186 sore
1830 2158 1866 2187 ut

1126 2205 1225 2239 ceteri
1253 2215 1393 2249 quoque,
1418 2205 1636 2238 benedicente
1662 2205 1806 2246 Domino,
1823 2206 1865 2240 ad

1127 2263 1257 2292 sanctae
1282 2258 1446 2291 Romanae
1473 2262 1505 2290 et
1533 2258 1863 2293 universalis'Eccle-

1127 2312 1192 2345 siae
1219 2311 1375 2355 gremium
1406 2316 1624 2344 revertantur:
1658 2312 1726 2356 ipse
1761 2312 1864 2346 Ludo-

1163 2411 1173 2436 1
1196 2409 1235 2436 De
1255 2408 1428 2435 facultatibus
1447 2408 1536 2442 magni
1557 2408 1676 2442 magistri
1699 2408 1750 2435 vid.
1778 2409 1863 2437 Urba-

1127 2455 1153 2481 ni
1173 2454 1228 2480 Vlll
1258 2453 1364 2480 constit.
1391 2453 1436 2479 ed.
1463 2459 1597 2486 mncxxiv,
1625 2452 1668 2479 die
1694 2453 1728 2480 “29
1756 2454 1861 2487 martii,

1127 2499 1219 2534 pontif.
1241 2506 1271 2532 1.,
1291 2501 1317 2525 et
1332 2498 1540 2525 constitutiones
1554 2497 1579 2523 in
1595 2499 1626 2524 ea
1642 2497 1778 2531 laudatas;
1797 2498 1865 2528 item

350 2536 410 2571 ΠΙ,
426 2529 615 2573 simelam&
639 2536 670 2561 Οἱ
693 2540 843 2572 (ἶΧΙἾΓ8538
866 2530 1082 2571 derogamffl}
1127 2545 1207 2570 aliam
1223 2543 1364 2569 Alexandii
1377 2542 1435 2569 Vlll
1452 2545 1537 2569 const.
1554 2541 1596 2569 ed.
1614 2548 1711 2572 MDCxc,
1723 2542 1768 2570 die
1782 2542 1799 2569 5
1813 2551 1862 2570 au-

349 2583 530 2627 ceterisque
557 2582 726 2616 centrariis
753 2582 1027 2625 quibuscumque.

1127 2588 1197 2623 grsti
1213 2588 1299 2623 pontif
1318 2587 1392 2620 1,ubi
1414 2587 1500 2622 agitur
1520 2586 1553 2613 de
1573 2586 1712 2622 hospitalis
1726 2586 1843 2615 aerario.

1884 275 2021 300 sumptorum.

1904 1732 1991 1761 siv-eim
2007 1733 2064 1755 taen.
