2111 3157
14 166 61 192 An.
78 164 105 192 C.
131 163 197 190 1680

11 537 120 558 abstantia
128 538 189 560 tollit.

47 694 108 714 Fides
134 695 189 713 tran-

8 723 143 746 sumptorum.

31 1785 116 1806 Nomina
138 1791 188 1812 cas-

6 1813 141 1838 [vellanorum.

785 161 995 185 tNNOCttNTtt'S
1018 162 1049 184 XI
1074 161 1123 184 1³1³.

202 211 324 243 iudices
350 209 530 243 ordinarios
555 214 586 242 et
612 210 795 251 delvgatos,
835 209 931 241 etiam
952 210 954 226 l
975 213 1005 240 et
1030 207 1231 250 Apostolicae
1256 207 1328 240 Sedi
1361 207 1517 239 hactenus
1541 207 1706 250 impende—

202 274 370 296 causarum
404 263 513 306 palatii
548 262 717 304 apostolici
746 262 930 300 auditores,

201 316 335 348 iudicari
352 320 385 348 et
409 315 535 348 definiri
553 315 683 353 debere,
706 325 741 346 ac
759 313 882 345 irritum
902 318 933 345 et

200 368 296 400 inane
314 368 338 400 si
376 378 468 400 secus
500 377 597 410 super
622 366 671 398 bis
700 376 716 397 a
746 375 929 408 quoquam,

201 419 311 462 quavis
342 420 551 458 auctoritate,
591 418 732 450 scienter
762 418 811 449 vel
840 417 932 458 igno-

200 477 328 511 ranter,
355 470 526 512 contigerit
548 470 711 502 attentari.

245 525 258 567 ἓ
283 525 314 558 3.
341 524 410 556 Non
430 523 631 556 obstantibus
650 520 930 554 constitutionibus

199 583 232 610 et
254 576 510 610 ordinationibus
535 574 730 617 apostolicis,
747 573 930 615 ceterisque

200 629 371 662 contrariis
397 627 666 669 quibuscumque.

243 682 258 723 ξ
281 681 313 713 4.
342 680 491 712 Volumus
514 684 619 711 autem
649 684 683 710 ut
712 678 947 720 praesentium·

200 732 418 774 transumptis,
435 742 489 763 seu
509 731 672 773 exemplis,
691 730 785 763 etiam
803 730 929 772 impres-

200 785 256 823 sis,
282 794 378 816 manu
410 783 543 816 alicuius
569 781 683 814 notarii
709 781 830 824 publici
855 781 930 813 sub-

198 837 343 879 scriptis,
363 841 394 868 et
410 836 516 877 sigillo
541 844 700 877 personae
726 834 757 866 in
778 834 929 866 ecclesia-

198 890 275 922 stica
289 888 442 930 dignitate
456 887 645 919 constitutae
659 886 801 924 munitis,
816 886 927 917 eadem

197 952 331 985 prorsus
355 941 435 973 fides
462 945 524 972 tam
549 939 580 971 in
607 939 724 971 iudicio
751 949 844 980 quam
876 950 928 970 ex-

199 999 247 1026 tra
267 993 345 1026 illud
371 992 564 1034 ubicumque
590 993 736 1024 locorum
763 991 926 1028 habeatur,

198 1056 279 1088 quae
296 1045 472 1077 haberetur
495 1045 574 1086 ipsis
596 1044 819 1086 praesentibus
841 1043 865 1074 si
885 1043 929 1075 so-

198 1103 270 1130 rent
294 1097 456 1129 exhibitae
480 1098 530 1129 vel
556 1102 718 1128 ostensae.

242 1150 354 1182 Datum
367 1150 496 1187 Romae,
509 1149 593 1191 apud
607 1148 638 1180 S.
651 1148 789 1187 Petrum,
807 1148 865 1180 sub
879 1159 929 1180 an⁴

198 1203 274 1234 nuto
300 1202 481 1240 piscatoris,
510 1202 559 1234 die
585 1211 616 1233 xt
642 1200 746 1233 martii
772 1210 926 1239 nncmxx,

197 1254 402 1297 pontificatus
427 1253 526 1286 nostri
548 1263 632 1285 anno
658 1263 700 1285 tv.

232 1316 290 1343 Dat.
308 1316 351 1342 die
368 1316 395 1342 11
414 1315 502 1342 martii
520 1314 595 1344 1680,
614 1313 708 1348 pontis.
724 1321 793 1340 anno
810 1320 844 1339 tv.

480 1454 639 1486 LXXXIII.

197 1534 419 1569 Conceduncur
437 1534 610 1576 priw'leqia
630 1534 830 1576 cappellanis
847 1545 928 1566 com-

239 1588 392 1619 munibus
416 1587 605 1620 Sanclilutc's
626 1586 740 1619 Suae'.

382 1666 578 1693 Innocentius
600 1666 676 1698 Papa
696 1666 744 1698 xl,

336 1711 373 1737 ad
392 1711 524 1737 futuram
543 1711 589 1737 rei
607 1711 788 1737 memoriam.

241 1781 335 1813 Grata
361 1780 581 1813 familiaritatis
606 1780 767 1822 obsequia,
788 1791 866 1823 quae
885 1781 930 1813 di-

197 1834 269 1866 lecti
295 1833 352 1865 filii
377 1833 547 1865 Ioachinus
565 1833 774 1865 Tenacciolus
797 1834 930 1876 presby-

198 1890 247 1917 ter
278 1884 419 1917 Civitatis
454 1884 603 1923 Castelli,
630 1885 804 1916 canonicus
832 1886 929 1917 colle-

198 1937 301 1980 giatae
338 1937 493 1969 ecclesiae
519 1937 549 1969 S.
577 1937 697 1969 Nicolai
731 1937 761 1969 iu
793 1937 928 1969 Carccrc

197 1990 343 2022 Tulliano
369 1989 406 2021 de
432 1988 535 2027 Urbe,
562 2000 597 2021 ac
629 1989 757 2021 Carolus
789 1990 928 2022 Emidius

198 2042 380 2084 Ridolphus
420 2042 621 2081 Asculanos,
648 2042 781 2073 loannes
808 2042 928 2085 Pasqua

198 2095 393 2137 Anagnimm,
408 2095 622 2137 [lieronymus
637 2094 798 2127 Ferrarius
814 2096 929 2127 etller-

197 2149 286 2180 cules
310 2147 491 2179 Torniellus
515 2146 720 2179 Novariensis
752 2148 927 2190 respective

197 2200 360 2232 civitatum
398 2200 446 2231 vcl
483 2199 695 2239 dioecesum,
724 2210 759 2231 ac
794 2200 928 2232 Ioannes

196 2252 380 2285 Dominicus
405 2251 583 2284 Cozzarslus
609 2252 780 2293 Romanus,
800 2254 930 2295 presby-

198 2305 256 2337 teri
281 2305 430 2337 moderni
455 2306 619 2348 cappellae
647 2310 775 2337 nostrae
801 2305 929 2348 pontiti-

198 2358 265 2390 ciae
292 2358 482 2400 cappellani,
506 2357 679 2390 familiares
704 2358 813 2398 nostri,
835 2358 928 2391 nobis

235 2439 246 2463 1
262 2435 327 2463 Huic
342 2436 442 2463 similes
452 2440 514 2463 sunt
526 2436 733 2463 Constitutiones
744 2437 887 2464 Clementis
898 2438 928 2472 X,

199 2480 242 2508 die
261 2487 287 2506 vl
307 2480 423 2507 octobris
442 2489 510 2507 anno
531 2487 646 2514 noetixx,
663 2485 690 2508 et
702 2481 845 2509 Alexandri
863 2481 928 2516 Vttt,

199 2524 243 2551 die
265 2530 283 2550 tt
301 2525 407 2560 augusti
427 2525 487 2551 anni
509 2531 604 2550 nncxc.

974 266 1058 298 runt,
1090 265 1120 292 et
1144 260 1249 292 adbuc
1274 260 1420 292 sollicitis
1445 261 1559 292 studiis
1584 262 1706 304 impen-

974 312 1049 343 dere
1085 322 1148 344 non
1180 313 1355 351 desistunt,
1388 323 1516 345 necnon
1552 313 1632 346 vitae
1668 325 1704 347 ac

975 374 1096 395 morum
1116 365 1279 403 honcstas,
1299 365 1424 407 aliaque
1447 365 1619 397 laudabilia
1636 376 1704 408 pro-

974 415 1081 447 bitatis
1098 421 1129 448 et
1148 416 1299 448 virtutum
1315 418 1438 457 merita,
1460 418 1575 460 quibus
1593 429 1703 451 eorum

973 478 1128 509 personas
1147 474 1208 500 tam
1233 469 1379 501 familiari
1395 471 1593 512 experientia
1610 482 1702 513 quam

974 519 1067 550 ctiam
1094 520 1155 552 tide
1181 521 1351 562 dignorum
1384 522 1577 554 testimoniis
1603 522 1703 554 iuvari

972 571 1195 613 percepimus,
1221 583 1278 604 nos
1311 573 1468 606 inducunt
1492 580 1526 606 ut
1549 575 1612 608 illis
1636 576 1704 607 red-

973 623 1086 654 damur
1111 624 1149 655 ad
1174 625 1306 665 gratiam
1332 626 1494 658 liberales.

1018 675 1096 707 llinc
1112 681 1170 714 est,
1188 682 1248 708 etc.
1270 678 1366 719 (quae
1383 683 1564 721 sequuntur
1579 680 1651 711 vide
1667 681 1703 711 in

973 726 1116 758 leudulis
1142 728 1458 771 Consti'luliom'bus).

1015 779 1125 811 Datum
1141 780 1267 819 Romae,
1283 783 1366 823 apud
1383 782 1413 814 S.
1428 782 1566 822 Petrum,
1578 784 1634 815 sub
1651 794 1703 816 an-

971 832 1048 862 nulo
1075 831 1258 872 piscatoris,
1279 834 1329 865 die
1347 844 1403 867 xttt
1420 835 1524 867 martii
1545 845 1701 875 uocum,

971 883 1172 925 pontificatus
1198 886 1298 917 nostri
1325 896 1409 918 anno
1434 897 1477 919 tv.

1006 946 1066 971 Dat.
1089 946 1132 972 die
1156 947 1185 974 13
1204 948 1291 974 martii
1312 948 1390 979 1680,
1409 948 1505 982 pontis.
1522 957 1566 975 an.
1583 956 1619 975 tv.

1260 1088 1415 1121 LXXXIV.

972 1166 1214 1207 Confirmcmlur
1258 1172 1382 1200 statuta
1436 1170 1702 1212 Conqreqaciom's

1015 1219 1206 1252 Gallicanae
1237 1222 1464 1253 canonicorum
1495 1223 1702 1265 reqularz'um

1013 1271 1043 1303 S.
1068 1272 1250 1313 Auytcslz'ni
1274 1273 1311 1304 cle
1335 1275 1514 1316 acceptione
1539 1275 1703 1317 beneficio-

1012 1334 1082 1355 rum
1108 1325 1141 1355 in
1169 1324 1325 1365 titulum,
1353 1330 1380 1357 ec
1400 1325 1437 1358 ab
1470 1326 1584 1358 iisdem
1609 1337 1698 1359 nmo-

1015 1377 1108 1408 lione.

1140 1456 1355 1484 lnnnocentius
1377 1458 1454 1491 Papa
1473 1459 1510 1485 XI
1523 1479 1529 1489 ‚

1109 1500 1143 1526 ad
1164 1501 1293 1527 futuram
1312 1501 1357 1527 rei
1377 1503 1557 1529 memoriam.

1014 1571 1187 1604 pastoralis
1215 1572 1331 1612 oflicii,
1366 1574 1452 1615 quod
1482 1578 1612 1607 auctore
1638 1575 1702 1608 Deo

972 1623 1118 1665 gerimus,
1135 1634 1209 1655 cura
1225 1624 1365 1656 :mimum
1385 1631 1526 1658 nostrum
1541 1627 1704 1666 sollicitat,

973 1682 1005 1707 ut
1029 1678 1269 1709 conscrvamlac
1295 1682 1388 1720 atque
1407 1679 1597 1712 solidandae
1622 1681 1705 1713 inter

973 1740 1066 1761 veros
1095 1730 1273 1771 religiosos,
1298 1736 1370 1763 vota
1402 1742 1458 1763 sua
1484 1733 1645 1766 Altissimo
1672 1733 1704 1765 in

972 1782 1138 1814 sanctitate
1161 1788 1190 1813 ct
1211 1782 1327 1815 iustitia
1352 1784 1487 1816 reddere
1512 1790 1704 1827 satagentes,

973 1835 1109 1875 regulari
1137 1834 1325 1877 disciplinae
1354 1837 1505 1878 peculiari
1532 1838 1639 1870 studio
1661 1838 1707 1870 in-

973 1887 1167 1924 ctunlminus,
1188 1898 1223 1918 ac
1241 1889 1377 1929 proinde
1403 1899 1450 1928 ea,
1469 1900 1549 1931 quac
1575 1891 1613 1922 ab
1639 1890 1707 1923 illo·

973 1950 1039 1970 rum
1067 1939 1288 1981 superioribus
1314 1941 1472 1973 consimili
1494 1947 1610 1974 statuta
1636 1953 1705 1975 esse

971 1991 1122 2023 dicuntur
1147 1992 1294 2031 consilio,
1314 1998 1347 2024 ut
1364 1992 1453 2025 firma
1471 1999 1565 2036 atque
1583 1995 1707 2027 illibata

971 2044 1152 2086 persistant,
1184 2045 1354 2086 apostolici
1379 2046 1563 2078 muniminis
1587 2047 1707 2089 praesi-

971 2096 1023 2128 dio
1050 2096 1189 2128 libcntcr
1213 2097 1493 2130 corroborenms⁴.

1014 2149 1028 2190 ξ
1054 2148 1084 2179 t.

972 2200 1047 2232 fecit
1072 2200 1204 2233 dilectus
1222 2200 1306 2232 tilius
1325 2201 1460 2234 loannes
1477 2202 1619 2235 Gauhior
1636 2214 1706 2246 pro-

972 2258 1098 2285 curator
1127 2253 1284 2295 generalis
1317 2253 1585 2296 Congregationis
1610 2255 1706 2289 Galli-

972 2316 1069 2337 canae
1096 2307 1325 2339 canonicorum
1357 2308 1554 2348 regularium
1579 2308 1706 2341 Ordinis

972 2358 1070 2390 sancti
1097 2359 1278 2400 Augustini,
1296 2361 1392 2402 quod,
1412 2371 1482 2392 cum
1504 2361 1706 2403 parochiales

972 2412 1153 2451 ecclesiae,
1190 2412 1315 2454 aliaque
1351 2414 1508 2446 beneficia
1546 2414 1708 2457 regularia

1008 2526 1017 2551 1
1042 2525 1110 2551 Edit.
1128 2525 1208 2552 Main.
1227 2527 1290 2562 legit
1311 2528 1529 2555 corroboramus
1549 2528 1646 2563 (R.T.).

1602 151 1664 183 02:30
1712 159 1758 185 An.
1782 159 1808 186 c.
1831 160 1898 188 taso

1741 1582 1861 1605 Exordium.

1122 2148 1243 2190 Exponi
1275 2149 1435 2191 siquidem
1472 2150 1565 2182 nobis
1601 2156 1899 2204 nupertfflCuanrunestdm-
