2111 3157
82 257 135 284 Aa.
147 255 177 282 G.
200 253 266 282 ¹68⁴

99 893 219 917 mansula.

271 300 366 344 gatis)
384 299 446 333 sibi
463 298 673 343 aggregandi,
692 306 820 332 necnon
844 306 903 341 pro
917 296 1003 329 bono

271 353 431 396 regimine
457 357 489 385 et
514 351 674 395 gubernio
689 351 792 394 ipsius
811 360 913 383 novae
928 349 1003 382 Con-

271 405 470 449 gregationis
494 404 527 437 in
552 404 657 448 primo
682 403 769 436 illius
793 402 932 446 capitulo
950 411 1003 444 ge-

270 458 372 492 nerali
393 456 648 498 constitutiones,
667 466 747 500 quae
762 461 866 488 tamen
882 455 1001 487 nullam

268 511 466 546 validitatem
492 515 547 544 aut
570 510 671 543 robur
702 513 918 552 assequantur
942 507 1002 540 nisi

269 570 441 609 postquam
467 563 506 596 ab
531 562 715 606 apostolica
739 560 820 594 Sede
838 559 1003 603 praedicta

269 615 414 650 suerunt·
429 625 581 660 expresse
599 614 796 654 confirmata,
810 612 1000 646 efformandi

268 669 462 709 facultatem,
479 673 578 707 motu,
604 666 748 705 scientia,
765 665 1000 699 deliberatione

269 727 301 756 et
313 720 483 766 potestatis
495 719 697 764 plenitudine
716 718 859 762 paribus,
877 727 1002 750 earum-

268 775 362 814 dem,
390 779 498 807 tenore
523 772 750 817 praesentium,
768 771 938 804 tribuimus
969 775 1002 803 et

266 826 483 871 impertimur.

320 880 337 924 5
367 879 399 914 2.
436 880 652 914 Decernentes
694 878 779 923 ipsas
814 881 1000 922 praesentes

265 933 389 968 litteras
409 932 489 967 etin
514 933 560 966 eis
585 937 739 966 contenta
764 941 998 975 quaecumque,

267 986 363 1020 etiam
388 995 425 1019 ex
451 995 490 1019 eo
516 985 600 1029 quod
621 984 756 1029 praefati
781 985 928 1018 locorum
945 983 1001 1017 Or-

235 1036 245 1041 ’
266 1038 382 1072 dinarii
418 1043 449 1072 et
483 1038 536 1071 alii
573 1038 710 1082 quilibet
745 1038 778 1071 in
813 1036 999 1081 praemissis

265 1100 322 1125 seu
347 1101 461 1125 eorum
487 1091 618 1135 aliquod
636 1092 684 1124 ius
701 1092 751 1124 vel
768 1091 926 1124 interesse
945 1090 1001 1123 ha-

266 1143 382 1178 bentes
408 1155 463 1178 seu
489 1144 611 1178 habere
642 1144 886 1188 quomodolibet
909 1153 1002 1186 prae-

267 1197 460 1238 tendentes,
488 1198 584 1231 etiam
609 1197 758 1241 specifica
782 1202 814 1230 et
837 1196 1002 1230 individua

266 1250 432 1285 mentione
446 1255 478 1284 et
491 1250 698 1294 expressione
713 1251 812 1294 digni,
827 1250 1003 1283 cuiuscum-

266 1313 329 1348 que
347 1308 457 1344 status,
475 1304 602 1347 gradus,
620 1303 755 1343 ordinis,
776 1302 1002 1346 praeeminen—

266 1356 329 1390 tiae
354 1361 385 1389 et
409 1355 574 1399 dignitatis
598 1356 744 1396 existant,
760 1355 824 1388 illis
843 1362 907 1388 non
925 1365 1002 1387 con-

265 1408 436 1450 senserint,
447 1419 502 1442 seu
512 1409 551 1442 ad
567 1419 603 1442 ea
616 1409 727 1449 vocati,
747 1408 834 1441 citati
849 1413 879 1441 et
891 1407 998 1447 auditi,

266 1465 322 1495 aut
345 1471 468 1502 causae,
490 1467 625 1506 propter
649 1473 727 1506 quas
751 1462 883 1495 eaedem
908 1470 1001 1504 prae-

266 1519 374 1549 sentes
398 1514 598 1555 emanarint,
624 1515 792 1555 adductae,
818 1513 999 1547 verificatae

268 1572 300 1601 et
324 1566 517 1601 iustificatae
550 1578 614 1601 non
640 1567 781 1606 suerint,
804 1568 855 1601 vel
880 1577 916 1600 ex
941 1566 1001 1599 alia

267 1620 411 1664 qualibet
434 1621 530 1654 etiam
557 1620 759 1664 quantumvis
784 1619 937 1663 legitima,
956 1619 1001 1651 iu-

267 1672 383 1714 ridica‚
401 1673 454 1717 pia
479 1678 510 1707 et
534 1672 735 1717 privilegiata
759 1675 863 1712 causa,
883 1673 1000 1711 colore,

268 1731 436 1770 praetextu
461 1731 492 1760 et
516 1726 641 1770 capite,
675 1726 771 1759 etiam
802 1725 835 1758 in
865 1735 1001 1768 corpore

269 1778 347 1811 iuris
371 1780 500 1819 clauso,
527 1779 623 1812 etiam
649 1778 813 1818 enormis,
842 1778 1003 1812 enormis-

269 1831 367 1864 simae
393 1837 424 1865 et
448 1832 556 1865 totalis
574 1831 735 1871 laesionis,
753 1832 844 1865 nullo
861 1841 1002 1874 unquam

271 1888 418 1929 tempore
435 1883 474 1918 de
491 1883 708 1927 subreptionis
729 1884 777 1918 vel
802 1883 1003 1927 obreptionis

271 1941 324 1971 aut
348 1937 507 1972 nullitatis
530 1937 625 1978 vitio,
649 1947 705 1970 seu
732 1936 920 1970 intentionis
948 1946 1005 1969 no-

272 1994 356 2024 strae
380 1995 435 2024 aut
458 1989 614 2024 interesse
648 1990 838 2024 habentium
871 1998 1006 2023 consen-

272 2052 336 2084 sus,
361 2043 463 2077 aliove
488 2043 653 2088 quolibet,
680 2043 777 2077 etiam
802 2042 1006 2087 quantumvis

272 2105 391 2140 magno
415 2101 447 2130 et
470 2096 673 2130 substantiali
704 2107 740 2130 ac
774 2097 950 2139 incogitato
976 2102 1008 2129 et

273 2149 516 2192 inexcogitabili
540 2149 803 2194 individuamque
828 2149 1008 2193 expressio-

274 2212 350 2235 nem
374 2202 574 2246 requirente,
595 2202 722 2235 desectu
754 2202 870 2242 notari,
901 2202 1006 2246 impu-

275 2254 376 2298 gnari,
403 2253 546 2297 infringi,
578 2255 721 2294 limitari,
748 2254 936 2293 modificari,
962 2264 1008 2287 re-

276 2307 417 2346 tractari,
440 2306 472 2340 in
490 2307 743 2340 controversiam
767 2308 884 2347 vocari,
902 2307 1009 2340 autad

278 2360 433 2394 terminos
458 2359 537 2392 iuris
558 2359 680 2399 reduci,
701 2371 756 2393 seu
774 2360 923 2393 adversus
940 2360 1010 2393 illas

279 2413 469 2458 aperitionis
483 2414 557 2451 oris,
573 2413 783 2447 restitutionis
797 2413 827 2445 in
843 2413 1012 2457 integrum,

280 2467 404 2500 aliudve
422 2466 647 2511 quodcumque
665 2466 755 2506 iuris,
777 2466 847 2499 sacti
875 2467 921 2499 vel
948 2477 1014 2509 gra-

281 2519 343 2553 tiae
366 2519 544 2553 remedium
571 2519 723 2552 intentari
751 2520 802 2553 vel
827 2519 1013 2562 impetrari,

282 2578 337 2606 aut
360 2572 544 2617 impetrato,
568 2582 623 2604 seu
649 2571 743 2606 etiam
767 2577 867 2613 motu,
885 2572 1016 2605 scientia

319 2637 330 2663 1
354 2635 443 2662 Potius
462 2635 520 2671 lege
539 2635 648 2670 fuerint
662 2636 702 2669 (n.
716 2635 764 2670 τ.).

350 2687 429 2718 Ball.
447 2690 525 2718 [lom.
542 2704 574 2709 —
594 2689 654 2717 Vol.
670 2689 746 2717 XIX.
890 2688 922 2717 75

855 246 1065 274 INNOCENTIUS
1087 248 1118 272 xt
1143 248 1191 272 Pr.

1047 300 1079 328 et
1101 295 1272 339 potestatis
1307 294 1512 338 plenitudine
1545 293 1677 337 paribus
1706 304 1781 327 eon-

1046 359 1136 382 cesso
1153 349 1203 381 vel
1221 353 1381 388 emanato,
1401 348 1584 392 quempiam
1603 347 1635 380 in
1659 347 1779 381 iudicio

1045 402 1095 434 vel
1121 407 1210 435 extra
1234 402 1315 435 illud
1346 402 1392 434 uti
1420 412 1477 434 seu
1512 412 1546 434 se
1582 400 1688 434 iuvare
1712 401 1779 435 ullo

1045 454 1141 487 modo
1165 464 1273 497 posse,
1291 454 1347 487 sed
1372 454 1458 497 ipsas
1482 459 1669 497 praesentes
1693 453 1780 486 litte-

1045 516 1095 539 ras
1120 517 1250 550 semper
1275 507 1404 547 firmas,
1429 507 1548 540 validas
1577 512 1608 540 et
1631 506 1778 539 efficaces

1045 559 1183 592 existere
1209 563 1241 592 et
1265 561 1355 599 tore,
1382 569 1524 603 suosque
1559 559 1723 603 plenarios
1747 564 1780 593 et

1045 611 1188 654 integros
1213 610 1344 644 eftectus
1370 612 1480 645 sortiri
1505 616 1538 645 et
1560 612 1717 652 obtinere,
1743 606 1783 645 ac,¹

1043 662 1122 702 illis,
1141 663 1180 696 ad
1201 673 1280 707 quos
1306 668 1430 706 spectat
1454 669 1485 697 et
1510 664 1779 707 quandocumque

1042 715 1212 758 spectabit,
1229 716 1263 748 in
1285 716 1433 749 omnibus
1453 722 1484 750 et
1501 727 1558 760 per
1583 718 1690 750 omnia
1710 718 1785 765 ple-¹

1043 767 1174 801 nissime
1205 768 1386 812 suffragari,
1415 774 1447 802 et
1470 769 1508 802 ab
1533 770 1571 802 iis
1598 771 1780 814 respective

1042 820 1276 854 inviolabiliter
1300 822 1489 863 observari,
1511 823 1621 866 sicque
1650 828 1681 856 et
1712 834 1779 858 non

1042 873 1137 906 aliter
1157 873 1189 906 in
1210 874 1397 917 praemissis
1418 885 1475 917 per
1496 885 1716 919 quoscumque
1733 876 1780 909 iu·

1043 926 1128 960 dices
1143 927 1326 961 ordinarios
1347 932 1379 961 et
1398 928 1680 970 delegatos,etiam
1705 939 1779 963 cau-

1043 990 1149 1014 sarum
1184 982 1293 1024 palatii
1322 982 1493 1025 apostolici
1527 982 1713 1023 auditores,
1742 993 1779 1017 ac

1043 1032 1073 1066 S.
1094 1032 1131 1066 R.
1150 1033 1185 1066 E.
1205 1034 1395 1074 cardinales
1422 1035 1518 1069 etiam
1544 1036 1583 1069 de
1612 1036 1713 1070 latere
1737 1036 1779 1070 le·

1043 1091 1133 1128 gatos
1150 1092 1181 1120 et
1198 1087 1401 1131 Apostolieae
1418 1087 1507 1121 Sedis
1525 1089 1687 1132 praelatae
1701 1100 1779 1124 nun-

1044 1141 1121 1180 cios,
1138 1140 1258 1174 aliosve
1275 1141 1440 1184 quoslibet
1457 1151 1656 1185 quacumque
1670 1152 1779 1186 praee-

1043 1194 1199 1227 minentia
1223 1199 1254 1227 et
1277 1199 1439 1237 potestate
1458 1195 1629 1237 fungentes
1653 1200 1684 1229 et
1709 1196 1780 1228 sun·

1043 1253 1169 1287 culros,
1200 1247 1327 1280 sublata
1357 1248 1402 1280 eis
1436 1252 1468 1280 et
1503 1258 1614 1281 eorum
1647 1248 1779 1283 cuilibet

1044 1300 1154 1343 quavis
1171 1299 1267 1333 aliter
1293 1299 1456 1333 iudicandi
1485 1305 1516 1333 et
1540 1300 1778 1344 interpretandi

1045 1353 1192 1386 facultate
1212 1358 1243 1386 et
1264 1353 1461 1392 auctoritate,
1481 1353 1614 1386 iudicari
1647 1359 1678 1387 et
1702 1353 1779 1386 defi-

1043 1406 1105 1439 niri
1131 1406 1260 1446 debere,
1284 1415 1320 1438 ac
1336 1405 1463 1438 irritum
1482 1411 1513 1439 et
1533 1406 1627 1439 inane
1645 1406 1670 1438 si
1688 1417 1779 1440 secus

1043 1458 1204 1502 superbis
1222 1468 1239 1490 a
1256 1469 1430 1502 quoquam,
1450 1458 1559 1502 quavis
1577 1460 1776 1500 auctoritate,

1043 1512 1184 1545 scienter
1202 1512 1250 1545 vel
1269 1511 1467 1555 ignoranter,
1486 1512 1657 1556 contigerit
1675 1518 1777 1546 atten-

1044 1565 1114 1598 tari.

1087 1619 1101 1662 5
1126 1617 1157 1652 3.
1183 1617 1251 1652 Non
1283 1617 1485 1651 obstantibus
1509 1618 1712 1662 praemissis,
1732 1629 1766 1652 ac

1043 1677 1200 1715 quatenus
1220 1681 1300 1714 opus
1316 1672 1365 1710 sit,
1385 1673 1496 1704 nostra
1512 1677 1542 1704 et
1559 1671 1777 1706 Cancellariae

1045 1725 1156 1768 regula
1181 1724 1219 1758 de
1244 1724 1312 1756 iure
1338 1723 1485 1767 quaesito
1518 1734 1583 1756 non
1612 1725 1776 1765 tollendo,

1045 1777 1180 1821 aliisque
1199 1776 1397 1820 apostolicis,
1424 1787 1459 1809 ac
1487 1776 1518 1809 in
1545 1777 1780 1810 universalibus

1045 1830 1358 1875 provincialibusque
1373 1835 1403 1862 et
1417 1831 1622 1873 synodalibus
1634 1831 1779 1865 conciliis

1046 1883 1149 1923 editis,
1167 1882 1373 1926 generalibus
1396 1883 1448 1916 vel
1473 1883 1685 1926 specialibus,
1704 1893 1781 1916 con-

1046 1936 1265 1970 stitutionibus
1290 1940 1322 1969 et
1345 1935 1623 1976 ordinationibus,
1654 1946 1782 1970 necnon

1048 1990 1228 2034 quammvis
1260 1989 1472 2022 ecclesiarum
1508 1995 1540 2022 et
1574 1990 1784 2023 monasterio-

1048 2055 1128 2084 rum,
1147 2043 1256 2077 aliisve
1281 2042 1455 2086 quibusvis,
1470 2042 1567 2076 etiam
1587 2043 1781 2083 iuramento,

1049 2096 1294 2130 confirmatione
1320 2096 1506 2139 apostolica,
1529 2097 1577 2129 vel
1603 2097 1714 2139 quavis
1732 2095 1784 2128 tir-

1050 2151 1158 2183 mitate
1184 2150 1246 2183 alia
1272 2149 1441 2188 roboratis,
1457 2149 1582 2181 statutis
1600 2154 1632 2182 et
1651 2159 1785 2182 eonsue-

1052 2204 1226 2243 tudinibus‚
1245 2202 1424 2246 privilegiis
1442 2213 1580 2245 quoque,
1599 2202 1733 2236 indultis
1754 2208 1787 2236 et

1052 2257 1167 2291 litteris
1203 2255 1412 2299 apostolicis,
1438 2255 1559 2288 eisdem
1585 2255 1729 2289 ecclesiis
1755 2261 1787 2289 et

1052 2308 1269 2348 monasteriis,
1288 2308 1482 2352 illorumque
1500 2309 1682 2351 respective
1700 2319 1788 2352 prae·

1053 2363 1185 2402 sulibus,
1202 2361 1379 2401 abbatibuS,
1394 2361 1554 2403 capitulis,
1574 2361 1787 2395 conventibus

1054 2421 1085 2449 et
1102 2415 1173 2448 aliis
1190 2413 1340 2458 personis
1367 2413 1577 2456 quibuslibet,
1602 2414 1696 2447 etiam
1716 2425 1788 2457 spe-

1055 2468 1145 2502 cinca
1170 2472 1201 2500 et
1226 2466 1390 2499 individua
1414 2467 1577 2499 mentione
1603 2471 1635 2499 et
1659 2477 1789 2510 expres-

1057 2521 1146 2554 sione
1172 2519 1288 2562 dignis,
1314 2519 1372 2551 sub
1398 2519 1652 2562 quibuscumque
1676 2519 1790 2552 verbo-

1058 2584 1128 2607 rum
1154 2572 1319 2606 tenoribus
1345 2577 1377 2605 et
1401 2571 1528 2612 formis,
1561 2583 1596 2605 ac
1621 2582 1693 2605 cum
1720 2572 1791 2615 qui-

1046 2626 1164 2660 .busvis
1190 2625 1287 2660 etiam
1320 2625 1597 2669 derogatoriarum
1623 2625 1792 2668 derogato-

1672 236 1736 268 5953
1781 246 1831 272 An.
1851 244 1879 272 c.
1904 245 1971 272 test

1814 1623 1921 1645 Contrarlt
1928 1631 1971 1648 rum

1770 1646 1777 1660 ’
1788 1649 1906 1677 derogatio.
