2111 3157
51 184 119 220 *Anſs
139 191 167 219 c.
186 190 253 218 less

262 241 374 271 rantur
396 237 482 271 inter
505 237 750 272 constitutiones
775 248 831 271 seu
857 243 990 279 statuta,

238 290 320 323 sed
345 291 377 323 in
407 301 472 324 uno
505 290 589 324 libro
621 301 680 334 per
713 291 848 324 vicarios
881 292 991 324 domo-

260 352 331 375 rum
350 343 484 385 singulis
508 343 599 377 annis
616 344 745 383 recepta
769 345 855 377 carta
872 344 991 376 descri-

259 394 387 428 bantur.

302 458 385 481 xxxl.
412 448 488 481 Cum
513 459 529 481 a
554 449 648 482 modo
673 448 727 481 fiat
751 450 857 492 aliqua
874 449 990 482 eonsti-

259 500 348 540 tutio,
366 500 563 538 definitores,
590 502 644 545 qui
671 501 827 544 incipiant
846 512 928 540 eam,
948 502 989 533 di-

257 557 332 585 cent
356 553 402 585 sic
428 553 459 586 in
485 554 633 597 scriptis:
666 566 678 584 ι(
705 554 875 596 Ineipimus
906 555 987 586 lianc

256 605 538 645 constitutionem
565 607 618 639 liat
654 607 715 639 boc
744 607 793 638 vel
817 607 911 645 illud⁷
937 609 986 640 vel

255 667 320 689 non
345 657 399 690 siat
416 670 446 690 ».
473 658 664 692 Desinitores
689 664 795 691 autem
821 660 984 702 sequentis

253 709 384 753 capituli
420 711 614 747 immediate,
655 712 680 744 si
717 722 787 744 eam
826 713 985 744 voluerint

252 762 452 803 confirmare,
470 764 515 796 sic
533 764 641 797 dicant
658 764 688 796 in
710 764 854 807 scriptis:
877 777 889 795 α
906 765 984 797 Con-

251 814 450 849 stitutionem
482 817 565 849 hane
595 817 775 860 inceptam,
801 817 886 860 quod
919 818 981 849 boe

250 867 300 900 vel
323 866 403 900 illud
429 868 502 909 fiat,
529 879 614 901 nunc
646 869 863 912 approbamus
887 881 917 901 ».
945 869 981 901 Et

249 929 286 951 ex
316 925 392 953 tune
424 921 542 954 habeat
576 921 638 954 vim
663 922 914 954 constitutionis.
948 923 978 955 Si

247 977 353 1006 autem
378 975 541 1007 noluerint
567 985 636 1008 eam
662 975 870 1014 confirmare,
897 975 976 1008 nibil

246 1024 364 1066 dicant,
390 1026 473 1069 quia,
498 1033 532 1059 ut
557 1037 654 1070 supra
679 1027 799 1059 dictum
824 1032 891 1066 est,
917 1028 977 1060 nisi

244 1076 278 1110 in
295 1080 443 1121 sequenti
460 1080 602 1123 capitulo
619 1080 837 1119 confirmetur,
856 1082 975 1114 nullam

243 1130 380 1173 amplius
405 1132 468 1164 vim
492 1132 603 1165 habet.

287 1193 380 1217 xxxn.
407 1183 635 1218 Ordinationes
653 1186 783 1228 capituli
806 1187 974 1229 generalis,

242 1245 280 1268 eo
304 1247 390 1269 anuo
415 1248 476 1280 quo
502 1243 577 1270 sunt
602 1239 714 1278 sactae,
741 1245 856 1282 quater
880 1250 896 1272 a
926 1240 973 1271 vi-

241 1288 328 1321 cario
345 1289 495 1332 legantur
512 1290 544 1323 in
562 1297 734 1331 conventu,
756 1292 903 1324 videlicet
925 1293 973 1325 die

240 1352 302 1385 qua
319 1348 404 1375 carta
421 1343 552 1386 capituli
579 1350 709 1387 recepta
735 1345 864 1387 legitur,
887 1351 919 1377 et
939 1346 972 1378 a¹

240 1395 353 1428 diebus
377 1395 408 1429 S.
436 1396 606 1436 Laurentii,
632 1397 662 1430 S.
683 1397 807 1429 Martini
834 1403 865 1430 et
885 1399 973 1431 Puri-

239 1447 396 1481 ficationis
421 1449 627 1482 Beatissimae
652 1450 791 1493 Virginis
815 1450 943 1483 Mariae.

280 1511 390 1535 xxxm.
418 1501 567 1535 Ceterum
598 1503 636 1535 ad
668 1503 898 1543 exammanda,
924 1504 971 1536 iu-

237 1553 392 1596 dicanda,
428 1565 484 1587 seu
518 1556 720 1588 terminanda
750 1566 804 1595 ea,
830 1566 912 1598 quae
938 1557 969 1588 in

236 1607 378 1650 capitulo
403 1607 521 1651 scripta
545 1609 593 1640 vel
619 1607 790 1651 proposita
810 1613 893 1647 sunt,
916 1616 969 1640 :tut

236 1670 319 1704 quae
333 1664 515 1699 occurrunt,
532 1661 730 1692 reverendus
745 1666 838 1702 pater
854 1667 884 1693 et
897 1667 969 1694 octo

235 1712 421 1746 definitores
445 1713 582 1755 singulis
603 1713 717 1745 diebus
738 1714 879 1756 capituli,
898 1725 967 1746 cun]

233 1762 373 1795 viderint
404 1768 649 1806 opportunum,
684 1763 815 1796 seorsim
852 1775 968 1797 conve-

233 1815 338 1856 niunt,
358 1820 391 1848 et
415 1826 512 1858 super
536 1815 670 1857 singulis
690 1816 836 1857 diligenti
856 1817 967 1849 habito

233 1872 386 1905 tractatu,
413 1873 509 1911 prout
533 1867 674 1900 viderint
698 1869 870 1910 expedire,
895 1880 965 1902 eun}

231 1919 436 1964 plenitudine
471 1920 642 1963 potestatis
683 1921 900 1953 determinant
935 1928 966 1954 et

231 1972 359 2016 scriptis
383 1973 620 2005 commendant.
641 1974 685 2005 Ac
702 1973 805 2016 primo
823 1975 964 2007 omnium

230 2026 373 2069 priorem
409 2031 533 2068 partem
566 2031 672 2058 cartae
692 2053 699 2065 ,
733 2037 815 2069 quae
852 2033 900 2059 est
925 2029 963 2060 de

231 2079 406 2118 defunctis,
421 2078 597 2121 expediunt
614 2084 645 2111 et
666 2079 835 2121 corrigunt
851 2081 962 2113 eaden]

231 2131 310 2164 seria
333 2130 476 2163 secunda
501 2136 574 2174 post
597 2141 729 2163 nonam.
755 2131 794 2164 Et
816 2137 890 2174 post
915 2143 963 2165 ve-

230 2192 340 2226 speras
364 2183 397 2215 in
422 2182 558 2215 eeclesia
583 2182 692 2222 dictas,
719 2183 757 2215 ad
776 2189 889 2217 nutum
914 2195 964 2217 re-

231 2234 360 2268 verendi
386 2234 495 2278 patris,
517 2236 664 2277 pulsatur
687 2246 861 2278 campana;
889 2247 964 2270 con-

230 2288 434 2331 gregatisque
467 2287 615 2320 omnibus
651 2288 683 2319 in
720 2289 791 2320 aula
831 2289 961 2332 capituli

228 2340 426 2374 reverendus
451 2345 551 2382 pater,
579 2346 746 2383 postquam
772 2346 860 2373 stans
885 2342 962 2374 divit

228 2392 426 2432 Benedicile,
444 2392 549 2424 innuit
572 2392 697 2425 scribae
720 2398 755 2425 ut
778 2394 876 2435 legat.
903 2393 959 2431 Qui

229 2445 359 2489 quidem
374 2446 481 2478 scriba
495 2445 600 2487 primo
621 2445 745 2478 litteras
767 2447 960 2488 apostolicas

233 2498 279 2531 vel
307 2497 444 2530 aliorum
464 2496 669 2540 principum,
696 2508 779 2540 quae
800 2502 959 2533 communi

265 2560 276 2587 ¹
298 2558 445 2594 Praeposit.
466 2567 484 2585 α
503 2558 616 2585 delenda
636 2560 674 2593 (n.
695 2560 743 2591 τ.).

318 2613 398 2640 Bull.
417 2613 499 2640 Rom.
520 2628 554 2633 —
578 2614 636 2640 Vol.
658 2614 733 2642 XIX.
880 2615 927 2642 tea

807 180 810 182 ’
837 190 1046 215 innocentes
1067 192 1097 215 xi
1123 193 1170 216 rr.

1666 186 1729 218 837

1035 240 1176 283 capitulo
1194 241 1387 283 diriguntur,
1415 242 1440 274 si
1466 252 1547 285 quae
1573 243 1635 276 sint
1659 243 1763 275 eidem

1034 291 1066 324 in
1084 293 1266 327 delinitorio
1298 295 1432 328 traditae
1457 296 1495 328 ad
1520 295 1761 338 publicandum.

1033 345 1130 387 legit,
1157 346 1272 379 deinde
1298 352 1415 380 cartam
1437 347 1676 381 defunctorum.

1075 407 1177 431 xxxiv.
1205 398 1271 436 Qua
1296 399 1388 440 lecta,
1414 411 1525 433 omnes
1550 401 1688 443 priores,
1714 401 1763 433 in-

1032 450 1197 491 sequendo
1223 461 1426 484 communem
1461 453 1680 485 obedientiam
1706 463 1762 495 ge-

1031 502 1130 534 nerali
1155 504 1295 546 capitulo
1320 506 1511 547 promissam
1547 512 1578 539 et
1609 507 1761 546 debitam,

1030 559 1143 596 petunt
1159 557 1408 599 misericordias,
1427 564 1459 591 ut
1479 571 1577 603 super
1599 560 1659 600 bis,
1679 561 1761 594 idest

1029 616 1125 649 super
1149 619 1257 642 eorum
1276 611 1490 652 absolutione,
1516 613 1760 647 confirmatione

1028 665 1082 691 aut
1106 663 1297 702 mutatione,
1324 666 1429 706 possit
1447 666 1477 697 in
1500 665 1683 699 delinitorio
1702 678 1759 710 po-

1026 715 1092 743 stea
1118 713 1303 747 deliberari.
1332 717 1375 748 Ae
1400 717 1522 759 primus
1547 719 1688 751 omnium
1713 730 1759 752 re-

1025 765 1185 797 verendus
1226 772 1318 808 pater
1349 775 1527 810 prostratus
1560 772 1641 813 petit
1664 772 1758 804 inise-

1025 813 1206 856 ricordiam,
1234 819 1282 850 eui
1306 820 1394 861 prior
1422 822 1611 865 antiquioris
1643 824 1757 857 domus

1022 865 1150 901 Ordinis
1176 879 1211 902 ex
1237 873 1460 912 praesentibus
1484 876 1670 917 respondet.
1698 877 1756 909 De-

1021 918 1095 951 inde
1121 920 1238 964 singuli
1265 923 1391 965 priores
1424 925 1542 958 ibidem
1568 934 1755 969 praesentes

1021 971 1204 1013 singillatim
1223 975 1371 1008 similiter
1387 979 1540 1019 prostrati
1566 985 1680 1021 petunt
1697 981 1755 1013 nii-

1020 1024 1231 1058 sericordiam
1246 1033 1277 1059 et
1293 1028 1530 1062 absolutionem
1549 1042 1565 1063 a
1583 1032 1647 1064 suis
1668 1033 1752 1075 prio-

1019 1077 1152 1110 ratibus.
1180 1080 1307 1113 Priores
1333 1093 1409 1115 vero
1440 1084 1609 1123 absentes,
1643 1085 1753 1119 vicarii

1019 1134 1049 1161 et
1074 1130 1247 1172 priorissae
1274 1135 1463 1168 monialium
1482 1147 1541 1178 per
1558 1137 1682 1169 litteras
1698 1138 1753 1170 mi-

1018 1183 1225 1217 sericordiam
1251 1186 1400 1220 similiter
1418 1195 1528 1231 petere
1549 1195 1698 1222 tenentur
1719 1191 1751 1224 in

1017 1234 1152 1277 singulis
1178 1238 1327 1280 capitulis
1357 1241 1582 1281 generalibus;
1610 1244 1693 1285 quod
1724 1243 1750 1276 si

1017 1297 1081 1319 non
1108 1289 1257 1329 fecerint,
1300 1292 1509 1325 nibilominus
1550 1305 1608 1337 pro
1648 1296 1751 1338 petita

1017 1340 1185 1375 habeatur.
1212 1343 1247 1375 Et
1273 1346 1436 1383 monachi,
1462 1346 1538 1379 licet
1562 1358 1626 1379 non
1653 1349 1750 1391 petie-

1015 1392 1088 1432 rint,
1113 1395 1152 1426 ad
1176 1395 1354 1437 assignatas
1376 1398 1436 1429 sibi
1455 1399 1567 1432 domos
1586 1410 1620 1432 se
1647 1406 1750 1433 trans-

1015 1445 1098 1478 ferre
1125 1451 1303 1480 teneantur.

1055 1508 1146 1531 xxxv.
1174 1499 1228 1532 His
1255 1503 1437 1544 eompletis,
1466 1505 1665 1537 reverendus
1694 1517 1749 1548 pa-

1013 1554 1061 1581 ter
1085 1550 1173 1583 iubet
1198 1557 1230 1583 ut
1261 1555 1368 1586 nullus
1394 1560 1525 1594 cartam,
1552 1567 1632 1599 quae
1665 1559 1748 1591 lecta

1012 1608 1078 1642 est,
1105 1604 1144 1635 de
1170 1605 1220 1637 die
1257 1607 1305 1638 vel
1336 1607 1374 1639 de
1407 1614 1501 1641 nocte
1527 1616 1634 1651 portet
1658 1617 1746 1644 extra

1011 1656 1115 1688 aulam
1140 1657 1280 1699 capituli,
1307 1669 1366 1691 nec
1390 1666 1521 1702 portent
1545 1663 1672 1704 copiam
1699 1664 1747 1705 ip-

1011 1708 1076 1740 sius
1112 1715 1218 1743 cartae
1250 1716 1337 1743 extra
1370 1713 1498 1745 domum
1535 1714 1742 1756 Cartbusiac,

1011 1761 1070 1792 nisi
1096 1762 1137 1793 sit
1161 1763 1251 1804 prius
1276 1770 1430 1803 correcta,
1452 1777 1511 1797 nee
1536 1768 1653 1799 saciant
1674 1779 1743 1800 earn

1010 1814 1178 1845 transcribi
1211 1825 1268 1857 per
1302 1827 1522 1860 quoscumque
1548 1821 1741 1859 saeculares,

1009 1866 1065 1897 sed
1080 1876 1138 1908 per
1151 1868 1237 1899 solos
1252 1869 1418 1910 professos
1430 1870 1556 1902 Ordinis
1571 1874 1670 1904 nostri
1683 1876 1741 1913 (a).

1008 1919 1044 1950 Et
1061 1925 1094 1951 ut
1112 1920 1143 1951 in
1170 1921 1419 1963 transcriptione
1444 1929 1550 1956 cartae
1577 1926 1665 1957 nulla
1690 1926 1743 1958 liat

1007 1972 1165 2011 confusio,
1191 1974 1356 2006 statuimus
1382 1981 1417 2006 ut
1441 1977 1549 2008 nullus
1574 1978 1665 2019 prior
1689 1984 1742 2010 aut

1006 2024 1150 2056 visitator
1181 2024 1374 2059 intromittat
1403 2038 1435 2060 se
1467 2028 1505 2060 de
1538 2030 1632 2062 cartis
1664 2031 1742 2063 scri-

1006 2079 1120 2111 bendis
1145 2089 1203 2120 per
1227 2089 1260 2111 se
1285 2080 1332 2111 vel
1366 2089 1424 2122 per
1447 2081 1541 2113 aliam
1566 2093 1739 2125 personam

1006 2131 1141 2163 durante
1167 2132 1333 2173 capitulo:
1361 2134 1415 2165 sed
1442 2134 1579 2166 vicarius
1604 2135 1740 2168 Cartbu-

1005 2183 1069 2216 siae
1099 2189 1190 2216 curet
1221 2184 1360 2216 fideliter
1392 2187 1563 2219 transcribi
1596 2188 1739 2230 singulas

1004 2241 1107 2268 cartas
1128 2247 1185 2279 pro
1206 2237 1341 2278 singulis
1368 2239 1552 2280 provinciis,
1571 2251 1652 2282 quae
1670 2251 1739 2274 cor-

1037 2300 1066 2327 α)
1085 2298 1126 2324 Ad
1155 2297 1275 2324 vitandas
1304 2298 1491 2326 distractiones
1518 2304 1543 2326 et
1570 2302 1736 2335 gravamina¹

1002 2350 1070 2377 quae
1100 2350 1130 2368 ex
1158 2346 1195 2368 tot
1221 2346 1355 2369 cartarum
1384 2343 1558 2378 inscriptione
1587 2345 1737 2372 iunioribus

1003 2386 1142 2412 monachis
1170 2386 1326 2413 Cartliusiae
1361 2387 1523 2421 obveniant,
1560 2388 1609 2414 soli
1639 2389 1736 2416 vicario

1001 2430 1156 2456 Cartbusiae
1176 2431 1227 2456 ista
1246 2438 1311 2457 cura
1326 2430 1363 2457 sie
1378 2432 1561 2464 committitur,
1580 2436 1609 2459 ut
1626 2434 1737 2461 vetitum

1001 2475 1034 2500 sit
1053 2482 1086 2501 ne
1107 2475 1166 2509 quis
1185 2474 1258 2509 prior
1276 2475 1392 2510 aliquam
1414 2475 1498 2502 tractu
1519 2476 1686 2503 scribendam
1708 2486 1737 2504 a-

1001 2519 1061 2544 licui
1081 2518 1210 2545 monacho
1230 2518 1386 2546 Carthasiae
1406 2519 1507 2556 absque
1527 2520 1634 2556 speciali
1655 2521 1737 2548 liceu-

1002 2563 1038 2589 tia
1057 2562 1199 2589 reverendi
1219 2564 1315 2598 patris.

1776 196 1825 221 Au.
1845 195 1872 222 C.
1893 195 1955 223 1088
