2111 3157
200 206 250 233 Αη.
266 208 295 232 c.
315 206 385 234 «sss
430 197 494 230 8740

393 265 461 287 sam
486 254 517 287 in
543 258 713 288 conventu,
733 263 797 284 non
823 250 1037 292 evangelium,
1062 258 1127 280 non

393 307 563 350 epistolam
583 306 677 343 dicit,
698 315 755 336 nec
773 304 811 335 ad
832 303 963 336 ordines
982 301 1127 340 mittitur,

393 361 449 392 sed
476 359 712 392 hebdomadam
740 362 851 389 cantus
878 356 993 393 faeere,
1013 359 1045 387 et
1065 359 1127 386 tam

366 430 369 432 -
391 412 423 444 in
442 411 575 444 ecclesia
593 421 686 453 quam
706 409 877 441 resectorio
896 409 1004 449 legere
1022 412 1128 449 potest

391 464 553 506 quamcito
571 463 630 495 sibi
653 461 749 494 suerit
769 461 948 493 iniunctum
970 470 986 490 a
1006 458 1125 501 priore.

391 517 426 550 Et
440 516 463 548 si
483 516 634 548 sacerdos
653 514 759 553 suerit,
779 518 886 556 potest
903 512 941 544 ad
958 511 1126 543 arbitrium

388 570 436 602 sui
456 568 575 612 prioris
594 568 706 600 missas
724 567 862 610 privatas
881 565 1058 597 celebrare.

431 632 494 655 xxr.
522 621 621 654 Porro
640 620 827 652 sacerdotes
853 618 907 662 qui
933 618 971 650 de
997 618 1125 649 saeculo

387 675 523 707 veniunt
547 674 585 706 ad
611 673 771 712 Ordinem,
794 672 818 704 si
838 672 869 704 in
891 671 1059 703 missarum
1078 680 1126 702 ce-

387 728 570 761 lebratione
606 732 637 759 et
673 726 885 758 observantiis
920 723 1125 766 regularibus

388 781 510 813 formae
528 779 658 812 Ordinis
677 789 709 811 se
727 777 890 810 noluerint
909 777 1122 815 conformare,

388 833 437 865 vel
463 832 495 864 in
521 831 710 864 sustinenda
746 832 801 862 sua
827 830 980 872 opinione
1007 827 1123 860 suerint

388 884 553 924 obstinati,
571 885 621 916 vel
647 884 679 915 in
704 883 801 915 modo
827 882 953 914 vivendi
980 881 1124 922 singula-

388 949 451 977 reS,
470 938 508 970 ad
530 937 770 981 professionem
797 937 983 968 nullatenus
1010 934 1123 966 admit-

389 996 511 1030 tantur,
527 990 680 1034 quoniam
698 999 756 1032 per
775 990 853 1021 tales
872 997 1030 1031 personas
1047 986 1122 1019 olim

385 1046 487 1077 multa
512 1043 544 1075 in
569 1042 688 1075 Ordine
714 1041 865 1073 scandala
890 1044 1121 1082 pervenerunt.

429 1106 506 1129 xxn.
530 1095 560 1127 Si
580 1095 665 1126 intra
680 1099 805 1136 tempus
823 1091 1024 1135 probationis
1042 1090 1124 1134 prio-

385 1149 412 1182 ri
439 1148 606 1181 evidenter
630 1146 814 1179 constiterit
844 1144 934 1177 iustis
971 1148 1003 1175 et
1027 1143 1124 1175 ratio-

384 1202 514 1235 nalibus
531 1200 637 1233 causis
656 1200 744 1232 nullo
762 1199 859 1231 modo
877 1197 1034 1230 novitium
1053 1207 1122 1228 esse

386 1256 426 1288 ad
451 1253 691 1298 professionem
718 1251 966 1289 admittendum,
994 1255 1025 1281 et
1043 1249 1124 1281 iudi-

387 1307 509 1340 caverit
531 1316 597 1338 non
633 1304 786 1348 expedire
819 1308 874 1336 aut
909 1313 974 1335 non
1007 1303 1123 1335 decere

386 1366 422 1392 nt
446 1370 499 1393 eas
525 1369 635 1391 causas
655 1356 827 1390 conventui
847 1355 1044 1393 manifestet,
1072 1365 1124 1396 po-

387 1413 463 1445 terit
486 1412 589 1451 illum,
618 1411 712 1443 etiam
739 1409 924 1451 irrequisito
949 1412 1122 1446 conventu,

389 1465 552 1504 emittere,
586 1463 733 1495 adhibito
768 1467 875 1494 tamen
911 1460 1048 1493 consilio
1081 1459 1125 1491 vi-

389 1517 467 1550 carii
493 1521 525 1549 et
549 1515 683 1548 alterius
710 1525 746 1546 ex
773 1512 1019 1546 discretioribus
1053 1522 1125 1543 con-

389 1574 522 1602 ventus:
553 1569 609 1601 sed
642 1573 754 1610 postea
789 1566 931 1608 aliquam
968 1565 1016 1596 sui
1052 1564 1124 1596 sacti

390 1622 548 1655 rationem
575 1620 749 1652 conventui
782 1618 947 1660 assignare
980 1618 1123 1649 debebit.

390 1676 420 1708 Si
449 1680 556 1706 tamen
582 1674 706 1705 nullum
744 1672 828 1704 adsit
860 1671 1041 1713 periculum
1073 1675 1127 1702 aut

390 1728 577 1761 scandalum
610 1727 634 1759 si
667 1726 767 1758 dietas
803 1735 916 1757 causas
953 1723 1127 1756 conventui

392 1779 619 1822 assignaverit,
648 1778 804 1817 debebit,
830 1782 1004 1819 antequam
1037 1776 1127 1809 illum

392 1833 539 1873 emittat,
566 1841 752 1875 proponere
778 1841 831 1863 eas
856 1829 1040 1862 conventui.

434 1898 526 1920 xxlu.
564 1885 680 1918 Novitii
715 1884 844 1918 Ordinis
881 1882 983 1915 nostri
1016 1892 1076 1914 nec
1112 1893 1128 1914 a

392 1939 555 1984 prioribus
590 1949 649 1971 nec
681 1938 719 1970 ab
745 1937 815 1969 aliis
852 1936 949 1968 modo
983 1935 1131 1978 quolibet

393 1993 647 2031 subtrahantur,
674 1991 761 2034 quod
786 1990 810 2021 si
837 1989 909 2032 quis
935 1987 1059 2027 fecerit,
1084 1989 1130 2020 le-

393 2046 503 2089 gitime
529 2044 690 2088 puniatur.

437 2108 518 2131 xx1v.
546 2097 576 2130 Si
611 2097 751 2129 novitius
783 2099 858 2128 ante
891 2094 1130 2137 professionem

394 2152 519 2194 lepram
544 2150 728 2188 incurrerit,
756 2158 819 2180 non
847 2147 940 2179 saciat
960 2145 1131 2188 professio-

395 2214 489 2243 nem-,
516 2208 633 2241 tamen,
659 2201 683 2233 si
710 2201 742 2233 in
768 2201 863 2232 domo
889 2208 1058 2231 remanere
1077 2209 1131 2230 vo-

397 2256 512 2295 luerit,
546 2254 736 2287 charitative
774 2252 802 2285 ei
835 2250 1061 2295 providebitur
1092 2251 1131 2283 de

397 2307 600 2341 necessariis.

441 2371 511 2393 xxv.
539 2360 569 2393 Si
596 2360 733 2392 novitius
759 2359 882 2397 exierit,
901 2363 930 2391 et
951 2362 1063 2401 postea
1082 2357 1135 2389 de-

400 2424 464 2445 nuo
491 2418 641 2455 receptus
668 2411 774 2449 suerit,
801 2416 874 2454 post
895 2410 1070 2443 secundam
1092 2419 1136 2441 re-

400 2465 580 2506 ceptionem
607 2464 799 2506 probabitur
822 2474 880 2506 per
904 2473 1024 2495 annum
1057 2462 1136 2494 inte-

401 2527 491 2559 grum
517 2522 689 2559 antequam
715 2516 915 2559 profiteatur.

443 2574 584 2610 Ordinatio
605 2575 671 2603 anni
693 2582 850 2604 noctxxtx.
879 2583 893 2602 «
915 2572 1043 2604 Sollicite
1065 2572 1139 2603 invi-

974 201 1153 225 nt'tt,.-tntttin
1178 200 1327 224 nomnen

1169 248 1261 285 gilent
1284 248 1395 286 priores
1416 248 1580 277 educationi
1613 248 1758 286 spirituali
1781 248 1906 278 novitio-

1171 305 1233 325 rum
1264 300 1292 325 et
1326 296 1472 325 iuniorum
1504 296 1723 332 monachorum,
1753 296 1904 336 sciantque

1170 344 1240 373 nihil
1265 344 1384 373 maioris
1411 353 1474 373 esse
1497 344 1636 373 momenti
1665 343 1693 372 in
1725 343 1845 381 Ordine,
1873 345 1903 374 in

1169 402 1225 431 qno
1248 393 1316 422 olim
1339 392 1567 421 nominabantur
1588 392 1617 421 in
1641 391 1765 429 singulis
1787 392 1904 430 provin-

1169 441 1221 470 ciis
1255 441 1470 470 examinatores
1506 440 1681 470 novitiorum
1716 440 1791 469 sicut
1825 449 1903 470 nunc

1169 489 1357 519 nominantur
1379 489 1555 524 visitatores,
1578 497 1645 518 cum
1667 497 1701 517 ex
1723 488 1776 517 bac
1797 488 1904 518 educa-

1169 539 1245 568 tione
1268 538 1392 577 pendeat
1423 537 1482 566 sere
1515 536 1609 566 omnis
1639 537 1786 575 protectus
1816 537 1902 575 spiri-

1168 587 1274 624 tualis,
1307 596 1340 615 ac
1373 585 1492 624 proinde
1524 585 1725 615 observantiae
1757 585 1902 623 regularis

1168 635 1248 673 vigor
1270 635 1345 674 apud
1368 635 1524 664 monachos
1547 634 1720 673 praesertim
1742 633 1900 671 solitarios,

1168 688 1252 722 prout
1274 693 1325 713 nos
1347 692 1459 721 snmus,
1490 682 1596 722 quibus
1629 682 1652 712 si
1681 683 1756 712 desit
1779 682 1853 712 vitae
1874 687 1901 713 et

1167 732 1287 762 militiae
1319 731 1478 771 spiritualis
1501 731 1623 767 theoria,
1646 740 1732 769 quam
1765 730 1838 760 bene
1866 730 1901 760 ad

1168 781 1279 820 praxim
1303 786 1398 820 postea
1422 781 1565 818 redigant,
1583 784 1610 810 et
1626 779 1766 810 discretio
1781 788 1816 809 ex
1835 788 1903 818 pru-

1166 830 1243 859 denti
1267 835 1295 859 et
1318 830 1421 859 devota.
1450 829 1610 859 directione
1632 832 1793 867 assumpta,
1824 828 1901 858 sicca

1167 879 1197 907 tit
1219 878 1261 907 eis
1290 878 1416 907 solitudo
1445 882 1473 906 et
1506 886 1607 916 parum
1639 877 1779 916 proficua.
1809 876 1903 916 Super

1166 927 1270 965 quibus
1292 926 1415 955 sollicite
1437 926 1523 955 etiam
1546 925 1697 964 inquirant
1725 925 1901 962 visitatores,

1165 980 1250 1014 atque
1272 975 1359 1004 etiam
1382 975 1560 1012 interrogent
1584 974 1618 1003 de
1640 974 1903 1012 circumspectione

1165 1033 1201 1052 an
1223 1027 1355 1052 servetur
1377 1023 1406 1052 in
1438 1022 1612 1051 admissione
1635 1021 1844 1060 postulantium
1873 1026 1902 1052 et

1166 1072 1331 1110 receptione
1354 1071 1542 1108 novitiorum,
1578 1074 1608 1099 ut
1634 1070 1654 1099 ii
1684 1074 1797 1099 tantum
1825 1071 1902 1109 apud

1166 1129 1217 1149 nos
1240 1120 1431 1159 recipiantur,
1464 1127 1587 1157 quorum
1619 1118 1731 1147 vocatio
1763 1117 1801 1147 sit
1827 1117 1902 1148 bene

1167 1168 1298 1206 probata,
1322 1171 1349 1196 et
1370 1167 1500 1206 corporis
1523 1166 1671 1205 animique
1694 1165 1844 1204 dispositio
1866 1166 1901 1196 ad

1165 1217 1281 1247 Ordinis
1304 1216 1441 1245 exercitia
1463 1216 1578 1252 idonea,
1596 1224 1648 1245 nec
1666 1224 1795 1253 uuquam
1817 1215 1903 1245 detur

1166 1265 1246 1293 locus
1274 1263 1438 1293 indiscretis
1461 1263 1619 1300 favoribus,
1649 1263 1784 1292 humanis
1806 1272 1900 1302 respe·

1165 1313 1271 1349 ctibus,
1295 1322 1326 1341 ac
1339 1311 1574 1351 imprudentibus
1586 1311 1838 1350 compassionibus
1853 1315 1900 1342 aut

1165 1361 1327 1397 ass'ertibns,
1350 1360 1457 1399 quibus
1476 1360 1521 1389 via
1544 1364 1664 1399 paratur
1679 1359 1733 1390 sub
1749 1364 1901 1399 praetextu

1166 1410 1318 1440 charitatis
1341 1409 1376 1438 ad
1399 1409 1496 1438 clades
1522 1412 1550 1438 et
1578 1408 1679 1438 ruinas
1701 1408 1904 1438 observantiae

1166 1458 1308 1496 regularis
1329 1457 1485 1487 Ordinibus
1512 1457 1693 1495 regularibus
1718 1456 1904 1487 obvenientes

1167 1518 1200 1537 ex
1225 1507 1420 1544 indevotione,
1444 1506 1649 1545 ineptitudine,
1680 1509 1729 1535 aut
1750 1505 1904 1535 imbecilli-

1168 1561 1224 1585 tate
1258 1559 1460 1593 receptorum,
1487 1554 1536 1593 qui
1570 1558 1667 1593 postea
1690 1553 1805 1593 saepius
1836 1558 1903 1584 sunt

1167 1604 1272 1634 ceteris
1295 1603 1324 1632 in
1348 1602 1424 1631 vitae
1447 1602 1566 1631 laxioris
1587 1602 1753 1640 exemplum
1792 1606 1842 1631 aut
1873 1602 1904 1632 in

1167 1652 1357 1687 scandalum,
1382 1654 1410 1679 et
1432 1650 1454 1679 si
1485 1659 1556 1688 quos
1579 1650 1692 1688 priores
1714 1650 1743 1679 in
1771 1659 1802 1679 re
1831 1650 1903 1679 tanti

1169 1700 1319 1737 momenti,
1343 1708 1378 1728 ex
1400 1708 1454 1737 qua
1479 1698 1568 1727 totius
1591 1698 1665 1727 vitae
1688 1698 1843 1736 religiosae
1859 1707 1904 1728 ra-

1170 1750 1210 1778 tio
1234 1749 1380 1787 totiusque
1408 1746 1524 1777 Ordinis
1553 1746 1647 1775 bonus
1676 1750 1769 1776 status
1796 1747 1904 1786 depen-

1169 1798 1241 1833 det,
1265 1796 1403 1826 remissos
1435 1799 1485 1824 aut
1518 1794 1679 1834 culpabiles
1711 1795 1904 1832 invenerint,

1170 1845 1347 1877 denuncient
1369 1844 1434 1874 illos
1456 1843 1553 1873 statim
1577 1843 1738 1873 reverendo
1761 1843 1835 1882 patri
1858 1848 1907 1873 aut

1170 1895 1296 1934 capitulo
1329 1892 1470 1930 generali,
1494 1896 1524 1920 ut
1555 1901 1716 1929 congruum
1744 1897 1908 1930 apponatur

1171 1942 1345 1976 remedium,
1380 1949 1433 1969 nec
1469 1940 1660 1978 multiplicari
1693 1940 1807 1970 sinatur
1837 1950 1907 1978 gens

1171 1991 1246 2030 apud
1279 2000 1330 2019 nos
1363 1989 1472 2027 absque
1501 1988 1734 2026 magnificatione
1767 1989 1906 2018 laetitiae.

1172 2038 1364 2071 Directorium
1396 2040 1490 2065 autem
1527 2036 1701 2065 novitiorum
1734 2037 1768 2066 ad
1800 2037 1908 2066 calcem

1172 2087 1369 2127 praesentium
1392 2088 1567 2114 statutorum
1590 2084 1719 2123 imprimi
1741 2085 1907 2114 ordinatum

1172 2136 1279 2174 ubique
1301 2137 1445 2166 servetur,
1477 2132 1576 2161 habita
1598 2134 1692 2161 tamen
1719 2133 1816 2172 aliqua
1842 2133 1910 2163 reli-

1172 2184 1303 2223 gionum*
1321 2182 1443 2217 ratione,
1462 2181 1555 2220 quoad
1578 2181 1716 2219 temporis
1731 2181 1912 2212 distributio-

1173 2243 1251 2269 nem,
1276 2233 1354 2261 iuxta
1377 2231 1590 2260 ordinationem
1621 2230 1802 2260 visitatorum
1830 2239 1845 2260 a
1868 2239 1912 2260 re-

1175 2281 1299 2311 verendo
1323 2284 1404 2319 patre
1422 2278 1640 2318 approbandam
1665 2288 1692 2308 ».

1216 2330 1359 2361 Ordinatio
1381 2329 1449 2357 anni
1466 2336 1595 2357 nnxcvu.
1620 2338 1633 2356 t<
1649 2327 1717 2357 Cum
1734 2332 1814 2357 certo
1829 2338 1914 2358 cons-

1176 2383 1216 2409 tet
1237 2388 1272 2408 ex
1295 2378 1371 2407 bona
1395 2377 1438 2407 vel
1460 2377 1489 2406 in
1506 2377 1581 2406 alia²
1597 2377 1764 2416 receptione
1780 2381 1808 2407 et
1829 2377 1915 2408 insti-

1178 2428 1289 2458 tutione
1311 2426 1487 2456 novitiorum
1512 2426 1672 2464 profectum
1704 2425 1748 2455 vel
1769 2425 1913 2455 desectum

1178 2476 1294 2506 Ordinis
1316 2475 1408 2505 nostri
1431 2479 1489 2504 tam
1512 2475 1541 2504 in
1561 2483 1682 2504 numero
1699 2482 1786 2514 quain
1807 2474 1838 2504 in
1854 2482 1914 2504 me-

1218 2534 1226 2557 1
1252 2532 1350 2558 Forsan
1371 2532 1522 2564 reqionum
1542 2533 1580 2563 (R.
1596 2531 1646 2563 Τ.).

1215 2577 1230 2602 2
1252 2576 1350 2604 forsan
1370 2577 1449 2603 maid
1470 2584 1517 2612 pro
1539 2577 1569 2602 ιή
1588 2576 1649 2603 alui
1668 2576 1707 2611 (R.
1723 2575 1772 2609 T.)-

1908 198 1961 227 An.
1976 198 2006 226 C.
2027 200 2090 229 ⁴688
