2111 3157
38 264 86 290 An.
100 261 130 287 C.
154 261 220 287 1(.s7

57 2524 123 2545 (tii—ur
138 2523 178 2545 vn.

65 2552 116 2574 Qun!
140 2552 210 2571 obse?

31 2578 74 2597 vari
95 2577 172 2597 debeat
191 2583 211 2597 in

43 2604 198 2623 valetudinariis

34 2633 82 2654 erun
115 2632 212 2655 aegrotos

805 263 1015 287 tNNOCENTu'S
1038 264 1067 287 XI
1094 264 1140 286 ΓΡ.

225 319 278 342 ros
311 310 512 350 ministerio,
540 322 632 354 quam
669 311 733 344 hoc
767 311 956 344 humilitatis

226 367 257 394 et
280 362 446 395 charitatis
468 363 508 396 ob
527 364 594 396 eius
612 374 753 397 amorem
774 363 851 396 illud
871 373 959 395 exer-

225 415 328 447 cendo
345 425 420 458 erga
437 425 595 458 pauperes
612 416 797 459 indigentes
811 420 841 448 et
862 415 956 447 rebus

225 467 417 500 necessariis
443 468 625 501 destitutos.

269 519 300 552 ⁶2.
322 520 368 552 Ad
406 520 500 553 huius
532 521 739 564 obligationis
768 521 958 554 satisfactio-

225 581 298 604 nem
323 572 355 603 in
383 578 534 615 promptu
567 574 804 616 quamprimum
837 573 957 605 certio—

224 633 275 656 res
302 623 373 656 lacti
408 624 525 656 suerint
558 634 591 657 se
617 625 784 656 conserent
820 625 857 656 ad
884 625 955 656 illos

223 677 436 719 asportandos
462 677 493 708 in
515 678 593 709 sella
611 677 785 719 gestatoria
803 677 899 719 (quae
918 677 955 709 ad

224 728 287 761 hoc
312 729 374 761 erit
398 730 603 772 praeparata)
628 739 729 771 usque
755 729 794 760 ab
813 729 957 771 hospita-

223 780 307 814 libus
332 786 363 813 et
388 781 548 820 domibus,
566 781 618 812 ubi
637 790 747 813 eorum
769 781 827 812 suit
847 782 956 813 habita

222 834 356 873 curatio,
374 834 412 866 ad
430 839 575 866 nostrum
601 833 771 876 hospitale,
797 834 850 865 ubi
869 845 958 866 cura-

223 886 267 920 tio
292 886 337 919 eis
363 886 546 919 adhibenda
572 891 625 918 aut
650 887 877 918 convalescere
903 887 958 919 de-

222 939 309 979 bent,
334 949 394 971 nec
417 938 530 971 alienis
566 939 709 970 humeris
734 938 833 971 fidant
858 949 955 978 onus,

223 991 308 1035 quod
334 991 467 1024 suismet
487 991 568 1023 Deus
592 990 756 1033 imposuit.

266 1044 298 1078 3.
324 1044 392 1077 Non
427 1044 524 1076 debet
560 1044 684 1076 excludi
720 1043 758 1076 ab
791 1044 958 1086 hospitali-

221 1096 281 1130 bus
312 1097 431 1130 nostris
463 1097 562 1129 ullum
590 1106 691 1138 genus
722 1106 955 1139 personarum,

222 1150 262 1182 ad
286 1159 399 1183 omnes
432 1149 551 1182 debent
583 1149 729 1188 extendi,
763 1160 876 1181 omnes
903 1150 957 1181 de-

222 1202 301 1235 bent
331 1201 480 1244 amplecti
516 1201 682 1233 charitatis
716 1201 800 1233 ulnis
825 1201 953 1238 liberos,

222 1264 342 1293 servos,
368 1253 505 1292 Mauros,
532 1253 645 1295 Nigros
671 1258 702 1285 et
726 1253 878 1295 gentiles,
905 1263 955 1285 ex-

222 1306 325 1349 ceptis
350 1306 548 1344 mulieribus,
575 1316 655 1348 quae
682 1306 772 1337 nullo
792 1305 883 1337 titulo
903 1315 954 1348 po-

221 1363 330 1391 terunt
354 1358 478 1400 ingredi
503 1359 541 1390 ad
567 1358 743 1390 curandum
772 1368 830 1390 nec
855 1359 892 1390 ad
910 1358 953 1390 in-

219 1411 385 1444 visendum
411 1420 569 1453 pauperes
593 1410 675 1443 intra
699 1411 876 1443 clausuram
901 1421 953 1443 no-

221 1469 361 1498 strorum
381 1464 599 1507 hospitalium.
971 1440 975 1495 l

263 1517 294 1549 [4.
323 1518 445 1549 Habeat
480 1516 673 1549 infirmarius
707 1522 877 1559 apparatos
907 1517 952 1549 le-

220 1574 300 1609 ctos,
321 1569 375 1601 ubi
400 1569 589 1602 recumbant
612 1569 699 1611 aegri
724 1575 891 1611 postquam
905 1569 950 1601 eis

218 1623 331 1666 pedes,
357 1622 382 1654 si
407 1632 487 1664 opus
514 1621 618 1661 luerit,
645 1621 743 1654 abluti
769 1621 901 1660 l‘uerint‚
921 1627 951 1653 et

220 1674 326 1717 aliqua
337 1674 381 1706 eis
397 1674 571 1706 relectione
587 1674 788 1713 subventum,
808 1673 951 1715 etprima

220 1727 282 1760 erit
305 1726 488 1760 sollicitudo
507 1737 560 1759 eos
577 1726 749 1768 disponere
771 1731 805 1757 ut
822 1733 951 1768 peccata

218 1781 439 1819 confiteantur,
466 1780 496 1812 id
515 1780 722 1822 permittente
739 1778 950 1820 aegritudinis

219 1834 383 1877 qualitate.

263 1885 293 1918 5.
321 1885 544 1918 Assistetcum
569 1884 679 1916 maiori
709 1890 741 1916 et
769 1884 838 1916 aliis
865 1884 953 1916 intir-

218 1938 325 1972 mariis
344 1938 441 1970 frater
465 1938 646 1980 praefectus
676 1937 798 1969 duabus
818 1937 949 1975 vicibus,

218 1992 337 2034 quibus
362 1990 505 2023 medicus
531 1990 627 2022 debet
651 2000 765 2031 aegros
792 1990 949 2028 invisere,

217 2050 251 2077 et
274 2045 306 2076 in
332 2044 461 2086 scriptis
489 2044 613 2085 rediget
634 2044 791 2086 quidquid
817 2044 876 2076 iste
905 2054 951 2076 01*-

219 2098 385 2135 dinaverit,
402 2097 553 2139 idemque
579 2096 671 2129 saciet
690 2096 791 2129 maior
816 2096 951 2129 infirma-

219 2152 295 2191 rius,
313 2156 344 2183 et
369 2151 456 2183 horis
474 2150 626 2192 congruis
646 2150 827 2192 praefectus
846 2150 951 2192 inqui-

218 2209 268 2236 ret
291 2204 330 2236 ab
349 2203 488 2245 aegrotis
505 2212 544 2234 an
566 2202 666 2234 maior
690 2201 884 2234 infirmarius
903 2213 952 2234 se-

219 2261 309 2288 cutus
334 2256 374 2287 sit
398 2254 555 2297 quidquid
590 2254 732 2286 medicus
763 2254 950 2296 dispositum

219 2309 363 2351 reliquit,
379 2314 411 2340 et
425 2308 449 2339 si
468 2317 562 2350 quem
577 2307 770 2349 compererit
781 2308 950 2347 desectum,

218 2361 397 2394 remedium
422 2360 568 2403 protinus
593 2360 755 2397 conseret,
782 2364 813 2391 et
837 2370 953 2392 conve-

219 2415 363 2447 nientem
387 2414 454 2446 eius
480 2413 592 2454 culpae
626 2412 858 2455 poenitentiam
889 2423 953 2444 ma-

221 2467 281 2500 iori
307 2466 497 2499 infirmario.

264 2520 295 2552 1.
327 2519 364 2551 Ut
391 2518 512 2560 aegroti
543 2523 573 2550 et
601 2519 864 2550 convalescentes
887 2528 953 2549 ser—

221 2573 296 2605 vitia
322 2573 461 2604 babeant
497 2577 527 2602 ct
563 2570 832 2603 refocillationem
865 2571 951 2602 omni

222 2627 297 2660 cura
320 2630 352 2657 et
375 2624 634 2667 opportunitate,
660 2623 762 2655 aderit
788 2623 884 2655 t'rater
908 2623 953 2655 in-

1630 253 1688 285 ΤΗ

1001 311 1158 342 tii-marius
1183 310 1291 348 maior,
1312 322 1328 342 a
1350 311 1514 353 praesecto
1533 310 1675 351 generali
1702 315 1733 341 et

1000 363 1225 395 assis-tentibus
1262 363 1451 406 deputatuS,
1485 363 1534 395 cui
1568 362 1733 394 incumbet

999 415 1240 448 valetudinariis
1271 425 1442 458 praeesse,
1475 421 1506 448 et
1536 415 1583 447 cui
1615 415 1731 457 reliqui

1000 468 1053 501 alii
1070 468 1239 500 infirmarii
1258 468 1500 501 hebdomadarii
1520 468 1640 501 debent
1660 468 1732 500 obe·

1000 520 1068 553 dire
1094 520 1124 552 in
1150 520 1247 553 rebus
1279 521 1316 553 ad
1343 521 1410 552 eius
1434 531 1547 553 munus
1572 521 1734 564 pertinen-

1001 573 1093 612 tibus,
1111 578 1142 605 et
1166 573 1261 605 debet
1286 573 1461 616 procurari,
1488 578 1523 605 ut
1540 574 1578 613 is,
1595 573 1647 616 qui
1673 574 1735 605 hoc

1001 626 1151 667 tangetur
1177 635 1323 663 munere,
1340 625 1483 667 placidus
1509 626 1550 657 sit
1573 632 1605 658 et
1629 626 1734 665 cbari-

1001 678 1070 709 tatis
1095 678 1211 719 plenus
1227 704 1234 717 ,
1262 677 1316 719 qui
1341 678 1419 709 sciat
1453 678 1589 710 tolerare
1615 678 1733 720 absque

1000 729 1046 760 sui
1063 729 1329 761 immoderatione
1345 734 1546 770 aegrotos‚et
1559 740 1612 763 eos
1629 740 1734 762 emen-

1001 782 1076 813 dare
1102 782 1222 823 absque
1247 781 1419 814 afflictione
1445 782 1584 814 illorum.

1043 833 1073 865 9.
1104 834 1262 865 Extabunt
1280 833 1405 865 diversa
1426 835 1668 873 valetudinaria,
1687 844 1733 867 se-

1000 892 1109 928 parata
1134 887 1173 917 ab
1198 886 1368 927 Hispanis,
1396 896 1455 928 pro
1491 886 1592 925 lndis,
1619 887 1732 919 Mauris

1001 944 1030 970 et
1053 938 1125 970 aliis
1150 938 1311 979 gemma&
1329 943 1359 970 et
1380 938 1460 970 baec
1485 943 1516 970 et
1539 939 1593 971 illa
1618 950 1733 981 procu-

1000 991 1124 1023 rabitur
1149 996 1183 1023 ut
1208 991 1271 1023 sint
1296 991 1335 1022 ab
1360 991 1473 1023 officiis
1500 991 1666 1031 disiuncta,
1693 993 1732 1024 ad

999 1049 1205 1083 aegrotorum
1231 1043 1408 1076 molestiam
1434 1044 1623 1077 evitandam.

1043 1096 1074 1129 53.
1103 1097 1299 1129 Peculiarem
1326 1107 1434 1128 curam
1464 1096 1617 1130 adhibeat
1644 1097 1732 1130 infir-

999 1150 1118 1181 marius
1146 1149 1250 1181 maior
1274 1155 1307 1181 ut
1339 1150 1571 1182 valetudinaria
1605 1161 1732 1194 semper

999 1202 1062 1233 sint
1088 1202 1187 1233 nitida
1205 1207 1235 1233 et.
1253 1202 1470 1240 accomodata,
1489 1203 1627 1245 lectique
1649 1204 1731 1236 bene

999 1253 1109 1291 strati,
1133 1254 1265 1286 istorum
1292 1254 1551 1296 suppellectilem
1584 1255 1733 1296 quolibet

998 1307 1129 1338 sabbato
1155 1306 1317 1345 variando,
1343 1311 1396 1339 aut
1426 1307 1521 1338 etiam
1546 1307 1730 1350 anticipate,

997 1359 1020 1390 si
1048 1359 1162 1402 quibus
1180 1369 1259 1401 opus
1277 1359 1391 1398 suerit;
1412 1364 1442 1391 et
1458 1364 1493 1390 ut
1518 1360 1579 1392 hoc
1604 1360 1729 1392 facilius

997 1411 1067 1450 fiat,
1095 1411 1288 1443 convenient
1313 1421 1423 1445 omnes
1449 1412 1560 1444 fratres
1586 1412 1730 1454 quotidie

997 1465 1077 1497 hora
1098 1464 1256 1497 destinata
1281 1465 1421 1497 secund-:1
1447 1465 1680 1506 pomeridiana,
1699 1471 1732 1498 et

995 1523 1065 1561 post
1096 1518 1241 1551 stationis
1271 1518 1324 1551 SS.
1343 1518 1539 1551 Sacramenti
1568 1525 1730 1562 peractam

995 1571 1227 1604 recitationem.

1038 1624 1068 1655 li.
1101 1624 1293 1666 Magnopere
1326 1629 1450 1667 satagat
1482 1630 1517 1656 ut
1547 1625 1663 1658 modus
1699 1636 1729 1658 a·

995 1677 1090 1718 gendi
1118 1677 1409 1710 convalescentium
1438 1682 1470 1709 et
1493 1677 1631 1710 aliorum
1656 1688 1730 1721 pau-

996 1739 1109 1771 perum
1147 1729 1340 1760 christianus
1365 1729 1404 1760 sit
1429 1734 1461 1761 et
1485 1730 1667 1770 modestus,
1693 1735 1730 1762 ut

996 1791 1089 1813 nemo
1116 1781 1199 1813 iuret
1225 1783 1273 1814 vel
1296 1792 1405 1813 viuum
1433 1782 1550 1814 habeat
1574 1783 1727 1822 scandali,

996 1839 1026 1865 et
1052 1834 1074 1864 si
1103 1835 1172 1876 quis
1197 1834 1384 1866 licentiosus
1401 1834 1508 1874 suerit,
1527 1845 1598 1867 cum
1624 1835 1729 1867 ebari-

997 1891 1059 1918 tate
1084 1887 1182 1918 semel
1208 1897 1243 1918 ac
1270 1886 1385 1918 iterum
1410 1887 1562 1928 corrigat,
1588 1893 1619 1919 et
1643 1888 1670 1919 si
1695 1888 1727 1920 id

995 1939 1069 1971 satis
1095 1950 1158 1971 non
1186 1939 1288 1978 suerit,
1310 1939 1424 1971 reddat
1449 1938 1606 1972 rationem
1639 1939 1728 1973 fratri

996 1992 1179 2034 praetecta,
1207 1997 1241 2023 ut
1274 1992 1390 2024 blande
1424 1998 1456 2024 et
1486 1993 1628 2025 officiose
1654 2003 1727 2025 cum

995 2044 1134 2076 dimittat
1151 2055 1186 2077 ex
1209 2045 1373 2087 hospitali,
1389 2050 1562 2087 antequam
1576 2045 1642 2077 vitii
1661 2045 1729 2078 eius

996 2098 1084 2129 ulcus
1108 2097 1253 2139 reliquos
1278 2096 1411 2129 inliciat.

1038 2150 1068 2182 ἴ).
1095 2150 1124 2182 Si
1151 2150 1200 2182 cui
1227 2150 1517 2182 convalescentium
1546 2149 1730 2191 aggravabi-

996 2207 1045 2233 tur
1064 2202 1238 2241 infirmitas,
1255 2206 1307 2233 aut
1332 2203 1567 2244 supervenerit,
1587 2203 1671 2234 unde
1689 2204 1728 2236 ad

995 2255 1159 2287 arbitrium
1185 2254 1301 2287 medici
1334 2254 1439 2286 cumiri
1471 2254 1613 2294 debeat,
1642 2255 1729 2288 intir-

995 2308 1112 2339 marius
1138 2306 1324 2339 certiorabit
1349 2307 1547 2348 praefectum
1575 2312 1608 2339 ut
1632 2317 1731 2350 aeger

995 2361 1032 2392 ad
1059 2361 1143 2392 aliud
1170 2360 1331 2392 deseratur
1356 2359 1539 2402 hospitale,
1566 2360 1621 2392 ubi
1654 2371 1730 2394 eura

996 2413 1063 2444 cius
1102 2412 1278 2451 habeatur,
1310 2412 1413 2444 donec
1441 2411 1481 2444 sit
1514 2411 1546 2444 in
1582 2417 1664 2445 statu
1689 2412 1728 2446 ad

996 2470 1142 2496 nostrum
1168 2464 1338 2497 redeundi.

1048 2518 1078 2549 (5.
1113 2517 1267 2549 Omnibus
1299 2517 1403 2559 aegris
1439 2523 1471 2550 ct
1505 2519 1728 2551 convalescen⁶

998 2571 1080 2602 tibus
1114 2581 1149 2602 ac
1175 2570 1310 2612 reliquis
1338 2571 1535 2613 pauperibus
1560 2572 1654 2604 missa
1682 2572 1728 2604 dia

997 2628 1086 2655 cetur
1120 2623 1264 2665 quotidie
1302 2623 1334 2656 iu
1371 2623 1612 2656 valetudinariis
1648 2624 1729 2657 bora

1741 262 1790 287 An.
1806 262 1834 287 C.
1859 262 1922 288 lt‘R't

1743 322 1924 346 ennianae-outae,

1744 348 1876 371 annuntium,
1889 356 1924 373 pe-

1743 380 1836 397 rennans
1845 377 1864 395 et
1879 380 1927 399 gau.

1742 406 1811 426 petes.
