2111 3157
197 185 249 212 An.
271 185 299 212 C.
318 186 387 214 1678

241 2104 306 2123 nrvw·
324 2104 383 2124 luno·

199 2135 264 2150 centu
281 2130 314 2151 Χῖ,

434 179 476 212 74

391 236 469 270 licet
504 238 721 279 definitorum,
755 238 971 278 visitatorum,
1005 238 1129 281 priora-

393 294 482 322 tuum
515 301 593 330 ecc.,
626 291 805 334 aequalitas
834 296 1019 324 servaretur
1042 291 1129 323 inter

392 342 480 385 ipsas
505 344 582 376 duas
608 344 767 385 familias;
792 344 890 387 idque
915 345 974 377 sub
1004 344 1127 377 eisdem

393 396 546 436 censuris,
565 396 679 439 poenis
705 401 736 429 et
759 402 901 429 actorum
925 398 1074 430 nullitate
1095 397 1128 429 in

393 449 562 491 praedicto
583 449 842 482 reverendissimi
864 450 904 482 de
925 449 1052 482 Ghettis
1078 450 1130 482 de-

394 506 483 533 creto
510 502 621 533 taxatis
646 501 901 545 praecepimus'.
929 501 969 535 Ut
985 512 1064 535 vero
1081 513 1130 534 re-

394 554 552 586 censitum
571 555 633 587 hoe
652 560 800 588 nostrum
820 556 985 588 decretum
1005 555 1129 588 firmius

394 607 599 647 consisteret,
633 608 766 651 eiusque
798 609 1003 642 observantia
1034 610 1129 642 veluti

395 660 434 691 ad
460 660 656 693 eradicanda
678 661 785 694 omnia
809 661 842 693 in
867 661 1034 704 provincia
1058 661 1131 700 Qui-

395 713 479 745 tensi
516 713 749 747 discordiarum
778 716 924 758 germina
960 726 1131 757 perneces-

395 765 477 798 saria
494 767 661 809 perpetuis
682 768 796 800 futuris
815 769 1013 811 temporibus
1030 768 1131 801 invio-

395 820 458 851 lata
482 826 676 860 remaneret,
704 826 835 864 petente
874 821 1130 854 eminentissimo

395 883 431 905 ac
466 873 737 907 reverendissimo
769 874 799 907 S.
833 874 869 906 R.
904 875 938 907 E.
974 875 1130 908 cardinali

395 926 560 959 Nidhardo
596 927 745 959 catholici
782 927 1013 970 Hispaniarum
1048 929 1131 970 regis

395 979 482 1021 apud
518 978 666 1011 Sanctam
698 979 814 1012 Sedem
843 986 993 1019 oratore,
1029 980 1131 1013 felicis

394 1032 630 1065 reeordationis
661 1032 808 1065 Clemens
832 1033 917 1076 Papa
940 1034 965 1065 X
997 1036 1133 1067 auctori-

396 1091 459 1118 tate
486 1086 665 1128 apostolica
699 1086 840 1128 benigne
866 1087 946 1119 illud
971 1098 1045 1119 cum
1070 1098 1132 1120 om—

395 1139 490 1171 nibus
517 1144 549 1171 et
572 1139 709 1181 singulis
729 1139 761 1171 in
780 1150 818 1171 eo
834 1140 993 1172 contentis
1015 1150 1133 1182 appro-

394 1191 528 1225 bavitet
543 1191 756 1231 confirmavit,
781 1202 818 1224 ac
843 1192 985 1235 desuper
1008 1193 1131 1226 litteras

395 1245 428 1277 in
460 1245 562 1277 forma
598 1245 706 1277 Brevis
741 1245 799 1277 sub
836 1245 887 1278 die
925 1256 967 1278 v11
1004 1247 1143 1288 augusti·

394 1308 541 1332 MDCLxxv
563 1298 709 1340 expediri
731 1298 906 1331 mandavit.
926 1298 1042 1331 Verum
1061 1310 1130 1332 cum

395 1350 528 1383 Carolus
555 1350 578 1382 ΙΙ
608 1350 833 1393 Hispaniarum
866 1361 921 1383 rex
954 1352 1130 1384 catholicus

395 1413 454 1446 per
478 1403 583 1445 regias
601 1414 673 1436 suas
691 1403 815 1436 litteras
834 1404 927 1436 nobis
948 1404 1131 1447 significare

396 1456 546 1498 dignatus
564 1455 660 1487 fuerit
676 1461 712 1487 ut
740 1456 902 1498 praefatae
924 1458 1130 1489 alternativae

396 1509 654 1541 moderationem
679 1509 910 1549 stabiliremus,
932 1520 1002 1542 eam
1023 1510 1061 1542 ad
1087 1510 1133 1542 of-

395 1561 467 1594 ficia
492 1561 758 1604 provincialatus,
780 1563 992 1595 definitorum
1010 1568 1041 1595 et
1059 1563 1132 1595 visi-

397 1619 536 1647 tatorum
555 1614 793 1657 restringendo,
810 1626 870 1647 nos
892 1615 1011 1658 itaque,
1031 1615 1130 1657 regiis

396 1667 525 1700 nutibus
566 1672 600 1699 ut
632 1678 689 1710 par
729 1673 777 1700 est
814 1668 1046 1710 obtemperare
1078 1678 1132 1700 cu-

395 1721 532 1764 pientes,
563 1725 779 1763 opportunam
808 1721 846 1753 ad
877 1720 993 1753 dietam
1021 1721 1132 1753 mode-

395 1774 554 1807 rationem
581 1779 612 1807 et
638 1772 874 1806 restrictionem
899 1773 1082 1806 facultatem
1114 1785 1131 1806 a

396 1827 598 1860 sanctissimo
628 1826 757 1859 domino
792 1831 906 1858 nostro
942 1826 1129 1859 Innocentio

396 1880 480 1922 Papa
498 1879 535 1911 §11
557 1878 698 1912 feliciter
712 1883 868 1921 regnante
890 1878 1057 1911 humiliter
1074 1889 1131 1921 po-

395 1931 597 1971 stulavimus,
631 1942 726 1974 quam
751 1931 844 1964 nobis
869 1932 1050 1964 concedere
1083 1931 1130 1963 di-

395 1992 490 2028 gnata
504 1992 552 2018 est
565 1985 720 2018 Sanctitas
739 1985 800 2017 Sua
817 1995 876 2027 per
889 1985 1011 2017 litteras
1025 1984 1057 2016 in
1071 1984 1143 2033 for--

395 2041 444 2071 ma
460 2038 568 2071 Brevis
588 2038 710 2070 tenoris
729 2037 904 2080 sequentis,
917 2037 1084 2069 videlicet:

439 2092 465 2124 A
491 2096 593 2133 tergis),
621 2091 743 2123 Dilecto
771 2090 837 2123 filio
864 2089 993 2122 Nicolao
1021 2089 1127 2123 Olivae

396 2145 495 2187 priori
519 2144 660 2186 generali
683 2143 811 2176 Ordinis
828 2144 959 2175 fratrum
980 2143 1129 2175 eremita-

397 2208 467 2229 rum
482 2197 511 2229 S.
527 2196 705 2238 Augustini:
718 2196 812 2228 Intus
829 2206 910 2236 vero,
922 2195 1129 2228 Innocentius

396 2250 480 2292 Papa
512 2249 567 2288 XI,
593 2249 710 2281 dilecte
742 2248 805 2285 fili,
834 2249 972 2280 salutem
998 2253 1030 2280 et
1053 2259 1130 2290 apo-

394 2303 542 2335 stolicam
571 2301 844 2334 benedictionem.
880 2300 1003 2343 Exponi
1036 2300 1129 2333 nobis

395 2366 502 2398 nuper
520 2354 619 2386 fecisti
640 2354 725 2396 quod
744 2360 773 2385 tu
789 2353 875 2393 alias,
891 2353 1041 2385 videlicet
1055 2359 1127 2386 ante

394 2407 582 2445 biennium,
612 2407 659 2439 vel
690 2406 840 2446 circiter,
872 2407 911 2439 ad
940 2406 1127 2439 instantiam

395 2459 551 2494 carissimi
578 2460 608 2491 in
639 2458 767 2492 Christo
800 2458 855 2491 filii
888 2459 991 2492 nostri
1023 2458 1129 2491 Caroli

430 2575 442 2603 1
466 2573 535 2600 Edit.
556 2572 638 2600 Main.
658 2573 722 2607 legit
739 2573 936 2609 praecipimus
956 2575 993 2607 (n.
1010 2573 1058 2606 τ.).

973 190 1152 215 Bt'LLAmt'M
1176 190 1327 216 ROMANUM

1171 239 1395 281 Hispaniarum
1421 240 1508 282 regis
1533 241 1683 274 catholici
1704 240 1844 274 statuisti
1873 246 1907 273 ut

1171 293 1202 325 in
1220 292 1387 336 provincia
1403 293 1548 331 Quitensi
1566 294 1610 326 tui
1628 294 1755 327 Ordinis
1774 295 1905 328 fratrum

1172 349 1379 391 eremitarum
1410 347 1511 379 sancti
1536 348 1707 390 Augustini
1740 348 1772 380 in
1807 347 1906 380 Indiis

1172 399 1430 432 Occidentalibus
1463 401 1687 433 observaretur
1716 400 1907 433 alternativa

1172 452 1257 484 inter
1281 452 1394 485 fratres
1419 453 1451 485 in
1475 453 1628 496 Hispania
1652 458 1746 486 natos
1775 458 1806 485 et
1836 453 1907 486 illa-

1173 515 1244 537 rum
1277 504 1416 547 partium
1448 505 1632 547 indigenas,
1664 515 1745 548 quos
1778 504 1907 537 criollos

1175 557 1349 599 vulgariter
1373 563 1496 597 vocant,
1523 564 1586 590 tam
1605 558 1711 601 quoad
1731 556 1908 600 provincia-

1174 611 1281 649 latum,
1310 621 1404 653 quam
1422 611 1526 653 quoad
1545 611 1771 654 aequalitatem
1792 609 1824 642 in
1842 620 1909 642 om-

1175 663 1268 694 nibus
1294 663 1490 704 generaliter
1522 663 1592 696 aliis
1618 663 1731 696 officiis
1759 661 1907 705 gubernii

1175 715 1277 747 dictae
1315 715 1529 757 provinciae3
1568 716 1714 758 haecque
1750 714 1858 747 omnia
1891 725 1909 747 a

1176 768 1276 801 felicis
1306 769 1541 802 recordationis
1566 769 1735 814 >Clemente
1767 768 1852 811 Papa
1883 768 1908 800 X

1175 822 1434 864 praedecessore
1460 827 1570 854 nostro
1585 832 1643 864 per
1661 821 1817 864 quasdam
1836 831 1908 853 suas

1175 874 1207 906 in
1233 874 1333 907 simili
1366 875 1467 908 forma
1502 875 1611 908 Brevis
1635 875 1686 907 die
1712 885 1755 907 vn
1781 873 1909 915 augusti

1176 937 1320 960 MDCLxxv
1350 928 1516 971 expeditas
1541 928 1664 960 litteras
1683 927 1860 970 approbata
1879 931 1911 958 et

1176 980 1364 1013 confirmata
1393 981 1534 1013 suerunt.
1562 980 1637 1013 Cum
1670 985 1798 1019 autem,
1826 978 1911 1010 sicut

1177 1034 1289 1066 eadem
1310 1035 1468 1076 expositio
1486 1033 1710 1076 subiungebat,
1728 1032 1910 1076 praedictus

1176 1087 1306 1120 Carolus
1333 1087 1398 1120 Rex
1433 1098 1470 1120 ex
1500 1086 1796 1124 informationibus,
1827 1095 1910 1128 quae

1176 1141 1214 1173 ad
1241 1140 1343 1182 ipsum
1362 1151 1399 1173 ex
1416 1140 1562 1183 partibus
1579 1139 1755 1182 praedictis
1774 1138 1911 1171 subinde

1176 1198 1408 1236 pervenerunt,
1428 1193 1627 1235 cognoverit,
1651 1196 1785 1235 propter
1809 1191 1912 1224 modi-

1176 1257 1246 1278 cum
1272 1256 1443 1278 numerum
1471 1246 1603 1278 fratrum
1621 1245 1837 1288 Hispanorum
1855 1243 1910 1286 qui

1176 1299 1208 1330 in
1233 1298 1331 1331 Indiis
1356 1298 1577 1341 reperiuntur,
1602 1298 1651 1330 vix
1686 1307 1783 1340 posse
1814 1297 1911 1329 alter-

1176 1351 1314 1384 nativam
1340 1356 1372 1383 et
1396 1351 1623 1394 aequalitatem
1643 1350 1676 1382 111
1694 1349 1844 1383 omnibus
1866 1348 1912 1381 of-

1175 1403 1255 1436 ficiis
1281 1403 1478 1443 huiusmodi,
1503 1402 1597 1446 quae'
1624 1403 1663 1436 ad
1688 1402 1796 1435 omnia
1820 1412 1912 1434 exer-

1176 1457 1278 1488 cenda
1304 1456 1417 1488 fratres
1442 1456 1552 1488 idonei
1586 1456 1653 1488 illic
1690 1465 1754 1488 non
1791 1454 1908 1493 adsint,

1175 1510 1348 1550 observari,
1385 1511 1486 1551 eaque
1523 1509 1561 1541 de
1595 1510 1689 1541 causa
1724 1507 1779 1540 tibi
1805 1517 1911 1550 nuper

1174 1561 1401 1604 significaverit
1413 1567 1448 1594 ut
1464 1562 1608 1594 eiusdem
1623 1560 1833 1594 alternativae
1848 1570 1912 1592 mo-

1175 1615 1379 1647 derationem
1404 1614 1554 1657 illiusque
1579 1614 1618 1646 ad
1644 1613 1750 1646 officia
1784 1612 1912 1656 provin-

1174 1669 1308 1701 cialatus
1330 1673 1361 1700 et
1385 1667 1591 1700 definitorum
1613 1666 1849 1699 restrictionem
1871 1667 1909 1698 ab

1174 1722 1233 1753 hac
1263 1720 1378 1753 Sancta
1409 1720 1491 1752 Sede
1529 1719 1666 1752 concedi
1700 1729 1908 1762 procurares,

1174 1775 1254 1807 itaut
1278 1774 1316 1806 de
1342 1779 1452 1806 cetero
1488 1774 1527 1806 ad
1558 1773 1703 1816 priorum
1728 1777 1761 1805 et
1784 1772 1910 1815 reliqua

1172 1827 1276 1860 officia
1298 1837 1364 1859 11011
1390 1826 1633 1859 extenderetur:
1659 1825 1754 1858 nobis
1778 1831 1911 1868 propte-

1173 1890 1228 1912 rea
1253 1879 1420 1911 humiliter
1446 1878 1622 1921 supplicari
1651 1877 1754 1911 fecisti
1786 1882 1820 1909 ut
1854 1877 1910 1909 tibi

1173 1933 1212 1965 de
1248 1933 1433 1974 opportuna
1458 1931 1490 1963 in
1527 1930 1715 1973 praemissis
1749 1930 1908 1968 facultate,

1173 1995 1231 2028 per
1265 1995 1359 2027 quam
1399 1984 1560 2026 religiosis
1599 1983 1768 2016 memorati
1804 1982 1908 2016 Caroli

1173 2037 1258 2079 regis
1295 2036 1378 2069 votis
1413 2037 1452 2069 ad
1488 2036 1742 2069 conservandam
1779 2036 1811 2068 in
1846 2035 1910 2069 illis

1172 2090 1304 2123 remotis
1323 2089 1469 2133 partibus
1487 2089 1674 2131 religiosam
1704 2088 1908 2132 disciplinam

1172 2148 1267 2186 atque
1293 2142 1530 2175 observantiam
1550 2141 1760 2174 laudabiliter
1778 2142 1908 2174 tenden-

1173 2197 1258 2228 tibus
1282 2195 1507 2228 obsecundare
1532 2196 1646 2234 valeas,
1674 2194 1845 2237 providere
1868 2195 1907 2227 de

1172 2248 1369 2291 benignitate
1393 2248 1573 2290 apostolica
1598 2248 1817 2290 dignaremur.
1845 2248 1907 2282 Nos

1171 2302 1277 2344 igitur,
1297 2307 1324 2334 te
1350 2300 1481 2344 speciali
1513 2301 1621 2334 favore
1646 2300 1768 2343 gratiae
1797 2311 1908 2344 prose-

1172 2355 1224 2397 qui
1252 2354 1405 2393 volentes,
1434 2359 1464 2386 et
1488 2365 1504 2386 a
1530 2353 1697 2396 quibusvis
1724 2363 1906 2386 excommu-

1172 2407 1357 2446 nicationis,
1399 2405 1625 2449 srmpewionis
1663 2410 1693 2438 et
1729 2405 1904 2445 interdicti,

1172 2460 1309 2503 aliisque
1336 2458 1563 2492 ecclesiasticis
1589 2458 1768 2498 sententiis,
1794 2468 1907 2491 censu-

1207 2573 1219 2600 1
1244 2572 1331 2600 Potius
1351 2573 1409 2607 lege
1428 2581 1517 2605 quum
1537 2580 1584 2608 pro
1604 2580 1677 2605 quae
1696 2572 1734 2605 (n.
1750 2571 1800 2606 τ.).

1911 191 1963 219 An.
1984 190 2012 220 C.
2030 193 2095 221 1678
