2111 3157
794 173 1006 200 INNOCENTIUS
1028 173 1058 196 xi
1083 172 1131 195 rr.
1618 154 1682 188 145
1727 156 1775 189 Λῆ.
1792 161 1820 188 c.
1844 160 1911 188 1679
1926 155 1935 158 ”

1033 231 1046 251 α
1064 230 1085 253 1.
1112 219 1181 251 Non
1205 223 1255 251 est
1279 216 1424 251 illicitum
1449 213 1482 247 in
1507 211 1719 246 sacramentis
1757 222 1816 243 circa
1835 222 1914 248 proba-

17 179 67 208 An.
82 177 112 207 C.
136 177 205 206 ¹679

262 275 278 288 ⁹
537 223 611 258 LIV.

1730 249 1842 269 bilitateuit

44 1024 94 1045 Post
112 1023 201 1044 Alexan-

19 1051 77 1071 utrum
85 1050 119 1070 Vll
128 1056 200 1076 qnam·

18 1078 87 1103 plui-es

51 2020 68 2041 Ε
83 2020 159 2047 quibus
170 2020 207 2039 da-

25 2049 83 2068 mnat
117 2052 208 2073 sequeu-

207 306 425 340 Declarantur
448 304 654 337 scanclalosae
670 307 698 335 et
715 303 749 334 in.
762 302 860 344 praxi
876 311 942 343 per-

251 360 392 392 m'ciosae
408 357 573 400 plurimae
588 355 820 398 propositiones
838 354 871 384 in
889 362 941 394 90-

251 411 360 444 nerali
376 411 619 452 conqreyatione
635 419 691 440 san
706 412 763 439 tae
780 407 944 439 Romanae

253 469 282 497 et
306 463 498 496 universatis
523 460 754 503 Inquisitionis
777 458 888 490 habita
908 458 943 488 in

250 517 378 560 palatio
395 514 565 558 apostolico
584 513 735 545 Vaticano
752 520 859 543 coram
876 519 944 540 san-

253 569 393 601 ctissimo
413 567 542 599 domino
560 569 666 597 nostro
692 563 820 596 dom-ino
844 562 942 594 Inno-

252 621 354 654 centio
371 620 484 651 divino
502 617 703 661 provideuliti
721 617 815 657 Papa
838 615 889 647 XI
907 624 943 645 uc

252 672 518 705 eminentissimis
542 675 570 702 et
585 667 866 701 reverentissimis
890 666 942 697 do-

251 726 352 758 minis
376 725 407 758 S.
436 725 472 757 R.
504 723 540 756 E.
567 721 791 755 cardinalibus
815 721 851 751 in
880 720 943 751 tosti

251 777 415 821 republica
429 776 609 808 christiam?
628 778 737 807 contro
750 773 941 805 haercticam

248 830 445 873 pravitatem
464 827 669 871 qeneralibus
693 825 943 868 inquisitoribus

252 892 273 915 a
292 881 324 915 S.
344 881 421 915 Sede
437 880 623 924 Apostolicci
639 877 823 922 specialiter
845 876 942 919 clepu-

254 935 339 967 tatis.

252 1013 477 1047 Sanctissimus
495 1012 645 1045 dominus
662 1016 774 1043 noster
786 1010 943 1042 Innocen-

145 1076 200 1096 ame
213 1066 274 1099 tius
286 1066 343 1098 PP.
358 1065 396 1098 XI
420 1065 614 1108 praedictus,
641 1064 747 1096 ovium
768 1062 828 1095 sibi
855 1063 945 1094 aDeo

32 1103 184 1129 propositiones

19 1129 107 1150 mmm
131 1128 200 1149 subie-
211 1118 407 1152 creditarum
432 1117 526 1150 saluti
552 1117 664 1149 sedulo
690 1116 890 1155 incumbens,
916 1121 942 1147 et

18 1159 65 1177 ctae
80 1157 134 1175 sunt.

211 1171 339 1204 salubre
364 1180 444 1213 opus
470 1170 504 1202 in
532 1169 741 1211 segregandis
759 1168 862 1200 noxiis
891 1168 948 1200 do-

210 1223 384 1256 ctrinarum
409 1222 536 1265 pascuis
569 1222 608 1254 ab
633 1221 770 1253 innoxiis
801 1231 818 1252 a
847 1220 947 1252 felicis

210 1275 446 1309 recordationis
471 1275 653 1307 Alexandro
678 1273 728 1305 VII
758 1273 948 1315 praedeces-

210 1338 284 1361 sore
319 1338 378 1360 suo
413 1327 601 1359 inchoatum
636 1325 790 1369 prosequi
826 1326 946 1358 volens.

210 1380 365 1424 plurimas
390 1379 627 1422 propositiones
652 1377 769 1420 partim
791 1388 826 1410 ex
848 1377 950 1409 diver-

211 1433 254 1466 sis
279 1433 328 1465 vel
352 1432 444 1465 libris
468 1433 518 1464 vel
551 1431 697 1464 thesibus
730 1441 786 1462 seu
819 1430 948 1472 scriptis

212 1490 391 1527 excerptas,
408 1490 440 1517 et
459 1484 574 1527 partim
599 1484 724 1516 noviter
749 1483 947 1520 adinventas,

213 1538 438 1580 theologorum
456 1537 596 1580 plurium
613 1536 762 1575 examini,
784 1541 815 1568 et
832 1535 951 1568 deindo

213 1589 479 1623 eminentissimis
502 1594 534 1622 et
558 1588 836 1621 reverendissimis
855 1588 953 1621 domi·

211 1643 262 1677 nis
287 1642 507 1676 cardinalibus
532 1648 642 1674 contra
667 1641 864 1673 haereticam
886 1652 955 1683 pra-

212 1697 341 1729 vitatem
367 1695 572 1737 generalibus
604 1694 853 1737 inquisitoribus
885 1694 953 1726 sub-

213 1748 300 1782 iecit.
326 1747 445 1786 Quibus
471 1746 746 1789 propositionibus
779 1746 892 1778 sedulo
923 1752 953 1779 ct

213 1806 362 1834 accurate
377 1800 513 1843 “saepius
539 1799 703 1838 discussis,
720 1800 906 1832 corumdem
925 1810 953 1833 e.

214 1853 522 1887 minentissimorum
539 1853 753 1886 cardinalium
779 1858 810 1886 et
835 1853 953 1885 theolo-

216 1917 328 1950 gorum
353 1906 434 1938 votis
458 1917 520 1949 per
544 1906 751 1939 Sanctitatem
781 1905 877 1938 Suam
905 1917 954 1938 au-

217 1959 305 1998 ditis,
329 1959 416 1992 idem
439 1958 492 1991 SS.
512 1958 547 1991 D.
569 1958 668 1999 N.,re
692 1963 804 2001 postea
828 1964 952 1991 mature

217 2012 438 2051 considerata,
476 2011 589 2044 statuit
624 2016 655 2044 et.
691 2011 865 2044 declaravit
896 2022 954 2054 pro

218 2075 304 2098 nunc
327 2068 489 2108 sequentes
511 2064 745 2106 propositiones
781 2068 809 2096 et
841 2074 955 2096 unom-

219 2127 382 2160 quamquo
406 2117 565 2159 ipsarum,
590 2117 671 2149 sicut
696 2117 812 2155 iacent,
839 2120 872 2148 ut
897 2117 956 2147 mi-

219 2170 348 2203 nimum
374 2174 542 2213 tamquam
561 2169 767 2201 scamtatosas
792 2172 819 2201 et
836 2169 868 2201 in
884 2180 957 2212 pra-

220 2224 257 2256 xi
278 2223 478 2266 perniciosas
503 2233 566 2255 esse
590 2222 794 2255 damnandas
829 2226 856 2254 et
887 2233 958 2265 pro-

223 2275 390 2313 tutandas,
407 2276 490 2307 sicut
515 2286 567 2307 eas
591 2275 727 2307 damnat
751 2279 779 2307 et
794 2275 955 2317 prohibet,

222 2339 287 2361 non
312 2328 483 2360 intendens
509 2333 618 2360 tamen
643 2327 799 2360 Sanctitas
816 2327 877 2360 Sua
901 2338 959 2370 per

224 2382 285 2414 hoc
309 2381 473 2414 decretum
490 2381 568 2413 alias
587 2380 822 2423 propositiones
840 2380 871 2412 in
889 2380 959 2423 ipso

224 2444 289 2467 non
313 2443 494 2476 expressas,
527 2439 558 2466 et
587 2432 752 2466 Sanctitati
777 2432 859 2465 Suae
887 2443 961 2476 quo-

225 2486 402 2520 modolibet
415 2492 446 2519 et
460 2497 496 2519 ex
512 2496 714 2529 quacumque
733 2491 823 2528 parte
838 2486 962 2518 exhibi-

225 2544 275 2573 tas
289 2541 337 2572 vel
352 2539 558 2578 exhibendas,
580 2540 741 2571 ullatenus
759 2539 958 2582 approbare:

308 2601 387 2628 Bull.
408 2600 492 2627 Rom.
512 2615 546 2620 —-
570 2601 628 2630 Vol.
650 2600 726 2627 XIX.
870 2600 902 2627 19

984 272 1187 305 conferendis
1206 270 1294 313 sequi
1312 269 1498 312 opinionem
1516 266 1719 310 probabilem

985 326 1022 357 de
1041 326 1147 358 valore
1166 322 1368 360 sacramenti,
1386 322 1498 354 relicta
1514 319 1639 357 tutiore,
1658 317 1720 350 nisi

985 378 1016 409 id
1041 383 1126 410 vetet
1150 378 1212 415 lex,
1246 374 1416 408 conventio
1453 378 1504 405 aut
1541 371 1721 414 periculum

986 430 1088 472 gravis
1112 430 1218 462 damni
1246 427 1445 461 incurrendi.
1465 426 1545 458 lline
1563 423 1721 457 sententia

986 483 1144 526 probabili
1177 487 1298 515 tantum
1328 480 1484 512 utendum
1513 488 1577 510 non
1612 482 1659 510 est
1689 476 1720 508 in

986 535 1157 567 collatione
1182 533 1344 577 baptismi,
1365 532 1486 565 ordinis
1510 529 1720 564 sacerdotalis

986 594 1039 621 aut
1068 587 1271 630 episcopalis

1030 652 1063 674 11.
1081 640 1296 673 Probabiliter
1320 638 1463 671 existimo
1484 637 1622 670 iudicem
1649 646 1721 677 pos-

986 705 1019 727 se
1037 694 1179 727 iudicare
1202 693 1288 725 iuxta
1301 691 1486 735 opinionem
1501 690 1595 723 etiam
1612 688 1719 721 minus

986 747 1201 790 probabilem.

1029 809 1075 832 111.
1097 798 1279 832 Generatim
1306 797 1381 830 dum
1401 795 1639 839 probabilitate,
1654 794 1720 826 sive

986 851 1159 884 intrinseca
1194 850 1258 883 sive
1294 849 1483 886 extrinseca,
1518 846 1721 890 quantumvis

987 903 1085 942 tenui,
1109 904 1203 937 modo
1228 913 1246 936 a
1268 900 1505 945 probabilitatis
1523 899 1640 932 finibus
1658 909 1722 931 non

987 961 1129 995 exeatur,
1154 954 1264 988 conlisi
1292 954 1410 997 aliquid
1437 953 1572 996 agimus,
1594 962 1724 995 semper

987 1009 1164 1052 prudenter
1189 1008 1326 1050 agimus.

1031 1072 1074 1095 lv.
1097 1061 1144 1094 Ab
1170 1060 1360 1094 infidelitate
1385 1058 1590 1092 excusabitur
1608 1056 1724 1090 infide-

989 1115 1026 1148 lis
1052 1125 1117 1147 non
1141 1114 1276 1147 credens
1299 1114 1411 1146 ductus
1436 1110 1589 1155 opinione
1614 1111 1722 1142 minus

989 1167 1164 1210 probabili.

1033 1231 1062 1252 v.
1091 1221 1137 1252 An
1167 1224 1280 1262 peccet
1314 1218 1498 1252 mortaliter
1529 1217 1582 1260 qui
1619 1221 1724 1248 actum
1737 1245 1782 1265 Dp-

991 1273 1173 1305 dilectionis
1192 1272 1248 1304 Dei
1274 1272 1372 1305 semel
1398 1276 1520 1303 tantum
1539 1270 1571 1302 in
1587 1270 1651 1302 vita
1669 1269 1726 1302 eli-

992 1331 1088 1364 ceret,
1107 1325 1324 1357 condemnare
1343 1334 1408 1356 non
1426 1324 1596 1356 audemus.

1035 1389 1077 1411 vt.
1098 1378 1268 1411 Probabile
1295 1383 1345 1410 est
1375 1387 1415 1409 ne
1440 1375 1576 1419 singulis
1595 1375 1727 1418 quidem

993 1431 1137 1473 rigorose
1175 1429 1409 1473 quinquenniis
1436 1439 1494 1472 per
1523 1439 1555 1461 se
1583 1427 1729 1470 obligare

994 1489 1199 1526 praeceptum
1218 1482 1386 1514 charitatis
1405 1491 1481 1523 erga
1498 1481 1612 1513 Deum.

1036 1545 1090 1568 vu.
1111 1535 1197 1567 Tunc
1217 1536 1320 1567 solum
1340 1534 1464 1576 obligat
1492 1533 1621 1576 quando
1644 1537 1732 1565 tene-

994 1599 1065 1621 mur
1097 1588 1260 1620 iustificari
1287 1593 1318 1620 ct
1346 1597 1410 1620 non
1450 1586 1608 1619 babemus
1637 1585 1730 1619 aliam

994 1642 1073 1674 viam
1090 1652 1152 1684 qua
1169 1640 1334 1673 iustificari
1353 1649 1534 1683 possumus.

1037 1705 1104 1727 viu.
1130 1694 1303 1726 Comcdere
1328 1698 1360 1725 et
1375 1693 1488 1725 bibere
1507 1702 1609 1734 usque
1627 1691 1666 1724 ad
1684 1701 1729 1724 sa·
1745 1691 1918 1718 Tssfflvefanliffl

996 1748 1145 1787 tietatem,
1160 1747 1200 1780 ob
1225 1748 1326 1779 solam
1352 1747 1557 1788 voluptatem,
1585 1754 1649 1776 non
1680 1750 1730 1777 est

995 1806 1176 1843 peccatum,
1212 1799 1307 1831 modo
1335 1809 1399 1831 non
1424 1797 1509 1830 obsit
1537 1797 1731 1837 valetudini,

995 1853 1070 1896 quia
1110 1852 1196 1885 licite
1232 1856 1338 1894 potest
1377 1849 1539 1893 appetitus
1578 1848 1733 1881 naturalis

995 1906 1059 1937 suis
1085 1905 1208 1937 actibus
1235 1903 1308 1936 frui.

1040 1969 1080 1991 tx.
1106 1957 1193 2000 Opus
1220 1955 1359 1998 coniugii
1389 1955 1430 1988 ob
1457 1956 1557 1988 solam
1586 1955 1735 1997 volupta-

997 2016 1059 2043 tcui
1084 2009 1259 2042 exercitum
1291 2007 1377 2041 omni
1403 2007 1533 2050 penitus
1559 2012 1649 2039 caret
1666 2006 1735 2039 eul-

996 2065 1035 2106 pa
1060 2074 1096 2095 ac
1121 2062 1246 2094 defectu
1272 2060 1400 2093 veniali.

1040 2126 1069 2147 x.
1104 2114 1171 2146 Non
1205 2119 1354 2146 tenemur
1381 2110 1563 2155 proximum
1599 2110 1734 2154 diligero

997 2174 1067 2201 actu
1089 2167 1216 2199 interno
1237 2164 1374 2198 formati.

1040 2232 1082 2254 xi.
1102 2220 1277 2262 Praecepto
1302 2218 1481 2261 proximum
1507 2217 1663 2259 diligendi
1689 2227 1738 2250 sa·

999 2275 1145 2307 tissacere
1170 2282 1340 2316 possumus
1365 2280 1424 2314 per
1451 2271 1536 2303 solos
1566 2275 1656 2302 aetus
1686 2280 1738 2303 ex-

1001 2333 1121 2360 ternos.

1042 2390 1098 2413 xil.
1114 2378 1168 2410 vix
1188 2377 1219 2409 in
1236 2376 1455 2410 saecularibus
1472 2375 1616 2408 invenies
1641 2375 1739 2408 etiam

1002 2433 1032 2465 in
1059 2431 1189 2473 regibus
1214 2430 1414 2473 superfluum
1437 2429 1552 2469 statui3
1580 2428 1670 2461 etita
1688 2428 1739 2460 vix

1002 2484 1118 2527 aliquis
1144 2488 1274 2516 tenetur
1299 2483 1337 2515 ad
1364 2484 1613 2524 eleemosynam,
1637 2491 1742 2523 quan·

1003 2538 1042 2571 do
1068 2541 1196 2570 tenetur
1213 2540 1334 2569 tantum
1353 2546 1390 2569 ex
1409 2534 1572 2579 superfluo
1595 2533 1705 2569 statui.

1780 1218 1918 1238 Dilectioncm

1800 2114 1929 2143 >(Araritatem

1745 2146 1840 2168 proximi.
