2111 3157
242 297 291 322 An.
313 294 332 321 C
361 294 426 321 1088

473 285 537 317 828

430 343 503 376 licet
523 342 638 383 cuique
662 343 810 378 nostrum
827 347 844 369 a
861 341 950 369 recto
968 334 1086 367 itinere
1107 344 1165 366 no-

431 395 571 428 tabiliter
591 393 753 425 divertere
778 390 835 432 (a),
862 399 923 422 nec
954 388 985 420 in
1018 386 1165 420 domibus

430 447 568 484 Ordinis,
590 456 649 488 per
674 454 752 487 quas
778 443 862 475 forte
889 441 987 474 debet
1011 439 1162 478 transire,

431 501 515 532 ultra
540 499 621 531 duos
638 497 706 529 dies
723 496 848 538 absque
866 494 963 527 causa
981 491 1164 525 rationabili

429 563 572 586 manere.
592 552 702 590 Porro,
719 554 893 593 postquam
911 546 1089 580 monachus
1110 545 1164 577 ille

429 604 619 649 pervenerit
642 603 681 636 ad
707 603 837 636 domum
862 600 902 633 ad
932 609 1028 642 quam
1059 597 1166 629 mitte-

429 659 532 697 batur,
550 668 615 690 non
640 655 838 689 concedatur
861 653 908 686 illi
928 650 1092 684 recreatio
1117 650 1166 682 ul—

430 716 479 743 tra
504 711 585 743 duos
612 710 680 742 dies
704 719 777 741 cum
802 706 991 740 conditione
1017 702 1165 746 supradi-

429 766 492 796 cta.
533 763 715 796 Laudamus
752 766 859 793 tamen
895 756 1164 791 consuetudinem

429 817 607 856 domorum,
627 816 659 848 in
685 814 801 857 quibus
826 813 875 845 vix
900 811 996 843 unica
1021 809 1089 841 dies
1115 818 1165 840 re-

428 871 601 904 creationis
620 871 715 903 datur
738 867 905 901 monachis
931 865 969 897 ad
995 875 1048 897 eas
1075 873 1165 895 acce-

429 924 582 958 dentibus
600 924 639 956 ad
665 922 900 966 hospitandum
916 928 1006 951 more
1024 916 1164 955 Ordinis,

429 983 483 1010 aut
507 977 581 1010 inde
606 974 847 1009 recedentibus.

471 1042 502 1064 v.
524 1031 618 1064 Nulla
639 1039 779 1073 persona
797 1026 937 1065 Ordinis,
947 1035 991 1058 ex
1012 1032 1165 1066 quacum-

429 1094 490 1127 que
515 1085 608 1116 causa
627 1082 773 1115 mittatur
787 1080 826 1112 ad
843 1078 938 1112 aliam
959 1077 1090 1109 domum
1105 1075 1162 1117 (b),

429 1136 532 1180 possit
555 1145 663 1168 secum
689 1134 825 1172 deferre,
846 1133 895 1164 vel
921 1134 1002 1163 ante*
1018 1139 1052 1162 se
1077 1139 1166 1172 prae-

429 1189 567 1228 mittere,
592 1189 642 1221 vel
667 1187 761 1220 etiam
786 1190 861 1229 post
884 1194 975 1216 suum
999 1192 1163 1215 accessum

429 1243 598 1286 requirere
615 1242 664 1274 vel
681 1239 827 1282 recipere
845 1239 929 1271 ullos
946 1237 1059 1275 libros,
1077 1245 1164 1278 prae-

430 1302 479 1329 ter
509 1294 704 1328 breviarium
729 1298 761 1325 et
791 1291 937 1324 horarias
967 1300 1101 1333 preces,
1134 1294 1166 1321 et

430 1357 528 1379 unum
553 1346 602 1378 vel
627 1346 763 1377 alterum
789 1341 970 1376 devotionis
999 1341 1161 1378 libellum,

431 1409 490 1432 nec
513 1399 577 1431 alia
599 1396 753 1429 utensilia
778 1402 831 1428 aut
849 1395 1051 1433 vestimenta,
1072 1404 1165 1436 prae-

433 1456 481 1484 ter
505 1461 542 1484 ea
567 1460 650 1493 quae
675 1448 845 1481 actualiter
880 1447 1024 1489 portabit
1049 1446 1080 1477 in
1106 1456 1164 1478 suo

431 1513 582 1546 corpore.
609 1502 653 1534 lta
679 1506 793 1541 tamen,
815 1500 901 1542 quod
915 1495 987 1532 ¹non
1013 1499 1113 1541 possit
1138 1509 1166 1531 e-

432 1556 557 1588 iusdem
583 1554 703 1598 speciei
729 1553 872 1595 duplicia
902 1552 1094 1584 indumenta
1119 1562 1167 1583 se-

432 1620 504 1642 cum
528 1614 667 1653 portare,
689 1607 750 1639 nisi
767 1607 827 1638 iter
844 1606 884 1638 sit
901 1606 1075 1637 multorum
1100 1605 1167 1637 die-

432 1673 515 1701 rum,
540 1666 617 1694 tunc
642 1659 727 1693 enim
752 1659 831 1691 duas
857 1658 1026 1691 tunicellas
1056 1668 1166 1690 secum

434 1715 562 1748 deferre
587 1712 720 1756 poterit.
754 1712 816 1744 Sed
843 1712 974 1751 domus,
1002 1711 1041 1743 ad
1074 1722 1167 1754 quam

433 1767 567 1808 accedit,
592 1770 742 1801 teneatur
761 1764 827 1797 suis
849 1764 999 1807 expensis
1024 1764 1071 1797 illi
1096 1775 1169 1807 pro-

434 1821 545 1854 videre
563 1821 602 1853 de
621 1819 691 1852 aliis
708 1818 898 1851 necessariis
923 1818 1015 1851 libris
1034 1824 1065 1851 et
1080 1823 1170 1851 uten-

435 1874 548 1907 silibus
567 1878 597 1905 et
614 1871 823 1910 vestimentis,
839 1871 1015 1903 secundum
1033 1871 1169 1903 formam

437 1932 649 1966 statutorum,
682 1923 836 1968 quamdiu
862 1924 894 1956 in
929 1925 966 1956 ea
1001 1924 1169 1957 manebit:

437 1981 499 2014 nisi
532 1980 586 2023 qui
619 1978 755 2011 mittitur
785 1978 827 2010 sit
859 1988 998 2020 persona
1023 1977 1170 2017 inutilis;

438 2040 514 2068 tunc
534 2033 619 2066 enim
643 2030 869 2075 providebitur
885 2030 931 2063 illi
954 2031 1104 2073 expensis
1123 2031 1174 2063 d'o-

438 2098 508 2121 mus
533 2096 608 2119 suae
633 2084 857 2128 professionis.

483 2150 526 2173 vt.
554 2139 614 2172 Per
638 2147 813 2181 personam
845 2146 919 2169 vero
950 2136 1098 2169 inutilem
1122 2137 1175 2169 hic

441 2192 653 2234 intelligimus
677 2200 760 2228 eum,
787 2189 840 2232 qui
866 2199 925 2231 pro
950 2191 1067 2231 magna
1086 2194 1175 2232 parte

442 2257 507 2280 non
533 2249 639 2288 potest
664 2243 753 2286 sequi
771 2248 977 2281 conventum,
997 2247 1029 2275 et
1046 2243 1101 2286 qui
1123 2243 1177 2275 ha-

443 2299 500 2333 bet
522 2303 718 2341 perpetuum
749 2297 799 2329 vel
830 2296 1017 2328 diuturnum
1042 2295 1179 2338 impedi-

446 2356 589 2385 mentum
614 2350 653 2383 ad
669 2349 913 2382 celebrandum.
933 2348 1034 2381 Porro
1052 2348 1178 2391 priores

448 2405 480 2437 in
513 2404 597 2437 victu
630 2408 662 2435 et
692 2402 805 2435 vestitu
837 2407 868 2434 et
895 2401 967 2434 aliis
990 2401 1181 2433 necessariis

449 2467 552 2500 aeque
576 2455 766 2499 provideant
795 2454 980 2498 hospitibus
1004 2458 1039 2486 ut
1062 2453 1182 2497 profes-

486 2544 516 2578 a)
535 2543 601 2569 Vide
620 2542 816 2569 ordinationem
843 2541 907 2568 anni
933 2547 1057 2568 uncxxvu
1083 2540 1109 2567 in
1132 2540 1184 2567 sine

452 2587 530 2614 huius
550 2586 659 2621 capituli
675 2587 732 2612 Pro
747 2586 890 2613 exactiori
904 2585 1096 2616 observantia,
1114 2588 1166 2611 etc.

488 2632 514 2657 bi
535 2629 598 2656 Vide
617 2629 812 2656 ordinationem
832 2630 893 2655 anni
913 2635 984 2657 uncti
998 2629 1026 2656 in
1041 2629 1094 2656 line
1108 2627 1185 2655 huius

455 2674 562 2712 capituli
580 2674 715 2702 Servetur
730 2682 810 2699 mun.
829 2681 854 2707 v,
871 2676 922 2700 ete.

1013 286 1190 310 BULLARIUM
1215 266 1364 310 [tottANUiu

1207 333 1260 366 sis.
1296 333 1359 377 Ipsi
1395 343 1527 376 quoque
1563 333 1710 377 hospites
1745 336 1943 369 tenebuntur

1207 386 1370 429 prioribus
1394 391 1427 419 et
1453 386 1570 419 ceteris
1596 387 1787 421 officialibus
1812 388 1859 431 (a)
1882 388 1942 421 ibi-

1207 437 1278 471 de'm
1304 448 1363 481 per
1387 438 1495 471 omnia
1516 439 1650 472 obedire
1674 446 1710 472 ut
1733 441 1881 484 professi.

1250 501 1307 525 vn.
1334 492 1608 535 Quotiescumque
1633 493 1741 536 aliqua
1758 494 1872 527 domus
1887 505 1940 538 pe-

1208 544 1244 576 tit
1267 545 1407 588 aliquem
1431 545 1469 577 ad
1495 554 1529 578 se
1547 545 1640 586 mitti,
1658 551 1712 579 aut
1728 547 1767 580 ad
1785 557 1855 580 eam
1871 548 1943 581 mit-

1208 598 1284 631 titur
1301 598 1417 641 aliquis
1434 608 1494 642 pro
1511 598 1673 632 iuvamine
1691 599 1801 642 ipsius,
1817 601 1942 634 etiamsi

1207 652 1320 684 domus
1352 652 1444 684 illum
1480 661 1547 684 non
1582 657 1685 695 petat,
1719 653 1791 687 talis
1826 654 1942 687 domus

1208 709 1335 737 tenetur
1355 705 1394 737 ad
1420 714 1580 747 expensas
1612 705 1682 738 eius
1712 706 1849 747 itineris,
1878 712 1944 740 tam
1970 714 1974 715 ⁷

1206 757 1238 790 in
1256 758 1441 790 accedendo
1460 758 1497 790 ad
1516 768 1586 790 eam
1604 769 1698 801 quam
1712 759 1745 792 in
1759 760 1942 793 recedendo

1207 811 1245 842 ab
1278 812 1334 843 ea:
1368 810 1429 843 nisi
1461 811 1594 843 recedat
1626 812 1665 844 ad
1690 811 1785 845 aliam
1811 812 1943 846 domurn

1206 874 1264 907 pro
1290 864 1391 907 ipsius
1416 864 1584 904 iuvamine‚
1607 871 1662 897 aut
1687 871 1837 908 petatur:
1864 866 1943 899 alias

1207 916 1239 949 in
1264 917 1416 949 omnibus
1433 917 1504 950 aliis
1521 917 1657 957 casibus,
1676 923 1805 951 tenetur
1828 919 1943 952 domus

1207 969 1433 1012 professionis.
1453 969 1492 1001 Ut
1515 974 1622 1002 autem
1642 976 1796 1013 appareat
1812 971 1942 1014 quando

1208 1021 1279 1064 quis
1310 1021 1450 1054 mittitur
1483 1022 1522 1054 ad
1557 1022 1684 1055 domum
1715 1023 1857 1066 aliquam
1883 1034 1942 1066 pro

1207 1074 1309 1117 ipsius
1346 1074 1529 1114 iuvaminc,
1556 1075 1654 1108 debet
1683 1075 1770 1108 istud
1806 1076 1943 1120 exprimi

1208 1127 1272 1160 sive
1298 1127 1330 1160 in
1355 1128 1441 1159 carta
1472 1126 1606 1170 capituli
1637 1127 1702 1160 sive
1734 1128 1767 1160 in
1798 1128 1868 1161 eius
1905 1129 1944 1163 li-

1207 1180 1312 1212 centia
1336 1179 1469 1222 speciali
1495 1190 1553 1222 per
1577 1190 1673 1223 quam
1698 1180 1770 1213 talis
1794 1181 1941 1214 mittitur.

1251 1243 1319 1265 vin.
1342 1232 1373 1265 Si
1400 1232 1471 1275 quis
1496 1232 1535 1264 ad
1561 1233 1703 1276 aliquam
1721 1233 1850 1267 domum
1869 1235 1945 1267 mis-

1207 1296 1261 1318 sus
1285 1286 1324 1318 ad
1359 1285 1610 1328 hospitandum,
1637 1286 1756 1319 habeat
1780 1287 1944 1321 residuum

1208 1338 1283 1381 quid
1311 1349 1347 1371 ex
1372 1338 1519 1381 pecuniis
1545 1338 1606 1370 sibi
1631 1338 1715 1371 datis
1731 1350 1793 1383 pro
1811 1340 1942 1380 viatico,

1207 1390 1287 1423 illud
1312 1390 1481 1433 consignet
1505 1390 1538 1422 in
1563 1401 1676 1423 manus
1702 1392 1917 1434 praesidentis
1933 1419 1941 1433 ,

1208 1444 1260 1487 qui
1293 1444 1373 1476 illud
1405 1444 1556 1476 refundet
1584 1444 1694 1477 domui
1719 1455 1737 1477 a
1761 1456 1823 1488 qua
1848 1456 1946 1488 pecu-

1208 1498 1293 1529 niam
1318 1496 1406 1529 illam
1435 1496 1570 1538 accepit.
1596 1496 1730 1535 Quando
1756 1508 1830 1531 vero
1861 1498 1941 1531 sim-

1208 1552 1280 1594 plex
1295 1551 1475 1583 inonachus
1492 1549 1630 1583 mittitur
1645 1551 1683 1583 ad
1696 1551 1792 1584 aliam
1803 1551 1944 1592 domum,

1186 1643 1193 1652 ‚
1209 1605 1241 1636 in
1263 1604 1397 1636 arbitrio
1413 1604 1455 1635 sit
1472 1603 1590 1646 prioris
1612 1604 1783 1646 pecuniam
1800 1615 1860 1648 pro
1877 1606 1946 1638 eius

1209 1657 1323 1690 viatico
1341 1656 1388 1689 illi
1406 1657 1455 1689 vel
1473 1656 1592 1689 famulo
1617 1656 1723 1690 tideli¹
1745 1663 1777 1690 et
1793 1658 1943 1699 honesto,

1211 1710 1264 1754 qui
1289 1721 1361 1743 eum
1383 1709 1530 1749 deducat,
1551 1710 1767 1743 committere.

1255 1774 1295 1797 ix.
1324 1763 1519 1795 Damnamus
1555 1767 1717 1806 tamquam
1746 1764 1946 1798 contrarium

1211 1826 1306 1849 verae
1327 1813 1509 1858 paupertati
1534 1819 1566 1846 et
1586 1815 1749 1848 honestati
1769 1815 1946 1859 religionis,

1213 1870 1300 1913 quod
1313 1878 1472 1912 personae
1484 1867 1622 1908 Ordinis,
1638 1869 1715 1902 alibi
1730 1874 1819 1903 extra
1832 1871 1947 1904 domos

1213 1935 1288 1957 suae
1318 1922 1533 1966 professionis
1562 1922 1777 1964 hospitantes,
1807 1923 1948 1967 aliquam

1214 1990 1231 2011 a
1256 1978 1364 2015 domo,
1390 1974 1423 2007 in
1449 1985 1513 2018 qua
1537 1975 1758 2018 hospitantur,
1784 1976 1951 2009 lucrentur

1215 2030 1396 2075 pecuniam,
1416 2034 1447 2061 et
1463 2028 1595 2061 omnino
1615 2029 1828 2072 prohibemus
1854 2030 1950 2063 talem

1217 2092 1450 2127 quamcumque
1476 2081 1660 2124 pecuniam,
1678 2082 1735 2114 sub
1755 2085 1861 2125 poena
1877 2093 1952 2126 pro-

1218 2135 1363 2180 prietatis
1395 2134 1503 2177 quoad
1528 2133 1744 2177 accipientes,
1770 2139 1801 2168 et
1824 2135 1953 2168 absolu-

1219 2189 1314 2223 tionis
1338 2200 1356 2221 a
1380 2187 1444 2220 suis
1467 2186 1580 2220 officiis
1597 2187 1703 2229 quoad
1722 2188 1845 2221 dantes.
1864 2188 1902 2221 Et
1926 2188 1952 2221 si

1219 2252 1300 2285 quae
1325 2251 1361 2273 ex
1388 2238 1575 2272 huiusmodi
1593 2239 1690 2272 lucris
1716 2240 1865 2283 deposita
1888 2250 1954 2274 ser-

1219 2299 1346 2333 ventur,
1366 2291 1588 2325 visitatoribus
1612 2291 1809 2334 iniungimus
1835 2292 1954 2325 virtute

1221 2352 1351 2380 sanctae
1375 2345 1589 2383 obedientiae,
1610 2349 1645 2377 ut
1668 2345 1866 2388 pauperibus
1891 2345 1956 2378 dis-

1224 2400 1415 2438 tribuantur,
1440 2398 1489 2431 vel
1515 2397 1621 2441 parvis
1648 2397 1798 2431 domibus
1826 2397 1955 2431 Ordinis

1224 2451 1458 2494 indigentibus.

1260 2540 1292 2574 a)
1313 2539 1340 2566 ld
1361 2539 1459 2566 dicitur
1477 2547 1525 2574 pro
1549 2538 1686 2566 conversis
1704 2541 1732 2566 et
1754 2538 1876 2571 donatis;
1896 2547 1959 2566 nam

1226 2583 1351 2610 monachi
1370 2583 1453 2619 priori
1472 2586 1576 2610 tantum
1595 2587 1640 2610 aut
1659 2583 1758 2611 vicario
1777 2582 1879 2611 debent
1895 2582 1960 2611 ohe·

1227 2628 1367 2655 dieutiam.

1264 2674 1273 2699 1
1298 2672 1366 2699 Edit.
1388 2671 1466 2699 Main.
1487 2671 1551 2708 legit
1569 2672 1637 2708 fidei
1656 2672 1695 2705 (n.
1714 2671 1765 2702 Tu).

1948 286 1995 313 Au.
2018 288 2045 316 C.
2063 289 2111 317 1682
