<?xml version="1.0" encoding="UTF-8"?>
<!DOCTYPE html PUBLIC "-//W3C//DTD XHTML 1.0 Transitional//EN"
    "http://www.w3.org/TR/xhtml1/DTD/xhtml1-transitional.dtd">
<html xmlns="http://www.w3.org/1999/xhtml" xml:lang="en" lang="en">
 <head>
  <title>
</title>
<meta http-equiv="Content-Type" content="text/html;charset=utf-8" />
  <meta name='ocr-system' content='tesseract 3.04.00' />
  <meta name='ocr-capabilities' content='ocr_page ocr_carea ocr_par ocr_line ocrx_word'/>
</head>
<body>
  <div class='ocr_page' id='page_1' title='image "./bullarumdiplomat19cath_0146.png"; bbox 0 0 2111 3157; ppageno 0'>
   <div class='ocr_carea' id='block_1_1' title="bbox 199 195 491 232">
    <p class='ocr_par' dir='ltr' id='par_1_1' title="bbox 199 195 491 232">
     <span class='ocr_line' id='line_1_1' title="bbox 199 195 491 232; baseline 0.003 -3"><span class='ocrx_word' id='word_1_1' title='bbox 199 203 246 230; x_wconf 75' lang='lat' dir='ltr'>An.</span> <span class='ocrx_word' id='word_1_2' title='bbox 268 203 297 230; x_wconf 68' lang='lat' dir='ltr'>c,</span> <span class='ocrx_word' id='word_1_3' title='bbox 317 204 384 232; x_wconf 64' lang='lat' dir='ltr'>iore</span> <span class='ocrx_word' id='word_1_4' title='bbox 428 195 491 230; x_wconf 70' lang='lat'>112</span> 
     </span>
    </p>
   </div>
   <div class='ocr_carea' id='block_1_2' title="bbox 180 1982 347 1999">
    <p class='ocr_par' dir='ltr' id='par_1_2' title="bbox 180 1982 347 1999">
     <span class='ocr_line' id='line_1_2' title="bbox 180 1982 347 1999; baseline 0.018 -3"><span class='ocrx_word' id='word_1_5' title='bbox 180 1982 347 1999; x_wconf 61' lang='lat' dir='ltr'>lss[*t¹1Dl-sst·¹lll*·</span> 
     </span>
    </p>
   </div>
   <div class='ocr_carea' id='block_1_3' title="bbox 370 253 1124 2558">
    <p class='ocr_par' dir='ltr' id='par_1_3' title="bbox 375 253 1124 1930">
     <span class='ocr_line' id='line_1_3' title="bbox 390 253 1124 288; baseline -0.001 -2"><span class='ocrx_word' id='word_1_6' title='bbox 390 254 493 287; x_wconf 86' lang='lat' dir='ltr'>ritatis</span> <span class='ocrx_word' id='word_1_7' title='bbox 517 254 720 288; x_wconf 78' lang='lat' dir='ltr'>incendatur.</span> <span class='ocrx_word' id='word_1_8' title='bbox 756 254 871 287; x_wconf 84' lang='lat' dir='ltr'>Sancta</span> <span class='ocrx_word' id='word_1_9' title='bbox 896 263 973 286; x_wconf 88' lang='lat' dir='ltr'>vcro</span> <span class='ocrx_word' id='word_1_10' title='bbox 1005 258 1037 286; x_wconf 89' lang='lat' dir='ltr'>et</span> <span class='ocrx_word' id='word_1_11' title='bbox 1068 253 1124 286; x_wconf 93' lang='lat' dir='ltr'>im-</span> 
     </span>
     <span class='ocr_line' id='line_1_4' title="bbox 390 306 1123 350; baseline -0.001 -11"><span class='ocrx_word' id='word_1_12' title='bbox 390 309 554 346; x_wconf 75' lang='lat' dir='ltr'>maculata,</span> <span class='ocrx_word' id='word_1_13' title='bbox 574 318 668 350; x_wconf 85' lang='lat' dir='ltr'>quam</span> <span class='ocrx_word' id='word_1_14' title='bbox 695 307 807 339; x_wconf 83' lang='lat' dir='ltr'>Pastor</span> <span class='ocrx_word' id='word_1_15' title='bbox 827 306 911 349; x_wconf 87' lang='lat' dir='ltr'>ipse,</span> <span class='ocrx_word' id='word_1_16' title='bbox 931 306 1123 339; x_wconf 80' lang='lat' dir='ltr'>adveniente</span> 
     </span>
     <span class='ocr_line' id='line_1_5' title="bbox 390 358 1123 402; baseline 0.001 -12"><span class='ocrx_word' id='word_1_17' title='bbox 390 359 545 402; x_wconf 76' lang='lat' dir='ltr'>temporis</span> <span class='ocrx_word' id='word_1_18' title='bbox 562 359 778 402; x_wconf 86' lang='lat' dir='ltr'>plenitudine,</span> <span class='ocrx_word' id='word_1_19' title='bbox 795 359 863 392; x_wconf 88' lang='lat' dir='ltr'>eius</span> <span class='ocrx_word' id='word_1_20' title='bbox 874 358 1038 401; x_wconf 82' lang='lat' dir='ltr'>Unigeniti</span> <span class='ocrx_word' id='word_1_21' title='bbox 1057 359 1123 401; x_wconf 82' lang='lat' dir='ltr'>glo-</span> 
     </span>
     <span class='ocr_line' id='line_1_6' title="bbox 390 411 1121 454; baseline 0.001 -12"><span class='ocrx_word' id='word_1_22' title='bbox 390 411 556 444; x_wconf 86' lang='lat' dir='ltr'>riosissimi</span> <span class='ocrx_word' id='word_1_23' title='bbox 581 412 767 454; x_wconf 78' lang='lat' dir='ltr'>aspersione</span> <span class='ocrx_word' id='word_1_24' title='bbox 792 412 959 454; x_wconf 81' lang='lat' dir='ltr'>sanguinis</span> <span class='ocrx_word' id='word_1_25' title='bbox 984 411 1121 451; x_wconf 80' lang='lat' dir='ltr'>fundari,</span> 
     </span>
     <span class='ocr_line' id='line_1_7' title="bbox 389 464 1122 498; baseline 0 -2"><span class='ocrx_word' id='word_1_26' title='bbox 389 464 572 497; x_wconf 83' lang='lat' dir='ltr'>consecrari</span> <span class='ocrx_word' id='word_1_27' title='bbox 599 470 630 497; x_wconf 89' lang='lat' dir='ltr'>et</span> <span class='ocrx_word' id='word_1_28' title='bbox 653 465 860 498; x_wconf 75' lang='lat' dir='ltr'>aeternaliter</span> <span class='ocrx_word' id='word_1_29' title='bbox 885 464 1028 497; x_wconf 82' lang='lat' dir='ltr'>stabilire</span> <span class='ocrx_word' id='word_1_30' title='bbox 1053 473 1122 497; x_wconf 87' lang='lat' dir='ltr'>cen·</span> 
     </span>
     <span class='ocr_line' id='line_1_8' title="bbox 387 517 1122 560; baseline 0.001 -12"><span class='ocrx_word' id='word_1_31' title='bbox 387 517 461 556; x_wconf 88' lang='lat' dir='ltr'>suit,</span> <span class='ocrx_word' id='word_1_32' title='bbox 485 517 642 557; x_wconf 84' lang='lat' dir='ltr'>Ecclesia,</span> <span class='ocrx_word' id='word_1_33' title='bbox 669 517 751 560; x_wconf 83' lang='lat' dir='ltr'>ignis</span> <span class='ocrx_word' id='word_1_34' title='bbox 777 528 835 550; x_wconf 86' lang='lat' dir='ltr'>seu</span> <span class='ocrx_word' id='word_1_35' title='bbox 867 518 950 550; x_wconf 86' lang='lat' dir='ltr'>sacri</span> <span class='ocrx_word' id='word_1_36' title='bbox 982 517 1122 550; x_wconf 82' lang='lat' dir='ltr'>flaminis</span> 
     </span>
     <span class='ocr_line' id='line_1_9' title="bbox 388 570 1121 614; baseline 0.001 -13"><span class='ocrx_word' id='word_1_37' title='bbox 388 570 564 612; x_wconf 73' lang='lat' dir='ltr'>splendore</span> <span class='ocrx_word' id='word_1_38' title='bbox 589 570 712 610; x_wconf 81' lang='lat' dir='ltr'>induta,</span> <span class='ocrx_word' id='word_1_39' title='bbox 737 581 818 614; x_wconf 88' lang='lat' dir='ltr'>quos</span> <span class='ocrx_word' id='word_1_40' title='bbox 854 571 1058 613; x_wconf 74' lang='lat' dir='ltr'>regeneravit</span> <span class='ocrx_word' id='word_1_41' title='bbox 1089 570 1121 602; x_wconf 92' lang='lat' dir='ltr'>in</span> 
     </span>
     <span class='ocr_line' id='line_1_10' title="bbox 387 621 1120 665; baseline 0.001 -11"><span class='ocrx_word' id='word_1_42' title='bbox 387 621 528 661; x_wconf 81' lang='lat' dir='ltr'>Christo,</span> <span class='ocrx_word' id='word_1_43' title='bbox 555 622 656 665; x_wconf 81' lang='lat' dir='ltr'>ipsius</span> <span class='ocrx_word' id='word_1_44' title='bbox 681 623 845 655; x_wconf 85' lang='lat' dir='ltr'>charitatis</span> <span class='ocrx_word' id='word_1_45' title='bbox 870 633 952 656; x_wconf 88' lang='lat' dir='ltr'>nexu</span> <span class='ocrx_word' id='word_1_46' title='bbox 977 628 1009 655; x_wconf 85' lang='lat' dir='ltr'>et</span> <span class='ocrx_word' id='word_1_47' title='bbox 1033 633 1120 656; x_wconf 90' lang='lat' dir='ltr'>com-</span> 
     </span>
     <span class='ocr_line' id='line_1_11' title="bbox 386 675 1121 719; baseline 0.001 -12"><span class='ocrx_word' id='word_1_48' title='bbox 386 686 469 717; x_wconf 77' lang='lat' dir='ltr'>page</span> <span class='ocrx_word' id='word_1_49' title='bbox 494 675 606 708; x_wconf 72' lang='lat' dir='ltr'>fideles</span> <span class='ocrx_word' id='word_1_50' title='bbox 624 676 754 719; x_wconf 76' lang='lat' dir='ltr'>stringit</span> <span class='ocrx_word' id='word_1_51' title='bbox 774 676 950 716; x_wconf 87' lang='lat' dir='ltr'>universos,</span> <span class='ocrx_word' id='word_1_52' title='bbox 966 681 998 709; x_wconf 87' lang='lat' dir='ltr'>et</span> <span class='ocrx_word' id='word_1_53' title='bbox 1018 677 1121 709; x_wconf 84' lang='lat' dir='ltr'>eccle-</span> 
     </span>
     <span class='ocr_line' id='line_1_12' title="bbox 387 728 1119 772; baseline 0.001 -12"><span class='ocrx_word' id='word_1_54' title='bbox 387 728 449 760; x_wconf 86' lang='lat' dir='ltr'>sias</span> <span class='ocrx_word' id='word_1_55' title='bbox 476 738 547 760; x_wconf 85' lang='lat' dir='ltr'>suas</span> <span class='ocrx_word' id='word_1_56' title='bbox 572 729 650 761; x_wconf 80' lang='lat' dir='ltr'>alias</span> <span class='ocrx_word' id='word_1_57' title='bbox 671 735 833 772; x_wconf 79' lang='lat' dir='ltr'>tamquam</span> <span class='ocrx_word' id='word_1_58' title='bbox 861 729 1119 762; x_wconf 82' lang='lat' dir='ltr'>adolescentulas</span> 
     </span>
     <span class='ocr_line' id='line_1_13' title="bbox 386 781 1120 823; baseline 0 -10"><span class='ocrx_word' id='word_1_59' title='bbox 386 781 469 823; x_wconf 80' lang='lat' dir='ltr'>ignis</span> <span class='ocrx_word' id='word_1_60' title='bbox 495 782 639 815; x_wconf 80' lang='lat' dir='ltr'>eiusdem</span> <span class='ocrx_word' id='word_1_61' title='bbox 665 783 816 814; x_wconf 78' lang='lat' dir='ltr'>confovet</span> <span class='ocrx_word' id='word_1_62' title='bbox 840 782 1009 815; x_wconf 83' lang='lat' dir='ltr'>ardoribus</span> <span class='ocrx_word' id='word_1_63' title='bbox 1034 787 1065 815; x_wconf 90' lang='lat' dir='ltr'>et</span> <span class='ocrx_word' id='word_1_64' title='bbox 1087 782 1120 813; x_wconf 78' lang='lat' dir='ltr'>n-</span> 
     </span>
     <span class='ocr_line' id='line_1_14' title="bbox 385 833 1119 877; baseline 0.003 -12"><span class='ocrx_word' id='word_1_65' title='bbox 385 833 452 865; x_wconf 84' lang='lat' dir='ltr'>bris</span> <span class='ocrx_word' id='word_1_66' title='bbox 468 840 603 866; x_wconf 75' lang='lat' dir='ltr'>exornat</span> <span class='ocrx_word' id='word_1_67' title='bbox 615 834 793 866; x_wconf 77' lang='lat' dir='ltr'>eharitatis.</span> <span class='ocrx_word' id='word_1_68' title='bbox 818 834 880 867; x_wconf 83' lang='lat' dir='ltr'>Nos</span> <span class='ocrx_word' id='word_1_69' title='bbox 897 834 1016 877; x_wconf 88' lang='lat' dir='ltr'>itaque,</span> <span class='ocrx_word' id='word_1_70' title='bbox 1035 834 1119 867; x_wconf 88' lang='lat' dir='ltr'>illius</span> 
     </span>
     <span class='ocr_line' id='line_1_15' title="bbox 386 886 1119 929; baseline 0.001 -12"><span class='ocrx_word' id='word_1_71' title='bbox 386 886 499 918; x_wconf 90' lang='lat' dir='ltr'>summi</span> <span class='ocrx_word' id='word_1_72' title='bbox 525 886 702 919; x_wconf 69' lang='lat' dir='ltr'>directione</span> <span class='ocrx_word' id='word_1_73' title='bbox 727 886 881 926; x_wconf 64' lang='lat' dir='ltr'>Pastoris,</span> <span class='ocrx_word' id='word_1_74' title='bbox 902 887 957 929; x_wconf 90' lang='lat' dir='ltr'>qui</span> <span class='ocrx_word' id='word_1_75' title='bbox 975 887 1119 919; x_wconf 47' lang='lat' dir='ltr'>ecclsia-</span> 
     </span>
     <span class='ocr_line' id='line_1_16' title="bbox 384 939 1120 971; baseline 0.001 -1"><span class='ocrx_word' id='word_1_76' title='bbox 384 948 456 970; x_wconf 88' lang='lat' dir='ltr'>rum</span> <span class='ocrx_word' id='word_1_77' title='bbox 482 944 513 971; x_wconf 91' lang='lat' dir='ltr'>et</span> <span class='ocrx_word' id='word_1_78' title='bbox 538 939 680 971; x_wconf 76' lang='lat' dir='ltr'>fidelium</span> <span class='ocrx_word' id='word_1_79' title='bbox 711 939 856 971; x_wconf 90' lang='lat' dir='ltr'>omnium</span> <span class='ocrx_word' id='word_1_80' title='bbox 881 944 1009 971; x_wconf 83' lang='lat' dir='ltr'>nostrae</span> <span class='ocrx_word' id='word_1_81' title='bbox 1035 950 1120 971; x_wconf 83' lang='lat' dir='ltr'>com-</span> 
     </span>
     <span class='ocr_line' id='line_1_17' title="bbox 385 991 1119 1035; baseline 0.001 -12"><span class='ocrx_word' id='word_1_82' title='bbox 385 991 730 1024; x_wconf 79' lang='lat' dir='ltr'>misitinsusficientine</span> <span class='ocrx_word' id='word_1_83' title='bbox 751 1002 872 1031; x_wconf 84' lang='lat' dir='ltr'>curam,</span> <span class='ocrx_word' id='word_1_84' title='bbox 890 1002 1024 1035; x_wconf 83' lang='lat' dir='ltr'>nosque,</span> <span class='ocrx_word' id='word_1_85' title='bbox 1044 993 1119 1025; x_wconf 89' lang='lat' dir='ltr'>licet</span> 
     </span>
     <span class='ocr_line' id='line_1_18' title="bbox 384 1043 1118 1087; baseline 0.003 -12"><span class='ocrx_word' id='word_1_86' title='bbox 384 1043 576 1083; x_wconf 86' lang='lat' dir='ltr'>immeritos,</span> <span class='ocrx_word' id='word_1_87' title='bbox 602 1044 632 1075; x_wconf 92' lang='lat' dir='ltr'>in</span> <span class='ocrx_word' id='word_1_88' title='bbox 659 1044 759 1087; x_wconf 86' lang='lat' dir='ltr'>ipsius</span> <span class='ocrx_word' id='word_1_89' title='bbox 784 1044 903 1077; x_wconf 88' lang='lat' dir='ltr'>montis</span> <span class='ocrx_word' id='word_1_90' title='bbox 936 1045 1054 1078; x_wconf 81' lang='lat' dir='ltr'>vertice</span> <span class='ocrx_word' id='word_1_91' title='bbox 1080 1045 1118 1077; x_wconf 88' lang='lat' dir='ltr'>ad</span> 
     </span>
     <span class='ocr_line' id='line_1_19' title="bbox 384 1097 1119 1141; baseline 0.003 -13"><span class='ocrx_word' id='word_1_92' title='bbox 384 1106 543 1128; x_wconf 82' lang='lat' dir='ltr'>summum</span> <span class='ocrx_word' id='word_1_93' title='bbox 561 1097 734 1129; x_wconf 79' lang='lat' dir='ltr'>sacerdotii</span> <span class='ocrx_word' id='word_1_94' title='bbox 750 1097 951 1141; x_wconf 70' lang='lat' dir='ltr'>pontificium</span> <span class='ocrx_word' id='word_1_95' title='bbox 969 1108 1119 1130; x_wconf 88' lang='lat' dir='ltr'>conscen-</span> 
     </span>
     <span class='ocr_line' id='line_1_20' title="bbox 385 1149 1120 1188; baseline 0.004 -7"><span class='ocrx_word' id='word_1_96' title='bbox 385 1149 459 1181; x_wconf 84' lang='lat' dir='ltr'>dere</span> <span class='ocrx_word' id='word_1_97' title='bbox 484 1150 596 1188; x_wconf 81' lang='lat' dir='ltr'>voluit,</span> <span class='ocrx_word' id='word_1_98' title='bbox 622 1150 806 1183; x_wconf 86' lang='lat' dir='ltr'>huiusmodi</span> <span class='ocrx_word' id='word_1_99' title='bbox 842 1150 989 1183; x_wconf 82' lang='lat' dir='ltr'>instructi</span> <span class='ocrx_word' id='word_1_100' title='bbox 1023 1151 1120 1184; x_wconf 90' lang='lat' dir='ltr'>docu-</span> 
     </span>
     <span class='ocr_line' id='line_1_21' title="bbox 384 1201 1120 1246; baseline 0.004 -13"><span class='ocrx_word' id='word_1_101' title='bbox 384 1201 512 1241; x_wconf 81' lang='lat' dir='ltr'>mentiS,</span> <span class='ocrx_word' id='word_1_102' title='bbox 529 1202 655 1234; x_wconf 81' lang='lat' dir='ltr'>easdem</span> <span class='ocrx_word' id='word_1_103' title='bbox 675 1203 839 1242; x_wconf 72' lang='lat' dir='ltr'>eeclesias,</span> <span class='ocrx_word' id='word_1_104' title='bbox 856 1213 1032 1246; x_wconf 86' lang='lat' dir='ltr'>earumque</span> <span class='ocrx_word' id='word_1_105' title='bbox 1050 1214 1120 1246; x_wconf 90' lang='lat' dir='ltr'>pas-</span> 
     </span>
     <span class='ocr_line' id='line_1_22' title="bbox 384 1254 1117 1297; baseline 0.003 -10"><span class='ocrx_word' id='word_1_106' title='bbox 384 1260 481 1294; x_wconf 84' lang='lat' dir='ltr'>tores,</span> <span class='ocrx_word' id='word_1_107' title='bbox 508 1254 540 1286; x_wconf 89' lang='lat' dir='ltr'>in</span> <span class='ocrx_word' id='word_1_108' title='bbox 575 1260 699 1297; x_wconf 85' lang='lat' dir='ltr'>partem</span> <span class='ocrx_word' id='word_1_109' title='bbox 729 1255 958 1288; x_wconf 81' lang='lat' dir='ltr'>sollicitudinis</span> <span class='ocrx_word' id='word_1_110' title='bbox 993 1257 1117 1290; x_wconf 87' lang='lat' dir='ltr'>consilii</span> 
     </span>
     <span class='ocr_line' id='line_1_23' title="bbox 383 1307 1119 1350; baseline 0.003 -11"><span class='ocrx_word' id='word_1_111' title='bbox 383 1308 533 1339; x_wconf 84' lang='lat' dir='ltr'>caelestis</span> <span class='ocrx_word' id='word_1_112' title='bbox 558 1307 770 1350; x_wconf 67' lang='lat' dir='ltr'>dispositione</span> <span class='ocrx_word' id='word_1_113' title='bbox 794 1313 935 1347; x_wconf 86' lang='lat' dir='ltr'>vocatos,</span> <span class='ocrx_word' id='word_1_114' title='bbox 962 1308 993 1341; x_wconf 90' lang='lat' dir='ltr'>in</span> <span class='ocrx_word' id='word_1_115' title='bbox 1018 1309 1119 1341; x_wconf 83' lang='lat' dir='ltr'>chari-</span> 
     </span>
     <span class='ocr_line' id='line_1_24' title="bbox 383 1360 1116 1404; baseline 0.004 -13"><span class='ocrx_word' id='word_1_116' title='bbox 383 1360 458 1392; x_wconf 77' lang='lat' dir='ltr'>tatis</span> <span class='ocrx_word' id='word_1_117' title='bbox 477 1360 653 1392; x_wconf 84' lang='lat' dir='ltr'>visceribus</span> <span class='ocrx_word' id='word_1_118' title='bbox 671 1361 835 1393; x_wconf 81' lang='lat' dir='ltr'>ardentius</span> <span class='ocrx_word' id='word_1_119' title='bbox 853 1362 1116 1404; x_wconf 82' lang='lat' dir='ltr'>complectenteS,</span> 
     </span>
     <span class='ocr_line' id='line_1_25' title="bbox 383 1413 1117 1455; baseline 0.001 -11"><span class='ocrx_word' id='word_1_120' title='bbox 383 1418 512 1444; x_wconf 84' lang='lat' dir='ltr'>nostros</span> <span class='ocrx_word' id='word_1_121' title='bbox 548 1413 702 1445; x_wconf 89' lang='lat' dir='ltr'>continuo</span> <span class='ocrx_word' id='word_1_122' title='bbox 734 1413 928 1445; x_wconf 79' lang='lat' dir='ltr'>revolvimus</span> <span class='ocrx_word' id='word_1_123' title='bbox 961 1414 1117 1455; x_wconf 80' lang='lat' dir='ltr'>cogitatus</span> 
     </span>
     <span class='ocr_line' id='line_1_26' title="bbox 383 1465 1117 1508; baseline 0.005 -12"><span class='ocrx_word' id='word_1_124' title='bbox 383 1470 418 1497; x_wconf 88' lang='lat' dir='ltr'>ut</span> <span class='ocrx_word' id='word_1_125' title='bbox 442 1475 478 1497; x_wconf 85' lang='lat' dir='ltr'>ea</span> <span class='ocrx_word' id='word_1_126' title='bbox 504 1465 534 1497; x_wconf 93' lang='lat' dir='ltr'>in</span> <span class='ocrx_word' id='word_1_127' title='bbox 560 1476 691 1508; x_wconf 86' lang='lat' dir='ltr'>operam</span> <span class='ocrx_word' id='word_1_128' title='bbox 716 1466 817 1499; x_wconf 89' lang='lat' dir='ltr'>nostri</span> <span class='ocrx_word' id='word_1_129' title='bbox 835 1466 1007 1499; x_wconf 88' lang='lat' dir='ltr'>ministerii</span> <span class='ocrx_word' id='word_1_130' title='bbox 1033 1467 1117 1500; x_wconf 83' lang='lat' dir='ltr'>dona</span> 
     </span>
     <span class='ocr_line' id='line_1_27' title="bbox 382 1520 1117 1562; baseline 0.003 -12"><span class='ocrx_word' id='word_1_131' title='bbox 382 1528 596 1560; x_wconf 75' lang='lat' dir='ltr'>congeramus</span> <span class='ocrx_word' id='word_1_132' title='bbox 628 1529 687 1561; x_wconf 88' lang='lat' dir='ltr'>per</span> <span class='ocrx_word' id='word_1_133' title='bbox 716 1529 797 1562; x_wconf 85' lang='lat' dir='ltr'>quae</span> <span class='ocrx_word' id='word_1_134' title='bbox 833 1520 871 1552; x_wconf 88' lang='lat' dir='ltr'>ad</span> <span class='ocrx_word' id='word_1_135' title='bbox 905 1520 1117 1553; x_wconf 82' lang='lat' dir='ltr'>ecclesiarum</span> 
     </span>
     <span class='ocr_line' id='line_1_28' title="bbox 382 1571 1116 1615; baseline 0.003 -12"><span class='ocrx_word' id='word_1_136' title='bbox 382 1577 412 1603; x_wconf 88' lang='lat' dir='ltr'>et</span> <span class='ocrx_word' id='word_1_137' title='bbox 437 1571 500 1604; x_wconf 85' lang='lat' dir='ltr'>illis</span> <span class='ocrx_word' id='word_1_138' title='bbox 525 1571 780 1614; x_wconf 85' lang='lat' dir='ltr'>praesidentium</span> <span class='ocrx_word' id='word_1_139' title='bbox 810 1573 1029 1615; x_wconf 87' lang='lat' dir='ltr'>praelatorum</span> <span class='ocrx_word' id='word_1_140' title='bbox 1055 1573 1116 1605; x_wconf 79' lang='lat' dir='ltr'>dis-</span> 
     </span>
     <span class='ocr_line' id='line_1_29' title="bbox 381 1624 1118 1666; baseline 0.003 -10"><span class='ocrx_word' id='word_1_141' title='bbox 381 1624 508 1666; x_wconf 86' lang='lat' dir='ltr'>pendiis</span> <span class='ocrx_word' id='word_1_142' title='bbox 535 1629 566 1657; x_wconf 91' lang='lat' dir='ltr'>et</span> <span class='ocrx_word' id='word_1_143' title='bbox 589 1625 832 1657; x_wconf 84' lang='lat' dir='ltr'>necessitatibus</span> <span class='ocrx_word' id='word_1_144' title='bbox 853 1631 1055 1665; x_wconf 72' lang='lat' dir='ltr'>occurratur,</span> <span class='ocrx_word' id='word_1_145' title='bbox 1082 1636 1118 1658; x_wconf 84' lang='lat' dir='ltr'>ae</span> 
     </span>
     <span class='ocr_line' id='line_1_30' title="bbox 380 1677 1117 1717; baseline 0.003 -8"><span class='ocrx_word' id='word_1_146' title='bbox 380 1677 482 1710; x_wconf 82' lang='lat' dir='ltr'>l&#39;tium</span> <span class='ocrx_word' id='word_1_147' title='bbox 507 1677 716 1717; x_wconf 78' lang='lat' dir='ltr'>anfractibus,</span> <span class='ocrx_word' id='word_1_148' title='bbox 744 1677 924 1709; x_wconf 85' lang='lat' dir='ltr'>innumeris</span> <span class='ocrx_word' id='word_1_149' title='bbox 942 1677 1117 1711; x_wconf 89' lang='lat' dir='ltr'>incommo-</span> 
     </span>
     <span class='ocr_line' id='line_1_31' title="bbox 381 1729 1117 1773; baseline 0.003 -12"><span class='ocrx_word' id='word_1_150' title='bbox 381 1730 437 1768; x_wconf 77' lang='lat' dir='ltr'>dis,</span> <span class='ocrx_word' id='word_1_151' title='bbox 464 1729 600 1772; x_wconf 77' lang='lat' dir='ltr'>aliisque</span> <span class='ocrx_word' id='word_1_152' title='bbox 626 1729 811 1762; x_wconf 82' lang='lat' dir='ltr'>infortuniis</span> <span class='ocrx_word' id='word_1_153' title='bbox 835 1730 1045 1773; x_wconf 81' lang='lat' dir='ltr'>provideatur</span> <span class='ocrx_word' id='word_1_154' title='bbox 1067 1741 1117 1763; x_wconf 86' lang='lat' dir='ltr'>ac-</span> 
     </span>
     <span class='ocr_line' id='line_1_32' title="bbox 380 1782 1115 1825; baseline 0.003 -11"><span class='ocrx_word' id='word_1_155' title='bbox 380 1782 691 1825; x_wconf 76' lang='lat' dir='ltr'>comode‚ipsaeque</span> <span class='ocrx_word' id='word_1_156' title='bbox 710 1782 876 1821; x_wconf 75' lang='lat' dir='ltr'>ecelesiae,</span> <span class='ocrx_word' id='word_1_157' title='bbox 888 1783 1027 1815; x_wconf 86' lang='lat' dir='ltr'>invicem</span> <span class='ocrx_word' id='word_1_158' title='bbox 1045 1784 1115 1816; x_wconf 88' lang='lat' dir='ltr'>cha-</span> 
     </span>
     <span class='ocr_line' id='line_1_33' title="bbox 378 1835 1116 1879; baseline 0.003 -12"><span class='ocrx_word' id='word_1_159' title='bbox 378 1836 482 1868; x_wconf 82' lang='lat' dir='ltr'>ritatis</span> <span class='ocrx_word' id='word_1_160' title='bbox 509 1845 590 1867; x_wconf 77' lang='lat' dir='ltr'>nexu</span> <span class='ocrx_word' id='word_1_161' title='bbox 616 1835 818 1875; x_wconf 81' lang='lat' dir='ltr'>coniunctae,</span> <span class='ocrx_word' id='word_1_162' title='bbox 839 1835 961 1868; x_wconf 79' lang='lat' dir='ltr'>votivae</span> <span class='ocrx_word' id='word_1_163' title='bbox 980 1846 1116 1879; x_wconf 84' lang='lat' dir='ltr'>prospe-</span> 
     </span>
     <span class='ocr_line' id='line_1_34' title="bbox 375 1888 907 1930; baseline 0 -10"><span class='ocrx_word' id='word_1_164' title='bbox 375 1888 479 1920; x_wconf 73' lang='lat' dir='ltr'>ritulis</span> <span class='ocrx_word' id='word_1_165' title='bbox 501 1888 699 1919; x_wconf 76' lang='lat' dir='ltr'>incrementa</span> <span class='ocrx_word' id='word_1_166' title='bbox 721 1888 907 1930; x_wconf 81' lang='lat' dir='ltr'>suscipiant.</span> 
     </span>
    </p>

    <p class='ocr_par' dir='ltr' id='par_1_4' title="bbox 370 1940 1113 2558">
     <span class='ocr_line' id='line_1_35' title="bbox 419 1940 1113 1983; baseline 0.003 -11"><span class='ocrx_word' id='word_1_167' title='bbox 419 1941 434 1983; x_wconf 64' lang='lat' dir='ltr'>g</span> <span class='ocrx_word' id='word_1_168' title='bbox 459 1941 489 1972; x_wconf 79' lang='grc'>’1.</span> <span class='ocrx_word' id='word_1_169' title='bbox 516 1940 599 1973; x_wconf 82' lang='lat' dir='ltr'>Sane</span> <span class='ocrx_word' id='word_1_170' title='bbox 625 1940 750 1983; x_wconf 84' lang='lat' dir='ltr'>providi</span> <span class='ocrx_word' id='word_1_171' title='bbox 776 1941 947 1983; x_wconf 71' lang='lat' dir='ltr'>vigilisque</span> <span class='ocrx_word' id='word_1_172' title='bbox 973 1941 1113 1983; x_wconf 85' lang='lat' dir='ltr'>pastoris</span> 
     </span>
     <span class='ocr_line' id='line_1_36' title="bbox 374 1992 1113 2026; baseline 0 -1"><span class='ocrx_word' id='word_1_173' title='bbox 374 2004 467 2026; x_wconf 90' lang='lat' dir='ltr'>more</span> <span class='ocrx_word' id='word_1_174' title='bbox 503 1992 749 2025; x_wconf 79' lang='lat' dir='ltr'>considerantes</span> <span class='ocrx_word' id='word_1_175' title='bbox 793 1993 962 2026; x_wconf 80' lang='lat' dir='ltr'>ecclesiam</span> <span class='ocrx_word' id='word_1_176' title='bbox 998 1993 1113 2025; x_wconf 88' lang='lat' dir='ltr'>Bituri-</span> 
     </span>
     <span class='ocr_line' id='line_1_37' title="bbox 375 2045 1112 2089; baseline 0 -10"><span class='ocrx_word' id='word_1_177' title='bbox 375 2057 503 2079; x_wconf 87' lang='lat' dir='ltr'>ccnsem</span> <span class='ocrx_word' id='word_1_178' title='bbox 540 2045 788 2089; x_wconf 76' lang='lat' dir='ltr'>archiepiscopo</span> <span class='ocrx_word' id='word_1_179' title='bbox 814 2046 854 2078; x_wconf 84' lang='lat' dir='ltr'>de</span> <span class='ocrx_word' id='word_1_180' title='bbox 880 2046 1043 2089; x_wconf 75' lang='lat' dir='ltr'>praesenti</span> <span class='ocrx_word' id='word_1_181' title='bbox 1069 2047 1112 2079; x_wconf 90' lang='lat' dir='ltr'>vi-</span> 
     </span>
     <span class='ocr_line' id='line_1_38' title="bbox 374 2097 1110 2142; baseline 0 -12"><span class='ocrx_word' id='word_1_182' title='bbox 374 2099 513 2138; x_wconf 86' lang='lat' dir='ltr'>duatam,</span> <span class='ocrx_word' id='word_1_183' title='bbox 531 2109 611 2142; x_wconf 86' lang='lat' dir='ltr'>quae</span> <span class='ocrx_word' id='word_1_184' title='bbox 631 2109 693 2130; x_wconf 80' lang='lat' dir='ltr'>una</span> <span class='ocrx_word' id='word_1_185' title='bbox 713 2108 747 2130; x_wconf 85' lang='lat' dir='ltr'>ex</span> <span class='ocrx_word' id='word_1_186' title='bbox 766 2097 1000 2141; x_wconf 80' lang='lat' dir='ltr'>antiquissimis</span> <span class='ocrx_word' id='word_1_187' title='bbox 1019 2099 1110 2140; x_wconf 82' lang='lat' dir='ltr'>regui</span> 
     </span>
     <span class='ocr_line' id='line_1_39' title="bbox 372 2149 1108 2194; baseline -0.003 -10"><span class='ocrx_word' id='word_1_188' title='bbox 372 2149 525 2184; x_wconf 75' lang='lat' dir='ltr'>Franciae</span> <span class='ocrx_word' id='word_1_189' title='bbox 544 2150 804 2194; x_wconf 79' lang='lat' dir='ltr'>metropolitanis</span> <span class='ocrx_word' id='word_1_190' title='bbox 823 2150 970 2183; x_wconf 76' lang='lat' dir='ltr'>ecclesiis</span> <span class='ocrx_word' id='word_1_191' title='bbox 989 2150 1108 2191; x_wconf 74' lang='lat' dir='ltr'>existit,</span> 
     </span>
     <span class='ocr_line' id='line_1_40' title="bbox 373 2203 1109 2246; baseline -0.001 -10"><span class='ocrx_word' id='word_1_192' title='bbox 373 2204 522 2236; x_wconf 77' lang='lat' dir='ltr'>undecim</span> <span class='ocrx_word' id='word_1_193' title='bbox 559 2204 654 2236; x_wconf 83' lang='lat' dir='ltr'>sedes</span> <span class='ocrx_word' id='word_1_194' title='bbox 696 2203 868 2245; x_wconf 83' lang='lat' dir='ltr'>complecti</span> <span class='ocrx_word' id='word_1_195' title='bbox 906 2203 1109 2246; x_wconf 73' lang='lat' dir='ltr'>episcopales</span> 
     </span>
     <span class='ocr_line' id='line_1_41' title="bbox 373 2256 1110 2298; baseline -0.003 -8"><span class='ocrx_word' id='word_1_196' title='bbox 373 2257 432 2290; x_wconf 84' lang='lat' dir='ltr'>sibi</span> <span class='ocrx_word' id='word_1_197' title='bbox 461 2257 690 2298; x_wconf 73' lang='lat' dir='ltr'>suffraganeas,</span> <span class='ocrx_word' id='word_1_198' title='bbox 720 2266 837 2298; x_wconf 76' lang='lat' dir='ltr'>easque</span> <span class='ocrx_word' id='word_1_199' title='bbox 866 2256 1003 2288; x_wconf 79' lang='lat' dir='ltr'>maxime</span> <span class='ocrx_word' id='word_1_200' title='bbox 1033 2256 1110 2288; x_wconf 82' lang='lat' dir='ltr'>insi-</span> 
     </span>
     <span class='ocr_line' id='line_1_42' title="bbox 372 2308 1107 2352; baseline -0.001 -11"><span class='ocrx_word' id='word_1_201' title='bbox 372 2320 462 2352; x_wconf 79' lang='lat' dir='ltr'>gues,</span> <span class='ocrx_word' id='word_1_202' title='bbox 478 2309 629 2341; x_wconf 83' lang='lat' dir='ltr'>nimirum</span> <span class='ocrx_word' id='word_1_203' title='bbox 644 2308 952 2348; x_wconf 73' lang='lat' dir='ltr'>Claramontensem‚</span> <span class='ocrx_word' id='word_1_204' title='bbox 968 2308 1107 2349; x_wconf 73' lang='lat' dir='ltr'>S.F10ri,</span> 
     </span>
     <span class='ocr_line' id='line_1_43' title="bbox 372 2361 1107 2401; baseline -0.001 -7"><span class='ocrx_word' id='word_1_205' title='bbox 372 2363 600 2401; x_wconf 71' lang='lat' dir='ltr'>Mimatenscm,</span> <span class='ocrx_word' id='word_1_206' title='bbox 619 2361 834 2400; x_wconf 67' lang='lat' dir='ltr'>Anicicnsen&#39;n,</span> <span class='ocrx_word' id='word_1_207' title='bbox 854 2361 1107 2401; x_wconf 80' lang='lat' dir='ltr'>Rutlienenscm,</span> 
     </span>
     <span class='ocr_line' id='line_1_44' title="bbox 371 2413 1108 2454; baseline 0 -9"><span class='ocrx_word' id='word_1_208' title='bbox 371 2415 566 2446; x_wconf 66' lang='lat' dir='ltr'>Vabtensem</span> <span class='ocrx_word' id='word_1_209' title='bbox 583 2440 589 2452; x_wconf 92' lang='lat'>,</span> <span class='ocrx_word' id='word_1_210' title='bbox 615 2413 841 2446; x_wconf 79' lang='lat' dir='ltr'>Caturcenscm</span> <span class='ocrx_word' id='word_1_211' title='bbox 857 2440 864 2454; x_wconf 96' lang='lat'>,</span> <span class='ocrx_word' id='word_1_212' title='bbox 899 2413 1085 2445; x_wconf 81' lang='lat' dir='ltr'>Albiensem</span> <span class='ocrx_word' id='word_1_213' title='bbox 1101 2440 1108 2452; x_wconf 90' lang='lat'>,</span> 
     </span>
     <span class='ocr_line' id='line_1_45' title="bbox 371 2465 1105 2505; baseline -0.004 -5"><span class='ocrx_word' id='word_1_214' title='bbox 371 2468 627 2503; x_wconf 70' lang='lat' dir='ltr'>llutlienensem,</span> <span class='ocrx_word' id='word_1_215' title='bbox 641 2466 853 2503; x_wconf 76' lang='lat' dir='ltr'>Castrcnsem,</span> <span class='ocrx_word' id='word_1_216' title='bbox 871 2465 1105 2505; x_wconf 85' lang='lat' dir='ltr'>Caturcensem,</span> 
     </span>
     <span class='ocr_line' id='line_1_46' title="bbox 370 2518 1108 2558; baseline -0.001 -6"><span class='ocrx_word' id='word_1_217' title='bbox 370 2521 565 2552; x_wconf 69' lang='lat' dir='ltr'>Yabrensem</span> <span class='ocrx_word' id='word_1_218' title='bbox 603 2525 633 2550; x_wconf 84' lang='lat' dir='ltr'>et</span> <span class='ocrx_word' id='word_1_219' title='bbox 666 2519 908 2558; x_wconf 47' lang='lat' dir='ltr'>illimatensem,</span> <span class='ocrx_word' id='word_1_220' title='bbox 940 2518 1021 2551; x_wconf 78' lang='lat' dir='ltr'>seu&#39;</span> <span class='ocrx_word' id='word_1_221' title='bbox 1056 2530 1108 2551; x_wconf 87' lang='lat' dir='ltr'>ea-</span> 
     </span>
    </p>
   </div>
   <div class='ocr_carea' id='block_1_4' title="bbox 408 2579 1036 2615">
    <p class='ocr_par' dir='ltr' id='par_1_5' title="bbox 408 2579 1036 2615">
     <span class='ocr_line' id='line_1_47' title="bbox 408 2579 1036 2615; baseline -0.005 -7"><span class='ocrx_word' id='word_1_222' title='bbox 408 2583 418 2610; x_wconf 82' lang='lat'>1</span> <span class='ocrx_word' id='word_1_223' title='bbox 443 2580 554 2606; x_wconf 59' lang='lat' dir='ltr'>Vult-ru&gt;</span> <span class='ocrx_word' id='word_1_224' title='bbox 575 2580 716 2613; x_wconf 49' lang='lat' dir='ltr'>legendum</span> <span class='ocrx_word' id='word_1_225' title='bbox 737 2580 782 2605; x_wconf 62' lang='lat' dir='ltr'>sm!</span> <span class='ocrx_word' id='word_1_226' title='bbox 802 2588 848 2614; x_wconf 67' lang='lat' dir='ltr'>pro</span> <span class='ocrx_word' id='word_1_227' title='bbox 868 2588 914 2605; x_wconf 68' lang='lat' dir='ltr'>seu</span> <span class='ocrx_word' id='word_1_228' title='bbox 936 2580 971 2615; x_wconf 73' lang='lat' dir='ltr'>(u.</span> <span class='ocrx_word' id='word_1_229' title='bbox 987 2579 1036 2614; x_wconf 80' lang='lat' dir='ltr'>T.).</span> 
     </span>
    </p>
   </div>
   <div class='ocr_carea' id='block_1_5' title="bbox 1138 679 1145 1552">
    <p class='ocr_par' dir='ltr' id='par_1_6' title="bbox 1138 679 1145 1552">
     <span class='ocr_line' id='line_1_48' title="bbox 1138 679 1145 1552; baseline 0 0"><span class='ocrx_word' id='word_1_230' title='bbox 1138 679 1145 1552; x_wconf 95' lang='lat' dir='ltr'> </span> 
     </span>
    </p>
   </div>
   <div class='ocr_carea' id='block_1_6' title="bbox 968 205 1322 231">
    <p class='ocr_par' dir='ltr' id='par_1_7' title="bbox 968 205 1322 231">
     <span class='ocr_line' id='line_1_49' title="bbox 968 205 1322 231; baseline 0.006 -2"><span class='ocrx_word' id='word_1_231' title='bbox 968 205 1146 230; x_wconf 67' lang='lat' dir='ltr'>BULLARIEM</span> <span class='ocrx_word' id='word_1_232' title='bbox 1171 205 1322 231; x_wconf 59' lang='lat' dir='ltr'><strong>ROMANUM</strong></span> 
     </span>
    </p>
   </div>
   <div class='ocr_carea' id='block_1_7' title="bbox 1151 255 1903 2526">
    <p class='ocr_par' dir='ltr' id='par_1_8' title="bbox 1151 255 1903 2526">
     <span class='ocr_line' id='line_1_50' title="bbox 1167 255 1903 298; baseline 0.007 -13"><span class='ocrx_word' id='word_1_233' title='bbox 1167 264 1238 286; x_wconf 88' lang='lat' dir='ltr'>rum</span> <span class='ocrx_word' id='word_1_234' title='bbox 1262 255 1438 298; x_wconf 86' lang='lat' dir='ltr'>plerasque</span> <span class='ocrx_word' id='word_1_235' title='bbox 1463 255 1503 287; x_wconf 86' lang='lat' dir='ltr'>ab</span> <span class='ocrx_word' id='word_1_236' title='bbox 1528 255 1596 298; x_wconf 65' lang='lat' dir='ltr'>ipsa</span> <span class='ocrx_word' id='word_1_237' title='bbox 1622 255 1819 291; x_wconf 80' lang='lat' dir='ltr'>Bituricensi</span> <span class='ocrx_word' id='word_1_238' title='bbox 1845 258 1903 290; x_wconf 72' lang='lat' dir='ltr'>sua</span> 
     </span>
     <span class='ocr_line' id='line_1_51' title="bbox 1166 307 1900 351; baseline 0.005 -12"><span class='ocrx_word' id='word_1_239' title='bbox 1166 307 1415 350; x_wconf 68' lang='lat' dir='ltr'>metropolitana</span> <span class='ocrx_word' id='word_1_240' title='bbox 1430 308 1549 345; x_wconf 78' lang='lat' dir='ltr'>distare</span> <span class='ocrx_word' id='word_1_241' title='bbox 1566 309 1638 351; x_wconf 89' lang='lat' dir='ltr'>plus</span> <span class='ocrx_word' id='word_1_242' title='bbox 1650 315 1777 342; x_wconf 89' lang='lat' dir='ltr'>centum</span> <span class='ocrx_word' id='word_1_243' title='bbox 1788 310 1900 351; x_wconf 89' lang='lat' dir='ltr'>leucis,</span> 
     </span>
     <span class='ocr_line' id='line_1_52' title="bbox 1165 361 1900 404; baseline 0.004 -12"><span class='ocrx_word' id='word_1_244' title='bbox 1165 370 1339 403; x_wconf 87' lang='lat' dir='ltr'>earumque</span> <span class='ocrx_word' id='word_1_245' title='bbox 1364 366 1489 404; x_wconf 86' lang='lat' dir='ltr'>partem</span> <span class='ocrx_word' id='word_1_246' title='bbox 1514 361 1614 394; x_wconf 89' lang='lat' dir='ltr'>multo</span> <span class='ocrx_word' id='word_1_247' title='bbox 1631 362 1789 394; x_wconf 83' lang='lat' dir='ltr'>maiorem</span> <span class='ocrx_word' id='word_1_248' title='bbox 1806 362 1900 395; x_wconf 82' lang='lat' dir='ltr'>sitam</span> 
     </span>
     <span class='ocr_line' id='line_1_53' title="bbox 1165 411 1897 457; baseline 0.004 -14"><span class='ocrx_word' id='word_1_249' title='bbox 1165 421 1233 444; x_wconf 86' lang='lat' dir='ltr'>esse</span> <span class='ocrx_word' id='word_1_250' title='bbox 1258 411 1291 444; x_wconf 91' lang='lat' dir='ltr'>in</span> <span class='ocrx_word' id='word_1_251' title='bbox 1315 412 1394 445; x_wconf 89' lang='lat' dir='ltr'>locis</span> <span class='ocrx_word' id='word_1_252' title='bbox 1413 413 1584 452; x_wconf 83' lang='lat' dir='ltr'>montanis,</span> <span class='ocrx_word' id='word_1_253' title='bbox 1604 418 1635 446; x_wconf 89' lang='lat' dir='ltr'>et</span> <span class='ocrx_word' id='word_1_254' title='bbox 1648 414 1897 457; x_wconf 86' lang='lat' dir='ltr'>propemodum,</span> 
     </span>
     <span class='ocr_line' id='line_1_54' title="bbox 1166 464 1898 509; baseline 0.004 -13"><span class='ocrx_word' id='word_1_255' title='bbox 1166 464 1304 498; x_wconf 85' lang='lat' dir='ltr'>hiberno</span> <span class='ocrx_word' id='word_1_256' title='bbox 1315 467 1426 499; x_wconf 81' lang='lat' dir='ltr'>saltem</span> <span class='ocrx_word' id='word_1_257' title='bbox 1441 471 1599 509; x_wconf 87' lang='lat' dir='ltr'>tempore,</span> <span class='ocrx_word' id='word_1_258' title='bbox 1612 466 1898 507; x_wconf 82' lang='lat' dir='ltr'>inaccessibilibus,</span> 
     </span>
     <span class='ocr_line' id='line_1_55' title="bbox 1165 518 1901 562; baseline 0.004 -13"><span class='ocrx_word' id='word_1_259' title='bbox 1165 522 1350 562; x_wconf 88' lang='lat' dir='ltr'>tantamque</span> <span class='ocrx_word' id='word_1_260' title='bbox 1375 518 1559 551; x_wconf 80' lang='lat' dir='ltr'>distantiam</span> <span class='ocrx_word' id='word_1_261' title='bbox 1585 525 1617 551; x_wconf 86' lang='lat' dir='ltr'>et</span> <span class='ocrx_word' id='word_1_262' title='bbox 1641 519 1794 553; x_wconf 87' lang='lat' dir='ltr'>itinerum</span> <span class='ocrx_word' id='word_1_263' title='bbox 1820 519 1901 553; x_wconf 81' lang='lat' dir='ltr'>diffi-</span> 
     </span>
     <span class='ocr_line' id='line_1_56' title="bbox 1164 571 1899 616; baseline 0.005 -14"><span class='ocrx_word' id='word_1_264' title='bbox 1164 572 1315 603; x_wconf 82' lang='lat' dir='ltr'>cultatem</span> <span class='ocrx_word' id='word_1_265' title='bbox 1330 571 1440 604; x_wconf 86' lang='lat' dir='ltr'>multis</span> <span class='ocrx_word' id='word_1_266' title='bbox 1454 571 1668 605; x_wconf 78' lang='lat' dir='ltr'>incommodis</span> <span class='ocrx_word' id='word_1_267' title='bbox 1686 573 1789 605; x_wconf 80' lang='lat' dir='ltr'>locum</span> <span class='ocrx_word' id='word_1_268' title='bbox 1808 582 1899 616; x_wconf 85' lang='lat' dir='ltr'>prae-</span> 
     </span>
     <span class='ocr_line' id='line_1_57' title="bbox 1163 622 1898 663; baseline 0.004 -8"><span class='ocrx_word' id='word_1_269' title='bbox 1163 622 1247 663; x_wconf 87' lang='lat' dir='ltr'>bere,</span> <span class='ocrx_word' id='word_1_270' title='bbox 1274 634 1309 656; x_wconf 88' lang='lat' dir='ltr'>ae</span> <span class='ocrx_word' id='word_1_271' title='bbox 1333 624 1660 657; x_wconf 80' lang='lat' dir='ltr'>communicationem</span> <span class='ocrx_word' id='word_1_272' title='bbox 1679 625 1898 658; x_wconf 70' lang='lat' dir='ltr'>membrorum</span> 
     </span>
     <span class='ocr_line' id='line_1_58' title="bbox 1163 675 1898 720; baseline 0.004 -12"><span class='ocrx_word' id='word_1_273' title='bbox 1163 675 1212 708; x_wconf 84' lang='lat' dir='ltr'>in¹</span> <span class='ocrx_word' id='word_1_274' title='bbox 1238 677 1341 720; x_wconf 85' lang='lat' dir='ltr'>capite</span> <span class='ocrx_word' id='word_1_275' title='bbox 1367 678 1535 720; x_wconf 85' lang='lat' dir='ltr'>impedire,</span> <span class='ocrx_word' id='word_1_276' title='bbox 1561 688 1621 711; x_wconf 87' lang='lat' dir='ltr'>nee</span> <span class='ocrx_word' id='word_1_277' title='bbox 1646 688 1741 720; x_wconf 81' lang='lat' dir='ltr'>posse</span> <span class='ocrx_word' id='word_1_278' title='bbox 1767 678 1898 711; x_wconf 84' lang='lat' dir='ltr'>easdem</span> 
     </span>
     <span class='ocr_line' id='line_1_59' title="bbox 1163 729 1898 774; baseline 0.003 -12"><span class='ocrx_word' id='word_1_279' title='bbox 1163 730 1314 762; x_wconf 81' lang='lat' dir='ltr'>ecclesias</span> <span class='ocrx_word' id='word_1_280' title='bbox 1339 729 1559 773; x_wconf 76' lang='lat' dir='ltr'>suffraganeas</span> <span class='ocrx_word' id='word_1_281' title='bbox 1583 731 1778 774; x_wconf 83' lang='lat' dir='ltr'>illarumque</span> <span class='ocrx_word' id='word_1_282' title='bbox 1810 730 1898 764; x_wconf 88' lang='lat' dir='ltr'>dioe-</span> 
     </span>
     <span class='ocr_line' id='line_1_60' title="bbox 1162 783 1897 826; baseline 0.004 -12"><span class='ocrx_word' id='word_1_283' title='bbox 1162 792 1306 822; x_wconf 83' lang='lat' dir='ltr'>cesanos,</span> <span class='ocrx_word' id='word_1_284' title='bbox 1338 783 1607 826; x_wconf 83' lang='lat' dir='ltr'>quandocumque</span> <span class='ocrx_word' id='word_1_285' title='bbox 1644 793 1724 826; x_wconf 89' lang='lat' dir='ltr'>opus</span> <span class='ocrx_word' id='word_1_286' title='bbox 1755 788 1812 824; x_wconf 86' lang='lat' dir='ltr'>est,</span> <span class='ocrx_word' id='word_1_287' title='bbox 1848 784 1897 817; x_wconf 90' lang='lat' dir='ltr'>sui</span> 
     </span>
     <span class='ocr_line' id='line_1_61' title="bbox 1163 835 1899 879; baseline 0.004 -13"><span class='ocrx_word' id='word_1_288' title='bbox 1163 835 1400 878; x_wconf 85' lang='lat' dir='ltr'>metropolitani</span> <span class='ocrx_word' id='word_1_289' title='bbox 1428 835 1638 868; x_wconf 79' lang='lat' dir='ltr'>Bituricensis</span> <span class='ocrx_word' id='word_1_290' title='bbox 1665 846 1761 878; x_wconf 86' lang='lat' dir='ltr'>opem</span> <span class='ocrx_word' id='word_1_291' title='bbox 1785 836 1899 879; x_wconf 88' lang='lat' dir='ltr'>implo-</span> 
     </span>
     <span class='ocr_line' id='line_1_62' title="bbox 1162 889 1899 931; baseline 0.003 -11"><span class='ocrx_word' id='word_1_292' title='bbox 1162 898 1230 921; x_wconf 83' lang='lat' dir='ltr'>rare</span> <span class='ocrx_word' id='word_1_293' title='bbox 1256 894 1288 921; x_wconf 93' lang='lat' dir='ltr'>et</span> <span class='ocrx_word' id='word_1_294' title='bbox 1311 889 1480 931; x_wconf 86' lang='lat' dir='ltr'>consequi,</span> <span class='ocrx_word' id='word_1_295' title='bbox 1505 895 1534 921; x_wconf 88' lang='lat' dir='ltr'>et</span> <span class='ocrx_word' id='word_1_296' title='bbox 1560 889 1636 921; x_wconf 79' lang='lat' dir='ltr'>liinc</span> <span class='ocrx_word' id='word_1_297' title='bbox 1657 890 1776 922; x_wconf 84' lang='lat' dir='ltr'>multos</span> <span class='ocrx_word' id='word_1_298' title='bbox 1800 889 1899 922; x_wconf 85' lang='lat' dir='ltr'>bene-</span> 
     </span>
     <span class='ocr_line' id='line_1_63' title="bbox 1162 940 1897 983; baseline 0.004 -12"><span class='ocrx_word' id='word_1_299' title='bbox 1162 940 1281 973; x_wconf 80' lang='lat' dir='ltr'>ficiatos</span> <span class='ocrx_word' id='word_1_300' title='bbox 1304 946 1335 972; x_wconf 87' lang='lat' dir='ltr'>et</span> <span class='ocrx_word' id='word_1_301' title='bbox 1367 940 1603 973; x_wconf 80' lang='lat' dir='ltr'>ecclesiasticos</span> <span class='ocrx_word' id='word_1_302' title='bbox 1636 941 1779 983; x_wconf 84' lang='lat' dir='ltr'>arripere</span> <span class='ocrx_word' id='word_1_303' title='bbox 1806 952 1897 974; x_wconf 81' lang='lat' dir='ltr'>occa-</span> 
     </span>
     <span class='ocr_line' id='line_1_64' title="bbox 1161 993 1895 1035; baseline 0.005 -12"><span class='ocrx_word' id='word_1_304' title='bbox 1161 994 1285 1026; x_wconf 90' lang='lat' dir='ltr'>sionem</span> <span class='ocrx_word' id='word_1_305' title='bbox 1302 993 1446 1035; x_wconf 78' lang='lat' dir='ltr'>vagandi,</span> <span class='ocrx_word' id='word_1_306' title='bbox 1465 1004 1537 1025; x_wconf 82' lang='lat' dir='ltr'>suas</span> <span class='ocrx_word' id='word_1_307' title='bbox 1552 993 1703 1026; x_wconf 82' lang='lat' dir='ltr'>ecclesias</span> <span class='ocrx_word' id='word_1_308' title='bbox 1714 994 1895 1034; x_wconf 84' lang='lat' dir='ltr'>deserendi,</span> 
     </span>
     <span class='ocr_line' id='line_1_65' title="bbox 1162 1045 1896 1088; baseline 0.003 -10"><span class='ocrx_word' id='word_1_309' title='bbox 1162 1052 1192 1079; x_wconf 88' lang='lat' dir='ltr'>et</span> <span class='ocrx_word' id='word_1_310' title='bbox 1215 1047 1254 1078; x_wconf 85' lang='lat' dir='ltr'>ab</span> <span class='ocrx_word' id='word_1_311' title='bbox 1280 1046 1325 1078; x_wconf 85' lang='lat' dir='ltr'>eis</span> <span class='ocrx_word' id='word_1_312' title='bbox 1351 1046 1403 1077; x_wconf 87' lang='lat' dir='ltr'>diu</span> <span class='ocrx_word' id='word_1_313' title='bbox 1436 1045 1628 1085; x_wconf 86' lang='lat' dir='ltr'>emanendi;</span> <span class='ocrx_word' id='word_1_314' title='bbox 1656 1051 1833 1088; x_wconf 81' lang='lat' dir='ltr'>praeterea,</span> <span class='ocrx_word' id='word_1_315' title='bbox 1854 1053 1896 1080; x_wconf 85' lang='lat' dir='ltr'>ta-</span> 
     </span>
     <span class='ocr_line' id='line_1_66' title="bbox 1163 1098 1895 1133; baseline 0.004 -3"><span class='ocrx_word' id='word_1_316' title='bbox 1163 1098 1253 1131; x_wconf 81' lang='lat' dir='ltr'>metsi</span> <span class='ocrx_word' id='word_1_317' title='bbox 1279 1098 1456 1131; x_wconf 81' lang='lat' dir='ltr'>iurisdictio</span> <span class='ocrx_word' id='word_1_318' title='bbox 1481 1098 1698 1130; x_wconf 81' lang='lat' dir='ltr'>ecelesiastica</span> <span class='ocrx_word' id='word_1_319' title='bbox 1722 1109 1793 1131; x_wconf 86' lang='lat' dir='ltr'>eum</span> <span class='ocrx_word' id='word_1_320' title='bbox 1812 1099 1895 1133; x_wconf 89' lang='lat' dir='ltr'>civili</span> 
     </span>
     <span class='ocr_line' id='line_1_67' title="bbox 1163 1150 1896 1193; baseline 0.001 -10"><span class='ocrx_word' id='word_1_321' title='bbox 1163 1162 1326 1193; x_wconf 84' lang='lat' dir='ltr'>nunquam</span> <span class='ocrx_word' id='word_1_322' title='bbox 1360 1151 1400 1183; x_wconf 90' lang='lat' dir='ltr'>sit</span> <span class='ocrx_word' id='word_1_323' title='bbox 1434 1150 1670 1189; x_wconf 79' lang='lat' dir='ltr'>confundenda,</span> <span class='ocrx_word' id='word_1_324' title='bbox 1711 1151 1896 1185; x_wconf 83' lang='lat' dir='ltr'>distantiam</span> 
     </span>
     <span class='ocr_line' id='line_1_68' title="bbox 1163 1203 1896 1246; baseline 0.003 -11"><span class='ocrx_word' id='word_1_325' title='bbox 1163 1209 1267 1236; x_wconf 82' lang='lat' dir='ltr'>tamen</span> <span class='ocrx_word' id='word_1_326' title='bbox 1299 1203 1401 1236; x_wconf 80' lang='lat' dir='ltr'>dictae</span> <span class='ocrx_word' id='word_1_327' title='bbox 1434 1203 1705 1246; x_wconf 82' lang='lat' dir='ltr'>metropolitanae</span> <span class='ocrx_word' id='word_1_328' title='bbox 1738 1204 1896 1238; x_wconf 87' lang='lat' dir='ltr'>ecclesiae</span> 
     </span>
     <span class='ocr_line' id='line_1_69' title="bbox 1162 1254 1897 1298; baseline 0.001 -10"><span class='ocrx_word' id='word_1_329' title='bbox 1162 1256 1370 1289; x_wconf 79' lang='lat' dir='ltr'>Bituricensis</span> <span class='ocrx_word' id='word_1_330' title='bbox 1408 1266 1425 1288; x_wconf 81' lang='lat' dir='ltr'>a</span> <span class='ocrx_word' id='word_1_331' title='bbox 1462 1256 1526 1288; x_wconf 84' lang='lat' dir='ltr'>suis</span> <span class='ocrx_word' id='word_1_332' title='bbox 1559 1254 1769 1298; x_wconf 76' lang='lat' dir='ltr'>suffraganeis</span> <span class='ocrx_word' id='word_1_333' title='bbox 1801 1256 1897 1290; x_wconf 89' lang='lat' dir='ltr'>iuris-</span> 
     </span>
     <span class='ocr_line' id='line_1_70' title="bbox 1161 1308 1895 1342; baseline 0.001 -1"><span class='ocrx_word' id='word_1_334' title='bbox 1161 1309 1340 1342; x_wconf 87' lang='lat' dir='ltr'>dietionum</span> <span class='ocrx_word' id='word_1_335' title='bbox 1372 1314 1405 1342; x_wconf 88' lang='lat' dir='ltr'>et</span> <span class='ocrx_word' id='word_1_336' title='bbox 1434 1308 1739 1341; x_wconf 85' lang='lat' dir='ltr'>subordinationum</span> <span class='ocrx_word' id='word_1_337' title='bbox 1779 1310 1895 1342; x_wconf 86' lang='lat' dir='ltr'>seriem</span> 
     </span>
     <span class='ocr_line' id='line_1_71' title="bbox 1161 1361 1894 1405; baseline 0.004 -12"><span class='ocrx_word' id='word_1_338' title='bbox 1161 1368 1258 1405; x_wconf 83' lang='lat' dir='ltr'>atque</span> <span class='ocrx_word' id='word_1_339' title='bbox 1289 1363 1437 1395; x_wconf 76' lang='lat' dir='ltr'>ordinem</span> <span class='ocrx_word' id='word_1_340' title='bbox 1471 1362 1510 1394; x_wconf 82' lang='lat' dir='ltr'>ab</span> <span class='ocrx_word' id='word_1_341' title='bbox 1546 1361 1687 1394; x_wconf 71' lang='lat' dir='ltr'>Ecclesia</span> <span class='ocrx_word' id='word_1_342' title='bbox 1722 1362 1894 1396; x_wconf 87' lang='lat' dir='ltr'>universali</span> 
     </span>
     <span class='ocr_line' id='line_1_72' title="bbox 1160 1414 1895 1458; baseline 0.001 -12"><span class='ocrx_word' id='word_1_343' title='bbox 1160 1415 1393 1458; x_wconf 85' lang='lat' dir='ltr'>praescriptum</span> <span class='ocrx_word' id='word_1_344' title='bbox 1430 1415 1654 1452; x_wconf 74' lang='lat' dir='ltr'>intervertere,</span> <span class='ocrx_word' id='word_1_345' title='bbox 1679 1425 1761 1453; x_wconf 89' lang='lat' dir='ltr'>cum,</span> <span class='ocrx_word' id='word_1_346' title='bbox 1775 1414 1895 1448; x_wconf 86' lang='lat' dir='ltr'>nimiae</span> 
     </span>
     <span class='ocr_line' id='line_1_73' title="bbox 1161 1466 1895 1510; baseline 0.004 -12"><span class='ocrx_word' id='word_1_347' title='bbox 1161 1467 1342 1500; x_wconf 84' lang='lat' dir='ltr'>huiusmodi</span> <span class='ocrx_word' id='word_1_348' title='bbox 1360 1467 1528 1500; x_wconf 81' lang='lat' dir='ltr'>distantiae</span> <span class='ocrx_word' id='word_1_349' title='bbox 1546 1466 1752 1510; x_wconf 76' lang='lat' dir='ltr'>difficilisque</span> <span class='ocrx_word' id='word_1_350' title='bbox 1773 1467 1813 1500; x_wconf 88' lang='lat' dir='ltr'>ad</span> <span class='ocrx_word' id='word_1_351' title='bbox 1829 1478 1895 1501; x_wconf 88' lang='lat' dir='ltr'>me-</span> 
     </span>
     <span class='ocr_line' id='line_1_74' title="bbox 1160 1519 1896 1563; baseline 0.003 -11"><span class='ocrx_word' id='word_1_352' title='bbox 1160 1519 1412 1563; x_wconf 72' lang='lat' dir='ltr'>tropolitanum⁹</span> <span class='ocrx_word' id='word_1_353' title='bbox 1433 1530 1585 1553; x_wconf 84' lang='lat' dir='ltr'>recursus</span> <span class='ocrx_word' id='word_1_354' title='bbox 1613 1519 1768 1560; x_wconf 83' lang='lat' dir='ltr'>obtentu,</span> <span class='ocrx_word' id='word_1_355' title='bbox 1794 1521 1896 1554; x_wconf 79' lang='lat' dir='ltr'>multa</span> 
     </span>
     <span class='ocr_line' id='line_1_75' title="bbox 1159 1569 1893 1616; baseline 0.001 -10"><span class='ocrx_word' id='word_1_356' title='bbox 1159 1569 1457 1612; x_wconf 75' lang='lat' dir='ltr'>inordinatefiant,</span> <span class='ocrx_word' id='word_1_357' title='bbox 1483 1578 1514 1605; x_wconf 92' lang='lat' dir='ltr'>et</span> <span class='ocrx_word' id='word_1_358' title='bbox 1538 1572 1675 1610; x_wconf 83' lang='lat' dir='ltr'>casibus,</span> <span class='ocrx_word' id='word_1_359' title='bbox 1711 1572 1745 1605; x_wconf 92' lang='lat' dir='ltr'>in</span> <span class='ocrx_word' id='word_1_360' title='bbox 1774 1574 1893 1616; x_wconf 85' lang='lat' dir='ltr'>quibus</span> 
     </span>
     <span class='ocr_line' id='line_1_76' title="bbox 1159 1625 1892 1669; baseline 0 -11"><span class='ocrx_word' id='word_1_361' title='bbox 1159 1626 1246 1658; x_wconf 88' lang='lat' dir='ltr'>solus</span> <span class='ocrx_word' id='word_1_362' title='bbox 1281 1625 1556 1669; x_wconf 82' lang='lat' dir='ltr'>metropolitanus</span> <span class='ocrx_word' id='word_1_363' title='bbox 1595 1625 1760 1658; x_wconf 83' lang='lat' dir='ltr'>adeundus</span> <span class='ocrx_word' id='word_1_364' title='bbox 1792 1631 1892 1668; x_wconf 88' lang='lat' dir='ltr'>esset,</span> 
     </span>
     <span class='ocr_line' id='line_1_77' title="bbox 1158 1678 1893 1717; baseline 0.003 -7"><span class='ocrx_word' id='word_1_365' title='bbox 1158 1678 1318 1711; x_wconf 83' lang='lat' dir='ltr'>Ordinarii</span> <span class='ocrx_word' id='word_1_366' title='bbox 1349 1678 1530 1717; x_wconf 76' lang='lat' dir='ltr'>viciniores,</span> <span class='ocrx_word' id='word_1_367' title='bbox 1557 1678 1670 1710; x_wconf 78' lang='lat' dir='ltr'>falcem</span> <span class='ocrx_word' id='word_1_368' title='bbox 1696 1678 1728 1710; x_wconf 93' lang='lat' dir='ltr'>in</span> <span class='ocrx_word' id='word_1_369' title='bbox 1753 1689 1893 1712; x_wconf 83' lang='lat' dir='ltr'>messem</span> 
     </span>
     <span class='ocr_line' id='line_1_78' title="bbox 1158 1730 1894 1773; baseline 0.001 -10"><span class='ocrx_word' id='word_1_370' title='bbox 1158 1731 1295 1764; x_wconf 86' lang='lat' dir='ltr'>alienam</span> <span class='ocrx_word' id='word_1_371' title='bbox 1319 1731 1532 1770; x_wconf 83' lang='lat' dir='ltr'>immittendo,</span> <span class='ocrx_word' id='word_1_372' title='bbox 1563 1730 1748 1773; x_wconf 69' lang='lat' dir='ltr'>providere,</span> <span class='ocrx_word' id='word_1_373' title='bbox 1773 1731 1894 1764; x_wconf 85' lang='lat' dir='ltr'>beneti-</span> 
     </span>
     <span class='ocr_line' id='line_1_79' title="bbox 1157 1782 1892 1825; baseline 0.001 -9"><span class='ocrx_word' id='word_1_374' title='bbox 1157 1783 1205 1816; x_wconf 79' lang='lat' dir='ltr'>cia</span> <span class='ocrx_word' id='word_1_375' title='bbox 1229 1783 1386 1823; x_wconf 71' lang='lat' dir='ltr'>conferre,</span> <span class='ocrx_word' id='word_1_376' title='bbox 1418 1788 1619 1815; x_wconf 80' lang='lat' dir='ltr'>sacramenta</span> <span class='ocrx_word' id='word_1_377' title='bbox 1652 1782 1892 1825; x_wconf 80' lang='lat' dir='ltr'>administrare,</span> 
     </span>
     <span class='ocr_line' id='line_1_80' title="bbox 1157 1835 1894 1873; baseline 0.003 -5"><span class='ocrx_word' id='word_1_378' title='bbox 1157 1835 1309 1868; x_wconf 85' lang='lat' dir='ltr'>ecclesias</span> <span class='ocrx_word' id='word_1_379' title='bbox 1334 1835 1490 1868; x_wconf 80' lang='lat' dir='ltr'>curandas</span> <span class='ocrx_word' id='word_1_380' title='bbox 1510 1835 1722 1873; x_wconf 83' lang='lat' dir='ltr'>committere,</span> <span class='ocrx_word' id='word_1_381' title='bbox 1741 1847 1894 1870; x_wconf 84' lang='lat' dir='ltr'>censuras</span> 
     </span>
     <span class='ocr_line' id='line_1_81' title="bbox 1157 1888 1894 1930; baseline 0.003 -10"><span class='ocrx_word' id='word_1_382' title='bbox 1157 1889 1309 1928; x_wconf 77' lang='lat' dir='ltr'>relaxare,</span> <span class='ocrx_word' id='word_1_383' title='bbox 1335 1899 1389 1921; x_wconf 88' lang='lat' dir='ltr'>seu</span> <span class='ocrx_word' id='word_1_384' title='bbox 1424 1888 1461 1920; x_wconf 89' lang='lat' dir='ltr'>iis</span> <span class='ocrx_word' id='word_1_385' title='bbox 1498 1888 1674 1920; x_wconf 79' lang='lat' dir='ltr'>innodatos</span> <span class='ocrx_word' id='word_1_386' title='bbox 1710 1889 1894 1930; x_wconf 81' lang='lat' dir='ltr'>absolvere,</span> 
     </span>
     <span class='ocr_line' id='line_1_82' title="bbox 1156 1940 1894 1983; baseline 0.005 -11"><span class='ocrx_word' id='word_1_387' title='bbox 1156 1940 1303 1983; x_wconf 87' lang='lat' dir='ltr'>aliosque</span> <span class='ocrx_word' id='word_1_388' title='bbox 1327 1941 1526 1973; x_wconf 82' lang='lat' dir='ltr'>eiuscemodi</span> <span class='ocrx_word' id='word_1_389' title='bbox 1557 1946 1644 1973; x_wconf 87' lang='lat' dir='ltr'>aetus</span> <span class='ocrx_word' id='word_1_390' title='bbox 1661 1941 1894 1976; x_wconf 79' lang='lat' dir='ltr'>iurisdictionis</span> 
     </span>
     <span class='ocr_line' id='line_1_83' title="bbox 1155 1993 1896 2031; baseline 0.007 -7"><span class='ocrx_word' id='word_1_391' title='bbox 1155 1993 1186 2025; x_wconf 91' lang='lat' dir='ltr'>in</span> <span class='ocrx_word' id='word_1_392' title='bbox 1202 1994 1324 2025; x_wconf 82' lang='lat' dir='ltr'>alienos</span> <span class='ocrx_word' id='word_1_393' title='bbox 1343 1993 1501 2031; x_wconf 72' lang='lat' dir='ltr'>subditos,</span> <span class='ocrx_word' id='word_1_394' title='bbox 1523 1999 1636 2026; x_wconf 86' lang='lat' dir='ltr'>contra</span> <span class='ocrx_word' id='word_1_395' title='bbox 1658 2005 1823 2028; x_wconf 82' lang='lat' dir='ltr'>sacrorum</span> <span class='ocrx_word' id='word_1_396' title='bbox 1845 2006 1896 2029; x_wconf 81' lang='lat' dir='ltr'>ca-</span> 
     </span>
     <span class='ocr_line' id='line_1_84' title="bbox 1154 2045 1896 2091; baseline 0.005 -14"><span class='ocrx_word' id='word_1_397' title='bbox 1154 2056 1275 2077; x_wconf 88' lang='lat' dir='ltr'>nonum</span> <span class='ocrx_word' id='word_1_398' title='bbox 1302 2045 1561 2089; x_wconf 86' lang='lat' dir='ltr'>dispositionem,</span> <span class='ocrx_word' id='word_1_399' title='bbox 1586 2056 1734 2080; x_wconf 76' lang='lat' dir='ltr'>exercere</span> <span class='ocrx_word' id='word_1_400' title='bbox 1763 2058 1896 2091; x_wconf 84' lang='lat' dir='ltr'>praesu-</span> 
     </span>
     <span class='ocr_line' id='line_1_85' title="bbox 1155 2097 1896 2137; baseline 0.007 -8"><span class='ocrx_word' id='word_1_401' title='bbox 1155 2103 1262 2137; x_wconf 81' lang='lat' dir='ltr'>mant·,</span> <span class='ocrx_word' id='word_1_402' title='bbox 1291 2097 1363 2130; x_wconf 83' lang='lat' dir='ltr'>inde</span> <span class='ocrx_word' id='word_1_403' title='bbox 1390 2104 1497 2130; x_wconf 86' lang='lat' dir='ltr'>autem</span> <span class='ocrx_word' id='word_1_404' title='bbox 1523 2099 1595 2132; x_wconf 88' lang='lat' dir='ltr'>lites</span> <span class='ocrx_word' id='word_1_405' title='bbox 1626 2099 1733 2132; x_wconf 88' lang='lat' dir='ltr'>enasci</span> <span class='ocrx_word' id='word_1_406' title='bbox 1764 2100 1896 2133; x_wconf 90' lang='lat' dir='ltr'>immor-</span> 
     </span>
     <span class='ocr_line' id='line_1_86' title="bbox 1154 2151 1895 2195; baseline 0.005 -13"><span class='ocrx_word' id='word_1_407' title='bbox 1154 2151 1243 2191; x_wconf 82' lang='lat' dir='ltr'>tales,</span> <span class='ocrx_word' id='word_1_408' title='bbox 1279 2152 1380 2183; x_wconf 81' lang='lat' dir='ltr'>multa</span> <span class='ocrx_word' id='word_1_409' title='bbox 1410 2151 1592 2184; x_wconf 79' lang='lat' dir='ltr'>animarum</span> <span class='ocrx_word' id='word_1_410' title='bbox 1625 2153 1772 2195; x_wconf 83' lang='lat' dir='ltr'>pericula</span> <span class='ocrx_word' id='word_1_411' title='bbox 1796 2154 1895 2186; x_wconf 83' lang='lat' dir='ltr'>subo-</span> 
     </span>
     <span class='ocr_line' id='line_1_87' title="bbox 1153 2203 1890 2248; baseline 0.005 -14"><span class='ocrx_word' id='word_1_412' title='bbox 1153 2203 1221 2242; x_wconf 82' lang='lat' dir='ltr'>riri,</span> <span class='ocrx_word' id='word_1_413' title='bbox 1266 2214 1375 2236; x_wconf 86' lang='lat' dir='ltr'>rerum</span> <span class='ocrx_word' id='word_1_414' title='bbox 1419 2214 1586 2237; x_wconf 79' lang='lat' dir='ltr'>sacrarum</span> <span class='ocrx_word' id='word_1_415' title='bbox 1628 2204 1890 2248; x_wconf 80' lang='lat' dir='ltr'>profanationes,</span> 
     </span>
     <span class='ocr_line' id='line_1_88' title="bbox 1152 2254 1894 2299; baseline 0.003 -11"><span class='ocrx_word' id='word_1_416' title='bbox 1152 2254 1350 2288; x_wconf 75' lang='lat' dir='ltr'>offensiones</span> <span class='ocrx_word' id='word_1_417' title='bbox 1375 2261 1406 2289; x_wconf 89' lang='lat' dir='ltr'>et</span> <span class='ocrx_word' id='word_1_418' title='bbox 1431 2257 1647 2299; x_wconf 84' lang='lat' dir='ltr'>deplorandas</span> <span class='ocrx_word' id='word_1_419' title='bbox 1671 2267 1796 2290; x_wconf 90' lang='lat' dir='ltr'>morum</span> <span class='ocrx_word' id='word_1_420' title='bbox 1821 2268 1894 2290; x_wconf 91' lang='lat' dir='ltr'>cor—</span> 
     </span>
     <span class='ocr_line' id='line_1_89' title="bbox 1152 2307 1892 2352; baseline 0.003 -12"><span class='ocrx_word' id='word_1_421' title='bbox 1152 2307 1319 2351; x_wconf 70' lang='lat' dir='ltr'>ruptiones</span> <span class='ocrx_word' id='word_1_422' title='bbox 1351 2310 1536 2352; x_wconf 81' lang='lat' dir='ltr'>provenire,</span> <span class='ocrx_word' id='word_1_423' title='bbox 1562 2310 1817 2343; x_wconf 84' lang='lat' dir='ltr'>ecclesiasticam</span> <span class='ocrx_word' id='word_1_424' title='bbox 1844 2310 1892 2344; x_wconf 92' lang='lat' dir='ltr'>di-</span> 
     </span>
     <span class='ocr_line' id='line_1_90' title="bbox 1151 2355 1893 2406; baseline 0.003 -13"><span class='ocrx_word' id='word_1_425' title='bbox 1151 2361 1319 2404; x_wconf 85' lang='lat' dir='ltr'>sciplinam</span> <span class='ocrx_word' id='word_1_426' title='bbox 1345 2355 1572 2405; x_wconf 85' lang='lat' dir='ltr'>multipliciter</span> <span class='ocrx_word' id='word_1_427' title='bbox 1596 2362 1737 2405; x_wconf 87' lang='lat' dir='ltr'>perverti</span> <span class='ocrx_word' id='word_1_428' title='bbox 1767 2374 1802 2395; x_wconf 89' lang='lat' dir='ltr'>ac</span> <span class='ocrx_word' id='word_1_429' title='bbox 1820 2373 1893 2406; x_wconf 87' lang='lat' dir='ltr'>per-</span> 
     </span>
     <span class='ocr_line' id='line_1_91' title="bbox 1152 2413 1893 2458; baseline 0.005 -14"><span class='ocrx_word' id='word_1_430' title='bbox 1152 2413 1287 2453; x_wconf 87' lang='lat' dir='ltr'>turbari,</span> <span class='ocrx_word' id='word_1_431' title='bbox 1313 2413 1472 2457; x_wconf 85' lang='lat' dir='ltr'>quinimo,</span> <span class='ocrx_word' id='word_1_432' title='bbox 1493 2414 1750 2458; x_wconf 82' lang='lat' dir='ltr'>archiepiscopis</span> <span class='ocrx_word' id='word_1_433' title='bbox 1777 2415 1893 2448; x_wconf 88' lang='lat' dir='ltr'>Bituri-</span> 
     </span>
     <span class='ocr_line' id='line_1_92' title="bbox 1188 2491 1603 2526; baseline 0 -8"><span class='ocrx_word' id='word_1_434' title='bbox 1188 2493 1197 2518; x_wconf 80' lang='lat'>1</span> <span class='ocrx_word' id='word_1_435' title='bbox 1222 2491 1318 2526; x_wconf 80' lang='lat' dir='ltr'>Aptius</span> <span class='ocrx_word' id='word_1_436' title='bbox 1338 2492 1397 2523; x_wconf 59' lang='lat' dir='ltr'>lege</span> <span class='ocrx_word' id='word_1_437' title='bbox 1418 2501 1483 2519; x_wconf 80' lang='lat' dir='ltr'>cum</span> <span class='ocrx_word' id='word_1_438' title='bbox 1502 2497 1540 2525; x_wconf 75' lang='lat' dir='ltr'>(u.</span> <span class='ocrx_word' id='word_1_439' title='bbox 1553 2493 1603 2526; x_wconf 83' lang='lat' dir='ltr'><strong>T.).</strong></span> 
     </span>
    </p>
   </div>
   <div class='ocr_carea' id='block_1_8' title="bbox 1152 2535 1934 2615">
    <p class='ocr_par' dir='ltr' id='par_1_9' title="bbox 1152 2535 1934 2615">
     <span class='ocr_line' id='line_1_93' title="bbox 1185 2535 1928 2574; baseline 0.005 -12"><span class='ocrx_word' id='word_1_440' title='bbox 1185 2536 1201 2562; x_wconf 78' lang='lat'><strong>2</strong></span> <span class='ocrx_word' id='word_1_441' title='bbox 1222 2535 1288 2562; x_wconf 73' lang='lat' dir='ltr'>Male</span> <span class='ocrx_word' id='word_1_442' title='bbox 1308 2536 1372 2562; x_wconf 75' lang='lat' dir='ltr'>edit.</span> <span class='ocrx_word' id='word_1_443' title='bbox 1400 2536 1482 2562; x_wconf 83' lang='lat' dir='ltr'>Main.</span> <span class='ocrx_word' id='word_1_444' title='bbox 1504 2536 1568 2570; x_wconf 71' lang='lat' dir='ltr'>legit</span> <span class='ocrx_word' id='word_1_445' title='bbox 1594 2537 1892 2571; x_wconf 74' lang='lat' dir='ltr'>metropolitanarum</span> <span class='ocrx_word' id='word_1_446' title='bbox 1924 2571 1928 2574; x_wconf 16' lang='grc' dir='ltr'>μ</span> 
     </span>
     <span class='ocr_line' id='line_1_94' title="bbox 1152 2579 1934 2615; baseline 0.006 -12"><span class='ocrx_word' id='word_1_447' title='bbox 1152 2586 1198 2614; x_wconf 84' lang='lat' dir='ltr'>pro</span> <span class='ocrx_word' id='word_1_448' title='bbox 1221 2580 1476 2615; x_wconf 68' lang='lat' dir='ltr'>melropolilanum</span> <span class='ocrx_word' id='word_1_449' title='bbox 1501 2580 1534 2615; x_wconf 56' lang='lat' dir='ltr'>(a.</span> <span class='ocrx_word' id='word_1_450' title='bbox 1555 2580 1604 2614; x_wconf 54' lang='grc' dir='ltr'>τη),</span> <span class='ocrx_word' id='word_1_451' title='bbox 1932 2579 1934 2582; x_wconf 64' lang='grc'>’</span> 
     </span>
    </p>
   </div>
   <div class='ocr_carea' id='block_1_9' title="bbox 1906 207 2089 240">
    <p class='ocr_par' dir='ltr' id='par_1_10' title="bbox 1906 207 2089 240">
     <span class='ocr_line' id='line_1_95' title="bbox 1906 207 2089 240; baseline 0.027 -5"><span class='ocrx_word' id='word_1_452' title='bbox 1906 207 1956 235; x_wconf 73' lang='grc' dir='ltr'>ΛΠ.</span> <span class='ocrx_word' id='word_1_453' title='bbox 1979 209 2006 237; x_wconf 89' lang='lat' dir='ltr'>C.</span> <span class='ocrx_word' id='word_1_454' title='bbox 2026 209 2089 240; x_wconf 75' lang='lat'>¹678</span> 
     </span>
    </p>
   </div>
  </div>
 </body>
</html>
