2111 3157
16 172 64 199 An.
82 170 110 198 C.
133 170 198 197 1677

39 1277 149 1298 emti-aria
164 1281 196 1296 re-

13 1305 129 1325 moventur.

65 1906 201 1932 Excipiumnr

19 1934 101 1954 tutatae
112 1934 169 1952 §.1¹11
179 1932 202 1955 V,

781 166 990 191 INNOCENTH'S
1011 167 1041 190 XI
1067 167 1115 190 PP.

202 217 354 251 lemniter
370 217 579 260 publicantes,
598 225 710 258 eisque
728 215 760 247 in
781 214 935 257 praemis-

202 270 247 302 sis
272 270 409 302 effieacis
435 268 634 302 defensionis
662 267 824 310 praesidio
856 266 935 298 assi-

202 327 338 363 stentes,
371 322 487 355 saciant
522 320 709 354 auctoritate
744 321 852 351 nostra
877 328 933 350 eos

202 375 425 419 praesentium
445 375 625 407 litterarum
650 371 820 405 commodo
841 376 872 402 et
889 371 935 403 ef-

202 427 287 460 fectu
311 427 444 471 pacifice
468 427 529 458 frui
554 430 585 458 et
609 425 758 467 gaudere,
784 433 846 455 non
863 433 934 466 per-

202 479 367 512 mittentes
385 489 439 512 eos
455 489 514 522 per
532 476 719 510 Ordinarios
738 475 934 519 praedictos,

203 537 258 564 aut
281 541 500 575 quoscumque
526 529 620 568 alios,
647 533 760 561 contra
783 537 935 571 paesen-

202 584 281 616 tium
307 588 453 616 tenorem
477 581 723 625 quomodolibet
748 579 932 617 molestari,

202 634 385 680 perturbari
402 640 456 667 aut
473 633 657 677 inquietari,
679 632 934 665 contradictores

204 688 367 731 quoslibet
381 692 412 719 et
424 686 565 719 rebelles
582 695 640 728 per
656 684 845 719 sententias,
862 692 935 714 cen-

203 751 294 774 suras
321 745 352 773 et
375 749 496 783 poenas
527 737 779 775 ecclesiasticas,
809 736 934 778 aliaque

203 799 385 837 opportuna
402 791 481 824 iuris
507 796 538 823 et
557 790 631 823 sacti
647 789 802 827 remedia,
824 788 935 830 appel-

202 846 323 879 latione
346 844 538 888 postposita,
563 842 810 885 compescendo,
837 840 935 882 legiti-

203 899 330 942 misque
347 908 447 941 super
465 897 516 929 his
534 895 692 928 habendis
712 894 843 927 servatis
862 903 936 935 pro-

205 951 356 990 cessibus,
374 959 525 983 censuras
551 954 582 981 et
606 958 726 991 poenas
750 945 934 979 huiusmodi

204 1003 381 1036 incurrisse
422 1001 641 1039 declarando,
673 1000 809 1042 illasque
841 998 936 1030 etiam

204 1055 330 1090 iteratis
353 1055 474 1087 vicibus
491 1053 707 1096 aggravando,
721 1051 938 1084 interdictum-

205 1119 266 1152 que
288 1106 541 1141 ecclesiasticum
566 1105 771 1148 apponendo,
789 1104 937 1135 invocato

206 1161 303 1193 etiam
328 1160 367 1193 ad
393 1160 477 1198 hoc,
505 1159 530 1191 si
563 1168 643 1202 opus
668 1157 786 1197 suerit,
818 1156 937 1189 auxilio

204 1213 330 1246 brachii
356 1211 543 1245 saecularis.
584 1206 590 1210 ’

250 1267 265 1309 ἓ
279 1266 309 1298 5.
324 1265 393 1298 Non
406 1263 608 1297 obstantibus
623 1263 772 1296 omnibus
787 1266 817 1295 et
834 1263 940 1304 singu-

205 1319 255 1359 lis,
274 1328 356 1362 quae
371 1317 447 1350 dicti
461 1316 632 1359 Gregorius
647 1326 682 1348 ae
698 1315 856 1355 Urbanus,
870 1315 940 1347 Cle-

206 1382 296 1405 mens
306 1372 358 1411 lx,
371 1381 406 1403 ao
418 1370 566 1403 Clemens
584 1370 608 1402 X
622 1369 894 1412 praedecessores
906 1368 939 1400 in

207 1425 273 1458 suis
297 1424 414 1457 litteris
439 1422 612 1466 praedictis
636 1421 810 1465 respective
831 1421 941 1453 volue-

207 1483 283 1511 runt
306 1487 372 1510 non
397 1477 539 1515 obstare,
566 1476 747 1518 ceterisque
773 1473 940 1508 contrariis

208 1531 483 1574 quibuscumque;
503 1533 558 1560 aut
578 1528 604 1560 si
625 1527 784 1570 aliquibus
802 1537 940 1560 commu-

208 1584 292 1617 niter
304 1583 355 1615 vel
370 1581 497 1615 divisim
510 1581 548 1612 ab
563 1581 673 1613 eadem
686 1581 724 1612 sit
738 1580 819 1612 Sede
838 1580 942 1612 indul-

210 1641 290 1675 tum,
308 1634 393 1678 quod
410 1632 570 1670 interdici,
586 1632 738 1675 suspendi
756 1633 806 1663 vel
821 1642 942 1664 excom·
961 1649 963 1669 3

164 1723 167 1726 Α
210 1687 366 1721 munieari
384 1696 450 1718 non
464 1685 587 1728 possint
605 1695 664 1727 per
682 1684 802 1716 litteras
819 1689 944 1726 aposto·
963 1706 964 1730 ᾖ

209 1741 288 1774 licas
305 1750 371 1773 non
392 1738 547 1771 facientes
566 1739 695 1780 plenam
712 1741 743 1769 et
759 1747 943 1779 expressam

211 1804 247 1826 ac
272 1793 310 1826 de
334 1792 432 1824 verbo
457 1790 496 1823 ad
521 1790 650 1822 verbum
676 1789 715 1822 de
741 1789 864 1822 indulto
885 1789 930 1821 hu

212 1844 350 1879 iusmodi
370 1843 580 1876 mentionem.

256 1899 271 1941 ἓ
295 1896 327 1930 6.
353 1895 547 1929 Eorumdem
578 1899 686 1926 autem
716 1894 968 1937 praedecesso-⁴

21 1958 285 1986 GregorssXffletrum
319 1954 505 1982 nostrorum
540 1946 683 1989 vestigiis
715 1947 946 1986 inhaerentes,

21 1986 65 2008 XV.

213 2005 360 2037 volumus
386 2001 472 2044 quod
498 1999 564 2043 (Pii
590 1993 634 2039 V,
664 2009 726 2032 xxii
758 1999 949 2043 septembris

214 2067 298 2090 anno
322 2064 372 2094 Vt,
405 2064 442 2086 ac
466 2052 610 2095 Gregorii
635 2052 718 2092 XIII,
744 2052 801 2084 sub
829 2054 948 2085 annulo

213 2107 383 2142 Piscatoris
407 2115 464 2139 xxv
488 2104 674 2138 novembris
698 2115 783 2137 auno
808 2115 846 2143 1x,
874 2115 949 2138 nec—

213 2172 279 2195 non
304 2158 450 2203 Gregorii
476 2158 526 2190 XV
555 2157 838 2200 praedecessorum
862 2168 950 2200 prae-

215 2215 383 2252 dictorum,
397 2211 454 2244 sub
473 2211 581 2243 datum
599 2220 629 2243 lx
646 2210 798 2242 februarii
815 2220 898 2243 anno
916 2221 948 2249 11,

214 2265 459 2312 pontificatuum
479 2273 626 2303 suornm,
652 2262 810 2306 expeditis
834 2263 949 2296 litteris

214 2320 248 2353 in
273 2329 329 2352 suo
352 2318 471 2350 robore
501 2320 533 2348 et
564 2316 703 2348 efficacia
731 2317 947 2359 permanenti-

215 2372 295 2414 bus)
326 2374 516 2414 praesentes
547 2368 673 2401 litterae
708 2379 773 2401 non
809 2379 952 2412 compre—

216 2424 366 2458 hendant
393 2432 499 2466 neque
529 2421 680 2454 ecclesias
707 2431 812 2464 neque
844 2431 951 2464 perso-

217 2487 276 2510 nas
305 2476 339 2509 in
371 2475 421 2509 his
447 2485 529 2519 quae
553 2474 592 2507 ad
617 2484 736 2514 ¹curam
773 2475 950 2508 animarum

219 2529 380 2576 pertinent
398 2529 444 2573 (in
463 2528 578 2572 quibus
597 2528 727 2562 decreta
739 2527 871 2561 Concilii
888 2527 950 2561 Tri-

1650 149 1690 165 ⁹0

977 214 1100 246 deutini
1122 224 1158 246 ac
1177 214 1209 245 in
1227 213 1389 256 praedicta
1410 212 1554 254 Gregorii
1570 212 1614 244 XX
1633 222 1707 243 con-

977 266 1145 298 stitutione
1170 270 1321 298 contenta
1346 265 1478 297 omniuo
1507 265 1626 297 servari
1653 265 1707 296 de-

975 318 1098 359 beant),
1121 328 1156 349 ac
1174 318 1257 360 quod
1283 317 1502 359 praesentium
1529 317 1706 348 litterarum

977 370 1198 412 transumptis,
1223 380 1318 402 manu
1346 369 1479 401 alicuius
1505 369 1621 401 notarii
1648 379 1706 411 pu·

977 420 1050 453 blici
1075 422 1275 464 subscriptis,
1298 432 1334 454 ac
1359 422 1467 463 sigillo
1493 431 1652 464 personae
1674 421 1706 452 in

977 473 1132 515 dignitate
1150 475 1368 507 ecclesiastica
1389 475 1580 506 constitutae
1605 473 1707 505 muni-

978 525 1028 563 tis,
1045 525 1077 556 in
1096 526 1216 558 iudicio
1236 531 1267 558 et
1291 531 1379 558 extra
1407 526 1495 566 illud,
1513 527 1634 568 ubique
1661 526 1708 558 lo-

977 587 1108 616 corum,
1133 579 1227 620 plena
1253 583 1284 610 et
1315 578 1495 610 indubitata
1527 578 1706 620 eademque

977 638 1107 671 prorsus
1120 629 1198 662 fides
1213 630 1416 669 adhibeatur,
1427 640 1509 672 quae
1526 630 1604 672 ipsis
1620 640 1708 673 prae-

977 683 1124 715 sentibus
1137 683 1356 722 adhiberetur,
1375 683 1399 714 si
1422 683 1524 715 forent
1543 683 1706 716 exhibitae

977 736 1025 768 vel
1049 740 1210 768 ostensae.

1020 788 1132 820 Datum
1147 788 1277 828 Romae,
1292 787 1377 831 apud
1387 788 1417 820 S.
1430 788 1573 827 Petrum,
1586 788 1643 819 sub
1658 799 1708 821 an-

978 841 1054 873 nulo
1083 840 1265 880 piscatoris,
1291 850 1349 873 vni
1368 840 1503 873 ianuarii
1523 849 1708 881 iinmxxx'tt,
1731 854 1733 856 ·

978 892 1182 936 pontificatus
1208 893 1309 926 nostri
1334 903 1419 925 anno
1444 903 1467 926 1.

1012 954 1069 981 Dat.
1088 954 1131 982 die
1146 956 1162 983 8
1177 955 1291 982 ianuarii
1314 955 1391 988 1677,
1411 954 1506 990 pontif.
1526 962 1569 982 an.
1589 961 1607 982 Ι.

1305 1097 1381 1129 XIV.

979 1174 1172 1208 Declaratur
1187 1175 1229 1208 ad
1245 1175 1363 1218 fratres
1383 1175 1524 1209 Minores
1546 1176 1712 1220 Reforma-

1025 1232 1070 1260 [οε
1094 1238 1159 1260 mm
1180 1229 1342 1270 pertinere
1359 1228 1499 1272 legatum
1525 1229 1713 1263 Arelatense

1023 1280 1184 1322 fratribus
1216 1281 1396 1313 Minoribus
1426 1281 1463 1314 cle
1500 1280 1711 1316 Observantiti

1024 1334 1235 1377 adscriptum.

1169 1413 1362 1441 Innocentius
1382 1415 1459 1449 Papa
1479 1415 1526 1448 XI,

1118 1459 1300 1486 adfuturam
1320 1461 1364 1486 rei
1384 1461 1569 1487 memoriam.

1027 1529 1086 1572 gl.
1109 1529 1231 1571 Exponi
1251 1530 1345 1562 nobis
1362 1540 1466 1572 nuper
1485 1530 1558 1563 fecit
1576 1530 1713 1563 dilectus

984 1581 1066 1613 fitius
1090 1580 1270 1622 Gaspardus
1297 1581 1335 1612 de
1359 1580 1511 1613 Varadier
1535 1581 1574 1614 de
1599 1582 1628 1614 S.
1652 1578 1716 1613 Λη-

985 1634 1060 1671 diet,
1080 1633 1328 1665 archidiaconus
1350 1633 1504 1665 ecclesiae
1528 1634 1717 1677 metropoli-

985 1692 1077 1718 tanae
1109 1685 1326 1724 Arelatensis,
1353 1686 1437 1727 quod
1467 1686 1567 1725 alias,
1598 1696 1717 1729 nempe

986 1748 1071 1770 anno
1096 1746 1276 1776 MDLxxxvu,
1299 1742 1374 1769 tunc
1391 1738 1423 1769 in
1449 1738 1600 1771 humanis
1619 1749 1717 1781 agens

986 1790 1176 1822 Francisous
1202 1790 1240 1822 de
1266 1789 1417 1823 Veradier
1446 1791 1590 1824 eiusdem
1615 1792 1719 1824 ecclc-

987 1844 1052 1876 siae
1070 1842 1328 1881 archidiaconus
1347 1843 1436 1875 cuius
1463 1843 1564 1876 dictus
1584 1843 1720 1887 Gaspar-

989 1898 1047 1929 dus
1074 1897 1127 1937 (ut
1152 1895 1286 1938 asserit)
1313 1896 1428 1928 haeres
1455 1895 1575 1935 existit,
1605 1897 1637 1929 in
1662 1907 1719 1929 suo

989 1953 1182 1981 testamento
1217 1958 1273 1980 seu
1307 1947 1384 1980 alias
1415 1948 1527 1980 ultima
1557 1949 1721 1980 voluntate

990 2001 1161 2043 quamdam
1191 1999 1347 2042 pecuniae
1378 2009 1535 2032 summam
1567 2000 1721 2043 hospitali

990 2052 1169 2086 Arelatensi
1191 2052 1308 2094 legavit
1325 2062 1394 2084 curn
1413 2061 1513 2084 onere
1534 2052 1721 2094 praestandi

991 2105 1163 2149 quotannis
1181 2104 1345 2146 sexaginta
1369 2104 1467 2136 libras
1491 2109 1638 2137 monetae
1655 2104 1722 2137 Gal-

990 2160 1106 2192 liarum
1138 2157 1298 2199 religiosis
1324 2167 1360 2189 ex
1385 2156 1599 2199 infrascriptis
1632 2156 1723 2189 Ordi-

989 2212 1085 2244 nibus
1111 2210 1150 2242 de
1175 2209 1313 2242 triennio
1344 2208 1377 2240 in
1406 2209 1581 2241 triennium
1607 2210 1722 2242 ordine

970 2264 1170 2313 3successivo
1196 2264 1234 2295 ad
1260 2273 1369 2295 sacrae
1401 2262 1588 2304 theologiae
1620 2262 1723 2295 studia

990 2316 1164 2355 mittendis,
1182 2325 1299 2358 nempe
1316 2315 1422 2357 primo
1439 2314 1509 2347 loco
1533 2315 1589 2346 uni
1611 2324 1646 2347 ex
1666 2315 1726 2346 sra-

991 2370 1092 2401 tribus
1118 2368 1244 2401 Ordinis
1269 2367 1427 2399 Minorum
1452 2366 1482 2399 S.
1509 2366 1665 2399 Francisci
1682 2367 1722 2399 de

991 2421 1220 2460 Observantia,
1254 2420 1371 2453 deinde
1402 2419 1530 2452 Ordinis
1565 2419 1722 2452 Minorum

992 2475 1136 2508 eiusdem
1154 2473 1253 2506 sancti
1274 2471 1435 2505 Francisci
1456 2471 1722 2504 Conventualium

992 2526 1167 2571 respective
1193 2531 1459 2567 nuncupatorum,
1478 2528 1551 2568 post
1566 2533 1641 2556 vero
1666 2523 1723 2557 Or-

1655 172 1667 183 -ν
1683 169 1690 181 ,
1717 169 1761 187 ἤϊ’..
1779 171 1806 188 u.
1827 169 1892 188 '1001

1751 1537 1839 1562 Spectas
1851 1536 1907 1556 tacti.
