2111 3157
9 187 60 217 Αη.
73 187 103 214 C.
126 186 188 214 ¹681

32 979 151 1001 Clausum.

44 1240 106 1261 rid·-
132 1242 187 1262 tru-

5 1269 140 1293 nummorum.

30 2500 149 2523 notatum.

781 181 991 208 INNOCENTIUS
1012 182 1044 206 Χῐ
1068 182 1117 206 ΡΡ.

198 239 231 267 et
254 232 450 267 sufficienter
474 232 635 276 expressis
661 235 692 264 et
717 230 848 264 insertis
870 230 929 262 ha-

197 288 331 326 bernes,
368 285 519 318 universo
555 286 642 317 clero
679 288 742 316 tam
777 282 933 317 saeculari

198 349 294 384 quam
307 338 447 381 regulari
459 338 626 380 utriusque
642 347 734 370 sexus
747 346 932 379 regnorum,

198 392 443 437 provinciarum,
479 396 619 424 statuum
652 395 683 424 et
713 389 934 423 dominiorum

199 455 476 489 quorumcumque
508 444 610 477 dictae
642 452 782 476 coronae
812 442 934 474 Lusita-

199 498 273 532 niae
298 498 390 531 annis
416 496 552 539 singulis
571 495 621 529 die
644 506 714 529 xxv1
732 494 858 537 augusti
875 495 933 527 sub

199 551 262 585 ritu
290 550 412 593 duplici
444 549 532 582 iuxta
555 549 699 581 rubricas
723 548 877 580 breviarii
903 553 934 580 et

198 602 337 637 missalis
363 602 498 640 romani,
524 612 561 634 ac
586 602 710 633 servata
741 600 933 643 ceteroquin

199 654 458 699 supradictarum
481 653 662 686 litterarum
687 653 787 685 forma
813 658 845 685 et
868 653 933 685 dis-

197 707 385 751 positione,
413 705 570 738 recitandi
596 705 746 738 similiter
777 710 809 737 et
840 706 929 738 cele-

197 757 313 792 brandi
338 758 519 801 respective
544 758 740 797 facultatem,
766 757 931 801 perpetuis

198 811 312 844 suturis
335 811 536 854 temporibus
561 810 768 851 duraturam,
794 810 933 843 auctori-

196 869 262 897 tate
277 863 464 907 apostolica,
481 869 594 896 tenore
608 863 840 907 praesentium,
858 873 932 896 con-

197 917 343 950 cedimus
370 921 402 949 et
425 916 639 960 impartimur.

240 969 256 1013 5
280 969 311 1003 3.
338 969 407 1002 Non
427 968 630 1002 obstantibus
648 968 932 1001 constitutionibus

198 1026 230 1055 et
246 1021 504 1055 ordinationibus
522 1021 719 1064 apostoliciS,
745 1031 872 1054 necnon
898 1031 932 1053 o-

197 1074 326 1107 mnibus
353 1079 384 1107 et
407 1073 543 1116 singulis
559 1073 632 1113 illis,
651 1084 734 1116 quae
758 1074 791 1105 in
816 1073 930 1105 litteris

197 1127 348 1170 praefatis
384 1136 537 1160 concessa
571 1131 646 1159 sunt
680 1136 745 1158 non
779 1126 930 1166 obstare;

197 1179 378 1223 ceterisque
403 1179 575 1213 contrariis
601 1179 871 1222 quibuscumque.

240 1233 255 1275 ς
281 1232 313 1264 4.
351 1232 506 1265 Volumus
539 1237 648 1264 autem
677 1236 713 1264 ut
745 1231 930 1264 earumdem

196 1284 416 1329 praesentium
436 1284 616 1317 litterarum
633 1284 851 1327 transumptis,
873 1294 929 1316 seu

198 1337 366 1379 exemplis,
383 1337 477 1369 etiam
495 1336 673 1379 impressis,
688 1346 782 1369 manu
797 1336 930 1369 alicuius

196 1388 315 1421 notarii
331 1388 452 1432 publici
469 1388 671 1431 subscriptis,
691 1393 722 1421 et
740 1387 846 1431 sigillo
863 1397 932 1431 per-

197 1451 296 1473 sonae
314 1441 347 1472 in
365 1441 581 1474 ecclesiastica
605 1440 760 1483 dignitate
779 1440 932 1473 constitu-

196 1499 247 1526 tae
265 1494 407 1534 munitis,
425 1494 538 1527 eadem
562 1505 695 1537 prorsus
715 1494 793 1527 fides
815 1498 878 1525 tam
897 1493 929 1525 in

196 1545 316 1578 iudicio
334 1555 429 1589 quam
446 1551 535 1578 extra
551 1546 632 1579 illud
648 1547 768 1590 ubique
782 1547 929 1579 locorum

196 1599 368 1639 habeatur,
387 1609 469 1642 quae
485 1599 661 1632 haberetur
681 1599 760 1642 ipsis
777 1609 930 1642 praesen-

195 1651 280 1685 tibus
297 1651 322 1684 si
339 1652 447 1684 forent
466 1651 630 1684 exhibitae
648 1653 698 1685 vel
717 1658 879 1685 ostensae.

238 1704 352 1737 Datum
366 1704 497 1744 Rornae,
511 1705 596 1747 apud
609 1704 639 1737 S.
652 1705 790 1745 Petrum,
801 1705 858 1737 sub
873 1715 929 1738 an-

194 1758 272 1791 nulo
297 1757 478 1797 piscatoris,
501 1757 552 1790 die
572 1768 629 1790 xxx
648 1757 729 1790 iunii
756 1767 928 1799 MDCLxxxr,

194 1809 403 1854 pontificatus
428 1810 530 1843 nostri
555 1820 640 1843 anno
666 1821 695 1842 v.

229 1870 288 1898 Dat.
311 1870 355 1898 die
374 1871 409 1898 30
428 1871 495 1898 iunii
516 1871 595 1905 1681,
617 1871 712 1907 pontif.
734 1879 805 1900 anno
824 1877 849 1899 ν,

539 2013 585 2047 CI.

195 2093 385 2128 Conceditur
402 2093 516 2126 rectori
530 2094 658 2136 colteqz'z'
672 2094 815 2136 fratrum
831 2094 928 2126 Prae-

236 2146 420 2178 dicatorum
444 2147 479 2178 in
502 2146 651 2185 Qnitensi
680 2146 850 2188 provincia
872 2146 928 2188 sa·-

236 2198 340 2230 cultas
357 2198 541 2241 conserendi
556 2199 684 2240 publice
706 2198 828 2241 yradus
844 2198 929 2231 scho-

238 2249 366 2282 lasticos
390 2251 426 2282 in
449 2250 620 2282 nonnullis
645 2250 846 2293 disciplinis,
874 2250 928 2283 do-

237 2312 294 2335 nec
318 2302 435 2335 ibidem
452 2303 598 2344 eriyatur
615 2303 807 2335 universitas
823 2303 925 2346 reqia.

386 2382 578 2408 Innocentius
599 2382 676 2415 Papa
696 2383 744 2415 XI,

336 2426 372 2452 ad
391 2426 523 2452 futuram
543 2425 587 2452 rei
607 2427 787 2453 memoriam.

239 2496 410 2528 Pastoralis
441 2495 547 2535 officii,
575 2506 637 2538 quo
666 2496 842 2529 catholicae
874 2496 928 2529 Ec-

195 2549 293 2582 clesia
325 2559 383 2592 per
415 2548 600 2580 universum
635 2554 793 2581 terrarum
817 2550 927 2583 orbem

259 2611 336 2639 Bult.
355 2612 433 2638 Rom.
449 2625 481 2631 --
502 2611 561 2638 Vol.
577 2611 654 2638 XIX.
798 2611 830 2637 ‘50

976 228 1105 262 diffusae
1114 228 1265 272 regimini
1279 228 1385 262 divina
1396 228 1612 273 dispositione
1624 239 1711 272 prae-

975 282 1125 323 sidemus,
1153 292 1227 315 cura
1250 282 1393 314 animum
1419 287 1562 315 nostrum
1588 282 1711 315 sollici-

975 339 1020 367 tat
1055 341 1090 367 ut
1113 335 1167 378 pia
1194 335 1422 378 religiosorum
1455 335 1600 369 virorum
1635 345 1711 378 pro-

975 389 1063 431 priae
1088 388 1278 432 alienaeque
1296 388 1391 421 saluti
1409 398 1542 431 operam
1563 388 1710 421 dantium

975 441 1090 482 studia,
1115 442 1155 474 ad
1173 441 1442 481 christifidelium,
1464 440 1654 484 praesertim
1676 441 1709 474 in

975 494 1162 537 longinquis
1199 494 1413 537 religionibus
1439 494 1648 536 degentium,
1676 494 1709 526 in

975 547 1122 580 doctrina
1146 549 1223 580 sana
1252 547 1487 580 institutionem
1517 552 1612 590 atque
1638 557 1709 580 eru-

975 601 1132 633 ditionem
1149 600 1356 634 laudabiliter
1380 599 1553 639 tendentia,
1572 600 1710 643 peculia-

974 653 1062 685 ribus
1087 653 1247 686 favoribus
1272 657 1304 685 et
1328 652 1448 695 gratiis,
1469 657 1626 695 quantum
1651 662 1709 687 no-

973 705 1022 738 bis
1047 716 1084 739 ex
1109 707 1175 738 alto
1201 705 1396 746 conceditur,
1411 705 1611 738 adiuvemus.

1016 758 1086 801 51.
1117 758 1241 801 Exponi
1276 759 1437 802 siquidem
1472 759 1566 791 nobis
1602 768 1901 821 nupercnffitsnggmeffi-

974 811 1049 844 fecit
1072 811 1205 845 dilectus
1223 810 1308 843 filius
1327 811 1466 853 ignatius
1484 811 1522 844 de
1542 810 1707 849 Quassada

974 864 1125 897 definitor
1145 869 1176 897 et
1192 868 1384 907 procurator
1400 863 1584 907 provinciae
1600 863 1632 897 S.
1651 864 1707 897 Ca-

973 916 1120 949 tharinae
1143 915 1278 961 yirginis
1302 920 1333 948 et
1363 915 1510 959 martyris
1542 916 1581 949 de
1612 915 1704 954 Quito

973 969 1006 1001 in
1030 969 1128 1001 Indiis
1148 968 1409 1002 Occidentalibus
1424 967 1552 1001 Ordinis
1570 968 1706 1002 fratrum

973 1022 1231 1055 Praedicatorum
1255 1021 1288 1053 in
1313 1022 1402 1054 sacra
1427 1020 1593 1063 theologia
1610 1021 1706 1063 magi-

973 1079 1046 1115 ster,
1064 1075 1149 1117 quod
1173 1074 1259 1116 (cum
1277 1074 1309 1106 in
1326 1074 1389 1106 illis
1410 1074 1555 1117 partibus
1572 1073 1705 1116 plurimi

973 1127 1036 1159 sint
1052 1127 1209 1167 infideles,
1228 1137 1264 1160 ex
1290 1127 1406 1169 quibus
1424 1126 1515 1159 multi
1532 1127 1632 1169 opera
1649 1126 1707 1159 fra-

974 1184 1058 1212 trum
1082 1180 1157 1213 dicti
1181 1179 1309 1213 Ordinis
1326 1179 1392 1213 illic
1408 1180 1441 1212 in
1465 1179 1558 1211 vinea
1578 1178 1703 1212 Domini

971 1237 1103 1265 strenue
1126 1232 1344 1265 laborantium
1369 1232 1409 1264 ad
1433 1230 1629 1264 christianae
1655 1241 1704 1264 re-

971 1285 1101 1327 ligionis
1124 1285 1290 1318 veritatem
1314 1285 1347 1317 in
1371 1284 1439 1317 dies
1465 1288 1707 1325 convertuntur,

972 1343 1004 1370 et
1027 1339 1122 1379 longe
1147 1339 1277 1381 plures,
1302 1337 1440 1369 Domino
1464 1336 1680 1369 benedicente
1696 1362 1704 1377 ‚

971 1390 1157 1423 conversuri
1171 1395 1360 1433 sperantur·,
1378 1400 1489 1422 verum
1507 1389 1620 1422 messis
1637 1390 1705 1432 qui-

972 1444 1044 1476 dem
1060 1454 1131 1476 cum
1144 1444 1243 1476 multa
1257 1443 1305 1483 sit,
1321 1442 1462 1486 operarii
1476 1446 1582 1475 autem
1599 1442 1702 1485 pauci,

971 1497 1023 1539 qui
1050 1507 1103 1530 eos
1132 1497 1164 1529 in
1189 1496 1337 1529 doctrina
1373 1498 1451 1528 sana
1486 1495 1646 1527 instruere
1672 1499 1705 1527 et

971 1549 1160 1582 confirmare
1185 1549 1331 1591 valeant)
1358 1548 1468 1581 dilecti
1497 1547 1620 1591 pariter
1647 1547 1704 1580 filii

971 1603 1083 1636 fratres
1122 1602 1308 1647 provinciae
1333 1602 1518 1645 praedictae
1544 1600 1704 1644 (provide

970 1656 1211 1689 considerantes
1235 1656 1355 1688 nullam
1380 1654 1413 1686 in
1438 1654 1549 1686 eadem
1574 1653 1705 1696 provin-

970 1708 1018 1741 cia
1042 1708 1139 1741 studii
1164 1708 1324 1750 generalis
1349 1707 1592 1739 universitatem
1616 1716 1707 1749 repe-

970 1761 1046 1801 riri,
1075 1761 1243 1804 ipsamque
1268 1759 1465 1803 provinciam
1491 1758 1662 1801 nongentis
1687 1769 1705 1791 a

970 1814 1100 1846 Limana
1124 1819 1154 1846 et
1178 1820 1227 1845 ter
1249 1813 1338 1845 mille
1363 1811 1555 1844 milliaribus
1573 1822 1590 1843 a
1609 1810 1705 1843 Mexi-

970 1868 1047 1899 canii
1066 1865 1253 1905 civitatibus,
1271 1866 1303 1897 in
1325 1864 1441 1908 quibus
1460 1863 1617 1896 eiusmodi
1635 1863 1705 1895 uni-

971 1919 1136 1951 versitates
1160 1917 1338 1950 studiorum
1357 1916 1557 1959 generalium
1575 1920 1703 1948 erectae

970 1976 1052 2012 sunt,
1071 1971 1200 2010 distare,
1219 1980 1255 2002 ac
1280 1969 1418 2012 proinde
1444 1968 1606 2001 studiosos
1631 1978 1704 2011 par-

971 2025 1048 2057 tium
1074 2024 1203 2057 illarum
1227 2022 1359 2055 iuvenes
1376 2031 1537 2054 sacrarum
1555 2021 1704 2054 aliarum-

970 2088 1030 2120 que
1054 2077 1212 2109 bonarum
1236 2076 1415 2107 litterarum
1434 2073 1548 2106 studiis
1569 2084 1704 2117 operam

970 2129 1079 2169 dandi,
1102 2138 1202 2171 seque
1228 2127 1267 2159 ad
1288 2127 1362 2160 fidei
1387 2126 1564 2159 catholicae
1588 2137 1705 2170 propa-

969 2182 1129 2225 gationem
1167 2180 1292 2213 habiles
1327 2184 1424 2223 atque
1460 2179 1595 2212 idoneos
1625 2180 1702 2213 red-

970 2235 1079 2274 dendi,
1101 2233 1303 2277 peractisque
1328 2232 1481 2265 studiosis
1513 2232 1704 2274 laboribus,

969 2287 1147 2332 praemium
1173 2286 1329 2328 graduum
1345 2284 1575 2318 litterariorum
1592 2295 1704 2318 conse-

971 2339 1091 2383 quendi
1109 2338 1224 2381 gratia,
1241 2339 1353 2380 longas
1370 2337 1634 2381 periculosasque
1651 2348 1706 2381 pe-

970 2392 1207 2435 regrinationes
1223 2391 1330 2424 subire
1345 2390 1490 2433 debere),
1507 2391 1639 2433 praevio
1658 2401 1703 2424 re-

971 2446 1023 2488 gio
1034 2455 1205 2485 consensu,
1220 2443 1393 2487 collegium
1405 2443 1464 2475 sub
1479 2443 1573 2476 titulo
1584 2443 1617 2476 B.
1631 2443 1703 2476 Ber-

970 2497 1061 2530 nardi
1086 2497 1171 2540 regis
1203 2496 1355 2529 catholici
1387 2496 1493 2529 Sancti
1526 2496 1703 2539 nuncupati

971 2550 1053 2583 intra
1068 2550 1118 2583 vel
1141 2552 1230 2583 extra
1254 2554 1345 2594 septa
1369 2553 1547 2583 conventus
1565 2548 1597 2582 S.
1616 2548 1703 2582 Petri

1590 171 1661 206 '393
1705 182 1757 209 An.
1776 180 1805 209 α
1829 181 1887 210 tee-
