2111 3157
15 179 64 207 An.
79 176 108 205 C.
130 175 198 204 1688

786 169 998 196 INNOCENTIUS
1021 170 1050 193 iti
1076 169 1123 193 1⁸1³.

207 232 318 258 corum
342 223 407 256 vias
431 221 582 254 incedere
613 220 683 253 sine
708 219 816 258 soci03
846 228 936 251 man-

206 276 320 310 dantes
344 275 376 308 in
407 274 558 307 meritum
589 271 736 306 salutaris
767 272 936 304 observan-

206 329 278 369 tiae,
297 334 328 363 et
344 330 402 362 sub
427 329 541 372 poenis
563 326 752 370 privationis
778 325 935 368 graduum

206 387 239 415 et
262 381 453 421 officiorum,
473 380 607 423 aliisque
633 384 741 411 nostro
759 383 789 411 et
809 387 935 410 succes-

205 444 312 468 sorum
335 433 466 467 arbitrio
490 432 672 471 reservatis,
691 436 735 471 ut,
749 430 874 474 quoties
891 440 935 463 re-

204 485 329 528 ligiosis
345 485 518 529 praedictis
529 485 589 517 erit
606 484 934 522 exeundunnserven-

205 543 255 570 tur
274 537 473 581 praescripta
497 547 656 570 sacrarum
681 535 783 568 nostri
806 535 932 568 Ordinis

204 589 486 630 constitutionum,
513 594 544 622 et
575 589 737 631 postulata
761 593 854 630 atque
878 588 934 620 ob-

203 643 291 674 tenta
308 652 325 674 a
340 647 432 685 patre
457 641 625 684 superiore
650 639 780 673 licentia
804 650 933 682 semper

203 693 350 726 associati
376 693 536 733 incedant,
554 693 640 724 iuxta
664 691 782 724 Christi
807 692 931 724 Domini

202 746 399 789 exemplum,
426 745 481 788 qui
505 745 669 787 apostolos
694 743 931 787 discipulosque

202 808 277 830 suos
290 807 355 830 non
369 798 467 836 solos,
482 796 538 829 sed
554 796 647 828 binos
660 806 789 839 semper
804 796 931 829 mittere

201 850 376 883 consuevit.
391 850 524 889 Romae,
535 849 586 881 dic
601 859 622 882 n
636 849 713 882 iunii
730 859 892 883 nnctxxiu
904 862 930 882 n.

236 902 274 935 Et
290 913 364 936 sane
382 903 546 935 decretum
561 907 671 934 contra
684 912 777 934 usum
794 902 884 945 pallii
902 908 933 935 et

201 956 302 999 galeri
320 966 379 999 pro
403 955 575 999 praedictis
600 954 772 998 provinciis
796 954 931 987 subinde

201 1008 385 1042 innovatum
403 1014 434 1041 et
450 1008 672 1041 confirmatum
687 1007 743 1039 fuit
761 1007 793 1039 in
810 1017 933 1050 nupero

201 1063 342 1106 capitulo
358 1062 502 1104 generali
528 1061 671 1094 eiusdem
693 1061 819 1094 Ordinis
837 1060 868 1093 in
887 1063 933 1093 ea-

201 1115 274 1148 dem
300 1115 385 1148 Urbe
410 1115 574 1148 celebrato
593 1115 631 1147 de
658 1124 742 1146 anno
767 1123 933 1147 mcccxxxv

201 1178 259 1212 per
283 1168 371 1201 aliud
389 1167 553 1200 decretum
579 1167 699 1199 ibidem
727 1166 849 1199 editum
873 1166 932 1200 sub

202 1221 295 1254 titulo
320 1231 379 1264 pro
397 1220 560 1253 Mexicana
585 1220 752 1263 provincia
778 1219 838 1252 sub
860 1229 892 1251 n.
914 1230 930 1251 x

201 1273 322 1307 tenoris
338 1274 392 1317 qui
412 1273 578 1317 sequitur:
600 1285 612 1303 <i
627 1272 797 1305 innovatur
813 1277 844 1304 et
861 1282 933 1304 con-

200 1325 348 1359 firmatur
373 1326 537 1359 decretum
573 1325 838 1358 reverendissimi
868 1324 932 1357 Oli-

202 1389 258 1412 vae
283 1383 394 1412 contra
418 1389 511 1411 usum
537 1378 626 1421 pallii
653 1384 684 1410 et
700 1378 798 1420 galeri
828 1377 858 1409 in
875 1378 932 1410 Me-

199 1431 312 1465 xicana
336 1436 367 1465 et
390 1431 652 1464 Meclioacauensi
678 1430 855 1474 provinciis
877 1442 907 1462 ».

1611 156 1672 189 7115

979 217 1098 250 militer
1122 216 1279 259 porrectis
1308 214 1475 253 inclinati,
1507 213 1710 256 pracinscrta

978 271 1106 303 decreta
1124 275 1155 302 et
1172 268 1404 307 ordinationes,
1419 266 1611 299 auctoritate
1632 277 1710 309 apo-

978 322 1110 363 stolica,
1139 327 1252 355 tenore
1283 320 1516 364 praesentium,
1541 318 1711 352 confirma-

977 387 1048 408 mus
1066 381 1097 408 et
1116 376 1346 418 approbamus,
1364 374 1493 416 illisque
1514 371 1709 405 inviolabilis

979 428 1177 472 apostolicae
1206 427 1366 461 firmitatis
1395 427 1494 459 robur
1519 425 1707 465 adiicimus,

978 492 1013 513 ac
1034 491 1145 514 omnes
1170 485 1202 513 et
1225 480 1371 522 singulos
1397 479 1476 511 iuris
1503 483 1534 511 et
1557 477 1628 510 sacti
1654 477 1710 510 de-

978 534 1100 574 sectus,
1130 533 1156 565 si
1192 533 1247 576 qui
1283 533 1424 575 desuper
1464 530 1711 575 quomodolibet

976 585 1219 625 intervenerint,
1245 587 1444 628 supplemus.

1019 639 1034 681 ἓ
1057 637 1089 671 3.
1115 638 1331 670 Decernentes
1354 637 1555 680 praeinserta
1580 637 1710 670 decreta

976 696 1007 722 et
1032 690 1271 730 ordinationes,
1297 700 1333 721 ac
1361 690 1489 722 easdem
1520 695 1708 732 praesentes

975 743 1097 776 litteras
1115 753 1242 785 semper
1267 742 1388 782 firmas,
1408 742 1527 775 validas
1549 748 1581 774 et
1604 742 1710 775 effica-

975 806 1027 828 ces
1052 795 1189 828 existere
1216 800 1248 827 et
1273 795 1350 834 fore,
1377 805 1513 837 suosque
1545 795 1709 837 plenarios

975 853 1007 880 et
1023 848 1167 890 integros
1182 847 1311 880 effectus
1325 847 1432 879 sortiri
1451 853 1481 879 et
1499 847 1656 887 obtinere,
1675 859 1710 881 ac

975 900 1052 941 illis,
1080 901 1118 933 ad
1151 911 1232 944 quos
1258 905 1383 943 spectat
1415 905 1446 932 et
1477 910 1536 942 pro
1563 906 1710 942 tempore

975 953 1143 996 spectabit,
1161 953 1193 985 in
1218 954 1367 986 omnibus
1391 958 1423 985 ct
1440 964 1497 995 per
1515 953 1622 985 omnia
1640 953 1711 995 ple-

976 1006 1108 1038 nissime
1133 1005 1313 1047 suffragari,
1333 1009 1364 1037 et
1381 1005 1419 1036 ab
1436 1005 1499 1037 illis
1520 1005 1710 1047 respective,

976 1059 1034 1091 sub
1058 1059 1172 1102 poenis
1205 1058 1237 1090 in
1270 1058 1390 1090 eisdem
1426 1059 1563 1091 decretis
1596 1063 1710 1090 contra

977 1116 1234 1153 transgressores
1256 1110 1395 1150 inflictis,
1412 1111 1643 1143 inviolabiliter
1659 1111 1712 1144 ob-

977 1164 1109 1204 servari,
1127 1164 1238 1206 sicque
1264 1163 1296 1195 in
1322 1163 1510 1206 praemissis
1530 1174 1590 1207 per
1615 1174 1712 1207 quos-

976 1227 1114 1260 cumque
1139 1216 1261 1249 iudices
1293 1216 1475 1249 ordinarios
1513 1222 1545 1249 et
1579 1217 1712 1258 delega-

975 1275 1033 1309 tos,
1058 1270 1155 1303 etiam
1191 1280 1360 1302 causarum
1394 1270 1504 1313 palatii
1541 1270 1712 1311 apostolici

975 1322 1152 1362 auditores,
1183 1323 1317 1355 iudicari
1346 1328 1376 1355 et
1405 1322 1533 1355 deliniri
1566 1323 1710 1363 debere,

975 1387 1012 1409 ac
1035 1376 1162 1408 irritum
1194 1382 1225 1408 et
1250 1376 1345 1408 inane
1371 1376 1396 1407 si
1422 1386 1516 1408 secus
1540 1386 1638 1418 super
1662 1376 1711 1407 his

975 1439 992 1461 a
1017 1439 1190 1472 quoquam,
1218 1429 1328 1472 quavis
1355 1429 1553 1468 auctoritate,
1572 1428 1713 1460 scienter

1719 164 1766 191 An.
1783 163 1811 191 C.
1836 163 1900 191 ¹088

1746 644 1866 667 clausulas.

55 1494 190 1515 Confirmatio
245 1484 260 1528 ς
285 1482 316 1516 2.
340 1483 419 1520 ,Cum
442 1489 558 1523 autem,
574 1484 655 1516 sieut
676 1484 787 1516 eadem
809 1483 932 1527 exposi·
975 1483 1025 1515 vel
1050 1481 1249 1523 ignoranter,
1270 1481 1446 1523 contigerit
1469 1481 1632 1514 attentari.

7 1522 122 1569 'ciliissfflff
155 1521 190 1542 ὡς’
201 1536 246 1570 tio
271 1536 495 1579 subiungebat,
516 1537 704 1569 corumdem
731 1536 932 1569 decretorum
1019 1535 1033 1578 ἓ
1057 1534 1089 1567 4.
1120 1534 1191 1567 Non
1219 1534 1425 1567 obstantibus
1449 1533 1646 1577 praemissis,
1677 1535 1903 1584 acdoffifflffiifflum

201 1589 405 1622 observantia
425 1589 457 1621 in
481 1589 654 1632 praedictis
678 1589 853 1631 provinciis
878 1589 932 1621 liu-

201 1651 323 1685 eusque
349 1643 495 1684 neglecta
520 1641 625 1681 suerit,
653 1646 683 1674 et
708 1641 746 1673 de
771 1641 932 1684 praesenti

201 1694 298 1727 etiam
323 1695 520 1737 negligatur,
550 1694 689 1736 ideoque
714 1694 799 1726 idem
823 1704 933 1737 supra-

202 1748 305 1780 dictus
323 1752 513 1791 procurator
537 1747 708 1790 generalis,
731 1757 792 1790 quo
810 1747 864 1780 illa
883 1747 934 1780 fir-

202 1799 284 1833 mius
317 1800 493 1833 subsistant
518 1805 549 1833 et
573 1805 744 1833 serventur
775 1800 933 1839 exactius,

203 1853 403 1898 apostolicae
435 1852 689 1886 confirmationis
722 1858 850 1886 nostrae
880 1864 935 1896 pa-

203 1905 340 1939 trocinio
365 1906 558 1939 communiri
583 1916 788 1949 summopere
813 1906 937 1939 deside-

202 1965 269 1993 ret:
288 1970 365 2000 nos,
384 1959 451 1993 eius
476 1959 556 1992 votis
582 1960 641 1992 hac
666 1959 697 1991 in
723 1964 935 2002 re‚quantum

203 2022 276 2045 cum
293 2012 428 2045 Domino
442 2021 625 2055 possumus,
649 2011 866 2044 favorabiliter
887 2022 937 2043 an-

204 2075 305 2098 nuere
319 2060 476 2103 volcntes,
490 2064 662 2107 ipsumque
681 2075 698 2096 a
713 2064 876 2107 quibusvis
891 2074 937 2096 ex-

205 2116 520 2156 communicationis,
539 2117 761 2159 suspensionis
785 2122 815 2149 et
839 2117 939 2149 inter-

206 2170 305 2210 dicti,
332 2170 467 2213 aliisque
494 2169 722 2202 ecclesiasticis
745 2169 936 2210 sententiis,

206 2222 353 2255 censuris
370 2227 403 2254 et
418 2222 546 2265 poenis,
560 2232 576 2254 a
593 2222 662 2254 iure
679 2222 728 2254 vel
743 2222 781 2254 ab
796 2221 939 2261 homine,

207 2274 319 2319 quavis
343 2274 514 2307 occasione
532 2275 581 2306 vel
602 2275 696 2306 causa
720 2273 803 2314 latis,
821 2274 847 2306 si
872 2273 941 2316 qui-

207 2328 268 2363 bus
291 2326 538 2372 quomodolibet
557 2326 728 2358 innodatus
754 2326 876 2365 existit,
901 2326 939 2358 ad

208 2380 355 2414 ellectum
386 2379 605 2424 praesentium
640 2378 805 2411 dumtaxat
827 2382 941 2411 conse-

210 2433 393 2478 quendum,
430 2432 543 2464 harum
575 2431 658 2463 serie
683 2431 885 2464 absolventes
910 2436 944 2464 et

211 2486 398 2519 absolutum
423 2485 490 2517 sore
518 2489 690 2516 censentes
705 2511 713 2524 ,
735 2471 964 2535 supplicatio-,³

211 2539 307 2572 nibus
332 2539 401 2572 eius
426 2535 556 2570 nomine
575 2537 666 2570 nobis
685 2547 783 2579 super
808 2537 868 2570 hoc
888 2538 928 2570 liu
959 2552 962 2562 ι
986 2536 1206 2573 praesentium
1225 2536 1406 2569 litterarum
1422 2536 1640 2580 transumptis,
1661 2545 1716 2569 seu

230 2594 305 2623 Ball.
326 2595 408 2622 Rom.
428 2609 461 2614 —
486 2595 542 2623 Vol.
564 2596 638 2626 XM.
785 2599 821 2627 99

976 1587 1264 1621 constitutionibus
1292 1593 1323 1619 et
1347 1587 1605 1619 ordinationibus
1629 1597 1710 1629 apo·

976 1640 1108 1680 stolicis,
1126 1650 1252 1672 necnon
1272 1640 1509 1682 provinciarum
1535 1646 1567 1672 et
1583 1639 1712 1672 Ordinis

978 1693 1208 1736 praefatorum,
1231 1693 1340 1724 aliisve
1362 1692 1533 1735 quibusvis,
1552 1692 1647 1724 etiam
1664 1692 1713 1724 iu-

976 1751 1138 1785 ramento,
1165 1745 1409 1778 confirmatione
1446 1744 1641 1787 apostolica,
1665 1743 1714 1777 vel

978 1798 1087 1841 quavis
1120 1797 1269 1830 firmitate
1303 1797 1364 1830 alia
1389 1797 1560 1836 roboratis,
1587 1797 1714 1830 statutis

979 1857 1010 1884 et
1033 1850 1340 1890 consuetudinibus,
1366 1849 1542 1892 privilegiis
1566 1860 1714 1892 quoquc,

978 1904 1112 1937 indultis
1145 1908 1176 1936 et
1207 1902 1322 1935 litteris
1355 1902 1539 1945 apostolicis
1570 1902 1603 1934 in
1639 1912 1715 1935 con-

980 1957 1114 1989 trarium
1164 1956 1420 1998 praemissorum
1471 1955 1716 1997 quomodolibet

979 2008 1150 2048 concessis,
1168 2007 1364 2041 confirmatis
1391 2013 1422 2040 et
1446 2007 1623 2047 innovatis;
1645 2007 1715 2050 qui·

980 2063 1038 2095 bus
1065 2063 1215 2095 erunibus
1242 2066 1273 2093 et
1297 2060 1444 2102 singulis,
1468 2061 1600 2093 illorum
1625 2064 1716 2093 teno-

982 2126 1031 2148 res
1058 2114 1281 2158 praeseutibus
1300 2124 1360 2156 pro
1378 2115 1472 2156 plene
1498 2118 1529 2146 et
1554 2113 1717 2145 sufficien-

983 2174 1030 2201 ter
1059 2168 1216 2210 expressis
1253 2177 1289 2199 ac
1318 2167 1355 2199 de
1386 2167 1481 2199 verbo
1513 2167 1552 2199 ad
1582 2167 1716 2199 verbum

982 2221 1112 2254 insertis
1138 2220 1306 2259 habentes,
1333 2219 1396 2252 illis
1429 2219 1506 2252 alias
1531 2219 1563 2251 in
1588 2229 1644 2252 suo
1670 2230 1718 2251 ro-

982 2275 1060 2307 bore
1076 2272 1308 2316 permansuris,
1321 2272 1359 2305 ad
1377 2271 1628 2315 praemissorum
1642 2271 1717 2304 effe-

983 2332 1077 2367 ctum,
1103 2326 1162 2358 hac
1185 2325 1253 2358 vice
1284 2326 1455 2365 dumtaxat,
1477 2324 1660 2367 specialiter
1686 2329 1718 2357 et

984 2389 1132 2422 expresse
1159 2379 1366 2421 derogamus;
1385 2377 1563 2420 ceterisque
1593 2381 1718 2410 contra-

984 2431 1040 2464 riis
1064 2431 1331 2474 quibuscumque.

1028 2484 1099 2529 §5
1131 2484 1284 2516 Volumus
1319 2489 1424 2516 autem
1458 2488 1493 2515 ut
1528 2483 1715 2516 earumdem

1765 2480 1826 2500 Fiitns
1850 2482 1906 2501 tran-

1724 2510 1860 2533 sumptorum.
