2111 3157
23 260 70 286 An.
93 258 121 283 C.
141 256 206 284 1683

207 304 451 345 bibliothecam,
470 305 502 337 in
528 306 628 348 eaque
648 305 943 344 bibliothecarium,

208 369 304 401 quem
339 368 375 391 ex
413 368 549 391 numero
586 359 817 391 advocatorum
852 359 944 390 aulae

208 410 441 445 consistorialis
465 411 585 450 assumi
609 411 721 449 voluit,
741 417 772 443 et
790 411 870 443 duos
891 421 945 442 cu-

208 463 315 496 stodes
346 474 417 495 cum
451 463 650 506 competenti
680 463 855 506 stipendio,
889 464 943 505 qui

155 552 159 557 ‚
209 516 333 549 statutis
346 516 458 550 diebus
476 521 507 549 et
528 516 616 548 horis
637 516 703 549 illic
721 520 850 558 praesto
874 526 943 548 esse

209 575 240 602 et
271 570 373 603 libros
406 569 558 602 studiosis
593 570 632 602 ad
669 569 757 602 illam
788 569 945 601 venienti-

207 623 267 656 bus
292 622 450 665 praebere
482 622 655 660 deberent,
681 621 860 664 apostolica
891 632 945 653 au-

209 674 355 708 ctoritate
380 673 567 712 instituerit,
592 674 624 706 in
649 674 718 716 ipsa
734 684 810 706 vero
828 674 944 706 biblio-

210 727 302 759 theca
314 726 406 758 multi
420 726 625 768 reperiantur
642 726 725 764 libri,
744 736 881 768 quorum
898 736 944 758 re·

208 778 310 811 tentio
334 784 430 820 atque
455 778 551 811 lectio
577 788 636 820 per
660 788 769 810 sacros
800 788 943 812 canones

208 836 239 863 et
262 830 508 863 constitutiones
540 830 733 873 apostolicas
766 831 943 872 prohiben-

208 889 280 923 tur;
308 889 339 916 et
362 889 534 925 propterea
558 883 697 916 dilectus
730 883 812 916 tilius
844 884 943 925 magi-

207 941 277 969 ster
299 936 420 969 Marcus
446 936 602 969 Antonius
626 936 778 968 Burattus
803 936 836 968 in
861 939 943 969 utra-

208 1000 269 1032 que
302 989 467 1032 signatura
497 989 752 1027 referendarius,
784 991 941 1032 aulaeque

208 1041 440 1074 consistorialis
458 1042 641 1083 praedictae
660 1042 840 1082 advocatus,
855 1048 886 1075 ot
898 1042 943 1074 di-

207 1098 278 1127 ctae
290 1094 512 1127 bibliothecae
529 1094 810 1134 bibliothecarius,
828 1105 943 1138 oppor-

208 1152 285 1180 tune
321 1147 353 1179 in
386 1147 572 1190 praemissis
604 1158 621 1179 a
652 1147 746 1180 nobis
779 1149 942 1190 provideri

209 1205 242 1233 et
265 1205 301 1232 ut
324 1199 406 1232 infra
430 1200 593 1242 indulgeri
618 1200 791 1242 plurimum
816 1201 942 1233 deside-

207 1257 279 1285 ret:
301 1263 379 1292 nos,
402 1252 573 1295 pubblieae
599 1253 819 1285 commoditati
845 1259 942 1296 atque

207 1305 348 1345 utilitati,
363 1310 516 1348 quantum
528 1316 600 1338 cum
611 1305 748 1338 Domino
762 1316 943 1348 possumus,

208 1358 379 1390 consulere
422 1357 609 1400 cupientes,
647 1357 832 1400 dictumque
868 1358 943 1390 Mar-

209 1420 281 1443 cum
299 1409 473 1442 Antonium
497 1420 513 1441 a
539 1409 704 1452 quibusvis
728 1411 944 1442 excommuni-

209 1462 354 1503 cationis,
379 1462 602 1505 suspensionis
620 1467 652 1495 et
669 1462 842 1501 interdicti,
861 1463 943 1495 aliis—

210 1525 272 1559 que
297 1514 525 1548 ecclesiasticis
550 1514 731 1553 sententiis,
749 1515 895 1547 censuris
914 1520 945 1547 et

209 1568 334 1612 poenis,
358 1579 376 1601 a
408 1568 477 1600 iure
508 1568 558 1600 vel
591 1568 631 1600 ab
664 1567 806 1607 homine,
833 1568 943 1610 quavis

209 1620 382 1654 occasione
406 1621 457 1653 vel
477 1621 572 1653 causa
588 1620 669 1659 latis,
688 1620 712 1652 si
731 1619 847 1662 quibus
866 1631 945 1662 quo·
970 1625 971 1629 ’

210 1673 390 1708 modolibet
406 1673 578 1706 innodatus
602 1672 717 1711 existit,
740 1672 779 1705 ad
800 1671 944 1704 effectum

209 1726 433 1770 praesentium
468 1725 631 1758 dumtaxat
666 1725 944 1768 consequendum,

211 1780 325 1813 harum
348 1778 433 1812 serie
459 1778 667 1811 absolventes
697 1783 728 1810 et
759 1778 946 1811 absolutum

213 1833 281 1865 fore
297 1836 479 1872 censenteS,
498 1831 789 1874 supplicationibus
806 1831 874 1863 eius
891 1842 946 1863 no-

213 1884 299 1917 mine
324 1883 418 1917 nobis
442 1893 540 1926 super
562 1883 625 1915 hoe
650 1883 819 1916 humiliter
834 1894 946 1926 porre-

214 1937 271 1970 ctis
303 1936 457 1977 inclinati‚
481 1937 520 1969 de
548 1936 783 1969 venerabilium
815 1937 947 1969 fratrum

215 1995 398 2024 nostrorum
423 1989 454 2022 S.
475 1989 512 2021 R.
532 1989 565 2022 E.
593 1989 804 2022 cardinalium
830 1990 863 2022 in
884 1993 948 2023 tota

214 2043 382 2086 republica
406 2041 582 2074 christiana
612 2047 724 2074 contra
749 2043 947 2075 haereticam

215 2094 402 2138 pravitatem
436 2095 637 2137 genet-atium
668 2095 898 2138 inquisitorum
932 2107 949 2128 a

216 2149 326 2179 sancta
342 2146 425 2179 Sede
444 2147 630 2189 Apostolica
646 2148 828 2190 specialiter
853 2148 949 2190 depu-

218 2205 353 2233 tatorum
371 2200 519 2240 consilio,
538 2206 572 2233 ut
593 2201 624 2233 in
644 2201 845 2234 bibliotheca
860 2212 950 2244 prae—

218 2253 281 2286 fata
304 2253 492 2297 quorumvis
522 2254 759 2287 haereticorum
783 2259 816 2286 et
839 2254 950 2287 haere-

219 2305 429 2345 siarcharum,
467 2305 669 2349 aliorumque
703 2306 950 2349 reprobatorum

220 2363 400 2397 auctorum,
427 2357 660 2401 cuiuscumque
688 2363 793 2391 sectae
815 2364 847 2392 et
871 2360 949 2392 clas-

220 2409 271 2450 sis,
290 2410 384 2443 etiam
402 2410 538 2454 primae,
559 2416 587 2443 et
606 2421 643 2443 ex
660 2421 861 2454 quacumque
879 2423 952 2445 cau-

220 2465 262 2502 sa,
281 2463 377 2496 etiam
398 2465 438 2496 ob
455 2463 524 2496 falsi
543 2464 700 2506 dogmatis
718 2464 950 2507 suspicionem,

222 2527 239 2548 a
255 2517 557 2558 praedecessoribus
576 2517 694 2549 nostris
712 2517 860 2550 Romanis
877 2518 953 2551 Pon-

222 2567 370 2608 tificibus,
395 2579 450 2602 seu
475 2569 507 2602 in
533 2569 700 2612 quibusvis
726 2569 872 2603 conciliis
894 2581 954 2612 ge-

223 2621 397 2660 neralibus,
424 2632 460 2654 ae
495 2622 590 2654 etiam
626 2633 643 2654 a
678 2621 772 2655 nobis
807 2627 839 2656 et
873 2622 953 2656 Sede

225 2678 227 2680 “
329 2683 407 2712 Ruit.
424 2684 503 2714 nom.
521 2700 555 2705 -
575 2686 633 2714 roz.
651 2684 724 2713 xzx.
844 2676 847 2677 ⁷
870 2686 903 2714 οε

807 257 1017 282 innoctssni'tt's
1041 259 1068 282 XI
1095 260 1143 282 1¹1¹.

988 306 1151 347 praedicta
1168 307 1416 349 quomodolibet
1433 306 1589 349 prohibiti
1616 312 1647 338 et
1671 300 1732 339 das

987 358 1094 397 innati,
1114 364 1146 390 et
1169 370 1186 391 a
1210 359 1303 392 nobis
1329 359 1636 402 successoribusque
1662 370 1720 391 no-

986 410 1060 442 stris
1078 411 1227 444 Romanis
1246 412 1454 445 Pontificibus
1479 418 1510 444 et
1535 412 1619 445 dicta
1636 412 1719 445 Sede

986 462 1018 494 in
1045 463 1185 496 futurum
1215 465 1322 497 forsan
1355 465 1550 508 prohibendi
1577 471 1609 497 et
1633 465 1717 498 dam-

986 516 1084 547 nandi
1109 517 1191 555 libri,
1218 518 1435 561 manuscripta
1460 523 1492 550 et
1516 529 1628 561 opera,
1656 523 1719 551 tam

986 567 1141 601 hactenus
1165 569 1197 601 in
1222 571 1325 602 lucem
1351 571 1451 607 edita,
1477 581 1571 613 quam
1604 571 1636 603 in
1660 582 1719 614 po·

985 625 1104 653 sterum
1128 622 1255 655 edenda
1279 633 1336 655 seu
1361 624 1530 656 scribenda
1549 634 1719 666 quaecum-

985 683 1057 714 que,
1076 673 1201 706 etian‘isi
1221 686 1258 707 ex
1280 676 1427 717 professo
1452 681 1484 708 et
1503 676 1535 708 in
1556 677 1660 719 capite
1678 678 1718 710 de

985 725 1142 768 religione
1175 732 1206 759 et
1238 727 1300 760 side
1329 728 1498 767 catholica,
1524 739 1581 761 seu
1607 735 1719 762 contra

984 778 1176 820 religionem
1203 785 1235 812 vt
1250 780 1344 813 tidem
1371 781 1501 813 easdem
1520 786 1666 821 tractent,
1684 782 1717 814 in

985 831 1054 874 ipsa
1077 832 1275 865 bibliotheca
1306 834 1454 866 collocati
1487 839 1518 866 et
1544 835 1717 872 collocata,

984 895 1020 916 ae
1044 884 1076 915 in
1096 885 1234 916 futurum
1251 886 1520 928 quandocumque
1538 887 1718 919 collocandi

984 942 1016 969 et
1040 938 1239 975 collocanda,
1258 938 1402 977 retineri,
1423 939 1534 971 haberi
1562 944 1593 971 et
1617 949 1720 972 asser-

985 989 1051 1021 vari
1077 990 1188 1029 libere,
1207 990 1293 1023 licite
1319 995 1351 1022 et
1374 991 1517 1033 impune,
1535 1001 1572 1023 ac
1596 991 1718 1034 absque

984 1043 1052 1075 ullo
1077 1043 1294 1075 conscientiae
1320 1045 1485 1086 scrupulo,
1513 1048 1545 1075 et
1569 1054 1720 1086 quarum-

984 1105 1121 1137 cumque
1157 1095 1452 1128 eeclesiasticarum
1485 1097 1718 1128 sententiarum

985 1153 1017 1179 et
1041 1158 1264 1187 censurarum,
1289 1150 1338 1181 vel
1365 1150 1499 1182 aliarum
1526 1161 1717 1192 poenarum,

985 1200 1081 1232 etiam
1107 1201 1374 1242 irregularitatis,
1401 1203 1551 1234 infamiae
1585 1208 1653 1235 aut.v
1673 1204 1719 1234 in-

986 1253 1161 1286 habilitatis
1187 1253 1335 1294 incursu,
1361 1256 1486 1297 possint
1515 1260 1546 1287 et
1572 1257 1718 1293 valeant,

986 1306 1028 1337 ita
1048 1311 1152 1338 tamen
1175 1311 1208 1337 nt
1225 1306 1308 1345 libri,
1323 1307 1442 1349 scripta
1461 1312 1492 1339 et
1509 1318 1608 1350 opera
1626 1318 1720 1350 prae-

986 1357 1056 1396 fata,
1083 1368 1165 1399 quac
1203 1357 1242 1389 de
1279 1358 1439 1399 religione
1476 1370 1530 1391 seu
1566 1359 1645 1397 tide,
1670 1361 1719 1392 vel

986 1414 1097 1442 contra
1112 1410 1303 1452 religionem
1323 1421 1379 1442 seu
1396 1411 1490 1443 tidem
1506 1412 1718 1444 orthodoxam

987 1468 1124 1495 tractant
1148 1474 1204 1495 seu
1231 1464 1427 1501 tractabunt,
1442 1470 1567 1496 secreto
1593 1470 1624 1496 et
1649 1465 1719 1496 siue

970 1516 1123 1548 ¹alioruin
1141 1517 1292 1549 scandalo
1318 1522 1372 1548 aut
1395 1517 1542 1559 periculo
1560 1517 1721 1549 retinean-

987 1573 1046 1608 tur,
1070 1579 1131 1601 nec
1155 1581 1172 1601 a
1197 1570 1348 1603 studiosis
1381 1570 1480 1612 accipi
1507 1570 1636 1612 possint
1659 1570 1718 1601 nisi

986 1621 1025 1652 de
1050 1621 1196 1653 manibus
1220 1621 1460 1654 bibliothecarii
1485 1623 1534 1654 vel
1551 1623 1720 1654 custodum

987 1674 1205 1716 praefatorum
1238 1685 1323 1706 nunc
1347 1679 1375 1706 et
1401 1685 1460 1717 pro
1486 1680 1630 1717 ternpore
1656 1675 1722 1706 exi-

987 1726 1148 1765 stentium,
1167 1727 1219 1769 qui
1239 1728 1312 1760 illos
1331 1738 1386 1760 seu
1407 1728 1459 1760 illa
1484 1728 1641 1769 legendos
1665 1738 1721 1759 seu

987 1779 1124 1821 legenda
1149 1779 1269 1812 nemini
1303 1781 1460 1822 praebere
1490 1780 1626 1822 possint,
1658 1780 1720 1812 nisi

989 1832 1048 1864 sibi
1064 1833 1151 1875 prius
1168 1833 1359 1871 constiterit,
1379 1833 1477 1875 quod,
1497 1833 1572 1865 illos
1591 1843 1646 1864 seu
1664 1833 1720 1865 itta

989 1890 1147 1927 petentes,
1172 1891 1388 1928 opportunam
1415 1896 1515 1928 super
1539 1896 1649 1918 eorum
1678 1887 1723 1918 le-

989 1937 1095 1970 ctione
1120 1938 1283 1970 licentiam
1308 1938 1369 1970 sibi
1400 1938 1555 1971 canonice
1588 1938 1721 1971 concedi

990 1990 1202 2029 obtinuerint,
1226 1991 1417 2023 auctoritate
1442 1990 1618 2033 praedicta,
1639 1995 1725 2022 teno-

990 2053 1024 2075 re
1043 2043 1272 2085 praesentium,
1295 2043 1504 2076 concedimus
1523 2048 1554 2074 et
1573 2043 1724 2084 indulge-

992 2105 1078 2134 mus,
1099 2096 1184 2128 salva
1209 2100 1315 2127 tamen
1341 2105 1470 2138 semper
1489 2096 1521 2127 in
1539 2095 1725 2138 praemissis

992 2148 1181 2180 auctoritate
1191 2146 1457 2189 Congregationis
1470 2152 1723 2180 memoratorum

992 2201 1215 2233 cardinalium.

1035 2255 1049 2298 ᾗ
1073 2254 1103 2286 2.
1131 2254 1200 2287 Non
1232 2253 1432 2286 obstantibus
1465 2253 1664 2296 praemissis,
1690 2263 1727 2285 ac

992 2307 1158 2350 quibusvis
1183 2307 1370 2349 apostolicis
1386 2312 1418 2340 et
1434 2307 1467 2339 in
1492 2307 1728 2340 universalibus

992 2360 1310 2403 provincialibusque
1343 2359 1489 2392 conciliis
1519 2359 1614 2392 editis
1641 2365 1672 2392 et
1696 2370 1729 2392 e-

994 2413 1119 2453 dendis,
1138 2413 1332 2455 specialibus
1350 2414 1399 2445 vel
1419 2413 1633 2454 generalibus,
1652 2423 1729 2445 con-

994 2465 1226 2504 stitutionibus,
1250 2465 1506 2498 ordinationibus
1531 2465 1729 2507 apostolicis,

995 2528 1121 2551 necnon
1153 2518 1429 2560 prohibitionibus
1454 2518 1594 2561 desuper
1626 2518 1727 2556 factis,

995 2571 1074 2603 etin
1092 2575 1259 2612 posterum
1283 2570 1532 2613 quomodolibet
1556 2569 1727 2608 faciendis;

996 2623 1112 2662 quibus
1138 2622 1290 2657 omnibus
1309 2627 1342 2654 et
1361 2622 1511 2665 singulis,
1528 2621 1651 2654 etiamsi
1669 2632 1729 2655 oro

1614 248 1678 281 439
1723 259 1772 283 An.
1794 258 1821 283 c.
1843 257 1909 284 1683

1763 2256 1884 2277 Ctmzntao.
