2111 3157
828 195 924 218 iunssx
951 195 1054 218 RERUM
1601 188 1663 221 977

172 248 298 280 Fratres
323 245 558 288 Redemptionis
582 245 778 288 captivorum
803 246 928 279 Ordinis
946 246 996 279 SS.
1014 246 1173 280 Trinitatis
1198 247 1331 290 gradum
1353 249 1621 290 supernumerarii
1648 260 1709 282 ma-

260 299 350 342 gistri
375 298 498 339 assequi
523 307 586 330 non
610 303 752 340 possunt,
776 298 836 331 nisi
861 299 1004 331 examine
1029 298 1133 332 idonei
1157 299 1367 342 reperiantur,
1385 299 1405 332 3
1429 301 1456 340 h,
1481 300 1502 332 4
1526 311 1561 340 a,·
1580 307 1707 344 aposto-

259 351 326 384 licis
351 349 464 382 litteris
488 354 638 382 statutum
663 350 879 391 confirmatur,
903 351 925 383 4
948 351 982 391 b;
1008 351 1315 385 confraternitatibus
1338 352 1432 386 huius
1455 352 1579 386 Ordinis
1604 353 1708 385 indul-

260 404 438 446 gentiarum
463 412 683 435 concessarum
709 403 928 445 summarium,
949 403 1013 436 233
1031 415 1051 436 α
1075 409 1104 436 et
1128 415 1201 447 scq.;
1226 405 1292 447 ipse
1317 403 1400 438 Ordo
1424 415 1487 437 non
1512 404 1579 437 sine
1603 405 1708 437 divina

258 455 449 488 revelatione
481 465 499 486 a
529 454 675 496 gloriosis
707 455 822 488 sanctis
854 456 969 489 Ioanne
993 456 1031 489 de
1056 456 1157 489 Matha
1181 461 1211 490 et
1234 457 1340 490 Felice
1363 457 1402 489 de
1426 458 1529 490 Valois
1560 457 1708 490 fundatus

260 508 334 547 suit,
359 506 423 539 0233
449 507 476 538 b.

171 563 296 595 Fratres
320 560 557 603 Redemptionis
581 560 779 602 captivorum
805 561 930 594 Ordinis
954 562 985 594 B.
1011 562 1124 594 Mariae
1149 562 1186 594 de
1210 562 1362 604 Mercede⁷
1388 562 1454 595 134
1476 573 1513 601 a3
1539 563 1710 595 confrater·

258 614 408 647 nitatibus
433 614 463 645 in
488 613 630 655 ipsorum
656 612 797 645 ecclesiis
814 614 926 646 erectis
946 614 1160 657 indulgentiae
1176 614 1421 653 confirmantur,
1440 613 1503 647 1137
1521 615 1555 653 [23
1576 614 1707 647 fratrum

258 667 443 701 corumdem
464 665 682 709 superioribus
700 665 860 698 decretum
879 667 1046 700 cardinalis
1064 667 1263 710 protectoris,
1281 678 1343 710 quo
1364 667 1510 700 statuitur
1530 678 1593 700 non
1612 668 1709 700 licere

259 720 375 753 eisdem
394 719 555 761 ‚delegare
588 719 806 751 auctoritatem
840 720 1021 752 conferendi
1046 720 1188 754 habitum
1214 721 1447 761 tertiariorum,
1480 731 1572 764 posse
1603 726 1709 754 tamen

259 784 312 807 eos
329 773 443 806 horum
465 782 573 805 curam
590 772 691 815 probo
708 773 858 815 religioso
875 772 1084 812 committere,
1105 773 1281 813 confirmat,
1299 773 1362 805 0268
1380 774 1397 806 b
1413 779 1443 806 ct
1463 785 1534 818 seq.;
1559 774 1709 807 fratribus

258 826 331 859 dicti
364 825 488 858 Ordinis
519 825 681 857 decretum
711 825 972 867 Congregationis
1000 825 1148 865 Bituum‚
1176 836 1239 868 quo
1268 826 1312 858 eis
1336 826 1532 869 permittitur
1564 827 1710 860 recitatio

257 879 351 912 officii
377 889 448 911 eum
475 878 570 910 missa
594 877 623 911 S.
650 877 825 922 Raymundi
850 878 1018 910 Pennafort
1035 878 1093 909 sub
1109 878 1170 910 ritu
1196 878 1312 921 duplici
1338 879 1493 912 secundae
1511 880 1618 911 classis
1636 890 1708 912 cum

257 932 377 971 octava,
402 930 466 963 755
490 942 508 963 a
535 936 565 963 et
589 931 626 969 h,·
648 931 765 963 eisdem
791 931 953 964 decretum
979 931 1064 964 aliud
1097 931 1237 964 eiusdem
1262 932 1542 974 Congrcgatiouis,
1572 943 1635 976 quo
1664 933 1709 965 eis

256 983 441 1017 conceditur
466 984 594 1016 facultas
619 983 770 1016 recitandi
796 983 933 1016 officium
959 989 989 1016 et
1013 984 1192 1016 celebrandi
1218 985 1345 1017 missam
1372 985 1402 1017 Β,
1430 986 1511 1017 Petri
1536 986 1709 1029 Armcngol

257 1037 402 1080 martyris
427 1036 485 1068 sub
509 1036 570 1068 ritu
596 1036 711 1079 duplici
737 1037 893 1070 sec-undae
912 1038 1020 1070 classis
1046 1049 1117 1070 cum
1143 1041 1263 1078 octava,
1290 1038 1352 1071 75ss
1371 1039 1408 1078 b;
1434 1039 1565 1082 praefati
1583 1040 1709 1072 Ordinis

257 1089 383 1122 decreta
407 1089 562 1132 quaedam
588 1088 716 1132 capituli
741 1089 909 1131 generalis,
927 1090 1107 1123 referuntur
1132 1096 1162 1123 et
1186 1091 1437 1131 confirmantur,
1468 1091 1530 1124 766
1549 1103 1568 1124 α
1586 1097 1616 1124 et
1635 1103 1707 1135 seq.;

255 1141 396 1173 eiusdem
421 1141 546 1174 Ordinis
570 1141 770 1174 Discalceatis
794 1140 955 1174 decretum
984 1142 1244 1185 Congregationis
1277 1145 1500 1187 episcoporum
1526 1150 1556 1177 et
1581 1146 1707 1187 regula-

255 1194 337 1226 rium
363 1194 525 1226 declarans
550 1194 768 1237 superioribus
797 1194 950 1227 localibus
966 1204 1029 1227 non
1046 1195 1142 1228 licere
1159 1197 1307 1239 pecunias
1333 1202 1443 1230 mutuo
1467 1197 1622 1240 accipere,
1646 1197 1706 1230 nisi

256 1247 332 1279 iuris
358 1246 469 1279 ordine
494 1251 628 1287 servato,
655 1246 718 1279 758
742 1257 763 1279 (ι
787 1252 817 1279 et
841 1258 905 1290 seq.

167 1298 328 1332 Fratribus
353 1298 476 1331 Ordinis
501 1299 670 1332 Servorum
697 1300 728 1331 B.
752 1300 789 1332 M.
816 1300 847 1331 V.
873 1301 1008 1333 orationi
1034 1301 1160 1334 mentali
1186 1302 1367 1335 vacantibus
1393 1302 1605 1345 indulgentias
1631 1313 1704 1336 con-

256 1351 346 1383 cessit
374 1351 524 1391 Pontifex,
551 1351 590 1382 77
617 1351 641 1383 h.

165 1666 365 1699 Gabellarum
390 1668 420 1700 in
445 1667 570 1700 doliana
609 1667 700 1701 Urbis
736 1668 910 1701 franchitiis
940 1669 1099 1711 quomodo
1130 1668 1302 1711 antiquitus
1332 1673 1496 1701 uterentur
1531 1670 1704 1704 cardinales

252 1719 367 1763 aliique
393 1720 538 1762 ministri,
563 1720 604 1752 52
629 1720 665 1759 b,·
691 1721 875 1753 earumdem
900 1722 1093 1762 franchitias,
1118 1722 1248 1754 sublatis
1278 1721 1447 1763 abusibus,
1477 1722 1515 1754 ad
1541 1724 1703 1766 antiquam

253 1772 386 1805 sormam
408 1773 532 1806 reduxit
556 1773 706 1813 Pontifex,
732 1773 773 1805 53
797 1774 836 1813 I›,-
863 1774 1061 1817 exemptione
1085 1775 1293 1817 gaudentibus
1315 1775 1443 1808 modum
1462 1776 1649 1808 servandum
1670 1777 1702 1809 in

253 1826 349 1859 rebus
374 1826 611 1859 introducendis
636 1827 851 1869 praescripsit,
877 1827 952 1859 ibid.

163 1878 268 1913 Gallae
293 1879 349 1922 (S.)
376 1879 547 1922 hospitium
574 1879 612 1911 dc
638 1879 732 1919 Urbe,
756 1880 828 1912 victe
852 1879 1041 1922 Hospitium.

164 1931 284 1975 Gaspar
308 1932 345 1964 (16
371 1933 454 1965 Haro
480 1944 497 1976 y
523 1932 677 1973 Gusman‚
705 1933 847 1966 marchio
871 1932 909 1965 de
933 1933 1064 1976 Carpio,
1090 1934 1174 1976 regis
1199 1934 1344 1967 catholici
1369 1935 1455 1978 apud
1481 1934 1591 1968 Sedem
1618 1936 1701 1978 Apo-

250 1985 395 2018 stolicam
422 1991 540 2025 orator,
566 1986 631 2019 17Ο
656 1986 689 2025 b3
714 1985 778 2018 399
806 1996 836 2018 α.

165 2037 343 2080 Gaspardus
366 2038 404 2070 de
430 2038 578 2071 Veradier
603 2039 641 2071 de
665 2039 694 2072 S.
721 2038 846 2080 Audiet,
873 2039 1113 2072 archidiaconus
1139 2040 1289 2072 ecclesiae
1315 2040 1576 2083 metropolitanae
1595 2040 1700 2073 Arela-

254 2090 359 2130 tensis,
384 2089 426 2123 39
451 2090 476 2122 b.

165 2142 358 2175 Guatimalae
382 2143 585 2183 universitas,
610 2144 681 2177 vide
706 2144 905 2177 Universitas.

919 2311 942 2341 ΙΙ

168 2454 320 2487 Henricus
345 2455 383 2487 de
408 2455 554 2487 Hanezon
579 2454 675 2487 abbas
700 2454 854 2496 regularis
888 2455 1069 2488 monasterii
1100 2455 1129 2488 S.
1154 2455 1312 2488 Michaelis
1336 2456 1374 2489 de
1402 2457 1430 2490 S.
1456 2457 1605 2490 Michaelc
1629 2456 1698 2490 Vir-

256 2507 405 2540 dunensis
429 2507 592 2547 dioecesis,
616 2506 653 2539 31
683 2507 722 2546 h‚·
749 2507 916 2550 deputatur
941 2507 971 2539 in
996 2507 1188 2541 visitatorem
1220 2509 1399 2550 generalem
1434 2511 1696 2543 monasteriorum

254 2560 439 2593 monialium
463 2560 660 2593 Adorationis
686 2560 857 2603 Perpetuae
881 2560 932 2593 SS.
958 2559 1161 2600 Sacramenfi,
1185 2560 1265 2593 ibid.

310 2622 386 2649 Ball.
408 2622 491 2648 Rom.
513 2637 546 2642 —
570 2622 629 2648 Vol.
651 2622 725 2649 XIX.
871 2622 921 2648 123
