<?xml version="1.0" encoding="UTF-8"?>
<!DOCTYPE html PUBLIC "-//W3C//DTD XHTML 1.0 Transitional//EN"
    "http://www.w3.org/TR/xhtml1/DTD/xhtml1-transitional.dtd">
<html xmlns="http://www.w3.org/1999/xhtml" xml:lang="en" lang="en">
 <head>
  <title>
</title>
<meta http-equiv="Content-Type" content="text/html;charset=utf-8" />
  <meta name='ocr-system' content='tesseract 3.04.00' />
  <meta name='ocr-capabilities' content='ocr_page ocr_carea ocr_par ocr_line ocrx_word'/>
</head>
<body>
  <div class='ocr_page' id='page_1' title='image "./bullarumdiplomat19cath_0430.png"; bbox 0 0 2111 3157; ppageno 0'>
   <div class='ocr_carea' id='block_1_1' title="bbox 192 234 372 263">
    <p class='ocr_par' dir='ltr' id='par_1_1' title="bbox 192 234 372 263">
     <span class='ocr_line' id='line_1_1' title="bbox 192 234 372 263; baseline 0 -2"><span class='ocrx_word' id='word_1_1' title='bbox 192 236 240 263; x_wconf 81' lang='grc' dir='ltr'>Αη.</span> <span class='ocrx_word' id='word_1_2' title='bbox 261 234 290 262; x_wconf 87' lang='lat' dir='ltr'>C.</span> <span class='ocrx_word' id='word_1_3' title='bbox 309 234 372 261; x_wconf 77' lang='lat'>1681</span> 
     </span>
    </p>
   </div>
   <div class='ocr_carea' id='block_1_2' title="bbox 179 1083 362 1159">
    <p class='ocr_par' dir='ltr' id='par_1_2' title="bbox 179 1083 362 1159">
     <span class='ocr_line' id='line_1_2' title="bbox 199 1083 362 1107; baseline 0.025 -4"><span class='ocrx_word' id='word_1_4' title='bbox 199 1083 307 1105; x_wconf 53' lang='lat' dir='ltr'>nse-retum</span> <span class='ocrx_word' id='word_1_5' title='bbox 316 1091 362 1107; x_wconf 83' lang='lat' dir='ltr'>car-</span> 
     </span>
     <span class='ocr_line' id='line_1_3' title="bbox 180 1111 362 1139; baseline 0 -10"><span class='ocrx_word' id='word_1_6' title='bbox 180 1111 256 1131; x_wconf 59' lang='lat' dir='ltr'>duum</span> <span class='ocrx_word' id='word_1_7' title='bbox 291 1116 362 1139; x_wconf 79' lang='lat' dir='ltr'>prote.</span> 
     </span>
     <span class='ocr_line' id='line_1_4' title="bbox 179 1141 251 1159; baseline 0.028 -2"><span class='ocrx_word' id='word_1_8' title='bbox 179 1141 251 1159; x_wconf 75' lang='lat' dir='ltr'>cteris.</span> 
     </span>
    </p>
   </div>
   <div class='ocr_carea' id='block_1_3' title="bbox 361 225 1115 2655">
    <p class='ocr_par' dir='ltr' id='par_1_3' title="bbox 374 225 1115 1068">
     <span class='ocr_line' id='line_1_5' title="bbox 421 225 486 259; baseline -0.015 0"><span class='ocrx_word' id='word_1_9' title='bbox 421 225 486 259; x_wconf 74' lang='lat' dir='ltr'>3th</span> 
     </span>
     <span class='ocr_line' id='line_1_6' title="bbox 383 281 1115 326; baseline -0.003 -11"><span class='ocrx_word' id='word_1_10' title='bbox 383 283 487 326; x_wconf 74' lang='lat' dir='ltr'>iurgia</span> <span class='ocrx_word' id='word_1_11' title='bbox 520 287 551 316; x_wconf 87' lang='lat' dir='ltr'>et</span> <span class='ocrx_word' id='word_1_12' title='bbox 582 282 732 315; x_wconf 81' lang='lat' dir='ltr'>scandala</span> <span class='ocrx_word' id='word_1_13' title='bbox 763 281 949 314; x_wconf 89' lang='lat' dir='ltr'>huiusmodi</span> <span class='ocrx_word' id='word_1_14' title='bbox 975 281 1115 314; x_wconf 88' lang='lat' dir='ltr'>vitaren-</span> 
     </span>
     <span class='ocr_line' id='line_1_7' title="bbox 382 334 1114 378; baseline -0.004 -9"><span class='ocrx_word' id='word_1_15' title='bbox 382 341 447 369; x_wconf 86' lang='lat' dir='ltr'>tur:</span> <span class='ocrx_word' id='word_1_16' title='bbox 464 336 575 369; x_wconf 86' lang='lat' dir='ltr'>eadem</span> <span class='ocrx_word' id='word_1_17' title='bbox 593 335 808 378; x_wconf 75' lang='lat' dir='ltr'>Congregatio</span> <span class='ocrx_word' id='word_1_18' title='bbox 822 334 1114 377; x_wconf 79' lang='lat' dir='ltr'>cardinalium,per</span> 
     </span>
     <span class='ocr_line' id='line_1_8' title="bbox 382 388 1112 422; baseline -0.003 0"><span class='ocrx_word' id='word_1_19' title='bbox 382 400 475 422; x_wconf 91' lang='lat' dir='ltr'>suum</span> <span class='ocrx_word' id='word_1_20' title='bbox 501 390 663 422; x_wconf 86' lang='lat' dir='ltr'>decretum</span> <span class='ocrx_word' id='word_1_21' title='bbox 694 389 744 421; x_wconf 87' lang='lat' dir='ltr'>die</span> <span class='ocrx_word' id='word_1_22' title='bbox 769 398 826 422; x_wconf 83' lang='lat' dir='ltr'>xm</span> <span class='ocrx_word' id='word_1_23' title='bbox 850 388 923 421; x_wconf 89' lang='lat' dir='ltr'>maii</span> <span class='ocrx_word' id='word_1_24' title='bbox 955 397 1112 421; x_wconf 79' lang='lat' dir='ltr'>MDCLxxxi</span> 
     </span>
     <span class='ocr_line' id='line_1_9' title="bbox 382 441 1113 486; baseline -0.004 -11"><span class='ocrx_word' id='word_1_25' title='bbox 382 448 575 482; x_wconf 89' lang='lat' dir='ltr'>emanatum,</span> <span class='ocrx_word' id='word_1_26' title='bbox 601 442 781 486; x_wconf 76' lang='lat' dir='ltr'>supplicem</span> <span class='ocrx_word' id='word_1_27' title='bbox 799 441 954 482; x_wconf 86' lang='lat' dir='ltr'>libellum,</span> <span class='ocrx_word' id='word_1_28' title='bbox 974 441 1035 473; x_wconf 89' lang='lat' dir='ltr'>sibi</span> <span class='ocrx_word' id='word_1_29' title='bbox 1060 451 1113 472; x_wconf 90' lang='lat' dir='ltr'>su-</span> 
     </span>
     <span class='ocr_line' id='line_1_10' title="bbox 380 493 1113 538; baseline -0.003 -11"><span class='ocrx_word' id='word_1_30' title='bbox 380 505 440 538; x_wconf 88' lang='lat' dir='ltr'>per</span> <span class='ocrx_word' id='word_1_31' title='bbox 463 495 647 537; x_wconf 76' lang='lat' dir='ltr'>praemissis</span> <span class='ocrx_word' id='word_1_32' title='bbox 666 499 864 538; x_wconf 87' lang='lat' dir='ltr'>porrectum,</span> <span class='ocrx_word' id='word_1_33' title='bbox 881 493 1113 527; x_wconf 87' lang='lat' dir='ltr'>remisitvene-</span> 
     </span>
     <span class='ocr_line' id='line_1_11' title="bbox 378 547 1110 590; baseline -0.001 -11"><span class='ocrx_word' id='word_1_34' title='bbox 378 548 471 579; x_wconf 89' lang='lat' dir='ltr'>rabili</span> <span class='ocrx_word' id='word_1_35' title='bbox 497 548 586 579; x_wconf 85' lang='lat' dir='ltr'>fratri</span> <span class='ocrx_word' id='word_1_36' title='bbox 618 553 728 580; x_wconf 89' lang='lat' dir='ltr'>nostro</span> <span class='ocrx_word' id='word_1_37' title='bbox 761 548 924 580; x_wconf 82' lang='lat' dir='ltr'>Alderano</span> <span class='ocrx_word' id='word_1_38' title='bbox 958 547 1110 590; x_wconf 86' lang='lat' dir='ltr'>episcopo</span> 
     </span>
     <span class='ocr_line' id='line_1_12' title="bbox 379 598 1109 633; baseline 0 -3"><span class='ocrx_word' id='word_1_39' title='bbox 379 598 557 633; x_wconf 87' lang='lat' dir='ltr'>Tusculano</span> <span class='ocrx_word' id='word_1_40' title='bbox 590 600 733 633; x_wconf 86' lang='lat' dir='ltr'>eiusdem</span> <span class='ocrx_word' id='word_1_41' title='bbox 764 600 793 633; x_wconf 83' lang='lat' dir='ltr'>S.</span> <span class='ocrx_word' id='word_1_42' title='bbox 826 600 862 632; x_wconf 89' lang='lat' dir='ltr'>R.</span> <span class='ocrx_word' id='word_1_43' title='bbox 891 600 922 632; x_wconf 86' lang='lat' dir='ltr'>E.</span> <span class='ocrx_word' id='word_1_44' title='bbox 955 598 1109 632; x_wconf 78' lang='lat' dir='ltr'>cardinali</span> 
     </span>
     <span class='ocr_line' id='line_1_13' title="bbox 378 650 1109 696; baseline 0 -13"><span class='ocrx_word' id='word_1_45' title='bbox 378 650 462 694; x_wconf 68' lang='lat' dir='ltr'>Cybo</span> <span class='ocrx_word' id='word_1_46' title='bbox 488 659 682 695; x_wconf 87' lang='lat' dir='ltr'>nuncupato,</span> <span class='ocrx_word' id='word_1_47' title='bbox 711 653 839 685; x_wconf 80' lang='lat' dir='ltr'>Ordinis</span> <span class='ocrx_word' id='word_1_48' title='bbox 863 652 999 696; x_wconf 78' lang='lat' dir='ltr'>praefati</span> <span class='ocrx_word' id='word_1_49' title='bbox 1025 652 1109 695; x_wconf 87' lang='lat' dir='ltr'>apud</span> 
     </span>
     <span class='ocr_line' id='line_1_14' title="bbox 377 704 1107 749; baseline 0.001 -14"><span class='ocrx_word' id='word_1_50' title='bbox 377 714 435 736; x_wconf 86' lang='lat' dir='ltr'>nos</span> <span class='ocrx_word' id='word_1_51' title='bbox 461 709 492 736; x_wconf 91' lang='lat' dir='ltr'>et</span> <span class='ocrx_word' id='word_1_52' title='bbox 515 705 631 738; x_wconf 87' lang='lat' dir='ltr'>Sedem</span> <span class='ocrx_word' id='word_1_53' title='bbox 663 705 883 749; x_wconf 87' lang='lat' dir='ltr'>Apostolicam</span> <span class='ocrx_word' id='word_1_54' title='bbox 908 704 1107 748; x_wconf 87' lang='lat' dir='ltr'>protectori,</span> 
     </span>
     <span class='ocr_line' id='line_1_15' title="bbox 376 757 1109 801; baseline 0.001 -13"><span class='ocrx_word' id='word_1_55' title='bbox 376 762 420 796; x_wconf 86' lang='lat' dir='ltr'>ut,</span> <span class='ocrx_word' id='word_1_56' title='bbox 445 757 529 790; x_wconf 84' lang='lat' dir='ltr'>veris</span> <span class='ocrx_word' id='word_1_57' title='bbox 555 759 765 792; x_wconf 72' lang='lat' dir='ltr'>existentibus</span> <span class='ocrx_word' id='word_1_58' title='bbox 789 760 936 800; x_wconf 84' lang='lat' dir='ltr'>narratis,</span> <span class='ocrx_word' id='word_1_59' title='bbox 952 764 984 791; x_wconf 86' lang='lat' dir='ltr'>et</span> <span class='ocrx_word' id='word_1_60' title='bbox 999 763 1109 801; x_wconf 89' lang='lat' dir='ltr'>quate-</span> 
     </span>
     <span class='ocr_line' id='line_1_16' title="bbox 378 811 1109 856; baseline 0.001 -15"><span class='ocrx_word' id='word_1_61' title='bbox 378 820 436 842; x_wconf 88' lang='lat' dir='ltr'>nus</span> <span class='ocrx_word' id='word_1_62' title='bbox 461 812 613 855; x_wconf 78' lang='lat' dir='ltr'>expedire</span> <span class='ocrx_word' id='word_1_63' title='bbox 639 814 829 853; x_wconf 85' lang='lat' dir='ltr'>censuisset,</span> <span class='ocrx_word' id='word_1_64' title='bbox 846 812 980 856; x_wconf 88' lang='lat' dir='ltr'>petitam</span> <span class='ocrx_word' id='word_1_65' title='bbox 995 811 1109 844; x_wconf 90' lang='lat' dir='ltr'>confir-</span> 
     </span>
     <span class='ocr_line' id='line_1_17' title="bbox 377 863 1108 909; baseline 0.003 -14"><span class='ocrx_word' id='word_1_66' title='bbox 377 863 552 897; x_wconf 73' lang='lat' dir='ltr'>mationem</span> <span class='ocrx_word' id='word_1_67' title='bbox 572 876 632 909; x_wconf 91' lang='lat' dir='ltr'>pro</span> <span class='ocrx_word' id='word_1_68' title='bbox 650 878 708 900; x_wconf 89' lang='lat' dir='ltr'>suo</span> <span class='ocrx_word' id='word_1_69' title='bbox 733 867 866 899; x_wconf 85' lang='lat' dir='ltr'>arbitrio</span> <span class='ocrx_word' id='word_1_70' title='bbox 890 869 921 899; x_wconf 87' lang='lat' dir='ltr'>et</span> <span class='ocrx_word' id='word_1_71' title='bbox 935 865 1108 909; x_wconf 72' lang='lat' dir='ltr'>prudentia</span> 
     </span>
     <span class='ocr_line' id='line_1_18' title="bbox 376 916 1108 962; baseline 0.003 -14"><span class='ocrx_word' id='word_1_72' title='bbox 376 916 608 959; x_wconf 78' lang='lat' dir='ltr'>impertiretur.</span> <span class='ocrx_word' id='word_1_73' title='bbox 636 919 706 962; x_wconf 89' lang='lat' dir='ltr'>Ipse</span> <span class='ocrx_word' id='word_1_74' title='bbox 735 930 810 952; x_wconf 88' lang='lat' dir='ltr'>vero</span> <span class='ocrx_word' id='word_1_75' title='bbox 834 919 1016 951; x_wconf 82' lang='lat' dir='ltr'>Alderanus</span> <span class='ocrx_word' id='word_1_76' title='bbox 1041 917 1108 961; x_wconf 87' lang='lat' dir='ltr'>epi-</span> 
     </span>
     <span class='ocr_line' id='line_1_19' title="bbox 374 972 1106 1016; baseline 0.003 -15"><span class='ocrx_word' id='word_1_77' title='bbox 374 979 488 1013; x_wconf 86' lang='lat' dir='ltr'>scopus</span> <span class='ocrx_word' id='word_1_78' title='bbox 515 972 684 1006; x_wconf 80' lang='lat' dir='ltr'>cardinalis</span> <span class='ocrx_word' id='word_1_79' title='bbox 704 978 736 1005; x_wconf 86' lang='lat' dir='ltr'>et</span> <span class='ocrx_word' id='word_1_80' title='bbox 751 977 919 1016; x_wconf 86' lang='lat' dir='ltr'>protector</span> <span class='ocrx_word' id='word_1_81' title='bbox 943 972 1106 1005; x_wconf 85' lang='lat' dir='ltr'>decretum</span> 
     </span>
     <span class='ocr_line' id='line_1_20' title="bbox 374 1024 1084 1068; baseline -0.001 -11"><span class='ocrx_word' id='word_1_82' title='bbox 374 1024 475 1057; x_wconf 84' lang='lat' dir='ltr'>edidit</span> <span class='ocrx_word' id='word_1_83' title='bbox 499 1026 620 1058; x_wconf 89' lang='lat' dir='ltr'>tenoris</span> <span class='ocrx_word' id='word_1_84' title='bbox 650 1025 701 1068; x_wconf 88' lang='lat' dir='ltr'>qui</span> <span class='ocrx_word' id='word_1_85' title='bbox 727 1025 891 1068; x_wconf 84' lang='lat' dir='ltr'>sequitur,</span> <span class='ocrx_word' id='word_1_86' title='bbox 913 1025 1084 1058; x_wconf 85' lang='lat' dir='ltr'>videlicet:</span> 
     </span>
    </p>

    <p class='ocr_par' dir='ltr' id='par_1_4' title="bbox 361 1078 1106 2600">
     <span class='ocr_line' id='line_1_21' title="bbox 422 1078 1106 1122; baseline 0.004 -13"><span class='ocrx_word' id='word_1_87' title='bbox 422 1091 434 1109; x_wconf 75' lang='grc' dir='ltr'><em>α</em></span> <span class='ocrx_word' id='word_1_88' title='bbox 478 1079 657 1111; x_wconf 82' lang='lat' dir='ltr'>Alderanus</span> <span class='ocrx_word' id='word_1_89' title='bbox 698 1079 869 1122; x_wconf 85' lang='lat' dir='ltr'>episcopus</span> <span class='ocrx_word' id='word_1_90' title='bbox 909 1078 1106 1112; x_wconf 84' lang='lat' dir='ltr'>Tusculanus</span> 
     </span>
     <span class='ocr_line' id='line_1_22' title="bbox 372 1131 1106 1175; baseline 0 -11"><span class='ocrx_word' id='word_1_91' title='bbox 372 1131 403 1165; x_wconf 88' lang='lat' dir='ltr'>S.</span> <span class='ocrx_word' id='word_1_92' title='bbox 431 1132 467 1164; x_wconf 80' lang='lat' dir='ltr'>R.</span> <span class='ocrx_word' id='word_1_93' title='bbox 495 1131 529 1165; x_wconf 84' lang='grc' dir='ltr'>Ε.</span> <span class='ocrx_word' id='word_1_94' title='bbox 557 1131 727 1165; x_wconf 83' lang='lat' dir='ltr'>cardinalis</span> <span class='ocrx_word' id='word_1_95' title='bbox 752 1131 837 1174; x_wconf 68' lang='lat' dir='ltr'>Cybo</span> <span class='ocrx_word' id='word_1_96' title='bbox 862 1132 1025 1175; x_wconf 78' lang='lat' dir='ltr'>seraphici</span> <span class='ocrx_word' id='word_1_97' title='bbox 1051 1132 1106 1165; x_wconf 90' lang='lat' dir='ltr'>Or-</span> 
     </span>
     <span class='ocr_line' id='line_1_23' title="bbox 372 1184 1105 1228; baseline -0.001 -10"><span class='ocrx_word' id='word_1_98' title='bbox 372 1186 455 1219; x_wconf 84' lang='lat' dir='ltr'>dinis</span> <span class='ocrx_word' id='word_1_99' title='bbox 480 1185 579 1218; x_wconf 86' lang='lat' dir='ltr'>sancti</span> <span class='ocrx_word' id='word_1_100' title='bbox 603 1184 761 1217; x_wconf 83' lang='lat' dir='ltr'>Francisei</span> <span class='ocrx_word' id='word_1_101' title='bbox 782 1185 865 1228; x_wconf 87' lang='lat' dir='ltr'>apud</span> <span class='ocrx_word' id='word_1_102' title='bbox 888 1184 1035 1218; x_wconf 77' lang='lat' dir='ltr'>Sanctam</span> <span class='ocrx_word' id='word_1_103' title='bbox 1055 1185 1105 1218; x_wconf 87' lang='lat' dir='ltr'>Se-</span> 
     </span>
     <span class='ocr_line' id='line_1_24' title="bbox 371 1237 1105 1281; baseline -0.003 -10"><span class='ocrx_word' id='word_1_104' title='bbox 371 1238 443 1271; x_wconf 87' lang='lat' dir='ltr'>dem</span> <span class='ocrx_word' id='word_1_105' title='bbox 461 1243 635 1281; x_wconf 86' lang='lat' dir='ltr'>protector.</span> <span class='ocrx_word' id='word_1_106' title='bbox 663 1238 792 1270; x_wconf 77' lang='lat' dir='ltr'>Attenta</span> <span class='ocrx_word' id='word_1_107' title='bbox 815 1237 1006 1271; x_wconf 76' lang='lat' dir='ltr'>remissione</span> <span class='ocrx_word' id='word_1_108' title='bbox 1030 1249 1105 1281; x_wconf 88' lang='lat' dir='ltr'>sup-</span> 
     </span>
     <span class='ocr_line' id='line_1_25' title="bbox 369 1289 1103 1334; baseline -0.003 -10"><span class='ocrx_word' id='word_1_109' title='bbox 369 1291 461 1334; x_wconf 84' lang='lat' dir='ltr'>plicis</span> <span class='ocrx_word' id='word_1_110' title='bbox 486 1290 588 1324; x_wconf 87' lang='lat' dir='ltr'>libelli</span> <span class='ocrx_word' id='word_1_111' title='bbox 615 1290 724 1332; x_wconf 79' lang='lat' dir='ltr'>vigore</span> <span class='ocrx_word' id='word_1_112' title='bbox 752 1289 951 1333; x_wconf 89' lang='lat' dir='ltr'>retroscripti</span> <span class='ocrx_word' id='word_1_113' title='bbox 981 1290 1103 1323; x_wconf 80' lang='lat' dir='ltr'>decreti</span> 
     </span>
     <span class='ocr_line' id='line_1_26' title="bbox 370 1342 1102 1385; baseline -0.001 -9"><span class='ocrx_word' id='word_1_114' title='bbox 370 1343 463 1376; x_wconf 79' lang='lat' dir='ltr'>nobis</span> <span class='ocrx_word' id='word_1_115' title='bbox 495 1343 597 1383; x_wconf 77' lang='lat' dir='ltr'>sacta,</span> <span class='ocrx_word' id='word_1_116' title='bbox 630 1342 766 1375; x_wconf 85' lang='lat' dir='ltr'>oratoris</span> <span class='ocrx_word' id='word_1_117' title='bbox 797 1343 948 1385; x_wconf 90' lang='lat' dir='ltr'>precibus</span> <span class='ocrx_word' id='word_1_118' title='bbox 976 1348 1102 1375; x_wconf 87' lang='lat' dir='ltr'>mature</span> 
     </span>
     <span class='ocr_line' id='line_1_27' title="bbox 371 1395 1103 1438; baseline 0 -10"><span class='ocrx_word' id='word_1_119' title='bbox 371 1395 558 1428; x_wconf 75' lang='lat' dir='ltr'>examinatis</span> <span class='ocrx_word' id='word_1_120' title='bbox 573 1399 667 1438; x_wconf 84' lang='lat' dir='ltr'>atque</span> <span class='ocrx_word' id='word_1_121' title='bbox 679 1395 840 1435; x_wconf 82' lang='lat' dir='ltr'>discussis,</span> <span class='ocrx_word' id='word_1_122' title='bbox 852 1395 1056 1428; x_wconf 81' lang='lat' dir='ltr'>decernimus</span> <span class='ocrx_word' id='word_1_123' title='bbox 1072 1401 1103 1428; x_wconf 90' lang='lat' dir='ltr'>ct</span> 
     </span>
     <span class='ocr_line' id='line_1_28' title="bbox 371 1448 1102 1491; baseline 0 -10"><span class='ocrx_word' id='word_1_124' title='bbox 371 1448 577 1488; x_wconf 78' lang='lat' dir='ltr'>declaramus,</span> <span class='ocrx_word' id='word_1_125' title='bbox 597 1448 684 1491; x_wconf 86' lang='lat' dir='ltr'>quod</span> <span class='ocrx_word' id='word_1_126' title='bbox 703 1448 778 1490; x_wconf 88' lang='lat' dir='ltr'>(nisi</span> <span class='ocrx_word' id='word_1_127' title='bbox 799 1448 830 1480; x_wconf 93' lang='lat' dir='ltr'>in</span> <span class='ocrx_word' id='word_1_128' title='bbox 853 1449 1015 1491; x_wconf 76' lang='lat' dir='ltr'>primaeva</span> <span class='ocrx_word' id='word_1_129' title='bbox 1032 1449 1102 1481; x_wconf 91' lang='lat' dir='ltr'>sun-</span> 
     </span>
     <span class='ocr_line' id='line_1_29' title="bbox 370 1500 1102 1544; baseline 0.001 -11"><span class='ocrx_word' id='word_1_130' title='bbox 370 1501 510 1541; x_wconf 78' lang='lat' dir='ltr'>datione,</span> <span class='ocrx_word' id='word_1_131' title='bbox 529 1506 584 1533; x_wconf 87' lang='lat' dir='ltr'>aut</span> <span class='ocrx_word' id='word_1_132' title='bbox 608 1501 640 1533; x_wconf 92' lang='lat' dir='ltr'>in</span> <span class='ocrx_word' id='word_1_133' title='bbox 665 1500 772 1543; x_wconf 86' lang='lat' dir='ltr'>aliquo</span> <span class='ocrx_word' id='word_1_134' title='bbox 791 1501 920 1544; x_wconf 86' lang='lat' dir='ltr'>speciali</span> <span class='ocrx_word' id='word_1_135' title='bbox 946 1506 1064 1534; x_wconf 85' lang='lat' dir='ltr'>statuto</span> <span class='ocrx_word' id='word_1_136' title='bbox 1085 1513 1102 1535; x_wconf 89' lang='lat' dir='ltr'>a</span> 
     </span>
     <span class='ocr_line' id='line_1_30' title="bbox 367 1553 1101 1597; baseline 0 -11"><span class='ocrx_word' id='word_1_137' title='bbox 367 1554 526 1596; x_wconf 81' lang='lat' dir='ltr'>religione</span> <span class='ocrx_word' id='word_1_138' title='bbox 559 1559 589 1586; x_wconf 90' lang='lat' dir='ltr'>et</span> <span class='ocrx_word' id='word_1_139' title='bbox 620 1565 636 1586; x_wconf 87' lang='lat' dir='ltr'>a</span> <span class='ocrx_word' id='word_1_140' title='bbox 661 1553 741 1586; x_wconf 86' lang='lat' dir='ltr'>Sede</span> <span class='ocrx_word' id='word_1_141' title='bbox 771 1554 959 1596; x_wconf 74' lang='lat' dir='ltr'>Apostolica</span> <span class='ocrx_word' id='word_1_142' title='bbox 988 1565 1101 1597; x_wconf 89' lang='lat' dir='ltr'>appro-</span> 
     </span>
     <span class='ocr_line' id='line_1_31' title="bbox 366 1605 1102 1639; baseline 0 -1"><span class='ocrx_word' id='word_1_143' title='bbox 366 1605 441 1638; x_wconf 85' lang='lat' dir='ltr'>bato</span> <span class='ocrx_word' id='word_1_144' title='bbox 460 1606 726 1639; x_wconf 79' lang='lat' dir='ltr'>monasteriorum</span> <span class='ocrx_word' id='word_1_145' title='bbox 744 1605 1031 1638; x_wconf 75' lang='lat' dir='ltr'>sanctimonialium</span> <span class='ocrx_word' id='word_1_146' title='bbox 1047 1606 1102 1638; x_wconf 84' lang='lat' dir='ltr'>Or-</span> 
     </span>
     <span class='ocr_line' id='line_1_32' title="bbox 367 1658 1100 1701; baseline -0.001 -9"><span class='ocrx_word' id='word_1_147' title='bbox 367 1659 451 1692; x_wconf 86' lang='lat' dir='ltr'>dinis</span> <span class='ocrx_word' id='word_1_148' title='bbox 475 1659 576 1692; x_wconf 87' lang='lat' dir='ltr'>sancti</span> <span class='ocrx_word' id='word_1_149' title='bbox 603 1658 774 1698; x_wconf 86' lang='lat' dir='ltr'>Francisci,</span> <span class='ocrx_word' id='word_1_150' title='bbox 795 1669 947 1701; x_wconf 73' lang='lat' dir='ltr'>expresse</span> <span class='ocrx_word' id='word_1_151' title='bbox 974 1665 1100 1691; x_wconf 85' lang='lat' dir='ltr'>cautum</span> 
     </span>
     <span class='ocr_line' id='line_1_33' title="bbox 365 1711 1098 1754; baseline 0.001 -11"><span class='ocrx_word' id='word_1_152' title='bbox 365 1711 417 1750; x_wconf 89' lang='lat' dir='ltr'>sit,</span> <span class='ocrx_word' id='word_1_153' title='bbox 434 1712 522 1754; x_wconf 82' lang='lat' dir='ltr'>quod</span> <span class='ocrx_word' id='word_1_154' title='bbox 547 1712 702 1744; x_wconf 78' lang='lat' dir='ltr'>moniales</span> <span class='ocrx_word' id='word_1_155' title='bbox 732 1721 902 1744; x_wconf 86' lang='lat' dir='ltr'>conversae</span> <span class='ocrx_word' id='word_1_156' title='bbox 924 1721 982 1744; x_wconf 89' lang='lat' dir='ltr'>seu</span> <span class='ocrx_word' id='word_1_157' title='bbox 1000 1711 1098 1744; x_wconf 84' lang='lat' dir='ltr'>laicae</span> 
     </span>
     <span class='ocr_line' id='line_1_34' title="bbox 365 1764 1099 1807; baseline 0 -11"><span class='ocrx_word' id='word_1_158' title='bbox 365 1766 436 1797; x_wconf 82' lang='lat' dir='ltr'>velo</span> <span class='ocrx_word' id='word_1_159' title='bbox 460 1765 551 1807; x_wconf 78' lang='lat' dir='ltr'>nigro</span> <span class='ocrx_word' id='word_1_160' title='bbox 570 1771 601 1797; x_wconf 88' lang='lat' dir='ltr'>et</span> <span class='ocrx_word' id='word_1_161' title='bbox 617 1775 694 1797; x_wconf 85' lang='lat' dir='ltr'>voce</span> <span class='ocrx_word' id='word_1_162' title='bbox 713 1765 814 1797; x_wconf 73' lang='lat' dir='ltr'>activa</span> <span class='ocrx_word' id='word_1_163' title='bbox 835 1765 866 1796; x_wconf 85' lang='lat' dir='ltr'>in</span> <span class='ocrx_word' id='word_1_164' title='bbox 885 1764 1099 1797; x_wconf 86' lang='lat' dir='ltr'>electionibus</span> 
     </span>
     <span class='ocr_line' id='line_1_35' title="bbox 364 1817 1097 1860; baseline 0 -10"><span class='ocrx_word' id='word_1_165' title='bbox 364 1817 651 1860; x_wconf 82' lang='lat' dir='ltr'>superiorissarum</span> <span class='ocrx_word' id='word_1_166' title='bbox 676 1828 729 1850; x_wconf 86' lang='lat' dir='ltr'>seu</span> <span class='ocrx_word' id='word_1_167' title='bbox 756 1817 953 1857; x_wconf 83' lang='lat' dir='ltr'>officialium,</span> <span class='ocrx_word' id='word_1_168' title='bbox 974 1823 1097 1850; x_wconf 87' lang='lat' dir='ltr'>etvoce</span> 
     </span>
     <span class='ocr_line' id='line_1_36' title="bbox 363 1870 1099 1914; baseline 0.001 -12"><span class='ocrx_word' id='word_1_169' title='bbox 363 1870 487 1914; x_wconf 78' lang='lat' dir='ltr'>passiva</span> <span class='ocrx_word' id='word_1_170' title='bbox 512 1871 543 1902; x_wconf 90' lang='lat' dir='ltr'>in</span> <span class='ocrx_word' id='word_1_171' title='bbox 569 1870 809 1914; x_wconf 77' lang='lat' dir='ltr'>consequendis</span> <span class='ocrx_word' id='word_1_172' title='bbox 842 1870 1001 1902; x_wconf 88' lang='lat' dir='ltr'>dictorum</span> <span class='ocrx_word' id='word_1_173' title='bbox 1032 1881 1099 1903; x_wconf 88' lang='lat' dir='ltr'>mo-</span> 
     </span>
     <span class='ocr_line' id='line_1_37' title="bbox 363 1923 1097 1966; baseline 0 -10"><span class='ocrx_word' id='word_1_174' title='bbox 363 1923 579 1956; x_wconf 82' lang='lat' dir='ltr'>nasteriorum</span> <span class='ocrx_word' id='word_1_175' title='bbox 606 1924 718 1956; x_wconf 85' lang='lat' dir='ltr'>officiis</span> <span class='ocrx_word' id='word_1_176' title='bbox 743 1924 801 1962; x_wconf 80' lang='lat' dir='ltr'>uti,</span> <span class='ocrx_word' id='word_1_177' title='bbox 825 1923 885 1955; x_wconf 83' lang='lat' dir='ltr'>frui</span> <span class='ocrx_word' id='word_1_178' title='bbox 905 1928 937 1956; x_wconf 87' lang='lat' dir='ltr'>et</span> <span class='ocrx_word' id='word_1_179' title='bbox 957 1924 1097 1966; x_wconf 81' lang='lat' dir='ltr'>gaudere</span> 
     </span>
     <span class='ocr_line' id='line_1_38' title="bbox 363 1976 1097 2020; baseline 0 -10"><span class='ocrx_word' id='word_1_180' title='bbox 363 1977 523 2020; x_wconf 88' lang='lat' dir='ltr'>debeant)</span> <span class='ocrx_word' id='word_1_181' title='bbox 556 1977 743 2010; x_wconf 81' lang='lat' dir='ltr'>constitutio</span> <span class='ocrx_word' id='word_1_182' title='bbox 780 1977 862 2009; x_wconf 82' lang='lat' dir='ltr'>sacta</span> <span class='ocrx_word' id='word_1_183' title='bbox 893 1977 925 2009; x_wconf 91' lang='lat' dir='ltr'>in</span> <span class='ocrx_word' id='word_1_184' title='bbox 957 1976 1097 2019; x_wconf 85' lang='lat' dir='ltr'>capitulo</span> 
     </span>
     <span class='ocr_line' id='line_1_39' title="bbox 363 2029 1098 2073; baseline -0.003 -10"><span class='ocrx_word' id='word_1_185' title='bbox 363 2030 507 2073; x_wconf 78' lang='lat' dir='ltr'>generali</span> <span class='ocrx_word' id='word_1_186' title='bbox 534 2030 652 2063; x_wconf 85' lang='lat' dir='ltr'>Rornae</span> <span class='ocrx_word' id='word_1_187' title='bbox 678 2029 840 2063; x_wconf 87' lang='lat' dir='ltr'>celebrato</span> <span class='ocrx_word' id='word_1_188' title='bbox 865 2030 923 2062; x_wconf 88' lang='lat' dir='ltr'>sub</span> <span class='ocrx_word' id='word_1_189' title='bbox 943 2029 994 2062; x_wconf 84' lang='lat' dir='ltr'>die</span> <span class='ocrx_word' id='word_1_190' title='bbox 1008 2040 1037 2062; x_wconf 70' lang='lat' dir='ltr'>m</span> <span class='ocrx_word' id='word_1_191' title='bbox 1056 2030 1098 2062; x_wconf 91' lang='lat' dir='ltr'>iu-</span> 
     </span>
     <span class='ocr_line' id='line_1_40' title="bbox 361 2082 1097 2117; baseline -0.003 -1"><span class='ocrx_word' id='word_1_192' title='bbox 361 2083 406 2116; x_wconf 89' lang='lat' dir='ltr'>nii</span> <span class='ocrx_word' id='word_1_193' title='bbox 424 2083 599 2117; x_wconf 61' lang='lat' dir='ltr'>uncxxxnz&#39;</span> <span class='ocrx_word' id='word_1_194' title='bbox 619 2082 801 2116; x_wconf 85' lang='lat' dir='ltr'>executioni</span> <span class='ocrx_word' id='word_1_195' title='bbox 820 2082 951 2115; x_wconf 88' lang='lat' dir='ltr'>omnino</span> <span class='ocrx_word' id='word_1_196' title='bbox 971 2082 1097 2115; x_wconf 86' lang='lat' dir='ltr'>deman-</span> 
     </span>
     <span class='ocr_line' id='line_1_41' title="bbox 362 2135 1096 2179; baseline -0.001 -11"><span class='ocrx_word' id='word_1_197' title='bbox 362 2136 466 2175; x_wconf 83' lang='lat' dir='ltr'>detur,</span> <span class='ocrx_word' id='word_1_198' title='bbox 487 2146 645 2179; x_wconf 89' lang='lat' dir='ltr'>suumque</span> <span class='ocrx_word' id='word_1_199' title='bbox 671 2136 836 2178; x_wconf 80' lang='lat' dir='ltr'>integrum</span> <span class='ocrx_word' id='word_1_200' title='bbox 861 2141 892 2168; x_wconf 88' lang='lat' dir='ltr'>et</span> <span class='ocrx_word' id='word_1_201' title='bbox 916 2135 1096 2178; x_wconf 85' lang='lat' dir='ltr'>plenarium</span> 
     </span>
     <span class='ocr_line' id='line_1_42' title="bbox 363 2187 1097 2232; baseline -0.001 -11"><span class='ocrx_word' id='word_1_202' title='bbox 363 2187 509 2221; x_wconf 62' lang='lat' dir='ltr'>effectum</span> <span class='ocrx_word' id='word_1_203' title='bbox 536 2189 699 2229; x_wconf 89' lang='lat' dir='ltr'>sortiatur,</span> <span class='ocrx_word' id='word_1_204' title='bbox 717 2189 749 2221; x_wconf 90' lang='lat' dir='ltr'>in</span> <span class='ocrx_word' id='word_1_205' title='bbox 770 2199 865 2232; x_wconf 89' lang='lat' dir='ltr'>quem</span> <span class='ocrx_word' id='word_1_206' title='bbox 890 2187 986 2220; x_wconf 85' lang='lat' dir='ltr'>finem</span> <span class='ocrx_word' id='word_1_207' title='bbox 1013 2198 1097 2220; x_wconf 87' lang='lat' dir='ltr'>eam-</span> 
     </span>
     <span class='ocr_line' id='line_1_43' title="bbox 363 2241 1095 2281; baseline 0 -8"><span class='ocrx_word' id='word_1_208' title='bbox 363 2241 435 2274; x_wconf 84' lang='lat' dir='ltr'>dem</span> <span class='ocrx_word' id='word_1_209' title='bbox 455 2242 728 2281; x_wconf 85' lang='lat' dir='ltr'>constitutionem,</span> <span class='ocrx_word' id='word_1_210' title='bbox 751 2247 838 2274; x_wconf 81' lang='lat' dir='ltr'>extra</span> <span class='ocrx_word' id='word_1_211' title='bbox 856 2246 961 2274; x_wconf 82' lang='lat' dir='ltr'>tamen</span> <span class='ocrx_word' id='word_1_212' title='bbox 986 2251 1095 2273; x_wconf 87' lang='lat' dir='ltr'>casum</span> 
     </span>
     <span class='ocr_line' id='line_1_44' title="bbox 362 2295 1096 2337; baseline 0.001 -11"><span class='ocrx_word' id='word_1_213' title='bbox 362 2295 587 2337; x_wconf 84' lang='lat' dir='ltr'>praemissum,</span> <span class='ocrx_word' id='word_1_214' title='bbox 615 2295 808 2328; x_wconf 84' lang='lat' dir='ltr'>auctoritate</span> <span class='ocrx_word' id='word_1_215' title='bbox 826 2305 891 2327; x_wconf 91' lang='lat' dir='ltr'>non</span> <span class='ocrx_word' id='word_1_216' title='bbox 913 2295 1017 2327; x_wconf 85' lang='lat' dir='ltr'>solum</span> <span class='ocrx_word' id='word_1_217' title='bbox 1035 2304 1096 2337; x_wconf 83' lang='lat' dir='ltr'>qua</span> 
     </span>
     <span class='ocr_line' id='line_1_45' title="bbox 363 2346 1095 2390; baseline 0.003 -12"><span class='ocrx_word' id='word_1_218' title='bbox 363 2346 525 2389; x_wconf 80' lang='lat' dir='ltr'>fungimur</span> <span class='ocrx_word' id='word_1_219' title='bbox 549 2348 765 2390; x_wconf 84' lang='lat' dir='ltr'>protectoris,</span> <span class='ocrx_word' id='word_1_220' title='bbox 798 2359 907 2381; x_wconf 89' lang='lat' dir='ltr'>verum</span> <span class='ocrx_word' id='word_1_221' title='bbox 933 2347 1027 2381; x_wconf 84' lang='lat' dir='ltr'>etiam</span> <span class='ocrx_word' id='word_1_222' title='bbox 1057 2348 1095 2380; x_wconf 83' lang='lat' dir='ltr'>ab</span> 
     </span>
     <span class='ocr_line' id='line_1_46' title="bbox 363 2399 1098 2443; baseline 0.003 -13"><span class='ocrx_word' id='word_1_223' title='bbox 363 2399 475 2431; x_wconf 77' lang='lat' dir='ltr'>eadem</span> <span class='ocrx_word' id='word_1_224' title='bbox 500 2402 588 2432; x_wconf 78' lang='lat' dir='ltr'>sacra</span> <span class='ocrx_word' id='word_1_225' title='bbox 613 2400 868 2443; x_wconf 76' lang='lat' dir='ltr'>Congregatione</span> <span class='ocrx_word' id='word_1_226' title='bbox 893 2400 985 2433; x_wconf 87' lang='lat' dir='ltr'>nobis</span> <span class='ocrx_word' id='word_1_227' title='bbox 1012 2400 1098 2432; x_wconf 84' lang='lat' dir='ltr'>attri-</span> 
     </span>
     <span class='ocr_line' id='line_1_47' title="bbox 361 2450 1094 2497; baseline 0.003 -13"><span class='ocrx_word' id='word_1_228' title='bbox 361 2450 437 2484; x_wconf 72' lang='lat' dir='ltr'>buta</span> <span class='ocrx_word' id='word_1_229' title='bbox 468 2457 499 2484; x_wconf 89' lang='lat' dir='ltr'>et</span> <span class='ocrx_word' id='word_1_230' title='bbox 529 2455 699 2491; x_wconf 77' lang='lat' dir='ltr'>concessa,</span> <span class='ocrx_word' id='word_1_231' title='bbox 730 2458 839 2486; x_wconf 88' lang='lat' dir='ltr'>tenore</span> <span class='ocrx_word' id='word_1_232' title='bbox 876 2453 1094 2497; x_wconf 86' lang='lat' dir='ltr'>praesentium</span> 
     </span>
     <span class='ocr_line' id='line_1_48' title="bbox 362 2505 1095 2549; baseline 0.004 -14"><span class='ocrx_word' id='word_1_233' title='bbox 362 2505 582 2546; x_wconf 81' lang='lat' dir='ltr'>approbamus</span> <span class='ocrx_word' id='word_1_234' title='bbox 609 2511 640 2537; x_wconf 88' lang='lat' dir='ltr'>et</span> <span class='ocrx_word' id='word_1_235' title='bbox 664 2505 899 2545; x_wconf 75' lang='lat' dir='ltr'>confirmamus,</span> <span class='ocrx_word' id='word_1_236' title='bbox 930 2507 1022 2549; x_wconf 86' lang='lat' dir='ltr'>eique</span> <span class='ocrx_word' id='word_1_237' title='bbox 1048 2507 1095 2538; x_wconf 91' lang='lat' dir='ltr'>in-</span> 
     </span>
     <span class='ocr_line' id='line_1_49' title="bbox 361 2557 1096 2600; baseline 0.004 -12"><span class='ocrx_word' id='word_1_238' title='bbox 361 2557 521 2589; x_wconf 79' lang='lat' dir='ltr'>violabilis</span> <span class='ocrx_word' id='word_1_239' title='bbox 540 2557 696 2590; x_wconf 77' lang='lat' dir='ltr'>firmitatis</span> <span class='ocrx_word' id='word_1_240' title='bbox 714 2559 812 2591; x_wconf 87' lang='lat' dir='ltr'>robur</span> <span class='ocrx_word' id='word_1_241' title='bbox 829 2559 1010 2600; x_wconf 84' lang='lat' dir='ltr'>adiicimus;</span> <span class='ocrx_word' id='word_1_242' title='bbox 1029 2560 1096 2591; x_wconf 92' lang='lat' dir='ltr'>nul-</span> 
     </span>
    </p>

    <p class='ocr_par' dir='ltr' id='par_1_5' title="bbox 398 2617 935 2655">
     <span class='ocr_line' id='line_1_50' title="bbox 398 2617 935 2655; baseline 0.009 -11"><span class='ocrx_word' id='word_1_243' title='bbox 398 2619 408 2644; x_wconf 81' lang='lat'>¹</span> <span class='ocrx_word' id='word_1_244' title='bbox 430 2617 460 2645; x_wconf 81' lang='lat' dir='ltr'>Ut</span> <span class='ocrx_word' id='word_1_245' title='bbox 475 2619 555 2652; x_wconf 79' lang='lat' dir='ltr'>paulo</span> <span class='ocrx_word' id='word_1_246' title='bbox 572 2624 645 2653; x_wconf 82' lang='lat' dir='ltr'>ante,</span> <span class='ocrx_word' id='word_1_247' title='bbox 665 2628 724 2654; x_wconf 81' lang='lat' dir='ltr'>pag.</span> <span class='ocrx_word' id='word_1_248' title='bbox 743 2620 793 2647; x_wconf 64' lang='lat'>395</span> <span class='ocrx_word' id='word_1_249' title='bbox 809 2621 823 2647; x_wconf 86' lang='lat' dir='ltr'>b</span> <span class='ocrx_word' id='word_1_250' title='bbox 838 2628 875 2654; x_wconf 53' lang='lat' dir='ltr'>(R.</span> <span class='ocrx_word' id='word_1_251' title='bbox 887 2622 935 2655; x_wconf 58' lang='lat'>12).</span> 
     </span>
    </p>
   </div>
   <div class='ocr_carea' id='block_1_4' title="bbox 1129 319 1136 839">
    <p class='ocr_par' dir='ltr' id='par_1_6' title="bbox 1129 319 1136 839">
     <span class='ocr_line' id='line_1_51' title="bbox 1129 319 1136 839; baseline 0 0"><span class='ocrx_word' id='word_1_252' title='bbox 1129 319 1136 839; x_wconf 95' lang='lat' dir='ltr'> </span> 
     </span>
    </p>
   </div>
   <div class='ocr_carea' id='block_1_5' title="bbox 1117 1466 1125 2018">
    <p class='ocr_par' dir='ltr' id='par_1_7' title="bbox 1117 1466 1125 2018">
     <span class='ocr_line' id='line_1_52' title="bbox 1117 1466 1125 2018; baseline 0 0"><span class='ocrx_word' id='word_1_253' title='bbox 1117 1466 1125 2018; x_wconf 95' lang='lat' dir='ltr'> </span> 
     </span>
    </p>
   </div>
   <div class='ocr_carea' id='block_1_6' title="bbox 958 232 1313 258">
    <p class='ocr_par' dir='ltr' id='par_1_8' title="bbox 958 232 1313 258">
     <span class='ocr_line' id='line_1_53' title="bbox 958 232 1313 258; baseline 0.003 -1"><span class='ocrx_word' id='word_1_254' title='bbox 958 232 1138 257; x_wconf 70' lang='lat' dir='ltr'>BULLARIUM</span> <span class='ocrx_word' id='word_1_255' title='bbox 1161 232 1313 258; x_wconf 65' lang='lat' dir='ltr'>nou-munt</span> 
     </span>
    </p>
   </div>
   <div class='ocr_carea' id='block_1_7' title="bbox 1138 281 1891 2656">
    <p class='ocr_par' dir='ltr' id='par_1_9' title="bbox 1149 281 1891 1164">
     <span class='ocr_line' id='line_1_54' title="bbox 1157 281 1890 330; baseline 0.011 -18"><span class='ocrx_word' id='word_1_256' title='bbox 1157 282 1214 321; x_wconf 88' lang='lat' dir='ltr'>las,</span> <span class='ocrx_word' id='word_1_257' title='bbox 1232 281 1347 321; x_wconf 89' lang='lat' dir='ltr'>irritas,</span> <span class='ocrx_word' id='word_1_258' title='bbox 1366 291 1451 314; x_wconf 86' lang='lat' dir='ltr'>nune</span> <span class='ocrx_word' id='word_1_259' title='bbox 1475 292 1533 326; x_wconf 89' lang='lat' dir='ltr'>pro</span> <span class='ocrx_word' id='word_1_260' title='bbox 1558 288 1640 324; x_wconf 86' lang='lat' dir='ltr'>tunc,</span> <span class='ocrx_word' id='word_1_261' title='bbox 1671 295 1780 319; x_wconf 89' lang='lat' dir='ltr'>omnes</span> <span class='ocrx_word' id='word_1_262' title='bbox 1797 296 1890 330; x_wconf 83' lang='lat' dir='ltr'>prae-</span> 
     </span>
     <span class='ocr_line' id='line_1_55' title="bbox 1156 334 1889 382; baseline 0.007 -16"><span class='ocrx_word' id='word_1_263' title='bbox 1156 334 1234 366; x_wconf 84' lang='lat' dir='ltr'>fatas</span> <span class='ocrx_word' id='word_1_264' title='bbox 1269 334 1447 368; x_wconf 83' lang='lat' dir='ltr'>electiones</span> <span class='ocrx_word' id='word_1_265' title='bbox 1468 362 1475 376; x_wconf 89' lang='lat'>,</span> <span class='ocrx_word' id='word_1_266' title='bbox 1512 347 1589 379; x_wconf 89' lang='lat' dir='ltr'>quas</span> <span class='ocrx_word' id='word_1_267' title='bbox 1625 348 1695 370; x_wconf 90' lang='lat' dir='ltr'>cum</span> <span class='ocrx_word' id='word_1_268' title='bbox 1731 338 1889 382; x_wconf 74' lang='lat' dir='ltr'>suffragiis</span> 
     </span>
     <span class='ocr_line' id='line_1_56' title="bbox 1155 387 1891 437; baseline 0.008 -18"><span class='ocrx_word' id='word_1_269' title='bbox 1155 387 1394 430; x_wconf 84' lang='lat' dir='ltr'>praedictarum</span> <span class='ocrx_word' id='word_1_270' title='bbox 1432 389 1621 423; x_wconf 88' lang='lat' dir='ltr'>monialium</span> <span class='ocrx_word' id='word_1_271' title='bbox 1662 401 1891 437; x_wconf 78' lang='lat' dir='ltr'>conversarum</span> 
     </span>
     <span class='ocr_line' id='line_1_57' title="bbox 1155 441 1889 484; baseline 0.005 -11"><span class='ocrx_word' id='word_1_272' title='bbox 1155 441 1306 474; x_wconf 82' lang='lat' dir='ltr'>adversus</span> <span class='ocrx_word' id='word_1_273' title='bbox 1331 447 1534 484; x_wconf 85' lang='lat' dir='ltr'>praesentem</span> <span class='ocrx_word' id='word_1_274' title='bbox 1555 448 1694 476; x_wconf 88' lang='lat' dir='ltr'>nostram</span> <span class='ocrx_word' id='word_1_275' title='bbox 1716 449 1747 476; x_wconf 89' lang='lat' dir='ltr'>et</span> <span class='ocrx_word' id='word_1_276' title='bbox 1770 444 1889 477; x_wconf 87' lang='lat' dir='ltr'>consti-</span> 
     </span>
     <span class='ocr_line' id='line_1_58' title="bbox 1154 493 1887 539; baseline 0.007 -14"><span class='ocrx_word' id='word_1_277' title='bbox 1154 493 1288 527; x_wconf 89' lang='lat' dir='ltr'>tutionis</span> <span class='ocrx_word' id='word_1_278' title='bbox 1323 494 1508 538; x_wconf 82' lang='lat' dir='ltr'>praedictae</span> <span class='ocrx_word' id='word_1_279' title='bbox 1545 495 1789 539; x_wconf 88' lang='lat' dir='ltr'>dispositionem</span> <span class='ocrx_word' id='word_1_280' title='bbox 1816 496 1887 530; x_wconf 88' lang='lat' dir='ltr'>fieri</span> 
     </span>
     <span class='ocr_line' id='line_1_59' title="bbox 1154 546 1884 589; baseline 0.007 -11"><span class='ocrx_word' id='word_1_281' title='bbox 1154 546 1337 589; x_wconf 80' lang='lat' dir='ltr'>contigerit,</span> <span class='ocrx_word' id='word_1_282' title='bbox 1364 547 1577 589; x_wconf 84' lang='lat' dir='ltr'>declarantes,</span> <span class='ocrx_word' id='word_1_283' title='bbox 1605 554 1636 581; x_wconf 89' lang='lat' dir='ltr'>et</span> <span class='ocrx_word' id='word_1_284' title='bbox 1660 549 1884 583; x_wconf 82' lang='lat' dir='ltr'>decernentes.</span> 
     </span>
     <span class='ocr_line' id='line_1_60' title="bbox 1153 596 1885 643; baseline 0.008 -16"><span class='ocrx_word' id='word_1_285' title='bbox 1153 596 1338 630; x_wconf 83' lang='lat' dir='ltr'>Mandamus</span> <span class='ocrx_word' id='word_1_286' title='bbox 1363 597 1461 640; x_wconf 85' lang='lat' dir='ltr'>igitur</span> <span class='ocrx_word' id='word_1_287' title='bbox 1485 599 1633 632; x_wconf 91' lang='lat' dir='ltr'>omnibus</span> <span class='ocrx_word' id='word_1_288' title='bbox 1664 599 1885 643; x_wconf 88' lang='lat' dir='ltr'>superioribus</span> 
     </span>
     <span class='ocr_line' id='line_1_61' title="bbox 1152 649 1884 695; baseline 0.008 -15"><span class='ocrx_word' id='word_1_289' title='bbox 1152 649 1377 691; x_wconf 78' lang='lat' dir='ltr'>regularibus,</span> <span class='ocrx_word' id='word_1_290' title='bbox 1403 651 1456 694; x_wconf 89' lang='lat' dir='ltr'>qui</span> <span class='ocrx_word' id='word_1_291' title='bbox 1485 652 1636 694; x_wconf 78' lang='lat' dir='ltr'>regimini</span> <span class='ocrx_word' id='word_1_292' title='bbox 1671 658 1702 685; x_wconf 91' lang='lat' dir='ltr'>et</span> <span class='ocrx_word' id='word_1_293' title='bbox 1725 653 1884 695; x_wconf 79' lang='lat' dir='ltr'>gubernio</span> 
     </span>
     <span class='ocr_line' id='line_1_62' title="bbox 1153 701 1886 749; baseline 0.007 -16"><span class='ocrx_word' id='word_1_294' title='bbox 1153 701 1313 735; x_wconf 89' lang='lat' dir='ltr'>dictorum</span> <span class='ocrx_word' id='word_1_295' title='bbox 1338 703 1606 737; x_wconf 85' lang='lat' dir='ltr'>monasteriorum</span> <span class='ocrx_word' id='word_1_296' title='bbox 1623 709 1789 748; x_wconf 85' lang='lat' dir='ltr'>praesunt,</span> <span class='ocrx_word' id='word_1_297' title='bbox 1807 716 1886 749; x_wconf 84' lang='lat' dir='ltr'>qua-</span> 
     </span>
     <span class='ocr_line' id='line_1_63' title="bbox 1152 755 1883 797; baseline 0.008 -11"><span class='ocrx_word' id='word_1_298' title='bbox 1152 758 1246 787; x_wconf 82' lang='lat' dir='ltr'>tenus</span> <span class='ocrx_word' id='word_1_299' title='bbox 1270 755 1352 788; x_wconf 86' lang='lat' dir='ltr'>haec</span> <span class='ocrx_word' id='word_1_300' title='bbox 1376 757 1484 790; x_wconf 87' lang='lat' dir='ltr'>onmia</span> <span class='ocrx_word' id='word_1_301' title='bbox 1500 783 1508 797; x_wconf 87' lang='lat'>,</span> <span class='ocrx_word' id='word_1_302' title='bbox 1535 758 1662 791; x_wconf 84' lang='lat' dir='ltr'>sublato</span> <span class='ocrx_word' id='word_1_303' title='bbox 1688 758 1883 792; x_wconf 75' lang='lat' dir='ltr'>monialibus</span> 
     </span>
     <span class='ocr_line' id='line_1_64' title="bbox 1152 809 1884 854; baseline 0.008 -15"><span class='ocrx_word' id='word_1_304' title='bbox 1152 817 1357 851; x_wconf 86' lang='lat' dir='ltr'>quocumque</span> <span class='ocrx_word' id='word_1_305' title='bbox 1393 809 1455 842; x_wconf 90' lang='lat' dir='ltr'>alio</span> <span class='ocrx_word' id='word_1_306' title='bbox 1484 815 1654 853; x_wconf 77' lang='lat' dir='ltr'>praetextu</span> <span class='ocrx_word' id='word_1_307' title='bbox 1684 816 1715 844; x_wconf 90' lang='lat' dir='ltr'>et</span> <span class='ocrx_word' id='word_1_308' title='bbox 1739 812 1884 854; x_wconf 86' lang='lat' dir='ltr'>quaesito</span> 
     </span>
     <span class='ocr_line' id='line_1_65' title="bbox 1153 862 1885 902; baseline 0.01 -10"><span class='ocrx_word' id='word_1_309' title='bbox 1153 862 1274 902; x_wconf 88' lang='lat' dir='ltr'>colore,</span> <span class='ocrx_word' id='word_1_310' title='bbox 1292 862 1387 894; x_wconf 86' lang='lat' dir='ltr'>etiam</span> <span class='ocrx_word' id='word_1_311' title='bbox 1413 864 1656 897; x_wconf 88' lang='lat' dir='ltr'>consuetudinis</span> <span class='ocrx_word' id='word_1_312' title='bbox 1682 865 1885 899; x_wconf 84' lang='lat' dir='ltr'>immemora-</span> 
     </span>
     <span class='ocr_line' id='line_1_66' title="bbox 1150 915 1889 961; baseline 0.005 -13"><span class='ocrx_word' id='word_1_313' title='bbox 1150 915 1224 948; x_wconf 88' lang='lat' dir='ltr'>bilis</span> <span class='ocrx_word' id='word_1_314' title='bbox 1249 921 1281 949; x_wconf 89' lang='lat' dir='ltr'>et</span> <span class='ocrx_word' id='word_1_315' title='bbox 1304 917 1534 961; x_wconf 77' lang='lat' dir='ltr'>praescriptae,</span> <span class='ocrx_word' id='word_1_316' title='bbox 1551 919 1732 951; x_wconf 72' lang='lat' dir='ltr'>executioni</span> <span class='ocrx_word' id='word_1_317' title='bbox 1758 919 1889 961; x_wconf 22' lang='lat' dir='ltr'>deman-7</span> 
     </span>
     <span class='ocr_line' id='line_1_67' title="bbox 1151 967 1882 1010; baseline 0.007 -10"><span class='ocrx_word' id='word_1_318' title='bbox 1151 967 1219 1001; x_wconf 86' lang='lat' dir='ltr'>dari</span> <span class='ocrx_word' id='word_1_319' title='bbox 1252 968 1376 1010; x_wconf 84' lang='lat' dir='ltr'>faciant,</span> <span class='ocrx_word' id='word_1_320' title='bbox 1399 975 1430 1002; x_wconf 87' lang='lat' dir='ltr'>et</span> <span class='ocrx_word' id='word_1_321' title='bbox 1453 975 1565 1003; x_wconf 86' lang='lat' dir='ltr'>contra</span> <span class='ocrx_word' id='word_1_322' title='bbox 1589 970 1816 1004; x_wconf 86' lang='lat' dir='ltr'>inobedientes</span> <span class='ocrx_word' id='word_1_323' title='bbox 1846 982 1882 1005; x_wconf 88' lang='lat' dir='ltr'>ac</span> 
     </span>
     <span class='ocr_line' id='line_1_68' title="bbox 1151 1023 1880 1068; baseline 0.005 -14"><span class='ocrx_word' id='word_1_324' title='bbox 1151 1027 1359 1056; x_wconf 86' lang='lat' dir='ltr'>contumaces</span> <span class='ocrx_word' id='word_1_325' title='bbox 1385 1024 1450 1056; x_wconf 85' lang='lat' dir='ltr'>suis</span> <span class='ocrx_word' id='word_1_326' title='bbox 1481 1023 1632 1057; x_wconf 83' lang='lat' dir='ltr'>remediis</span> <span class='ocrx_word' id='word_1_327' title='bbox 1662 1029 1694 1057; x_wconf 92' lang='lat' dir='ltr'>et</span> <span class='ocrx_word' id='word_1_328' title='bbox 1724 1029 1880 1068; x_wconf 85' lang='lat' dir='ltr'>quatenus</span> 
     </span>
     <span class='ocr_line' id='line_1_69' title="bbox 1151 1077 1882 1118; baseline 0.005 -10"><span class='ocrx_word' id='word_1_329' title='bbox 1151 1086 1231 1118; x_wconf 86' lang='lat' dir='ltr'>opus</span> <span class='ocrx_word' id='word_1_330' title='bbox 1257 1077 1297 1109; x_wconf 85' lang='lat' dir='ltr'>sit</span> <span class='ocrx_word' id='word_1_331' title='bbox 1320 1077 1467 1109; x_wconf 85' lang='lat' dir='ltr'>censuris</span> <span class='ocrx_word' id='word_1_332' title='bbox 1494 1077 1718 1111; x_wconf 85' lang='lat' dir='ltr'>ecclesiasticis</span> <span class='ocrx_word' id='word_1_333' title='bbox 1743 1078 1882 1118; x_wconf 75' lang='lat' dir='ltr'>animad-</span> 
     </span>
     <span class='ocr_line' id='line_1_70' title="bbox 1149 1129 1745 1164; baseline 0.003 -3"><span class='ocrx_word' id='word_1_334' title='bbox 1149 1134 1284 1161; x_wconf 88' lang='lat' dir='ltr'>vertant.</span> <span class='ocrx_word' id='word_1_335' title='bbox 1304 1129 1423 1163; x_wconf 85' lang='lat' dir='ltr'>Romae</span> <span class='ocrx_word' id='word_1_336' title='bbox 1444 1140 1461 1163; x_wconf 89' lang='lat' dir='ltr'>v</span> <span class='ocrx_word' id='word_1_337' title='bbox 1480 1129 1548 1163; x_wconf 86' lang='lat' dir='ltr'>iulii</span> <span class='ocrx_word' id='word_1_338' title='bbox 1573 1139 1745 1164; x_wconf 72' lang='lat' dir='ltr'>nnetxxxl.</span> 
     </span>
    </p>

    <p class='ocr_par' dir='ltr' id='par_1_10' title="bbox 1280 1181 1832 1226">
     <span class='ocr_line' id='line_1_71' title="bbox 1280 1181 1832 1226; baseline 0.005 -11"><span class='ocrx_word' id='word_1_339' title='bbox 1280 1183 1317 1215; x_wconf 88' lang='lat' dir='ltr'>A.</span> <span class='ocrx_word' id='word_1_340' title='bbox 1344 1181 1517 1216; x_wconf 86' lang='lat' dir='ltr'>cardinalis</span> <span class='ocrx_word' id='word_1_341' title='bbox 1542 1183 1626 1216; x_wconf 71' lang='lat' dir='ltr'>Cmo</span> <span class='ocrx_word' id='word_1_342' title='bbox 1655 1188 1832 1226; x_wconf 86' lang='lat' dir='ltr'>protector.</span> 
     </span>
    </p>

    <p class='ocr_par' dir='ltr' id='par_1_11' title="bbox 1278 1237 1769 1271">
     <span class='ocr_line' id='line_1_72' title="bbox 1278 1237 1769 1271; baseline 0.004 -2"><span class='ocrx_word' id='word_1_343' title='bbox 1278 1237 1414 1270; x_wconf 62' lang='lat' dir='ltr'>loANNEs</span> <span class='ocrx_word' id='word_1_344' title='bbox 1437 1238 1591 1270; x_wconf 61' lang='lat' dir='ltr'>mesm</span> <span class='ocrx_word' id='word_1_345' title='bbox 1615 1238 1718 1271; x_wconf 50' lang='lat' dir='ltr'>Rusca</span> <span class='ocrx_word' id='word_1_346' title='bbox 1738 1251 1769 1271; x_wconf 82' lang='lat'>».</span> 
     </span>
    </p>

    <p class='ocr_par' dir='ltr' id='par_1_12' title="bbox 1138 1289 1878 2656">
     <span class='ocr_line' id='line_1_73' title="bbox 1190 1289 1878 1334; baseline 0.006 -12"><span class='ocrx_word' id='word_1_347' title='bbox 1190 1290 1204 1333; x_wconf 65' lang='grc' dir='ltr'><strong>ἓ</strong></span> <span class='ocrx_word' id='word_1_348' title='bbox 1228 1289 1260 1323; x_wconf 67' lang='lat'>2.</span> <span class='ocrx_word' id='word_1_349' title='bbox 1288 1290 1364 1323; x_wconf 87' lang='lat' dir='ltr'>Cum</span> <span class='ocrx_word' id='word_1_350' title='bbox 1390 1295 1507 1327; x_wconf 85' lang='lat' dir='ltr'>autem,</span> <span class='ocrx_word' id='word_1_351' title='bbox 1532 1290 1615 1322; x_wconf 88' lang='lat' dir='ltr'>sicut</span> <span class='ocrx_word' id='word_1_352' title='bbox 1638 1292 1799 1334; x_wconf 83' lang='lat' dir='ltr'>praefatus</span> <span class='ocrx_word' id='word_1_353' title='bbox 1821 1291 1878 1326; x_wconf 74' lang='lat' dir='ltr'>Pe-</span> 
     </span>
     <span class='ocr_line' id='line_1_74' title="bbox 1147 1343 1877 1386; baseline 0.003 -11"><span class='ocrx_word' id='word_1_354' title='bbox 1147 1348 1214 1375; x_wconf 89' lang='lat' dir='ltr'>trus</span> <span class='ocrx_word' id='word_1_355' title='bbox 1238 1347 1432 1386; x_wconf 85' lang='lat' dir='ltr'>procurator</span> <span class='ocrx_word' id='word_1_356' title='bbox 1452 1343 1612 1384; x_wconf 79' lang='lat' dir='ltr'>generalis</span> <span class='ocrx_word' id='word_1_357' title='bbox 1631 1343 1724 1377; x_wconf 87' lang='lat' dir='ltr'>nobis</span> <span class='ocrx_word' id='word_1_358' title='bbox 1741 1344 1877 1378; x_wconf 85' lang='lat' dir='ltr'>subinde</span> 
     </span>
     <span class='ocr_line' id='line_1_75' title="bbox 1146 1395 1875 1439; baseline 0.004 -12"><span class='ocrx_word' id='word_1_359' title='bbox 1146 1395 1263 1438; x_wconf 81' lang='lat' dir='ltr'>exponi</span> <span class='ocrx_word' id='word_1_360' title='bbox 1288 1395 1372 1436; x_wconf 81' lang='lat' dir='ltr'>fecit,</span> <span class='ocrx_word' id='word_1_361' title='bbox 1391 1395 1466 1438; x_wconf 85' lang='lat' dir='ltr'>-ipse</span> <span class='ocrx_word' id='word_1_362' title='bbox 1492 1395 1658 1429; x_wconf 87' lang='lat' dir='ltr'>decretum</span> <span class='ocrx_word' id='word_1_363' title='bbox 1677 1396 1875 1439; x_wconf 88' lang='lat' dir='ltr'>huiusmodi,</span> 
     </span>
     <span class='ocr_line' id='line_1_76' title="bbox 1146 1447 1878 1492; baseline 0.007 -14"><span class='ocrx_word' id='word_1_364' title='bbox 1146 1459 1208 1492; x_wconf 87' lang='lat' dir='ltr'>quo</span> <span class='ocrx_word' id='word_1_365' title='bbox 1232 1447 1354 1481; x_wconf 86' lang='lat' dir='ltr'>firmius</span> <span class='ocrx_word' id='word_1_366' title='bbox 1389 1448 1541 1480; x_wconf 86' lang='lat' dir='ltr'>subsistat</span> <span class='ocrx_word' id='word_1_367' title='bbox 1572 1453 1604 1481; x_wconf 93' lang='lat' dir='ltr'>et</span> <span class='ocrx_word' id='word_1_368' title='bbox 1636 1454 1784 1482; x_wconf 89' lang='lat' dir='ltr'>servetur</span> <span class='ocrx_word' id='word_1_369' title='bbox 1807 1460 1878 1483; x_wconf 82' lang='lat' dir='ltr'>exa-</span> 
     </span>
     <span class='ocr_line' id='line_1_77' title="bbox 1146 1499 1876 1543; baseline 0.003 -10"><span class='ocrx_word' id='word_1_370' title='bbox 1146 1501 1235 1540; x_wconf 78' lang='lat' dir='ltr'>etius,</span> <span class='ocrx_word' id='word_1_371' title='bbox 1252 1499 1447 1543; x_wconf 85' lang='lat' dir='ltr'>apostolicae</span> <span class='ocrx_word' id='word_1_372' title='bbox 1469 1499 1722 1534; x_wconf 79' lang='lat' dir='ltr'>confirmationis</span> <span class='ocrx_word' id='word_1_373' title='bbox 1746 1507 1876 1535; x_wconf 86' lang='lat' dir='ltr'>nostrae</span> 
     </span>
     <span class='ocr_line' id='line_1_78' title="bbox 1144 1553 1873 1598; baseline 0.003 -12"><span class='ocrx_word' id='word_1_374' title='bbox 1144 1553 1323 1597; x_wconf 90' lang='lat' dir='ltr'>patrocinio</span> <span class='ocrx_word' id='word_1_375' title='bbox 1359 1553 1549 1586; x_wconf 82' lang='lat' dir='ltr'>communiri</span> <span class='ocrx_word' id='word_1_376' title='bbox 1585 1564 1789 1598; x_wconf 82' lang='lat' dir='ltr'>summopere</span> <span class='ocrx_word' id='word_1_377' title='bbox 1815 1555 1873 1588; x_wconf 86' lang='lat' dir='ltr'>de-</span> 
     </span>
     <span class='ocr_line' id='line_1_79' title="bbox 1144 1606 1876 1650; baseline 0.001 -11"><span class='ocrx_word' id='word_1_378' title='bbox 1144 1607 1280 1639; x_wconf 87' lang='lat' dir='ltr'>sideret:</span> <span class='ocrx_word' id='word_1_379' title='bbox 1305 1617 1363 1639; x_wconf 89' lang='lat' dir='ltr'>nos</span> <span class='ocrx_word' id='word_1_380' title='bbox 1380 1632 1387 1646; x_wconf 91' lang='lat'>,</span> <span class='ocrx_word' id='word_1_381' title='bbox 1413 1606 1515 1650; x_wconf 85' lang='lat' dir='ltr'>ipsius</span> <span class='ocrx_word' id='word_1_382' title='bbox 1540 1606 1624 1639; x_wconf 88' lang='lat' dir='ltr'>Petri</span> <span class='ocrx_word' id='word_1_383' title='bbox 1658 1607 1876 1650; x_wconf 86' lang='lat' dir='ltr'>procuratoris</span> 
     </span>
     <span class='ocr_line' id='line_1_80' title="bbox 1144 1658 1876 1702; baseline 0.003 -11"><span class='ocrx_word' id='word_1_384' title='bbox 1144 1658 1304 1700; x_wconf 81' lang='lat' dir='ltr'>generalis</span> <span class='ocrx_word' id='word_1_385' title='bbox 1324 1658 1403 1691; x_wconf 87' lang='lat' dir='ltr'>votis</span> <span class='ocrx_word' id='word_1_386' title='bbox 1430 1659 1489 1691; x_wconf 87' lang='lat' dir='ltr'>hac</span> <span class='ocrx_word' id='word_1_387' title='bbox 1505 1658 1536 1690; x_wconf 86' lang='lat' dir='ltr'>in</span> <span class='ocrx_word' id='word_1_388' title='bbox 1564 1669 1610 1699; x_wconf 89' lang='lat' dir='ltr'>re,</span> <span class='ocrx_word' id='word_1_389' title='bbox 1634 1664 1786 1702; x_wconf 88' lang='lat' dir='ltr'>quantum</span> <span class='ocrx_word' id='word_1_390' title='bbox 1804 1669 1876 1693; x_wconf 88' lang='lat' dir='ltr'>cum</span> 
     </span>
     <span class='ocr_line' id='line_1_81' title="bbox 1143 1711 1877 1755; baseline 0.003 -11"><span class='ocrx_word' id='word_1_391' title='bbox 1143 1711 1279 1745; x_wconf 89' lang='lat' dir='ltr'>Domino</span> <span class='ocrx_word' id='word_1_392' title='bbox 1298 1722 1479 1755; x_wconf 86' lang='lat' dir='ltr'>possumus,</span> <span class='ocrx_word' id='word_1_393' title='bbox 1499 1711 1717 1745; x_wconf 85' lang='lat' dir='ltr'>favorabiliter</span> <span class='ocrx_word' id='word_1_394' title='bbox 1734 1722 1877 1746; x_wconf 85' lang='lat' dir='ltr'>annuere</span> 
     </span>
     <span class='ocr_line' id='line_1_82' title="bbox 1144 1764 1877 1807; baseline 0.001 -10"><span class='ocrx_word' id='word_1_395' title='bbox 1144 1766 1307 1804; x_wconf 89' lang='lat' dir='ltr'>volentes,</span> <span class='ocrx_word' id='word_1_396' title='bbox 1334 1775 1471 1807; x_wconf 81' lang='lat' dir='ltr'>eumque</span> <span class='ocrx_word' id='word_1_397' title='bbox 1504 1775 1521 1796; x_wconf 86' lang='lat' dir='ltr'>a</span> <span class='ocrx_word' id='word_1_398' title='bbox 1546 1764 1711 1807; x_wconf 84' lang='lat' dir='ltr'>quibusvis</span> <span class='ocrx_word' id='word_1_399' title='bbox 1748 1775 1877 1799; x_wconf 75' lang='lat' dir='ltr'>excom-</span> 
     </span>
     <span class='ocr_line' id='line_1_83' title="bbox 1142 1815 1876 1859; baseline 0.001 -10"><span class='ocrx_word' id='word_1_400' title='bbox 1142 1815 1392 1857; x_wconf 88' lang='lat' dir='ltr'>municationis,</span> <span class='ocrx_word' id='word_1_401' title='bbox 1420 1817 1644 1859; x_wconf 84' lang='lat' dir='ltr'>suspensionis</span> <span class='ocrx_word' id='word_1_402' title='bbox 1676 1822 1708 1850; x_wconf 88' lang='lat' dir='ltr'>et</span> <span class='ocrx_word' id='word_1_403' title='bbox 1741 1817 1876 1851; x_wconf 85' lang='lat' dir='ltr'>interdi-</span> 
     </span>
     <span class='ocr_line' id='line_1_84' title="bbox 1142 1864 1878 1912; baseline 0.003 -12"><span class='ocrx_word' id='word_1_404' title='bbox 1142 1869 1195 1909; x_wconf 83' lang='lat' dir='ltr'>cti,</span> <span class='ocrx_word' id='word_1_405' title='bbox 1213 1869 1349 1912; x_wconf 90' lang='lat' dir='ltr'>aliisque</span> <span class='ocrx_word' id='word_1_406' title='bbox 1368 1864 1594 1901; x_wconf 79' lang='lat' dir='ltr'>ecclesiasticis</span> <span class='ocrx_word' id='word_1_407' title='bbox 1612 1869 1789 1910; x_wconf 86' lang='lat' dir='ltr'>sententiis,</span> <span class='ocrx_word' id='word_1_408' title='bbox 1806 1879 1878 1903; x_wconf 85' lang='lat' dir='ltr'>cen-</span> 
     </span>
     <span class='ocr_line' id='line_1_85' title="bbox 1142 1921 1875 1964; baseline 0.001 -11"><span class='ocrx_word' id='word_1_409' title='bbox 1142 1921 1225 1953; x_wconf 89' lang='lat' dir='ltr'>suris</span> <span class='ocrx_word' id='word_1_410' title='bbox 1250 1926 1281 1954; x_wconf 89' lang='lat' dir='ltr'>et</span> <span class='ocrx_word' id='word_1_411' title='bbox 1305 1921 1438 1964; x_wconf 87' lang='lat' dir='ltr'>poenis,</span> <span class='ocrx_word' id='word_1_412' title='bbox 1464 1932 1481 1954; x_wconf 86' lang='lat' dir='ltr'>a</span> <span class='ocrx_word' id='word_1_413' title='bbox 1498 1921 1570 1954; x_wconf 83' lang='lat' dir='ltr'>iure</span> <span class='ocrx_word' id='word_1_414' title='bbox 1596 1922 1644 1954; x_wconf 90' lang='lat' dir='ltr'>vel</span> <span class='ocrx_word' id='word_1_415' title='bbox 1669 1922 1708 1954; x_wconf 89' lang='lat' dir='ltr'>ab</span> <span class='ocrx_word' id='word_1_416' title='bbox 1733 1922 1875 1963; x_wconf 87' lang='lat' dir='ltr'>homine,</span> 
     </span>
     <span class='ocr_line' id='line_1_86' title="bbox 1141 1974 1877 2018; baseline 0.001 -12"><span class='ocrx_word' id='word_1_417' title='bbox 1141 1975 1251 2017; x_wconf 86' lang='lat' dir='ltr'>quavis</span> <span class='ocrx_word' id='word_1_418' title='bbox 1275 1974 1444 2007; x_wconf 85' lang='lat' dir='ltr'>occasione</span> <span class='ocrx_word' id='word_1_419' title='bbox 1461 1975 1509 2007; x_wconf 87' lang='lat' dir='ltr'>vel</span> <span class='ocrx_word' id='word_1_420' title='bbox 1531 1978 1628 2008; x_wconf 77' lang='lat' dir='ltr'>causa</span> <span class='ocrx_word' id='word_1_421' title='bbox 1651 1975 1734 2015; x_wconf 80' lang='lat' dir='ltr'>latiS,</span> <span class='ocrx_word' id='word_1_422' title='bbox 1758 1975 1783 2008; x_wconf 89' lang='lat' dir='ltr'>si</span> <span class='ocrx_word' id='word_1_423' title='bbox 1807 1974 1877 2018; x_wconf 90' lang='lat' dir='ltr'>qui-</span> 
     </span>
     <span class='ocr_line' id='line_1_87' title="bbox 1141 2026 1876 2070; baseline 0.001 -11"><span class='ocrx_word' id='word_1_424' title='bbox 1141 2028 1199 2060; x_wconf 88' lang='lat' dir='ltr'>bus</span> <span class='ocrx_word' id='word_1_425' title='bbox 1225 2027 1472 2070; x_wconf 85' lang='lat' dir='ltr'>quomodolibet</span> <span class='ocrx_word' id='word_1_426' title='bbox 1495 2027 1668 2060; x_wconf 81' lang='lat' dir='ltr'>innodatus</span> <span class='ocrx_word' id='word_1_427' title='bbox 1695 2026 1812 2068; x_wconf 80' lang='lat' dir='ltr'>existit,</span> <span class='ocrx_word' id='word_1_428' title='bbox 1837 2026 1876 2060; x_wconf 90' lang='lat' dir='ltr'>ad</span> 
     </span>
     <span class='ocr_line' id='line_1_88' title="bbox 1141 2080 1876 2124; baseline 0.001 -11"><span class='ocrx_word' id='word_1_429' title='bbox 1141 2080 1289 2114; x_wconf 71' lang='lat' dir='ltr'>effectum</span> <span class='ocrx_word' id='word_1_430' title='bbox 1321 2080 1542 2124; x_wconf 88' lang='lat' dir='ltr'>praesentium</span> <span class='ocrx_word' id='word_1_431' title='bbox 1575 2081 1740 2114; x_wconf 83' lang='lat' dir='ltr'>dumtaxat</span> <span class='ocrx_word' id='word_1_432' title='bbox 1763 2089 1876 2114; x_wconf 85' lang='lat' dir='ltr'>conse-</span> 
     </span>
     <span class='ocr_line' id='line_1_89' title="bbox 1141 2134 1876 2177; baseline -0.001 -11"><span class='ocrx_word' id='word_1_433' title='bbox 1141 2134 1314 2177; x_wconf 88' lang='lat' dir='ltr'>quendum,</span> <span class='ocrx_word' id='word_1_434' title='bbox 1346 2134 1459 2167; x_wconf 88' lang='lat' dir='ltr'>harum</span> <span class='ocrx_word' id='word_1_435' title='bbox 1493 2134 1577 2167; x_wconf 87' lang='lat' dir='ltr'>serie</span> <span class='ocrx_word' id='word_1_436' title='bbox 1603 2134 1811 2167; x_wconf 86' lang='lat' dir='ltr'>absolventes</span> <span class='ocrx_word' id='word_1_437' title='bbox 1843 2137 1876 2166; x_wconf 88' lang='lat' dir='ltr'>ct</span> 
     </span>
     <span class='ocr_line' id='line_1_90' title="bbox 1140 2186 1873 2231; baseline 0 -11"><span class='ocrx_word' id='word_1_438' title='bbox 1140 2187 1324 2220; x_wconf 89' lang='lat' dir='ltr'>absolutum</span> <span class='ocrx_word' id='word_1_439' title='bbox 1348 2188 1417 2220; x_wconf 85' lang='lat' dir='ltr'>sore</span> <span class='ocrx_word' id='word_1_440' title='bbox 1443 2194 1631 2227; x_wconf 86' lang='lat' dir='ltr'>censentes,</span> <span class='ocrx_word' id='word_1_441' title='bbox 1657 2186 1873 2231; x_wconf 85' lang='lat' dir='ltr'>supplicatio-</span> 
     </span>
     <span class='ocr_line' id='line_1_91' title="bbox 1141 2240 1876 2284; baseline 0.001 -12"><span class='ocrx_word' id='word_1_442' title='bbox 1141 2241 1234 2273; x_wconf 89' lang='lat' dir='ltr'>nibus</span> <span class='ocrx_word' id='word_1_443' title='bbox 1252 2240 1320 2273; x_wconf 86' lang='lat' dir='ltr'>eius</span> <span class='ocrx_word' id='word_1_444' title='bbox 1340 2240 1471 2273; x_wconf 87' lang='lat' dir='ltr'>nomine</span> <span class='ocrx_word' id='word_1_445' title='bbox 1498 2240 1589 2273; x_wconf 85' lang='lat' dir='ltr'>nobis</span> <span class='ocrx_word' id='word_1_446' title='bbox 1614 2250 1712 2284; x_wconf 82' lang='lat' dir='ltr'>super</span> <span class='ocrx_word' id='word_1_447' title='bbox 1735 2240 1797 2273; x_wconf 84' lang='lat' dir='ltr'>hoc</span> <span class='ocrx_word' id='word_1_448' title='bbox 1816 2240 1876 2273; x_wconf 91' lang='lat' dir='ltr'>hu-</span> 
     </span>
     <span class='ocr_line' id='line_1_92' title="bbox 1140 2293 1876 2336; baseline -0.001 -10"><span class='ocrx_word' id='word_1_449' title='bbox 1140 2293 1261 2326; x_wconf 87' lang='lat' dir='ltr'>militer</span> <span class='ocrx_word' id='word_1_450' title='bbox 1285 2293 1442 2336; x_wconf 85' lang='lat' dir='ltr'>porrectis</span> <span class='ocrx_word' id='word_1_451' title='bbox 1468 2293 1635 2333; x_wconf 85' lang='lat' dir='ltr'>inclinati,</span> <span class='ocrx_word' id='word_1_452' title='bbox 1669 2293 1833 2326; x_wconf 86' lang='lat' dir='ltr'>decretum</span> <span class='ocrx_word' id='word_1_453' title='bbox 1857 2302 1876 2325; x_wconf 81' lang='lat' dir='ltr'>a</span> 
     </span>
     <span class='ocr_line' id='line_1_93' title="bbox 1140 2345 1876 2390; baseline -0.003 -10"><span class='ocrx_word' id='word_1_454' title='bbox 1140 2352 1318 2380; x_wconf 87' lang='lat' dir='ltr'>memorato</span> <span class='ocrx_word' id='word_1_455' title='bbox 1343 2347 1505 2380; x_wconf 84' lang='lat' dir='ltr'>Alderano</span> <span class='ocrx_word' id='word_1_456' title='bbox 1538 2347 1690 2390; x_wconf 89' lang='lat' dir='ltr'>episcopo</span> <span class='ocrx_word' id='word_1_457' title='bbox 1719 2345 1876 2379; x_wconf 84' lang='lat' dir='ltr'>cardinali</span> 
     </span>
     <span class='ocr_line' id='line_1_94' title="bbox 1140 2400 1876 2444; baseline -0.001 -11"><span class='ocrx_word' id='word_1_458' title='bbox 1140 2405 1172 2433; x_wconf 89' lang='lat' dir='ltr'>et</span> <span class='ocrx_word' id='word_1_459' title='bbox 1191 2405 1377 2444; x_wconf 86' lang='lat' dir='ltr'>protectore</span> <span class='ocrx_word' id='word_1_460' title='bbox 1397 2400 1517 2433; x_wconf 87' lang='lat' dir='ltr'>editum</span> <span class='ocrx_word' id='word_1_461' title='bbox 1538 2400 1784 2443; x_wconf 88' lang='lat' dir='ltr'>praeinsertum‚</span> <span class='ocrx_word' id='word_1_462' title='bbox 1803 2408 1876 2432; x_wconf 92' lang='lat' dir='ltr'>cum</span> 
     </span>
     <span class='ocr_line' id='line_1_95' title="bbox 1138 2451 1877 2496; baseline -0.003 -10"><span class='ocrx_word' id='word_1_463' title='bbox 1138 2453 1289 2486; x_wconf 86' lang='lat' dir='ltr'>omnibus</span> <span class='ocrx_word' id='word_1_464' title='bbox 1314 2459 1345 2486; x_wconf 89' lang='lat' dir='ltr'>et</span> <span class='ocrx_word' id='word_1_465' title='bbox 1370 2454 1506 2496; x_wconf 77' lang='lat' dir='ltr'>singulis</span> <span class='ocrx_word' id='word_1_466' title='bbox 1527 2453 1558 2485; x_wconf 93' lang='lat' dir='ltr'>in</span> <span class='ocrx_word' id='word_1_467' title='bbox 1576 2463 1614 2486; x_wconf 91' lang='lat' dir='ltr'>eo</span> <span class='ocrx_word' id='word_1_468' title='bbox 1632 2451 1805 2491; x_wconf 87' lang='lat' dir='ltr'>contentis,</span> <span class='ocrx_word' id='word_1_469' title='bbox 1823 2462 1877 2484; x_wconf 85' lang='lat' dir='ltr'>au-</span> 
     </span>
     <span class='ocr_line' id='line_1_96' title="bbox 1139 2504 1861 2550; baseline -0.003 -12"><span class='ocrx_word' id='word_1_470' title='bbox 1139 2507 1284 2539; x_wconf 85' lang='lat' dir='ltr'>ctoritate</span> <span class='ocrx_word' id='word_1_471' title='bbox 1306 2506 1490 2550; x_wconf 79' lang='lat' dir='ltr'>apostolica,</span> <span class='ocrx_word' id='word_1_472' title='bbox 1510 2512 1620 2539; x_wconf 85' lang='lat' dir='ltr'>tenore</span> <span class='ocrx_word' id='word_1_473' title='bbox 1640 2504 1861 2549; x_wconf 87' lang='lat' dir='ltr'>praesentium</span> 
     </span>
     <span class='ocr_line' id='line_1_97' title="bbox 1139 2557 1874 2602; baseline -0.003 -12"><span class='ocrx_word' id='word_1_474' title='bbox 1139 2559 1365 2591; x_wconf 71' lang='lat' dir='ltr'>confirmamus</span> <span class='ocrx_word' id='word_1_475' title='bbox 1400 2565 1432 2592; x_wconf 88' lang='lat' dir='ltr'>et</span> <span class='ocrx_word' id='word_1_476' title='bbox 1466 2558 1712 2602; x_wconf 88' lang='lat' dir='ltr'>approbamus,</span> <span class='ocrx_word' id='word_1_477' title='bbox 1745 2557 1874 2600; x_wconf 81' lang='lat' dir='ltr'>illisque</span> 
     </span>
     <span class='ocr_line' id='line_1_98' title="bbox 1138 2609 1874 2656; baseline -0.004 -12"><span class='ocrx_word' id='word_1_478' title='bbox 1138 2612 1334 2646; x_wconf 83' lang='lat' dir='ltr'>inviolabilis</span> <span class='ocrx_word' id='word_1_479' title='bbox 1360 2612 1556 2656; x_wconf 85' lang='lat' dir='ltr'>apostolicae</span> <span class='ocrx_word' id='word_1_480' title='bbox 1587 2610 1744 2644; x_wconf 76' lang='lat' dir='ltr'>firmitatis</span> <span class='ocrx_word' id='word_1_481' title='bbox 1774 2609 1874 2642; x_wconf 87' lang='lat' dir='ltr'>robur</span> 
     </span>
    </p>
   </div>
   <div class='ocr_carea' id='block_1_8' title="bbox 1896 238 2083 283">
    <p class='ocr_par' dir='ltr' id='par_1_13' title="bbox 1896 238 2083 283">
     <span class='ocr_line' id='line_1_99' title="bbox 1896 238 2083 283; baseline 0.021 -18"><span class='ocrx_word' id='word_1_482' title='bbox 1896 238 1945 267; x_wconf 68' lang='lat' dir='ltr'>An.</span> <span class='ocrx_word' id='word_1_483' title='bbox 1967 239 1997 267; x_wconf 86' lang='lat' dir='ltr'>c.</span> <span class='ocrx_word' id='word_1_484' title='bbox 2015 240 2083 283; x_wconf 74' lang='lat'>¹58¹-</span> 
     </span>
    </p>
   </div>
   <div class='ocr_carea' id='block_1_9' title="bbox 1888 1300 2070 1349">
    <p class='ocr_par' dir='ltr' id='par_1_14' title="bbox 1888 1300 2070 1349">
     <span class='ocr_line' id='line_1_100' title="bbox 1936 1300 2070 1322; baseline 0.007 -1"><span class='ocrx_word' id='word_1_485' title='bbox 1936 1300 2070 1322; x_wconf 73' lang='lat' dir='ltr'>Confirmat-to</span> 
     </span>
     <span class='ocr_line' id='line_1_101' title="bbox 1888 1328 2003 1349; baseline 0 -1"><span class='ocrx_word' id='word_1_486' title='bbox 1888 1328 2003 1349; x_wconf 71' lang='lat' dir='ltr'>Pontifici:-</span> 
     </span>
    </p>
   </div>
  </div>
 </body>
</html>
