2111 3157
157 213 208 240 An.
231 211 260 238 e.
283 211 349 238 1687
396 202 461 237 774

221 1488 334 1510 Concessio

150 1516 273 1541 praedictae
304 1517 333 1537 sa-

149 1543 241 1563 enitatis.

351 260 492 300 Ordinis,
516 260 605 304 ipsos
629 259 662 292 in
681 258 744 291 vim
761 256 1006 301 privilegiorum
1032 256 1088 288 ha-

351 319 464 348 ctenus
484 313 593 346 Ordini
615 311 901 345 Cartbusianorum
920 319 1088 342 concesso-

350 378 419 400 rum
445 367 628 399 nullatenus
662 374 754 408 posse
785 364 954 397 absolvere
988 373 1005 395 a
1035 373 1087 395 ca-

351 419 439 452 sibus
471 419 503 451 in
536 418 642 451 Coena
674 416 799 451 Domini
830 422 862 449 et
886 416 955 450 aliis
982 416 1085 459 Papae

350 471 519 505 reservatis
537 498 544 511 ‚
588 470 793 514 proindeque
837 468 1085 512 supplicandum

349 525 557 558 Sanctissimo
570 534 631 568 pro
649 522 833 556 necessaria
851 523 1001 555 facultate
1016 532 1086 554 con-

349 578 494 611 cedenda
519 576 790 610 reverendissimo
815 576 898 619 patri
924 585 981 618 pro
1007 579 1086 606 tcm-

348 641 429 675 pore
449 631 608 671 existenti,
631 630 727 663 etiam
745 640 816 662 cum
843 629 992 662 facultate
1013 627 1087 660 sub-

349 684 536 727 delegandi,
556 689 588 716 et
612 694 685 716 cum
705 683 856 727 specifica
874 681 1085 724 derogatione

349 737 453 770 dictae
471 737 590 777 Bullae,
606 747 733 770 necnon
752 747 822 769 cum
837 736 981 768 clausula
998 734 1085 777 quod

348 801 413 824 non
445 796 617 823 censeatur
648 800 708 833 per
736 799 875 822 annuam
903 788 1088 832 promulga-

350 843 472 876 tionem
497 843 600 876 dictae
626 842 737 876 Bullac
767 846 949 875 revocatum
974 840 1087 873 huius-

347 896 434 929 modi
453 896 625 936 indultum‚
642 896 704 928 nisi
731 896 810 928 sacta
828 894 977 938 specifica
998 903 1086 927 men-

347 950 434 983 tione
449 949 748 989 Cartliusianorum,
764 954 838 990 etc„
854 949 905 981 die
922 958 992 981 xxix
1011 947 1085 980 maii

347 1013 562 1042 unctxxxvu,
589 1002 813 1035 Sanctissimus
846 1001 996 1035 dominus
1021 1011 1082 1033 nof-

347 1061 424 1095 ster‚
444 1056 551 1095 audita
568 1056 744 1095 relatione,
764 1061 839 1095 etc„
857 1055 995 1088 oratoris
1012 1065 1086 1097 pre-

347 1108 438 1140 cibus
462 1107 605 1150 benigne
631 1108 754 1140 annuit.
784 1107 922 1147 Romae,
954 1112 1016 1140 ete.
1042 1125 1086 1129 —-

346 1160 382 1193 G.
403 1161 577 1194 cardinalis
603 1161 811 1194 Csnmmncs.
832 1161 866 1194 B.
887 1161 1087 1194 Bnaixcxrius

347 1213 542 1246 secretarius
573 1225 608 1246 »ς
641 1214 735 1246 nobis
771 1219 945 1257 propterea
977 1213 1083 1246 dictus

346 1266 523 1298 modernus
541 1267 629 1309 prior
647 1266 810 1309 generatis
832 1266 996 1298 humiliter
1013 1276 1086 1309 sup-

345 1319 461 1362 plicari
487 1318 563 1351 secit
595 1324 629 1351 ut
653 1319 713 1351 sibi
748 1319 779 1351 in
808 1318 995 1361 praemissis
1028 1328 1084 1361 op-

345 1377 485 1415 portune
508 1372 680 1414 providere
705 1377 736 1404 et
755 1378 790 1404 ut
807 1372 888 1403 infra
914 1372 1083 1413 indulgere

346 1425 385 1458 de
404 1424 603 1466 benignitate
625 1425 799 1467 apostolica
819 1425 1037 1465 dignaremur.

390 1478 403 1521 g
429 1478 460 1510 ⁶2.
487 1477 550 1510 Nos
576 1477 685 1519 igitur,
713 1477 767 1520 qui
793 1478 900 1510 audita
925 1478 1083 1510 relatione

345 1531 613 1574 Congi'egationis
644 1531 831 1563 huiusmodi
866 1531 975 1573 petitis
1009 1531 1082 1563 dicti

344 1584 494 1618 moderni
528 1583 645 1627 prioris
678 1584 839 1626 generalis
871 1584 991 1616 dudum
1022 1595 1084 1616 an-

344 1638 510 1670 nuendum
550 1636 719 1676 duximus,
756 1637 904 1669 eumdem
941 1636 1083 1679 priorem

345 1691 531 1733 generalem
557 1690 752 1732 specialibus
779 1691 939 1723 favoribus
958 1696 983 1721 ct
1014 1700 1084 1732 gra—

345 1744 396 1776 tiis
425 1744 580 1787 prosequi
616 1744 779 1784 volentes⁷
806 1749 837 1776 ct
869 1754 886 1775 a
919 1743 1083 1786 quibusvis

345 1796 701 1837 cxcommunicatiouis,
728 1796 952 1840 suspensionis
979 1802 1007 1829 et
1035 1797 1083 1829 in-

345 1850 485 1891 terdicti,
501 1850 637 1893 aliisque
656 1850 883 1883 ecclesiasticis
902 1850 1080 1889 sententiis,

345 1903 489 1936 censuris
515 1909 546 1936 ct
571 1903 696 1946 poenis,
722 1914 739 1936 a
764 1903 833 1937 iure
848 1905 896 1936 vel
921 1904 959 1936 ab
979 1904 1082 1937 bomi-

345 1967 398 1997 ne,
418 1957 529 2000 quavis
556 1958 725 1991 occasione
751 1958 799 1990 vel
830 1960 926 1990 causa
952 1959 1038 1997 latis,
1057 1958 1081 1991 si

346 2010 462 2052 quibus
487 2010 735 2053 quomodolibet
760 2011 931 2044 innodatus
957 2012 1079 2052 existit,

345 2063 385 2095 ad
407 2061 554 2096 effectum
578 2063 800 2106 praesentium
826 2064 989 2097 dumtaxat
1007 2076 1082 2097 con-

345 2116 558 2159 sequendum,
583 2117 697 2150 harum
721 2117 804 2150 serie
829 2117 1032 2151 absolventes
1050 2124 1081 2151 et

345 2170 527 2203 absolutum
562 2170 632 2203 sore
669 2177 858 2211 censentes,
898 2172 1080 2205 huiusmodi

345 2223 635 2266 supplicationibus
662 2224 813 2264 inclinati,
833 2225 935 2257 eidem
953 2226 1082 2258 moder-

347 2285 387 2308 no
412 2282 443 2309 et
466 2287 527 2320 pro
554 2282 698 2320 tempore
729 2277 877 2310 existenti
902 2278 1003 2321 priori
1028 2289 1082 2321 ge-

348 2329 448 2361 nerali
464 2329 629 2363 ordinario
646 2331 802 2373 praefato,
822 2331 882 2368 ut¹.
901 2341 1016 2375 perse,
1032 2332 1081 2364 vel

348 2381 458 2421 alium,
484 2392 540 2414 seu
566 2383 663 2423 alios,
690 2394 769 2426 quos
802 2384 841 2416 ad
870 2384 901 2416 id
934 2384 1083 2417 subdele-

349 2436 470 2477 gandos
495 2435 635 2475 duxerit,
661 2437 734 2477 dicti
767 2437 896 2470 Ordinis
926 2448 1083 2481 personas

348 2488 388 2521 ab
412 2489 560 2522 omnibus
585 2491 933 2532 excommunicationis,
953 2502 1084 2535 suspen·
1104 2519 1105 2522 ,

348 2542 457 2582 sionis,
483 2542 617 2586 aliisque
643 2543 882 2585 ecclesiasticis,
904 2545 1083 2584 sententiis,

384 2606 396 2634 1
419 2604 484 2632 Male
499 2604 563 2632 edit.
579 2605 657 2633 Μαίη.
674 2606 737 2642 legit
752 2610 777 2635 et
793 2615 840 2642 pro
858 2610 888 2636 ut
903 2609 941 2643 (n.
957 2610 1005 2642 τ.).

938 207 1118 233 mitur-ituit
1141 206 1294 232 nummum

1130 254 1287 295 censuris,
1313 265 1331 288 a
1355 254 1423 288 iure
1447 254 1497 288 vel
1522 254 1561 288 ab
1587 254 1728 296 homine,
1755 255 1867 299 quavis

1130 310 1224 341 causa
1241 308 1313 341 latis
1326 319 1381 341 seu
1402 308 1543 347 inflictis,
1565 319 1693 342 necnon
1711 309 1751 342 ab
1767 310 1870 344 omni-

1130 361 1187 394 bus
1212 372 1324 394 eorum
1348 361 1503 404 peccatis,
1528 361 1727 403 criminibus,
1752 372 1866 396 exces-

1130 414 1219 447 sibus
1244 420 1276 447 ct
1300 414 1446 450 delictis.
1472 425 1508 448 ac
1540 415 1664 449 casibus
1689 415 1786 449 etiam
1810 427 1870 460 per

1129 467 1253 500 litteras
1279 468 1474 510 apostolicas
1507 468 1540 500 in
1575 467 1626 501 die
1659 466 1783 502 Coenae
1807 469 1870 503 Do·

1129 519 1205 551 mini
1222 520 1285 562 legi
1303 525 1335 552 et
1351 519 1550 563 promulgari
1571 520 1684 553 solitas
1710 526 1766 554 aut
1788 521 1867 556 alias

1129 582 1349 615 quascumque
1362 578 1491 605 nostras
1505 578 1536 606 et
1553 573 1768 607 Romanorum
1788 574 1870 608 Pon-

1130 624 1250 658 tificum
1276 625 1524 659 constitutiones
1561 627 1870 671 quomodocumque

1129 678 1224 711 nobis
1259 683 1291 712 et
1326 678 1400 711 Sedi
1435 679 1643 722 Apostolicae
1672 681 1868 722 reservatis,

1129 731 1332 774 poenitentia
1350 732 1491 771 salutari,
1511 737 1542 764 et
1562 733 1645 773 aliis,
1665 743 1747 776 quae
1766 734 1872 767 iniun-

1129 784 1235 826 genda
1253 784 1384 824 suerint,
1405 784 1450 818 eis
1468 784 1636 827 iniunctis,
1653 786 1687 818 in
1706 787 1777 820 foro
1795 797 1871 820 con-

1128 837 1283 871 scientiae
1309 843 1431 871 tantum
1464 831 1635 872 absolvere
1668 844 1700 872 et
1730 839 1870 874 liberare

1128 891 1241 931 valeat,
1266 891 1431 934 perpetuis
1456 891 1571 924 suturis
1597 892 1799 935 temporibus
1828 894 1872 926 sa-

1129 944 1283 976 cultalem
1307 943 1516 977 concedimus
1540 949 1572 977 et
1596 945 1811 988 impartimur.

1172 997 1186 1040 ἓ
1211 997 1244 1030 3.
1271 997 1490 1031 Decernentes
1524 1004 1712 1041 praesentes
1744 999 1870 1034 litteras

1128 1056 1287 1093 perpetuo
1307 1049 1424 1091 firmas,
1444 1051 1565 1084 validas
1586 1056 1618 1083 et
1634 1051 1780 1086 efficaces
1797 1063 1870 1087 esse

1128 1109 1159 1135 et
1185 1104 1265 1144 sore,
1290 1103 1369 1136 itaut
1388 1103 1460 1137 illae
1486 1114 1545 1147 per
1569 1114 1708 1138 annuam
1726 1107 1872 1149 promul-

1128 1156 1291 1199 gationem
1316 1156 1473 1189 dictarum
1502 1157 1682 1190 litterarum
1714 1158 1871 1201 apostoli-

1128 1220 1237 1242 carum
1251 1210 1284 1242 in
1299 1210 1350 1243 die
1366 1209 1492 1243 Coenae
1506 1210 1634 1245 Domini
1649 1211 1870 1254 publicari-so-

1128 1263 1257 1296 litarum
1280 1274 1455 1306 numquam
1478 1269 1647 1298 revocatae
1665 1271 1868 1307 censeantur,

1128 1322 1183 1349 aut
1217 1317 1345 1350 censeri
1376 1317 1507 1360 possint
1538 1318 1588 1350 vel
1622 1317 1780 1359 debeant,
1805 1319 1870 1351 nisi

1129 1370 1209 1402 sacta
1224 1369 1373 1413 specifica
1389 1371 1554 1403 mentione
1569 1370 1867 1405 Carthusianorum.

1170 1423 1185 1465 ἓ
1209 1422 1240 1454 Ji.
1268 1422 1337 1455 Non
1363 1423 1567 1456 obstantibus
1593 1424 1750 1466 praefatis
1768 1424 1801 1457 in
1818 1424 1870 1457 die

1127 1476 1252 1509 Coenae
1284 1477 1409 1509 Domini
1447 1477 1508 1520 legi
1541 1477 1645 1510 solitis
1686 1478 1811 1519 litteris,
1838 1484 1871 1512 et

1128 1529 1197 1562 aliis
1223 1529 1513 1562 constitutionibus
1547 1535 1579 1563 et
1603 1529 1868 1564 ordinationibus

1127 1584 1330 1626 apostolicis;
1349 1584 1466 1627 quibus
1486 1585 1637 1617 omnibus
1660 1590 1692 1618 et
1716 1585 1866 1628 singulis,

1126 1636 1256 1669 illorum
1282 1642 1412 1670 tenores
1436 1638 1664 1680 praesentibus
1689 1648 1748 1681 pro
1769 1639 1867 1682 plene

1127 1695 1154 1722 et
1182 1689 1379 1723 sufficienter
1404 1691 1564 1734 expressis
1589 1702 1625 1724 ac
1651 1691 1689 1724 de
1710 1691 1810 1724 verbo
1828 1692 1868 1725 ad

1127 1743 1259 1776 verbum
1285 1743 1416 1776 insertis
1444 1743 1613 1783 habentes,
1640 1743 1704 1776 illis
1731 1743 1810 1777 alias
1834 1743 1868 1776 in

1126 1807 1183 1829 suo
1208 1796 1325 1829 robore
1342 1796 1576 1839 permansuris,
1595 1796 1710 1829 harum
1728 1796 1810 1830 serie
1827 1797 1867 1830 ad

1125 1850 1376 1892 praemissorum
1403 1848 1553 1881 effectum
1579 1854 1718 1887 tantum,
1744 1849 1868 1893 specia-

1125 1904 1200 1937 liter
1224 1908 1255 1935 ct
1279 1912 1430 1946 expresse
1449 1902 1662 1944 dei·ogamus;
1681 1902 1866 1947 ceterisque

1125 1956 1294 1990 contrariis
1319 1956 1581 2000 quibuscumqse.

1167 2011 1280 2043 Datum
1305 2010 1442 2050 Romae,
1468 2010 1554 2053 apud
1580 2009 1610 2043 S.
1639 2009 1769 2043 Mariam
1795 2010 1862 2045 Ma-

1124 2063 1237 2103 iorem,
1267 2063 1325 2096 sub
1351 2064 1472 2096 annulo
1499 2063 1683 2104 piscatoris,
1709 2063 1761 2096 dic
1785 2073 1865 2098 xvtn

1124 2117 1267 2150 octobris
1290 2127 1497 2156 iunctxxxvu,
1524 2116 1733 2160 pontificatus
1759 2117 1864 2151 nostri

1124 2180 1207 2203 anno
1232 2180 1287 2203 ΧΠ.

1160 2231 1218 2259 Dat.
1244 2231 1273 2258 18
1293 2231 1414 2259 octobris
1436 2231 1513 2266 1687,
1535 2231 1632 2268 pontif.
1654 2239 1724 2259 anno
1744 2236 1789 2259 ιιι.

1447 2368 1545 2402 CXCI.

1126 2437 1337 2471 Damnatum·
1358 2439 1593 2482 propositiones
1612 2442 1641 2472 el
1661 2438 1741 2472 libri
1758 2448 1865 2474 omnes

1169 2501 1205 2524 ac
1220 2493 1445 2536 manum-ipsa
1460 2493 1630 2526 Michaelis
1647 2492 1685 2526 de
1697 2493 1835 2527 Molinos
1843 2493 1865 2528 ¹.

1163 2563 1172 2588 1
1198 2561 1329 2590 Plurimae
1348 2563 1416 2590 aliae
1431 2563 1628 2599 propositiones
1643 2562 1784 2591 damnatae
1803 2563 1864 2592 fue-

1126 2611 1188 2634 runt
1210 2607 1236 2634 in
1253 2611 1338 2635 const.
1354 2608 1396 2635 ed.
1413 2615 1554 2643 unctxxix,
1575 2608 1618 2636 die
1638 2608 1654 2635 A
1676 2607 1774 2642 martii,
1795 2616 1863 2645 pon-

1876 206 1928 235 An.
1948 206 1977 236 C.
1992 207 2058 239 1687

1908 1014 2027 1038 clausulae.

1904 1437 2062 1462 Contrariorum

1880 1465 1998 1492 derogatio.
