2111 3157
58 183 108 211 An.
123 181 153 209 C.
177 181 241 210 11689

245 235 344 273 prout
367 231 399 264 in
424 232 543 264 nostris
567 231 599 265 in
624 233 719 266 simili
744 232 842 266 forma
870 234 976 266 Brevis

246 282 386 327 desuper
410 285 566 328 expeditis
585 285 711 325 litteris,
729 296 861 328 quarum
888 293 976 318 teno-

243 346 313 368 rem
333 337 555 379 praesentibus
578 348 637 380 pro
653 339 752 381 plene
769 343 801 371 et
818 339 976 371 sufficien-

243 393 294 421 ter
317 399 472 432 expresso
493 400 528 422 ac
553 391 592 423 ad
616 391 750 423 verbum
767 391 892 423 inserto
923 391 974 423 ha-

241 440 310 474 beri
345 443 501 479 volumus,
525 443 657 476 uberius
691 444 897 482 continetur3
931 449 971 482 et,

240 494 323 538 sicut
346 495 455 528 dilecti
481 495 537 528 filii
562 496 715 529 officiales
741 501 771 528 et
795 496 972 528 confratres

240 546 344 579 dictae
367 548 640 582 confraternitatis
670 549 765 581 nobis
790 558 895 591 nuper
919 559 972 580 ex-

238 599 316 643 poni
344 600 497 639 fecerunt,
523 601 584 643 ipsi
601 601 899 634 confraternitatem
918 602 972 633 hu-

237 651 375 684 iusmodi
401 653 768 685 archiconfraternitatis
798 653 891 685 titulo
917 654 971 685 de-

237 704 340 736 corari
365 705 539 747 plurimum
556 705 756 739 desiderent:
776 714 848 745 nos,
867 705 969 738 dictos

236 761 434 798 exponentes
459 756 652 799 specialibus
670 757 832 791 favoribus
850 763 878 789 et
898 768 970 799 gra-

235 807 288 839 tiis
314 808 468 851 prosequi
493 809 648 848 volentes,
668 815 699 842 et
723 820 834 842 eornm
860 810 969 851 singu-

233 859 317 893 lares
344 870 500 902 personas
525 871 541 893 a
566 862 733 904 quibusvis
750 863 968 896 excommuni-

233 912 380 952 cationis,
405 914 627 956 suspensionis
646 920 677 947 et
694 914 867 953 interdicti‚
883 916 968 947 aliis-

232 975 295 1008 que
316 967 543 999 ecclesiasticis
569 968 748 1007 sententiis,
766 969 911 1000 censuris
937 974 966 1001 et

232 1017 359 1060 poenis,
378 1029 393 1050 a
410 1018 479 1051 iure
497 1019 546 1051 vel
571 1020 609 1052 ab
631 1020 771 1059 bomine,
788 1021 899 1063 quavis
917 1030 967 1053 oc-

231 1071 362 1103 casione
388 1071 437 1104 vel
462 1073 558 1104 causa
583 1073 662 1111 latis,
689 1073 715 1105 si
747 1074 864 1116 quibus
888 1084 966 1116 qno-

230 1122 411 1155 modolibet.
428 1123 573 1156 innodati
591 1124 742 1165 existunt,
759 1126 797 1157 ad
816 1125 963 1158 effectum

227 1176 449 1218 praesentium
484 1176 648 1209 dumtaxat
682 1179 961 1220 consequendum,

228 1227 344 1260 harum
381 1229 464 1262 serie
501 1229 704 1262 absolventes
736 1235 764 1262 et
797 1231 962 1263 absolutos

228 1280 297 1313 fore
323 1287 509 1321 censentes,
536 1283 826 1325 supplicationibus
851 1293 960 1316 eorum

227 1333 359 1365 nomine
384 1334 479 1366 nobis
505 1344 603 1376 super
628 1335 688 1368 hoc
709 1335 875 1367 humiliter
891 1345 963 1378 por-

227 1385 325 1417 rectis
361 1386 516 1425 inclinati‚
542 1387 837 1421 confraternitatem
868 1398 963 1430 prae-

227 1437 345 1470 dictam
373 1439 404 1470 in
429 1440 826 1479 arcliiconfraternitatem,
845 1453 915 1474 cum
932 1450 961 1475 o·

226 1490 354 1522 mnibus
372 1496 403 1523 et
421 1491 555 1533 singulis
572 1495 810 1535 praerogativis,
826 1495 959 1535 iuribus,

227 1542 408 1576 honoribus
444 1550 474 1575 et
508 1546 771 1586 praeeminentiis
796 1548 898 1580 solitis
930 1555 961 1580 ct

227 1596 410 1635 consuetis,
448 1597 636 1630 auctoritate
672 1601 833 1640 praefata,
872 1606 960 1633 teno-

226 1657 260 1680 re
285 1649 515 1690 praesentium,
534 1650 603 1682 sine
624 1650 808 1693 cuiusquam
834 1653 961 1694 praeiu-

227 1701 323 1740 dicio,
346 1707 505 1744 perpetuo
530 1702 652 1744 pariter
676 1704 830 1745 erigimus
857 1711 889 1738 et
912 1706 960 1738 in-

225 1753 407 1793 stituimus;
435 1765 471 1786 ac
496 1755 596 1797 ipsius
622 1756 959 1790 arcliiconfraternita-

225 1806 265 1838 tis
289 1806 334 1838 sic
359 1812 483 1839 erectae
508 1808 697 1841 officialibus
730 1815 762 1840 et
791 1810 959 1842 confratri-

224 1859 284 1891 bus
308 1860 533 1902 praesentibus
555 1866 587 1892 et
605 1861 729 1900 futuris,
748 1867 782 1894 ut
798 1862 859 1904 ipsi
881 1863 958 1896 alias

225 1920 447 1955 quascumque
492 1913 771 1946 confraternitates
814 1914 957 1947 eiusdem

224 1963 360 1997 instituti
393 1971 482 1998 extra
514 1965 629 1998 Urbem
663 1967 862 2009 praedictam
889 1968 959 2000 ubi-

224 2026 360 2060 cumque
397 2018 541 2050 locorum
574 2019 749 2052 existentes
782 2020 886 2052 eidem
913 2031 959 2052 ar—

224 2069 548 2109 chiconfraternitati‚
579 2075 703 2104 servata
725 2078 830 2104 tamen
857 2074 958 2106 forma

224 2123 463 2155 constitutionis
496 2123 599 2156 felicis
631 2125 865 2157 recordationis
890 2126 959 2159 Cle-

223 2175 341 2207 mentis
376 2175 435 2207 ΡΡ.
464 2176 524 2208 Vlll
560 2177 821 2219 praedecessoris
856 2179 957 2211 nostri

223 2227 366 2270 desuper
379 2228 690 2271 editae‚aggregare‚
705 2230 831 2273 illisque
847 2241 958 2264 omnes

224 2284 256 2312 et
280 2279 425 2322 singulas
454 2280 669 2323 indulgentias
696 2287 727 2315 et
756 2289 958 2325 peccatorum

222 2332 431 2365 remissiones
460 2344 497 2365 ac
536 2334 806 2376 poenitentiarum
841 2338 959 2369 relaxa-

222 2385 339 2425 tiones,
362 2385 421 2428 ipsi
442 2387 707 2427 confraternitati‚
729 2388 773 2420 sic
797 2389 829 2420 in
855 2391 958 2422 arclii-

223 2438 523 2471 confraternitatem
561 2445 686 2472 erectae
706 2467 713 2479 ,
747 2452 764 2473 a
800 2442 891 2474 nobis
924 2448 959 2474 ut

224 2491 405 2533 praefertur
439 2500 619 2531 concessas,
646 2494 884 2526 communicare
920 2495 957 2527 li-

225 2542 299 2576 bere
325 2549 358 2575 et
382 2544 467 2576 licite
493 2544 617 2587 possint
641 2550 672 2577 et
696 2547 830 2586 valeant,
847 2553 956 2580 aucto·-

831 184 1041 209 INNOCENTIUS
1064 185 1095 209 XI
1118 185 1165 209 Pr.

1017 233 1110 266 ritate
1143 238 1175 265 et
1205 236 1316 266 tenore
1341 232 1516 275 praedictis
1539 233 1649 266 itidem
1675 245 1747 277 per-

1015 291 1115 327 petuo
1135 285 1340 318 concedimus
1365 290 1397 317 et
1420 285 1636 327 indulgemus.

1059 338 1073 379 §
1099 336 1128 369 2.
1156 337 1372 370 Decernentes
1397 338 1526 370 easdem
1558 345 1748 381 praesentes

1015 388 1139 421 litteras
1164 399 1295 432 semper
1318 390 1435 429 firmas,
1452 391 1572 422 validas
1592 396 1624 423 et
1641 392 1747 424 effica-

1014 452 1068 473 ces
1092 442 1230 474 existere
1257 447 1287 475 et
1312 444 1389 483 fore,
1417 454 1557 486 suosque
1582 444 1746 486 plenarios

1014 498 1046 525 et
1069 494 1213 536 integros
1238 494 1368 527 effectus
1392 496 1499 527 sortiri
1526 502 1556 528 et
1584 497 1744 537 obtinere,

1014 555 1050 577 ac
1066 546 1142 585 illis,
1157 547 1194 579 ad
1214 557 1295 589 quos
1313 552 1344 579 et
1360 558 1418 590 pro
1437 553 1580 590 tempore
1603 550 1746 591 quando-

1013 608 1148 640 cumque
1184 600 1364 641 spectabit,
1388 600 1420 632 in
1446 601 1595 633 omnibus
1632 607 1663 634 et
1686 613 1745 644 per

1012 651 1121 683 omnia
1145 652 1333 693 plenissime
1358 653 1543 694 suflragari,
1569 660 1599 686 et
1628 655 1667 686 ab
1699 655 1745 687 eis

1011 703 1188 744 respective
1220 703 1449 736 iuviolabiliter
1472 706 1638 737 observari
1657 732 1664 745 ,
1689 707 1746 739 sic-

1010 764 1072 796 que
1097 755 1129 786 in
1153 756 1339 797 praemissis
1371 767 1428 798 per
1453 768 1674 800 quoscumque
1695 758 1745 790 iu-

1010 807 1098 839 dices
1133 808 1314 840 ordinarios
1351 814 1383 840 et
1419 810 1611 851 delegatos,
1647 812 1744 843 etiam

1009 869 1177 892 causarum
1214 860 1323 902 palatii
1357 861 1529 902 apostolici
1555 863 1740 902 auditores,

1009 911 1144 944 iudicari
1177 917 1207 943 et
1232 912 1359 944 definiri
1387 913 1526 951 debere,
1555 924 1590 946 ac
1615 915 1744 947 irritum

1010 969 1042 995 et
1064 964 1160 996 inane
1185 964 1210 995 si
1237 974 1329 996 secus
1346 975 1446 1007 super
1464 965 1514 997 liis
1533 976 1549 997 a
1568 977 1741 1008 quoquam,

1009 1016 1118 1057 quavis
1143 1016 1342 1055 auctoritate,
1362 1017 1501 1049 scienter
1520 1019 1567 1050 vel
1594 1018 1742 1059 ignoran-

1009 1073 1067 1107 ter,
1093 1068 1263 1110 contigerit
1290 1069 1453 1101 attentari.

1050 1120 1064 1162 ἓ
1088 1120 1119 1153 3.
1147 1120 1214 1153 Non
1231 1121 1432 1153 obstantibus
1457 1122 1743 1156 constitutionibus

1006 1178 1037 1204 et
1067 1173 1324 1206 ordinationibus
1350 1175 1547 1215 apostolicis,
1573 1181 1612 1213 et,
1632 1166 1765 1218 quate-‘¹

1007 1236 1065 1257 nus
1089 1235 1170 1268 opus
1197 1227 1254 1265 sit,
1275 1227 1475 1269 supradictae
1496 1228 1741 1262 confraternita-

1007 1278 1057 1316 tis,
1084 1278 1195 1310 aliisve
1222 1278 1399 1320 quibusvis,
1425 1279 1520 1311 etiam
1546 1279 1741 1320 iuramento,

1003 1331 1244 1364 confirmatione
1270 1332 1461 1373 apostolica,
1481 1333 1530 1364 vel
1552 1334 1664 1375 quavis
1689 1334 1743 1366 sir-

1003 1383 1111 1415 mitate
1137 1384 1199 1415 alia
1223 1383 1393 1422 roboratis,
1416 1385 1544 1416 statutis
1561 1391 1591 1417 et
1608 1396 1744 1419 consue-

1003 1435 1180 1475 tudinibus,
1197 1436 1372 1478 privilegiis
1397 1447 1537 1479 quoque,
1560 1437 1692 1471 indultis
1712 1445 1743 1471 ct

1002 1488 1117 1521 litteris
1142 1489 1328 1531 apostolicis
1357 1490 1388 1521 in
1415 1491 1611 1522 contrarium
1651 1503 1744 1534 prae-

1000 1541 1173 1573 missorum
1200 1542 1445 1584 quomodolibet
1469 1544 1644 1583 concessis
1669 1555 1744 1577 cou-

1001 1593 1132 1626 firmatis
1161 1600 1193 1627 et
1224 1595 1403 1635 innovatis,
1438 1597 1554 1638 quibus
1591 1598 1742 1630 omnibus

1001 1651 1033 1678 et
1052 1647 1199 1689 singulis,
1217 1648 1346 1680 illorum
1364 1654 1492 1681 tenores
1514 1651 1742 1692 praesentibus

1001 1709 1058 1741 pro
1084 1701 1182 1742 plene
1207 1706 1238 1733 et
1269 1700 1471 1733 sufficienter
1506 1703 1672 1744 expressis
1704 1715 1741 1737 ac

1000 1753 1039 1785 ad
1052 1754 1184 1785 verbum
1200 1753 1330 1786 insertis
1346 1754 1514 1794 habentes,
1532 1754 1596 1787 illis
1612 1753 1690 1788 alias
1707 1757 1739 1788 in

999 1816 1057 1838 suo
1082 1806 1198 1838 robore
1224 1806 1454 1848 permansuris,
1481 1807 1520 1839 ad
1545 1809 1742 1849 praemisso-

1000 1868 1069 1890 rum
1095 1858 1254 1898 effectum,
1285 1859 1346 1891 bac
1371 1859 1438 1891 vice
1466 1860 1642 1899 dumtaxat,
1669 1872 1740 1903 spe-

999 1911 1125 1943 cialiter
1155 1917 1187 1943 et
1217 1922 1370 1954 expresse
1406 1912 1625 1955 derogamus;
1652 1919 1741 1946 cete·

999 1964 1108 2006 risque
1133 1965 1305 1997 contrariis
1329 1966 1594 2009 quibuscumque.

1044 2015 1155 2049 Datum
1182 2017 1313 2054 Romae,
1336 2018 1420 2060 apud
1443 2019 1474 2051 S.
1496 2019 1622 2051 Mariam
1642 2020 1739 2053 Maio-

1001 2080 1085 2108 rem,
1105 2069 1162 2101 sub
1180 2071 1301 2102 annulo
1323 2070 1512 2109 piscatoris,
1532 2072 1584 2104 die
1607 2083 1636 2104 Χι
1662 2074 1736 2105 maii

1001 2131 1192 2160 uncmtxxix,
1213 2122 1421 2164 pontificatus
1441 2123 1540 2155 nostri
1558 2135 1643 2156 anno
1666 2135 1735 2158 xm.

1037 2182 1094 2209 liat.
1114 2182 1157 2209 die
1175 2184 1202 2209 11
1221 2183 1284 2209 maii
1303 2183 1382 2218 1689,
1399 2185 1496 2219 pontif.
1518 2192 1590 2211 anuo
1606 2192 1662 2211 xitt.

1313 2286 1425 2320 CCVII.

1001 2346 1246 2388 Confirmantur
1283 2351 1311 2379 et
1348 2348 1569 2381 extenduntur
1609 2349 1736 2385 decreta

1045 2400 1309 2443 Conqreqationis
1325 2402 1566 2443 reformationis
1588 2405 1736 2437 tribuna-

1045 2452 1160 2484 lium'.

1035 2513 1044 2538 1
1069 2512 1140 2539 Inter
1159 2513 1227 2539 infra
1248 2514 1395 2541 laudandas
1411 2515 1615 2543 constitutiones
1630 2525 1661 2544 ea
1676 2521 1736 2543 tan·

998 2560 1054 2583 turn
1072 2556 1143 2583 Pauli
1159 2557 1177 2582 V
1193 2558 1263 2584 edita
1275 2558 1339 2585 diet
1357 2560 1442 2586 martii
1460 2567 1564 2595 ameni,
1581 2562 1674 2597 pontif.
1688 2568 1732 2598 vn,

1652 177 1711 211 9311
1762 187 1811 213 Λη.
1827 187 1855 213 c.
1873 187 1939 214 1689

1784 354 1905 379 clausulae.

1781 1139 1936 1161 Contrariorum

1770 1170 1874 1191 erogatu).
