2111 3157
167 182 217 208 An.
232 180 263 208 c.
286 179 353 207 1678
399 169 462 203 ’136

361 228 476 260 Mariae
502 226 641 269 Virginis
666 225 719 258 Dei
738 224 845 257 Matris
870 222 1096 261 ieiunaverint,

362 287 428 314 tres
445 290 546 313 annos
572 285 604 311 et
627 284 689 311 tres
715 278 952 320 quadragenas.

403 345 454 367 xx.
481 333 609 366 Eisdem
639 330 853 363 confratribus
886 333 917 361 et
940 338 1095 360 consoro-

362 387 474 425 ribus,
502 385 556 427 qui
581 384 613 416 in
638 382 757 424 vigiliis
788 382 941 414 festorum
968 379 1095 412 Domini

361 438 465 472 Nostri
491 438 562 470 Iesu
580 435 697 469 Christi
715 433 939 473 ieiunaverint,
960 437 1021 465 tres
1041 442 1097 463 an-

361 502 420 525 nos
445 496 476 523 et
501 495 566 522 tres
592 489 829 532 quadragenas.

404 554 468 576 xxi.
495 542 622 574 Eisdem
647 540 865 574 confratribus
886 544 918 572 et
943 548 1096 572 consoro-

361 597 457 635 ribus,
475 595 529 638 qui
554 594 587 626 in
610 594 728 636 vigiliis
753 593 942 626 Sanctorum
967 591 1094 624 Ordinis

360 650 394 682 B.
415 649 453 681 M.
477 648 515 680 de
541 647 688 679 Mercede
713 645 936 684 ieiunaverint,
959 650 1024 676 tres
1041 654 1096 676 an-

359 712 418 734 nos
445 706 477 733 et
501 700 636 732 totidem
661 698 895 741 quadragenas

403 763 479 786 xxii.
506 751 633 784 Eisdem
658 750 875 783 confratribus
896 753 1096 782 01001150ιό-

359 807 461 844 ribus,
488 804 541 847 qui
567 803 703 845 singulis
724 803 821 835 sextis
840 801 935 841 feriis,
954 801 1096 834 sabbatis

360 858 535 892 cuiuslibet
570 856 793 889 hebdomadae
829 855 869 887 ad
906 855 1040 896 gloriam
1066 860 1096 886 et

360 912 523 944 honorem
548 909 603 941 Dei
623 919 659 941 ac
684 909 719 940 B.
747 907 861 939 Mariae
886 906 1024 948 Virginis
1053 906 1096 938 ie-

360 963 561 1001 iunaverint‚
588 967 651 994 tres
678 971 779 994 annos
805 965 836 992 et
862 959 995 992 totidem
1021 969 1097 1002 qua-

360 1016 533 1058 dragenas.

402 1078 492 1102 xxm.
518 1066 647 1099 Eisdem
678 1064 894 1098 confratribus
928 1068 958 1096 et
983 1073 1097 1095 conso-

359 1121 497 1158 roribus,
511 1119 564 1162 (1111
581 1117 779 1160 sepeliendis
796 1116 934 1149 mortuis
952 1115 1095 1148 officiose

359 1171 576 1210 interfuerint,
596 1176 659 1202 tres
685 1179 785 1201 annos
811 1173 841 1201 et
866 1167 999 1200 totidem
1025 1177 1096 1210 qna-

360 1226 531 1267 dragenas.

402 1287 485 1310 xxiv.
508 1275 634 1308 Eisdem
654 1273 872 1307 confratribus
889 1277 921 1305 01
942 1282 1096 1305 consoro-

359 1330 458 1370 ribus,
481 1329 535 1371 qui
560 1328 665 1361 missis
690 1332 721 1360 et
745 1327 815 1359 aliis
842 1325 956 1358 divinis
982 1325 1095 1357 officiis

359 1384 391 1416 in
418 1382 565 1415 ecclesiis
590 1392 646 1414 seu
683 1380 839 1422 cappellis
867 1378 944 1411 dicti
969 1378 1096 1411 Ordinis

359 1437 409 1469 vel
436 1435 579 1467 eiusdem
600 1432 874 1466 confraternitatis
892 1430 1001 1464 more¹
1021 1442 1096 1463 con-

361 1489 497 1521 fratrum
521 1486 725 1519 celebrandis
745 1485 860 1517 devote
878 1484 1094 1523 interfuerint,

361 1547 425 1574 tres
450 1550 552 1572 annos
577 1544 608 1571 et
632 1538 766 1571 totidem
792 1537 1028 1580 quadragenas.

404 1604 476 1626 xxv.
503 1592 633 1624 Eisdem
659 1591 875 1626 confratribus
897 1595 928 1622 et
948 1600 1097 1621 consoro-

362 1646 465 1685 ribus,
486 1645 539 1688 qui
561 1643 867 1685 congregationibus
892 1642 1031 1685 publicis
1048 1643 1095 1674 vel

362 1698 496 1741 privatis
524 1707 584 1740 pro
610 1707 816 1739 quocumque
847 1705 944 1738 opere
974 1696 1028 1738 pio
1054 1695 1097 1727 fa-

363 1750 480 1783 ciendo
506 1750 619 1782 devote
648 1748 875 1787 interfuerint,
905 1752 971 1780 tres
997 1758 1097 1779 annos

364 1808 397 1836 et
420 1803 553 1835 totidem
579 1801 815 1844 quadragenas.

407 1866 492 1889 xxvx.
519 1855 646 1887 Eisdem
680 1854 897 1886 confratribus
929 1858 961 1885 et
985 1863 1099 1885 conso-

365 1908 511 1948 roribus,
538 1907 592 1950 (1111
628 1917 787 1950 pauperes
825 1906 1015 1949 peregrinos
1050 1906 1099 1938 vel

366 1963 480 1994 fratres
495 1961 570 1994 dicti
585 1960 712 1993 Ordinis
731 1959 874 2002 hospitio
888 1959 1099 2001 susceperint,

366 2020 431 2047 tres
456 2024 557 2046 annos
585 2018 616 2045 et
639 2013 773 2045 totidem
798 2012 1034 2054 quadragenas.

410 2077 507 2099 xxvn.
534 2066 661 2098 Eisdem
686 2064 904 2097 confratribus
937 2069 968 2096 01
992 2074 1102 2096 conso-

367 2119 504 2158 roribus,
531 2118 585 2161 qui
611 2127 722 2160 pacem
747 2116 832 2148 inter
856 2116 1004 2148 inimicos
1030 2126 1103 2158 pro-

369 2171 456 2214 prios
476 2171 525 2203 vel
551 2170 672 2202 alienos
693 2168 945 2212 composuerint,
965 2173 1029 2200 tres
1050 2178 1104 2199 au-

370 2234 429 2256 nos
454 2228 485 2255 et
510 2223 646 2255 totidem
672 2221 908 2264 quadragenas

413 2286 522 2309 xxviii.
550 2275 677 2307 Eisdem
703 2273 919 2306 confratribus
938 2277 969 2305 et
993 2283 1106 2305 conso-

371 2328 522 2367 roribus,
551 2328 604 2369 qui
631 2327 758 2359 devium
792 2326 934 2369 aliquem
960 2326 999 2358 ad
1025 2326 1105 2357 viam

372 2381 482 2413 salutis
506 2378 705 2418 reduxerint,
724 2384 788 2411 tres
803 2388 904 2411 annos
922 2382 953 2410 et
973 2378 1107 2410 totidem

373 2433 610 2477 quadragenas.

409 2504 420 2530 1
449 2503 544 2528 Videat
568 2502 652 2530 lector
677 2510 765 2528 annon
790 2501 879 2529 forsan
908 2501 1049 2536 legendum
1075 2501 1109 2528 sit

372 2552 465 2578 morte
480 2554 528 2583 pro
543 2554 619 2573 more
639 2550 678 2580 111.
695 2550 743 2578 Τ.).

944 174 1123 199 BULLARIUM
1146 173 1298 198 ROMANUM

1181 232 1263 255 xxix.
1290 221 1418 254 Eisdem
1455 221 1672 256 confratribus
1703 228 1735 256 et
1759 233 1876 257 conso-

1139 274 1289 313 roribus,
1317 273 1370 317 qui
1395 274 1583 316 ignorantes
1618 281 1794 318 praecepta
1818 277 1873 309 Dei
1913 295 1919 299 ·

1139 332 1170 360 et
1193 338 1230 360 ea
1261 337 1343 370 quae
1369 327 1407 359 ad
1433 328 1570 360 salutem
1595 333 1669 359 sunt
1692 328 1872 370 docuerint,

1139 385 1205 413 tres
1229 391 1330 413 annos
1352 384 1384 412 et
1409 380 1543 413 totidem
1568 381 1804 424 quadragenas.

1182 443 1249 465 xxx.
1276 432 1405 466 Eisdem
1431 433 1646 466 confratribus
1664 438 1696 466 et
1720 443 1874 468 consoro-

1138 485 1246 525 ribus,
1279 485 1334 528 qui
1360 485 1534 528 quinquies
1558 485 1741 518 orationem
1772 486 1875 519 domi-

1139 538 1242 570 nicam
1272 548 1308 570 ac
1333 538 1427 570 toties
1450 537 1676 570 salutationem
1696 538 1874 579 angelicam

1139 600 1197 632 pro
1222 589 1390 622 animabus
1422 589 1622 622 confratrum
1648 589 1874 624 defunctorum

1139 642 1354 682 recitaverint,
1375 646 1438 674 tres
1455 652 1557 675 annos
1583 647 1614 675 et
1638 642 1773 675 totidem
1799 653 1875 686 qua-

1139 695 1309 737 dragenas.

1181 757 1263 780 xxxi.
1290 747 1420 780 Eisdem
1440 747 1655 781 confratribus
1673 753 1875 782 0100115010-

1139 799 1238 840 ribus,
1257 800 1311 843 qui
1335 811 1496 843 pauperes
1521 800 1664 843 virgines
1682 801 1721 834 de
1738 802 1873 844 proprio

1139 853 1170 885 in
1197 853 1403 885 matrimonio
1428 853 1672 893 collocaverint,
1693 858 1725 886 et
1748 864 1814 886 non
1834 854 1873 886 de

1139 905 1248 948 aliquo
1273 907 1381 948 legato
1406 906 1460 948 pio
1486 906 1524 938 ad
1549 906 1581 938 id
1606 907 1721 939 relicto
1746 907 1797 939 vel
1826 917 1876 939 re-

1140 958 1317 1001 linquendo
1333 985 1340 999 ‚
1366 963 1430 991 tres
1455 968 1557 993 annos
1582 964 1614 992 et
1638 959 1774 992 totidem
1799 969 1876 1002 qua-

1140 1011 1311 1053 dragonas.

1181 1074 1277 1098 xxxn.
1303 1064 1432 1097 Eisdem
1464 1064 1677 1098 confratribus
1709 1070 1741 1097 et,
1764 1075 1876 1098 conso-

1138 1117 1268 1150 roribus
1299 1117 1459 1150 Sanctitas
1493 1116 1558 1150 Sua
1587 1118 1791 1160 supradictas
1820 1118 1872 1150 in-

1139 1169 1319 1211 dulgentias
1351 1175 1382 1202 et
1405 1174 1613 1212 peccatorum
1643 1169 1875 1210 remissiones,

1139 1232 1198 1263 per
1222 1221 1353 1266 modum
1378 1220 1520 1263 suffragii
1546 1231 1605 1264 pro
1629 1221 1797 1254 animabus
1823 1222 1874 1254 de-

1140 1274 1322 1306 functorum
1346 1273 1510 1316 applicare
1535 1284 1630 1316 posse
1655 1273 1799 1306 indulsit.

1182 1325 1237 1358 Die
1261 1326 1345 1358 festo
1370 1326 1400 1358 S.
1429 1326 1560 1359 Antonii
1586 1326 1720 1366 abbatis,
1738 1336 1802 1359 xvii
1830 1326 1876 1359 ia-

1140 1378 1254 1417 nuarii,
1272 1388 1335 1420 quo
1354 1377 1405 1412 die
1427 1389 1444 1410 a
1462 1378 1577 1411 Sancta
1601 1378 1684 1411 Sede
1709 1378 1769 1410 fuit
1791 1379 1876 1411 facta

1139 1430 1341 1463 confirmatio
1378 1430 1455 1463 dicti
1494 1430 1643 1470 Ordinis;
1683 1431 1787 1473 prima
1824 1431 1875 1464 die

1139 1483 1418 1525 Quadragesimae,
1437 1484 1522 1516 idest
1542 1484 1621 1516 feria
1646 1487 1759 1527 quarta
1783 1484 1876 1518 Cine-

1139 1547 1229 1576 rum3
1257 1536 1308 1569 die
1333 1536 1416 1569 festo
1440 1536 1471 1569 S.
1499 1537 1585 1569 Petri
1610 1536 1746 1570 Nolasco
1766 1537 1877 1570 funda-

1141 1589 1216 1622 toris
1242 1589 1317 1622 dicti
1342 1588 1488 1629 Ordinis·,
1510 1589 1560 1621 die
1586 1590 1667 1622 festo
1685 1589 1715 1622 S.
1735 1590 1876 1622 Lauren-

1141 1642 1174 1673 tii
1199 1641 1359 1684 martyris,
1380 1652 1398 1674 x
1415 1642 1553 1684 augusti,
1571 1653 1635 1685 quo
1651 1642 1800 1675 fundatus
1820 1642 1878 1674 suit

1140 1695 1245 1728 dictus
1269 1695 1367 1734 Ordo,
1395 1706 1431 1728 ex
1456 1696 1652 1728 revelatione
1669 1696 1704 1728 B.
1721 1696 1760 1728 M.
1776 1695 1878 1737 Virgi-

1140 1748 1198 1787 nis,
1224 1759 1308 1780 anno
1333 1757 1489 1787 MCCXV1113
1516 1748 1567 1781 die
1593 1749 1674 1781 sesto
1699 1748 1730 1781 S.
1756 1747 1874 1781 Catha-

1142 1801 1230 1833 rinae
1255 1800 1386 1842 virginis
1420 1806 1452 1832 et
1474 1800 1639 1843 martyris,
1665 1811 1724 1833 xxv
1747 1811 1880 1833 novem-

1142 1853 1216 1893 bris,
1242 1853 1438 1892 orationum,
1466 1853 1672 1893 ieiuniorum,
1694 1853 1876 1894 missarum,

1143 1906 1346 1948 aliorumque
1369 1906 1529 1938 bonorum
1554 1916 1706 1948 operum,
1734 1916 1815 1948 quae
1845 1906 1879 1938 in

1145 1959 1228 1991 dicto
1253 1958 1373 1991 Ordine
1394 1958 1484 1997 fiunt,
1498 1957 1791 1991 communicatione
1809 1968 1880 2001 par-

1146 2010 1259 2052 ticipes
1285 2015 1379 2042 erunt
1409 2011 1470 2043 soli
1507 2011 1688 2043 confratres
1712 2016 1744 2043 et
1767 2021 1880 2044 conso-

1146 2073 1236 2094 rores
1261 2063 1364 2094 dictae
1398 2063 1671 2095 confraternitatis
1687 2089 1694 2103 ‚
1715 2063 1780 2106 qui,
1806 2073 1881 2096 vere

1147 2115 1350 2157 poenitentes
1380 2120 1412 2147 et
1447 2115 1587 2148 confessi
1619 2126 1655 2148 ac
1680 2118 1772 2149 saera
1795 2126 1882 2148 com-

1147 2169 1301 2201 munione
1338 2168 1460 2208 refecti‚
1486 2170 1672 2211 genuflexi,
1699 2169 1879 2209 functioni,

1147 2232 1241 2264 quam
1258 2227 1373 2254 vocant
1396 2221 1658 2254 Benedictionem
1690 2227 1718 2255 et
1746 2232 1881 2265 901101111-

1149 2274 1208 2306 lem
1234 2274 1468 2306 absolutionem
1493 2274 1582 2316 (licet
1595 2286 1612 2308 a
1632 2276 1726 2317 culpa
1745 2285 1810 2307 non
1828 2273 1883 2306 fiat

1148 2327 1279 2370 propria
1303 2327 1483 2367 absolutio,
1510 2332 1545 2359 ut
1569 2327 1716 2360 Clemens
1741 2327 1803 2359 vlu
1828 2328 1882 2360 de-

1149 2380 1303 2421 claravit),
1322 2379 1353 2411 in
1372 2380 1517 2412 ecclesiis
1529 2380 1605 2412 (11011
1625 2379 1752 2412 Ordinis
1768 2379 1883 2412 facien-

1151 2432 1219 2471 dae,
1238 2443 1301 2464 non
1319 2432 1351 2464 in
1368 2432 1448 2471 aliis,
1463 2437 1649 2474 praesentes
1666 2432 1882 2475 reperiantur;

1152 2490 1194 2525 et,
1211 2483 1300 2527 quia¹
1323 2485 1426 2517 dictus
1444 2484 1530 2517 Ordo
1547 2485 1706 2527 populum
1724 2495 1795 2517 cum
1811 2484 1886 2518 scri·

1187 2547 1198 2572 1
1221 2545 1320 2573 Forsan
1342 2545 1468 2580 quamvis
1488 2553 1536 2580 pro
1556 2545 1625 2580 quia
1644 2545 1743 2580 (n.T.).

1854 182 1858 197 1
1880 175 1930 203 Α11.
1948 176 1976 203 C.
1993 177 2058 207 ¹678
