2111 3157
0 205 47 231 An.
64 203 93 231 C.
115 201 182 229 ยน686

774 201 986 225 INNocisttts
1010 202 1038 224 XI
1065 202 1112 224 FP.

186 255 303 289 terunt,
321 250 392 290 nisi,
415 250 453 283 de
478 250 611 294 speciali
634 249 764 283 licentia
787 256 917 283 sanctae

185 305 277 338 Sedis
314 304 531 347 Apostolicae,
567 304 606 336 ad
645 304 917 347 supplicationem

186 357 328 400 capituli,
347 362 531 390 evocentur.
551 357 587 390 Ut
609 367 706 399 porro
724 357 867 399 religiosi
886 358 917 389 in

186 411 302 454 spiritu
326 411 478 454 propriae
502 411 677 443 vocationis
694 415 725 443 et
745 411 916 452 religiosae

161 465 376 508 ,disciplinae
409 464 615 497 observantia
648 464 749 496 fusius
785 474 918 496 conser-

186 523 323 558 ventur,
356 518 395 551 ad
425 517 606 550 academias
639 517 784 559 publicas
810 517 918 549 nullus

185 571 322 614 posthac
346 570 428 603 mitti
461 570 602 613 poterit,
635 569 698 601 nisi
729 580 746 601 a
775 569 917 611 capitulo

186 624 339 667 generali,
365 634 403 656 ex
441 623 532 655 iustis
567 622 681 661 causis,
716 632 774 664 pro
807 621 918 664 quovis

138 706 141 707 ฮณ
185 687 259 710 casu
277 676 464 720 particulari
491 675 522 708 id
541 685 692 718 expresse
710 675 916 707 concedatur.

228 729 389 768 Quatenus
415 728 520 761 studia
544 732 721 760 memorata
752 727 784 759 in
809 729 919 760 nostra

185 775 441 825 Congregatione
456 781 557 823 magis
573 780 719 819 floreant,
737 780 770 812 in
794 790 920 812 monas-

184 835 275 869 teriis
299 844 454 878 expresse
479 834 517 867 ad
548 833 660 866 eadem
685 833 860 875 deputatis,
888 838 920 865 et.

183 894 220 922 ut
236 894 382 932 sumptus
400 898 473 921 eum
490 887 524 920 in
541 887 637 920 finem
655 887 804 926 faciendi,
820 897 921 929 quan-

185 946 252 973 tum
270 940 427 984 possibile
446 939 554 979 fuerit,
573 939 743 978 evitentur,
758 939 812 982 qui
831 940 921 972 theo-

185 994 291 1037 logiae
314 993 446 1027 moralis
470 992 577 1026 studio
598 993 801 1026 solummodo
820 993 921 1036 appli-

185 1047 350 1085 cabuntur,
376 1046 409 1078 in
438 1045 581 1088 propriis
616 1045 822 1078 monasteriis
858 1045 921 1077 suis

186 1103 403 1138 remanentes,
428 1098 549 1131 ibidem
574 1099 729 1131 lectorem
755 1097 921 1140 proprium

187 1151 225 1183 ad
251 1151 315 1184 hoc
341 1151 530 1194 deputatum
567 1149 754 1194 habebunt,
787 1150 842 1193 qui
872 1149 922 1182 bis

187 1204 227 1236 ad
263 1202 369 1236 minus
406 1203 438 1236 in
474 1203 678 1237 hebdomada
711 1202 869 1235 lectiones
905 1213 921 1235 e

188 1256 353 1299 theologia
377 1256 493 1289 morali
519 1256 638 1289 habeat
654 1282 661 1296 ,
686 1261 717 1288 et
741 1257 780 1288 ab
806 1256 920 1290 eodem

186 1311 234 1343 vel
260 1311 324 1343 alio
348 1311 411 1342 una
434 1309 502 1342 vice
528 1310 640 1343 saltem
665 1319 701 1342 ex
727 1309 821 1341 Sacra
841 1308 922 1341 Scri-

186 1364 281 1406 ptura
305 1362 367 1395 alia
391 1362 488 1395 lectio
514 1361 700 1395 habebitur.

229 1415 277 1448 Ad
294 1414 554 1458 supradictorum
572 1414 803 1454 executionem,
822 1414 922 1457 magi-

187 1467 243 1501 stri
280 1478 338 1501 seu
373 1468 596 1511 professores,
618 1478 699 1511 vprae
735 1467 851 1501 ceteris
883 1467 923 1500 ad

186 1522 249 1554 hoc
273 1531 389 1554 munus
414 1520 534 1560 idonei,
570 1520 746 1554 advocandi
779 1525 810 1553 et
841 1530 924 1552 assu-

185 1573 293 1607 mendi
314 1579 399 1614 sunt,
420 1574 541 1617 eisque,
560 1573 606 1606 uti
624 1573 802 1616 respective
828 1573 923 1606 ctiam

187 1638 297 1662 eorum
334 1627 519 1671 discipulis,
544 1637 605 1670 per
639 1627 788 1660 dominos
811 1627 924 1659 visita-

186 1687 272 1714 tores
306 1681 356 1714 vel
392 1681 566 1724 capitulum
603 1681 755 1723 generale
790 1685 922 1713 eatenus

186 1734 451 1778 prospiciendum
472 1734 542 1774 erit,
568 1739 603 1766 ut
627 1734 802 1772 commode,
829 1738 861 1765 et
885 1733 923 1765 si-

187 1797 227 1820 ne
251 1787 483 1830 impedimento
502 1787 551 1820 vel
570 1787 698 1820 defectu
720 1786 923 1819 necessario-

186 1851 265 1881 rum,
282 1841 395 1874 studiis
422 1851 535 1873 vacare
560 1840 696 1884 possint.
723 1840 832 1879 Porro,
848 1840 922 1882 quia

187 1904 250 1927 nec
283 1894 397 1927 fratres
434 1893 576 1933 studiosi,
613 1903 717 1936 neque
752 1893 863 1926 novitii
889 1894 921 1925 in

186 1946 401 1986 monasteriis,
423 1946 477 1979 ubi
502 1946 643 1980 studium
662 1942 845 1979 huiusmodi
871 1947 920 1979 vel

187 2000 364 2034 communis
382 2000 554 2037 novitiatus
574 1999 765 2039 instituitur,
783 1999 852 2032 sinc
874 1999 920 2032 in-

188 2054 359 2088 commodo
380 2058 410 2086 et
434 2052 588 2096 impensis
619 2053 659 2086 ali
691 2058 838 2099 possunt,
870 2053 921 2086 ali-

188 2117 250 2151 qua
285 2106 403 2140 refusio
439 2116 494 2138 seu
527 2106 747 2149 compensatio
776 2106 921 2139 facienda

189 2160 260 2193 crit.
287 2159 325 2193 Et
347 2159 451 2203 primo
486 2159 617 2202 quidem
652 2159 827 2192 curandum
853 2165 919 2199 est,

190 2219 345 2258 quantum
370 2212 536 2256 possibile,
562 2211 601 2244 ab
625 2222 692 2245 uno
719 2212 758 2244 ad
784 2212 920 2245 alterurn

188 2265 417 2300 monasterium
448 2264 634 2298 huiusmodi
662 2274 798 2297 onerum
825 2270 922 2298 trans-

189 2319 266 2352 latio
289 2318 353 2359 fiat,
379 2322 538 2362 quatenus
563 2322 707 2350 mutuam
732 2317 794 2350 sibi
818 2316 921 2350 vicem

189 2372 356 2405 reddendo
395 2371 535 2404 vicissim
575 2369 607 2403 in
648 2370 763 2403 eodem
801 2380 921 2413 genere

190 2430 412 2469 compensent.
447 2423 478 2457 Si
510 2433 591 2467 quae
623 2433 697 2456 vero
728 2423 923 2456 monasteria

190 2479 228 2512 ad
253 2479 316 2512 hoc
335 2477 518 2522 qualificata
542 2481 574 2510 et
597 2476 674 2510 satis
706 2476 834 2520 capacia
857 2487 922 2510 non

960 250 1066 292 giosos
1097 248 1265 292 recipiant,
1290 248 1315 281 si
1341 247 1473 291 quidem
1497 247 1541 280 ita
1565 247 1692 280 occasio

962 304 1053 336 ferat.
1080 302 1133 335 Sin
1154 302 1269 342 minus,
1293 303 1340 335 vel
1367 302 1399 334 in
1424 300 1562 344 pecunia
1585 300 1692 333 mode-

960 360 1060 388 ratam
1093 355 1235 398 aliquam
1263 355 1473 394 refusionem,
1496 353 1635 387 maxime
1667 353 1693 386 si

961 409 1073 441 novitii
1099 413 1151 441 aut
1176 408 1353 441 confratres
1378 406 1514 440 studiosi
1538 407 1693 450 patrimo-

960 462 1047 494 nium
1065 462 1114 494 vel
1137 461 1176 493 ab
1195 471 1305 493 eorum
1323 460 1512 503 parentibus
1536 461 1601 492 sive
1619 470 1695 493 con-

961 515 1144 556 sanguineis
1165 514 1307 547 subsidia
1332 514 1483 554 habeant,
1501 514 1551 546 vel
1575 513 1607 545 in
1632 513 1694 546 alio

962 577 1090 609 genere,
1105 567 1163 600 etsi
1181 577 1245 600 non
1264 572 1339 600 tunc
1356 567 1472 606 statim,
1492 568 1604 599 saltem
1622 577 1694 599 cum

961 626 1105 662 tempore
1129 620 1385 662 recognitionem
1418 623 1597 663 praestent.
1633 618 1694 652 Ubi

962 678 1068 705 tamen
1088 683 1149 705 nec
1171 677 1281 705 exacta
1307 677 1338 705 et
1361 674 1459 715 plena
1479 672 1611 712 refusio,
1630 682 1697 704 ma-

962 725 1043 757 xime
1069 736 1086 757 a
1110 725 1314 762 monasteriis
1347 725 1425 757 alias
1450 724 1585 768 penuria
1610 725 1698 758 labo-

962 778 1119 817 rantibus,
1146 777 1316 819 exigenda,
1348 778 1416 817 sed,
1442 782 1578 820 propter
1609 788 1696 811 com-

963 841 1057 863 mune
1075 831 1202 867 Ordinis
1220 835 1252 863 et
1274 829 1539 872 Congregationis
1563 830 1696 870 bonum,

963 884 1200 918 incommodum
1225 888 1257 916 et
1279 893 1353 926 pars
1382 893 1594 926 expensarum
1624 893 1699 926 sup-

962 937 1121 980 portanda
1145 941 1251 976 erunt,
1271 946 1308 969 eo
1326 936 1431 968 solum
1457 936 1639 975 observato,
1658 945 1698 968 ne

963 1001 1071 1030 unum,
1090 991 1264 1023 alterumve
1289 988 1522 1021 monasterium
1547 988 1701 1021 intolera-

963 1044 1072 1076 biliter
1092 1047 1254 1085 gravetur,
1275 1046 1371 1084 atque
1396 1040 1439 1073 ita
1464 1040 1524 1073 alia
1548 1040 1618 1074 vice
1642 1040 1701 1073 im-

963 1096 1210 1140 possibilitatem
1241 1095 1376 1135 causari,
1404 1099 1437 1127 et
1469 1094 1698 1128 admissionem

964 1156 1011 1183 tot
1030 1149 1195 1193 hospitum
1215 1149 1296 1181 iuste
1310 1158 1461 1182 recusare
1476 1148 1589 1191 possit.
1610 1147 1699 1186 Quod

965 1209 1072 1236 tamen
1108 1202 1241 1235 arbitrio
1268 1206 1298 1235 et
1322 1201 1442 1235 iudicio
1478 1201 1630 1234 abbatum
1666 1201 1699 1233 in

963 1257 1102 1300 capitulo
1130 1260 1400 1297 congregatorum
1421 1253 1700 1292 committendum,

964 1315 995 1343 et
1020 1309 1100 1342 votis
1135 1308 1312 1341 maioribus
1347 1307 1495 1340 standum
1531 1307 1603 1339 erit.
1638 1306 1699 1339 Pro

965 1362 1110 1406 generali
1144 1362 1259 1404 regula
1294 1360 1533 1393 observandum
1565 1364 1627 1400 est,
1665 1364 1700 1392 ut

965 1421 1110 1458 sumptus
1135 1425 1192 1457 pro
1217 1413 1366 1457 personis
1398 1413 1437 1446 ad
1466 1414 1587 1446 bonum
1612 1422 1700 1445 com-

965 1479 1061 1501 mune
1083 1467 1351 1510 Congregationis
1375 1465 1553 1509 applicatiSโ
1569 1476 1617 1498 ex.
1638 1475 1698 1508 grโ

965 1532 1022 1565 pro
1048 1522 1233 1560 lectoribus,
1251 1521 1417 1553 solvantur
1434 1530 1471 1552 ex
1492 1520 1595 1552 massa
1613 1528 1700 1552 com-

965 1574 1052 1607 muni
1079 1574 1175 1607 totius
1201 1572 1488 1615 Congregationis:
1514 1582 1572 1615 pro
1589 1581 1701 1615 perso-

966 1628 1014 1660 nis
1035 1628 1073 1660 ab
1090 1638 1154 1660 uno
1174 1627 1213 1660 ad
1237 1627 1408 1660 utilitatem
1427 1626 1558 1659 alterius
1575 1635 1700 1658 monas-

967 1680 1037 1713 terii
1064 1680 1238 1719 translatis,
1259 1680 1423 1712 solvantur
1447 1689 1464 1712 a
1489 1678 1699 1718 monasterio,

966 1733 996 1765 in
1022 1733 1112 1766 cuius
1135 1732 1306 1765 utilitatem
1333 1732 1405 1764 talis
1437 1731 1597 1764 ordinatio
1619 1731 1701 1763 facta

965 1786 1045 1818 fuit:
1070 1786 1095 1818 si
1121 1785 1261 1829 denique
1285 1784 1422 1818 mutatio
1443 1784 1498 1817 siat
1523 1783 1564 1817 oh
1582 1783 1700 1817 militaยซ

966 1845 1029 1871 tem
1051 1838 1152 1882 ipsius
1170 1848 1340 1881 personae,
1359 1837 1422 1870 sive
1444 1836 1634 1870 monasterii
1661 1846 1698 1869 ex

965 1903 1027 1936 quo
1048 1892 1111 1925 alio
1136 1891 1280 1931 mittitur,
1306 1891 1468 1923 solventur
1488 1894 1633 1932 sumptus
1660 1889 1699 1922 ab

965 1945 1078 1978 eodem
1103 1944 1312 1977 monasterio.
1341 1942 1487 1981 Quamvis
1511 1948 1617 1975 autem
1638 1952 1698 1985 pro

965 2003 1109 2041 tempore
1134 1997 1166 2030 in
1191 1996 1396 2030 monasteriis
1414 1995 1533 2028 nostris
1559 2005 1700 2027 commo-

964 2052 1022 2084 dae
1048 2050 1327 2084 accomodationes
1356 2054 1387 2082 et
1420 2048 1605 2082 habitacula
1639 2058 1698 2091 pro

964 2104 1069 2138 studio
1082 2104 1131 2137 vel
1146 2102 1300 2136 novitiatu
1318 2102 1480 2135 communi
1497 2111 1563 2134 non
1581 2106 1696 2141 extent,

963 2158 1020 2191 sed
1046 2157 1183 2201 primum
1207 2154 1333 2199 putariยน
1359 2155 1511 2195 debeant,
1537 2165 1604 2188 non
1628 2154 1697 2188 sine

961 2210 1150 2243 difficultate
1182 2214 1214 2242 et
1245 2208 1400 2251 temporis
1424 2210 1537 2247 moraอพ
1564 2207 1699 2241 considi-

962 2274 1032 2296 mus
1065 2268 1183 2302 tamen,
1211 2261 1347 2295 consilio
1380 2265 1411 2294 et
1442 2261 1571 2294 solertia
1596 2260 1699 2294 domi-

963 2327 1080 2350 norum
1097 2315 1310 2355 visitatorum,
1328 2313 1492 2358 provideri
1510 2318 1541 2347 et
1558 2313 1698 2348 obtineri

963 2380 1072 2414 posse,
1097 2374 1132 2401 ut
1155 2368 1189 2401 in
1212 2367 1387 2401 maioribus
1411 2367 1614 2400 monasteriis
1641 2368 1699 2400 ali-

965 2423 1080 2467 quibus
1116 2422 1154 2455 ad
1191 2421 1412 2455 sufficientiam
1443 2425 1585 2465 paretur,
1610 2422 1695 2465 quod

964 2477 996 2509 in
1028 2486 1063 2509 re
1094 2480 1158 2509 tam
1193 2474 1324 2508 salutari
1360 2474 1579 2508 necessarium
1611 2474 1695 2507 erit:

191 2532 274 2571 sint,
299 2541 357 2572 ea,
381 2541 441 2575 pro
465 2530 529 2564 suis
554 2541 635 2574 quos
665 2530 704 2564 ad
736 2529 841 2563 studia
865 2540 921 2563 seu
964 2534 1062 2574 utque
1094 2528 1158 2562 hoc
1193 2527 1263 2561 sine
1297 2528 1394 2570 longa
1419 2527 1588 2569 dilatione,
1614 2528 1670 2561 sed
1687 2554 1695 2568 ,

191 2583 380 2623 novitiatum
405 2584 547 2627 mittunt,
572 2583 713 2617 vicissim
745 2583 824 2617 alios
848 2583 922 2617 reli-

1001 2593 1010 2619 1
1029 2591 1128 2619 Forsan
1139 2590 1247 2627 parari
1261 2598 1310 2627 pro
1321 2591 1424 2626 putari
1438 2589 1580 2621 lenendum
1595 2591 1636 2625 (n.
1646 2589 1695 2623 ฯ.).

1589 188 1653 222 647
1699 198 1748 224 An.
1770 198 1798 224 c.
1820 198 1885 226 isso
