2111 3157
0 238 45 267 An.
66 237 94 266 C.
112 236 179 266 ¹680

180 293 321 331 nequeat
339 289 495 329 scribere,
512 294 586 322 tunc
602 289 699 322 alium
716 289 910 322 monachum

180 340 312 373 nomine
340 340 427 374 illius
454 341 596 375 scribere
624 352 719 385 posse
747 341 911 384 permitti-

179 402 262 432 mus,
279 393 323 426 ita
340 399 445 426 tamen
467 399 502 426 ut
521 398 671 427 constare
695 393 799 437 possit
818 393 909 426 cuius

179 445 310 479 nomine
328 446 479 490 scriptum
497 446 604 479 suerit.
624 445 693 486 Qui,
711 456 752 478 ne
770 445 912 478 detineat

180 498 368 532 definitores
397 500 431 532 in
463 499 609 542 pluribus
641 498 799 531 inutiliter
822 508 910 531 occu-

179 556 280 594 patos,
306 553 402 591 clare,
426 552 567 585 breviter
592 556 624 585 et
648 551 810 584 succincte
837 550 911 584 scri-

178 602 244 643 bat,
268 615 339 637 cum
363 604 596 648 subscriptione
620 605 670 638 vel
698 604 909 646 inscriptione

178 656 227 689 sui
245 657 395 698 nominis,
410 658 601 701 exponendo
618 667 730 690 causas
744 657 910 700 petitionis

178 719 273 750 suae;
300 709 455 752 alioquin,
474 710 498 742 si
515 710 678 753 praefatae
697 709 822 742 litterae
840 711 910 743 sub-

177 762 352 805 scriptione
377 763 425 795 vel
450 762 661 805 inscriptione
690 763 866 803 caruerint,
892 773 909 795 a

178 814 400 848 definitoribus
424 826 490 848 non
515 815 710 848 adhibeatur
734 815 778 849 eis
802 815 906 856 sides;

177 867 235 899 sed
259 866 284 899 si
308 867 376 900 ullo
399 877 543 910 unquam
579 872 723 910 tempore
748 868 780 900 in
804 868 906 900 lucem

175 919 332 960 venerint,
350 926 498 953 auctores
515 920 627 953 talium
643 920 823 953 litterarum
843 930 909 953 car-

176 972 241 1004 ceri
266 972 501 1016 mancipentur.

219 1035 255 1058 11.
281 1025 419 1059 Caveant
435 1032 539 1059 autem
556 1026 718 1067 monachi,
740 1037 779 1059 ne
798 1027 836 1059 de
854 1026 906 1066 iis,

177 1087 260 1120 quae
285 1083 358 1111 ante
382 1078 599 1112 visitationem
618 1080 805 1112 monasterii
830 1079 908 1112 acci-

176 1130 293 1171 derint,
305 1131 445 1174 capitulo
463 1132 639 1175 quidquam
657 1132 807 1164 scribant.
819 1132 907 1170 Quod

175 1182 201 1215 si
226 1183 323 1226 aliqui
342 1194 386 1223 ea,
405 1194 485 1226 quae
506 1184 722 1217 visitatoribus
747 1195 907 1227 exponere

176 1236 356 1269 debuerant
376 1236 445 1279 (qui
462 1242 648 1279 praesentes
666 1237 773 1270 omnia
790 1248 909 1280 cogno-

175 1294 316 1330 scere,et
328 1294 509 1332 opportuna
522 1289 690 1332 providere
705 1291 907 1333 potuissent),

175 1342 215 1374 ad
231 1342 406 1385 capitulum
424 1342 549 1374 deferre
574 1343 756 1382 maluerint,
782 1343 842 1375 nisi
858 1353 908 1375 ur·
928 1366 930 1378 ,

176 1404 256 1436 gens
282 1404 376 1426 causa
401 1394 562 1435 subsistat,
581 1395 718 1437 graviter
734 1406 793 1438 pro
811 1396 907 1428 modo
928 1394 930 1411 ³

928 1457 1023 1480 'nem
1048 1448 1224 1487 emiserint,
1261 1458 1297 1479 ac
1336 1447 1420 1480 diem
1458 1459 1520 1490 quo
1544 1449 1683 1491 professi

175 1446 287 1489 culpae
312 1447 499 1489 puniantur.

219 1509 267 1532 111.
293 1498 470 1542 Nullusque
495 1504 692 1540 nostrorum,
720 1501 842 1533 etiamsi
868 1501 906 1534 de

175 1562 310 1586 numero
335 1552 539 1595 superiorum
564 1553 614 1593 sit,
635 1554 769 1586 alterius
795 1554 908 1586 litteris
929 1565 930 1573 ¹

929 1619 930 1629 ¹
950 1606 1046 1639 modo
1064 1606 1213 1638 diminuti
1232 1606 1361 1638 suerint.

175 1605 374 1645 subscribat,
399 1611 452 1638 aut
477 1605 541 1638 suis
566 1606 769 1639 subscribere
794 1607 906 1645 saciat,

175 1657 288 1700 quovis
315 1658 458 1700 quaesito
484 1659 602 1698 colore,
627 1663 854 1702 praeterquam
883 1659 907 1691 si

176 1709 283 1753 aliqua
307 1710 346 1742 de
372 1712 463 1743 causa
487 1711 608 1743 bonum
625 1712 812 1744 monasterii
832 1722 909 1745 con-

174 1768 330 1796 cernente
344 1763 528 1806 superiores
545 1774 669 1804 omnes,
687 1764 726 1796 ad
746 1764 907 1797 vitandam

174 1815 444 1859 multiplicitatem
470 1816 660 1857 litterarum,
681 1817 719 1850 de
745 1818 906 1851 communi
928 1852 929 1863 γ

176 1878 348 1909 consensu,
373 1869 495 1912 aliquid
521 1869 745 1902 insinuandum
763 1871 908 1913 patribus
928 1887 929 1903 ι

175 1919 405 1962 iudicaverint;
432 1932 491 1955 nec
516 1922 596 1955 alius
626 1922 721 1955 alium
747 1923 907 1964 sollicitet,

175 1979 228 2006 aut
253 1975 348 2007 saciat
370 1975 545 2018 practicam
571 1980 605 2007 ut
639 1976 757 2008 scribat
782 1981 834 2008 aut
858 1975 930 2024 1·οῇΑ

174 2025 326 2060 lationem
351 2027 465 2059 mittat.
492 2026 549 2064 Qui
575 2032 688 2060 contra
713 2028 832 2068 feccrit,
860 2030 929 2060 ter'

175 2078 207 2111 in
233 2090 314 2122 pane
339 2085 370 2112 et
395 2081 477 2122 aqua
502 2080 534 2112 in
556 2082 640 2113 terra
673 2080 703 2112 in
736 2081 930 2126 refectorio}

176 2130 306 2164 ieiunet.

219 2195 262 2218 tv.
304 2184 420 2218 Ultimo
460 2185 649 2218 ordinamus
685 2196 724 2219 ne
765 2187 931 2219 volentes*

176 2237 318 2270 scribere
336 2238 476 2281 capitulo
498 2238 688 2271 inordinatis
705 2239 908 2282 passionibus
929 2250 931 2267 ῑ

929 2292 1095 2335 ¹generali
1121 2297 1272 2324 statutum
1300 2291 1413 2330 suerit,
1440 2291 1597 2334 praelati,
1631 2292 1686 2334 qni

176 2291 384 2331 seducantur,
410 2301 469 2323 nec
494 2291 630 2333 quadam
655 2292 817 2325 scribendi
836 2303 909 2335 pro-

177 2342 314 2376 clivitate
339 2343 489 2383 scribant,
508 2344 574 2383 sed,
593 2344 692 2376 Deum
713 2355 787 2387 prae
807 2345 909 2378 oculis

176 2394 344 2436 habentes,
371 2406 504 2439 eaquae
531 2396 652 2428 suerint
676 2397 855 2429 necessaria
881 2401 910 2431 ct

177 2447 267 2479 utilia
291 2453 468 2490 suggerant
487 2447 633 2491 patribus
650 2458 721 2481 cum
738 2449 823 2482 omni
841 2460 909 2483 mo-

179 2499 280 2532 destia
304 2505 335 2533 et
360 2502 524 2543 gravitate.

221 2562 249 2585 v.
274 2551 362 2590 Quod
393 2554 418 2586 si
451 2554 526 2597 quid
559 2554 654 2586 suerit
686 2554 843 2597 scriptum
875 2555 907 2587 in

178 2605 410 2648 praeiudicium
436 2606 570 2639 alicuius
596 2606 710 2639 tertiae
736 2617 908 2650 personae,

759 239 970 266 insocaurius
991 241 1022 265 iu
1047 237 1096 265 ιη’).
1575 221 1647 265 ι347
1693 240 1742 267 An.
1764 239 1792 267 c.
1811 238 1878 269 ¹080

954 294 1158 322 reserventur
1193 289 1268 322 illae
1306 289 1433 323 litterae
1468 288 1684 322 visitatoribus

954 341 1086 381 dandae,
1113 342 1168 385 qui
1193 342 1367 384 diligenter
1397 347 1544 385 tempore
1579 343 1685 375 visita-

953 394 1074 427 tionum
1101 395 1139 427 de
1165 395 1325 427 contentis
1356 394 1388 427 in
1419 394 1483 427 illis
1507 395 1681 438 inquirent.

952 445 1009 484 Qui
1033 458 1108 480 vero
1133 448 1206 480 illos
1231 447 1435 490 scripserint,
1452 451 1539 480 stent
1556 448 1592 480 ad
1612 458 1685 490 poe-

952 509 1025 531 nam
1049 500 1187 540 talionis‚
1212 505 1259 540 et,
1279 501 1305 533 si
1329 500 1448 533 suerint
1472 501 1504 533 in
1530 500 1684 543 dignitate

952 552 1128 593 constituti,
1149 553 1283 596 insuper
1299 553 1513 596 deponantur,
1531 554 1555 586 si
1576 559 1684 587 tanten

952 604 1030 637 salsa
1052 605 1219 648 scripsisse
1244 605 1363 637 suerint
1386 605 1533 638 convicti.

994 667 1037 690 v1.
1057 657 1096 690 Ut
1114 663 1219 690 tamen
1244 668 1303 700 pax
1330 662 1362 690 et
1384 658 1610 691 benevolentia
1635 659 1682 691 in-

952 714 1000 742 ter
1021 711 1182 753 praelatos
1208 715 1240 743 et
1263 711 1438 743 monachos
1463 716 1589 744 nostros
1607 722 1682 744 con-

951 769 1103 804 servetur,
1122 764 1330 797 admonemus
1354 766 1515 807 praelatos
1540 775 1579 797 ne
1607 771 1681 797 tcm-

950 827 1027 859 pore
1052 816 1181 860 capituli
1207 817 1255 849 vel
1278 816 1496 850 visitationum
1523 824 1681 860 quaerant

950 869 1063 911 quovis
1088 869 1185 902 modo
1207 869 1278 912 quis
1304 874 1415 902 contra
1436 880 1490 903 eos
1507 870 1679 913 scripserit,

950 922 999 954 vel
1024 922 1111 965 ipsos
1137 922 1344 961 accusaverit,
1370 923 1426 955 sed
1451 922 1557 965 potius
1590 923 1682 955 dissi·

951 975 1075 1007 mulent
1090 985 1122 1007 se
1141 974 1233 1013 scire,
1249 974 1313 1007 imo
1332 985 1390 1007 nec
1407 976 1541 1008 moleste
1560 976 1679 1015 serant;

951 1032 983 1060 et
1007 1037 1077 1060 cum
1102 1027 1141 1060 ad
1166 1028 1363 1060 monasteria
1387 1038 1441 1060 sua
1458 1029 1680 1071 pervenerint,

951 1080 1122 1113 hortentur
1151 1090 1224 1113 suos
1257 1085 1292 1113 ut
1323 1081 1417 1113 etiam
1449 1081 1508 1124 ipsi
1534 1081 1683 1114 similiter

950 1132 1079 1166 saciant.
1726 1139 1794 1160 anr
1809 1139 1842 1161 W·

1642 1187 1647 1192 ⁵
1693 1167 1750 1190 Quae
1767 1173 1803 1192 pci-
1814 1174 1876 1192 prae-

994 1196 1016 1219 1.
1056 1185 1194 1219 Praelati
1231 1192 1359 1219 nostrae
1399 1186 1876 1229 [longi-egatioms,taos-meam·

1693 1221 1733 1240 lum
1767 1223 1875 1239 vente-ntus

950 1244 1005 1271 aut
1029 1239 1082 1282 qui
1107 1239 1145 1271 ab
1163 1239 1208 1271 eis
1229 1249 1340 1271 eorum
1358 1239 1489 1272 nomine
1507 1240 1595 1272 missi
1618 1241 1875 1293 site-{gntndecsgnfflg

950 1291 1025 1331 rint,
1053 1291 1200 1324 deserant
1229 1301 1338 1323 secum
1369 1291 1535 1324 venientes
1567 1293 1604 1324 ad
1635 1280 1790 1325 cat-immate-
1810 1278 1820 1298 p

951 1343 1088 1385 pitulum
1112 1343 1331 1385 infrascripta:
1358 1343 1391 1374 In
1414 1343 1527 1385 prinus
1553 1345 1682 1377 nomina

950 1395 1185 1427 monachorum
1210 1394 1263 1437 qui
1292 1395 1349 1427 illo
1386 1405 1470 1427 anno
1506 1396 1684 1438 professio-

950 1500 1083 1540 suerint‚
1109 1510 1235 1533 necnon
1260 1510 1373 1532 eorum
1407 1500 1462 1542 qui
1488 1501 1520 1532 in
1550 1501 1684 1534 Domino

951 1553 1147 1596 quieverint,
1178 1558 1229 1585 aut
1264 1553 1357 1586 eiecti
1390 1558 1445 1586 aut
1478 1564 1683 1597 quocumque

994 1669 1029 1692 11.
1057 1659 1190 1691 Portent
1220 1658 1317 1691 ctiam
1342 1658 1375 1690 in
1399 1658 1527 1701 scriptis
1552 1660 1684 1691 nomina

950 1711 1094 1743 omnium
1118 1711 1354 1743 monachorum
1372 1716 1546 1743 conventus
1571 1711 1627 1752 sui,
1649 1722 1686 1744 ac

950 1765 1067 1805 locum,
1089 1774 1209 1796 annum
1227 1768 1258 1796 et
1274 1763 1371 1803 diem,
1392 1763 1446 1795 ubi
1472 1768 1502 1796 et
1528 1775 1592 1806 quo
1611 1775 1685 1806 pro·

950 1816 1025 1849 sessi
1051 1821 1140 1856 sunt,
1168 1816 1344 1849 secundum
1370 1822 1477 1848 tamen
1509 1817 1628 1858 gradus
1654 1821 1685 1849 et

950 1870 1081 1903 ordines
1099 1881 1180 1913 quos
1198 1870 1229 1902 in
1247 1870 1453 1903 monasteriis
1475 1870 1540 1902 suis
1560 1875 1681 1903 tenent.

993 1934 1042 1957 111.
1069 1923 1198 1956 Portent
1224 1923 1356 1966 insuper
1390 1933 1513 1956 annuos
1538 1923 1684 1955 redditus

950 1981 980 2009 et
1005 1987 1163 2019 expensas
1189 1987 1322 2008 suorum
1346 1976 1628 2015 monasteriorum,
1649 1986 1685 2008 ac

950 2034 1098 2071 computa
1123 2029 1306 2061 debitorum
1342 2033 1374 2061 ct
1402 2028 1597 2061 creditorum
1638 2038 1686 2060 se-

950 2081 1054 2114 riatim
1080 2081 1250 2124 descripta,
1278 2086 1308 2113 et
1327 2080 1515 2123 praesertim
1543 2080 1684 2113 rationes

951 2141 1092 2167 taxarum
1132 2134 1362 2167 communium.
1410 2133 1566 2171 Quoniam
1609 2144 1685 2165 vero

951 2187 1132 2219 solutiones
1159 2192 1300 2219 taxarum
1322 2185 1391 2218 ficri
1411 2186 1531 2218 debent
1552 2185 1687 2228 singulis

952 2245 1091 2282 quatuor
1114 2238 1289 2277 mensibus,
1314 2239 1363 2270 vel
1382 2244 1479 2281 prout
1502 2248 1519 2270 a
1544 2239 1685 2281 capitulo

952 2346 1023 2385 hoc,
1042 2344 1184 2388 praefixo
1203 2350 1358 2386 tempore,
1378 2344 1558 2388 adimplere
1575 2346 1688 2386 negle-

953 2398 1066 2437 xerint,
1093 2408 1169 2430 voce
1196 2396 1295 2429 activa
1320 2402 1352 2429 et
1373 2396 1498 2439 passiva
1516 2396 1584 2439 ipso
1605 2398 1687 2429 sacto

952 2460 985 2482 se
1010 2449 1152 2493 privatos
1178 2459 1250 2481 esse
1276 2448 1387 2488 sciant,
1414 2454 1446 2481 et
1470 2448 1609 2481 ulterius
1640 2460 1688 2481 co-

951 2513 1019 2535 rum
1045 2501 1239 2535 monasteria
1263 2506 1435 2534 teneantur
1453 2502 1490 2533 ad
1513 2502 1689 2544 quodcum-

952 2565 1013 2597 que
1040 2555 1194 2587 interesse
1220 2554 1294 2586 inde
1321 2564 1502 2596 emergens,
1536 2565 1594 2596 pre
1620 2556 1689 2585 rat-'t

952 2607 1036 2640 illius
1054 2606 1165 2640 debiti.
1186 2606 1350 2640 Cellerarii
1369 2616 1456 2646 vero,
1477 2606 1500 2637 ,εἰ
1522 2606 1581 2638 lioc
1606 2607 1689 2649 ipeo—
