2111 3157
163 197 211 224 An.
234 197 263 224 c.
290 197 355 226 isso
400 191 465 225 5330

170 1842 235 1861 ,italas
247 1842 340 1864 obviant,

359 248 437 281 alitis
455 250 639 283 nullatenus
656 250 764 294 aliqua
782 256 976 293 praesumat,
995 251 1098 284 sciens

359 313 392 334 se
419 302 608 346 disciplinae
634 303 773 346 regulari
791 303 966 344 subditum,
985 309 1016 337 et
1033 315 1098 337 ma-

359 356 408 397 gis
445 356 638 389 humilitatis
674 357 822 400 exempla
851 357 1001 390 omnibus
1027 357 1092 391 det.

357 409 389 442 Si
426 410 507 443 sorte
543 410 758 443 ordinationis
794 415 848 443 aut
882 411 1019 444 alicuius
1049 411 1095 445 rei

358 464 452 495 causa
470 462 567 494 suerit
590 462 623 494 in
646 464 854 503 monasterio,
871 463 963 497 illum
987 465 1095 497 locum

357 515 512 554 attendat,
537 515 666 558 quando
698 515 864 558 ingressus
896 521 946 549 est
969 516 1002 549 in
1027 528 1096 550 mo-

357 567 540 607 nasterium,
567 578 634 601 non
658 568 748 602 illum
774 569 828 612 qui
853 569 882 602 ei
912 580 973 613 pro
1003 581 1095 603 reve-

357 621 463 654 rentiii
487 621 659 653 sacerdotii
681 632 858 655 concessus
882 628 942 655 est.
963 623 1097 656 Clerieo-

355 684 426 705 rum
449 679 556 706 autem
576 674 602 706 si
623 674 694 717 quis
712 674 827 707 eodem
845 675 1008 708 desiderio
1029 686 1096 708 mo-

355 726 496 759 nasterio
521 727 638 760 sociari
671 728 817 768 voluerit,
843 729 914 762 loco
939 729 1094 762 mediocri

355 780 545 812 collocetur.
566 780 603 813 Et
620 780 689 823 ipse
709 785 815 814 tamen
833 780 859 813 si
877 781 1037 825 promittit
1055 782 1093 814 de

355 832 581 866 observatione
605 834 738 876 regulae
767 834 815 866 vel
840 834 971 877 propria
995 834 1094 866 stabi-

354 884 455 917 litate.

623 946 820 968 memento.

394 991 436 1030 (a)
460 1001 478 1021 1.
503 991 533 1022 Si
555 993 615 1031 qw's
637 992 668 1020 de
691 993 786 1021 ordine
813 992 991 1021 sacerdotnm.
1023 992 1091 1023 Cum

354 1039 552 1069 sacerdotibus
568 1044 594 1069 et
611 1040 737 1077 clericis,
761 1040 1017 1078 Congregationem
1041 1051 1091 1070 no-

354 1092 442 1117 stram
471 1088 715 1126 ingredientibus,
744 1088 932 1118 observamus
959 1089 1090 1119 ordinem

355 1136 556 1173 professionis.

394 1193 423 1213 n.
450 1185 556 1214 Verum
580 1185 774 1224 presbyteros,
799 1190 917 1226 propter
938 1186 1091 1217 sacerdotii

354 1233 562 1272 reverentiam,
578 1243 667 1273 super
682 1234 754 1264 alios
769 1235 893 1264 novitios
904 1235 1089 1266 collocamus,

354 1281 434 1311 ldem
450 1291 565 1321 quoque
578 1286 671 1321 potest
686 1283 790 1322 exequi
802 1283 949 1322 praelatus
964 1284 998 1313 de
1014 1285 1090 1322 aliis,

354 1331 379 1360 si
401 1330 458 1360 sibi
482 1331 638 1369 videbitur,
663 1331 758 1370 alique
787 1332 954 1362 rationabili
983 1335 1090 1371 caussa3

355 1379 460 1418 quibus
483 1384 579 1409 tamen
603 1384 723 1418 propter
744 1380 798 1410 hoe
825 1390 883 1410 non
911 1381 1092 1411 intendimus

355 1428 557 1466 praeiudicare
579 1428 672 1467 quoad
695 1433 810 1468 tempus
832 1430 1031 1468 professionis.

394 1485 434 1505 111.
460 1476 652 1506 Prohibemus
674 1478 762 1506 etiam
785 1478 920 1516 praefatis
935 1478 1092 1508 sacerdoti-

355 1525 409 1554 bus
442 1525 668 1555 celebrationem
701 1526 856 1556 missarum
890 1536 941 1566 per
976 1527 1093 1566 aliquod

355 1579 470 1613 tempus
493 1574 615 1605 arbitrio
638 1574 763 1612 abbatis,
792 1580 823 1605 ut
850 1585 883 1605 ex
912 1576 965 1605 hoc
991 1585 1092 1607 eorum

354 1622 503 1652 humilitas
519 1623 740 1662 comprobetur3
757 1628 786 1653 ct.
809 1628 877 1654 tunc
892 1624 945 1664 ipsi
963 1635 1092 1655 commu-

353 1671 453 1700 nicent
476 1681 542 1701 cum
565 1672 693 1702 clericis.

397 1728 495 1758 CAPUT
519 1729 587 1759 LXI.
611 1746 647 1751 --
670 1730 710 1760 De
731 1731 870 1760 monachis
890 1732 1046 1770 peregrinis

551 1778 671 1817 qualiter
692 1780 892 1818 suscipiantur.

396 1835 426 1867 Si
453 1836 523 1878 quis
547 1836 727 1869 monachus
745 1837 936 1879 peregrinus
962 1838 1001 1870 dc
1027 1838 1092 1871 lon-

244 1875 482 1931 ὐΗνΓ-Ϊςίῃψιίς
514 1888 689 1931 provinciis
720 1890 956 1932 supervenerit,
982 1891 1005 1922 si
1031 1901 1090 1934 pro

279 1953 297 1966 κ·
333 1937 481 1988 {hospite
499 1942 637 1974 voluerit
655 1942 800 1975 habitare
822 1943 853 1975 in
880 1944 1089 1981 monasterio,

229 2000 382 2043 ”ww-⁰²
415 1999 589 2027 contentus
626 1995 722 2027 suerit
758 1996 992 2028 consuetudine
1028 1997 1090 2029 loci

351 2058 446 2089 qnam
471 2047 643 2086 invenerit,
668 2053 700 2079 et
723 2058 789 2080 non
814 2048 895 2081 sorte
921 2049 1090 2091 superlini-

351 2105 414 2132 tate
451 2102 507 2132 suti
543 2100 711 2143 perturbat
747 2101 1001 2140 monasterinm,
1034 2101 1090 2134 sed

348 2152 540 2195 simpliciter
565 2158 735 2185 contentus
762 2159 810 2186 est
836 2154 924 2196 quod
961 2153 1092 2186 invene-

349 2205 413 2244 rit,
440 2205 635 2247 suscipiatur
660 2211 782 2248 quanto
808 2210 952 2249 tempore
989 2206 1088 2249 cupit.

349 2258 379 2290 Si
407 2268 468 2300 qua
494 2263 602 2290 tamen
628 2258 867 2291 rationabiliter
884 2264 915 2290 et
936 2269 1008 2291 cum
1033 2259 1091 2291 hu-

348 2309 484 2342 militate
499 2309 667 2342 charitatis
681 2310 895 2352 reprehendit
911 2316 966 2343 aut
982 2316 1091 2343 osten-

350 2363 407 2401 dit,
433 2367 549 2394 tractet
584 2362 683 2395 abbas
721 2363 908 2405 prudenter,
932 2373 972 2395 nc
1010 2363 1090 2396 sorte

349 2425 422 2447 eum
450 2419 585 2457 propter
610 2415 673 2447 hoc
698 2415 805 2457 ipsum
829 2415 985 2448 Dominus
1011 2415 1092 2447 dire-

349 2467 441 2499 xerit.
469 2467 498 2498 Si
525 2476 600 2499 vero
625 2472 740 2509 postea
770 2467 910 2500 voluerit
934 2467 1092 2500 stabilita-

350 2524 414 2551 tem
447 2529 537 2551 suam
571 2518 708 2559 firmare,
735 2530 799 2552 non
832 2526 988 2553 renuatur
1018 2520 1090 2553 talis

348 2573 510 2611 voluntas,
539 2578 570 2608 et
593 2572 730 2608 maxime
755 2573 830 2614 quia
860 2579 1005 2618 ,tempore
1030 2572 1091 2608 ho-

940 204 1119 228 anthimum
1144 205 1295 230 ROMANUM

1142 252 1326 295 spitalitatis
1339 253 1444 296 potnit
1457 253 1524 286 eius
1538 254 1600 286 vita
1615 254 1774 297 dignosci.
1788 254 1879 293 Quod
1895 249 1899 252 ⁴

1141 304 1165 337 si
1192 305 1375 347 superfluus
1395 310 1448 338 aut
1475 305 1609 339 vitiosus
1635 305 1784 340 inventus
1809 307 1878 341 sue-

1141 357 1183 389 rit
1199 362 1343 401 tempore
1358 358 1597 402 hospitalitatis,
1612 369 1677 392 non
1695 361 1797 394 solum
1810 371 1876 394 non

1140 410 1236 443 debet
1255 410 1367 443 sociari
1388 412 1514 454 corpori
1533 411 1744 452 monasterii,
1765 423 1876 446 verum

1139 463 1235 496 etiam
1268 463 1395 497 dicatur
1424 464 1453 497 ei
1486 464 1621 498 honeste
1646 470 1682 497 ut
1712 465 1874 506 discedat,

1140 526 1178 548 ne
1215 515 1283 548 eins
1321 515 1452 549 miseriti
1487 517 1584 549 etiam
1618 517 1671 550 alii
1706 517 1873 551 vitientur.

1138 568 1229 606 Quod
1255 569 1278 602 si
1307 580 1372 602 non
1405 570 1504 602 suerit
1523 569 1595 603 talis
1626 570 1680 613 qni
1709 575 1876 603 mereatur

1139 621 1266 664 proiici,
1286 633 1351 655 non
1373 622 1487 661 solum,
1509 622 1535 655 si
1560 622 1703 666 petierit,
1722 622 1876 666 suscipia-

1140 680 1190 707 tur
1207 675 1253 718 (a)
1272 675 1521 718 Congregationi
1546 675 1736 717 sociandus;
1760 686 1873 709 verum

1138 727 1233 760 ctiam
1251 729 1422 761 suadeatur
1438 734 1473 760 ut
1489 733 1568 768 stet;
1586 732 1621 760 ut
1641 727 1709 761 eius
1726 729 1874 772 exemplo

1138 781 1191 814 alii
1217 781 1423 821 erudiantur,
1449 780 1524 824 quia
1548 781 1580 813 in
1606 781 1693 814 omni
1719 781 1792 815 loco
1817 781 1873 814 uni

1138 833 1273 866 Domino
1298 833 1449 873 servitur,
1474 838 1506 866 ct
1529 833 1584 866 uni
1609 834 1679 876 regi
1704 834 1869 867 militatur.

1136 886 1235 924 Quem
1262 886 1357 919 otiam
1389 886 1414 918 si
1447 887 1543 919 talem
1577 896 1648 919 esse
1673 888 1876 930 perspexerit

1137 940 1250 979 abbas,
1277 939 1373 972 liceat
1396 949 1469 972 eum
1496 939 1527 972 in
1546 939 1715 982 superiore
1733 939 1876 984 aliquan·

1138 993 1238 1025 tulum
1263 993 1461 1025 constituere
1484 992 1568 1025 loco.
1601 992 1672 1025 Non
1696 993 1799 1025 solum
1825 1004 1875 1026 au-

1137 1051 1199 1078 tem
1225 1045 1431 1084 monachum,
1457 1045 1512 1078 sed
1538 1045 1634 1078 etiam
1665 1045 1704 1078 de
1729 1046 1875 1089 supradi-

1136 1098 1193 1130 ctis
1208 1098 1362 1141 gradibus
1380 1098 1587 1131 sacerdotum
1606 1098 1654 1131 vel
1670 1098 1872 1140 clericorum,

1135 1150 1278 1184 stabilire
1310 1156 1419 1194 potest
1450 1151 1547 1184 abbas
1579 1151 1610 1184 in
1639 1151 1753 1184 maiori
1778 1163 1872 1195 quam

1135 1204 1319 1247 ingreditur
1340 1206 1420 1244 loco,
1447 1204 1472 1237 si
1498 1205 1567 1238 eius
1585 1205 1681 1238 talem
1701 1216 1874 1249 perspexe-

1136 1257 1178 1289 rit
1197 1267 1270 1290 esse
1295 1258 1400 1290 vitam.
1430 1257 1547 1290 Caveat
1577 1263 1685 1291 autem
1709 1258 1808 1291 abbas
1832 1269 1873 1291 ne

1135 1310 1311 1352 aliquando
1333 1310 1372 1343 de
1393 1310 1456 1344 alio
1482 1316 1559 1343 noto
1583 1311 1781 1344 monasterio
1805 1321 1874 1344 mo-

1135 1362 1276 1395 nachum
1302 1363 1341 1395 ad
1375 1362 1590 1396 habitandum
1619 1363 1775 1407 suscipiat
1801 1363 1873 1396 sine

1136 1425 1297 1448 consensu
1323 1415 1448 1448 abbatis
1473 1416 1557 1456 eius,
1575 1420 1630 1448 aut
1649 1415 1764 1449 litteris
1787 1426 1874 1448 com-

1137 1468 1356 1507 mendatitiis,
1384 1469 1461 1511 quia
1495 1468 1648 1511 scriptum
1674 1473 1744 1501 est:
1782 1467 1874 1509 Quod

1137 1521 1197 1554 tibi
1213 1531 1277 1554 non
1293 1521 1341 1554 vis
1357 1521 1437 1565 fieri,
1460 1521 1558 1554 alleri
1572 1531 1611 1554 ne
1626 1521 1753 1565 seceris.

1399 1600 1593 1622 DECLARATIO.

1173 1659 1216 1697 (α)
1243 1667 1261 1688 i.
1295 1657 1502 1696 Coriqreyatiom'
1530 1658 1688 1688 sociandus.
1717 1657 1874 1689 Sanctissi-

1135 1716 1199 1736 mus
1215 1711 1295 1746 pater
1311 1710 1408 1737 noster
1424 1707 1452 1736 in
1470 1707 1571 1745 regula
1587 1707 1700 1737 videtur
1713 1707 1873 1738 concedere

1135 1755 1293 1785 monachos
1315 1755 1435 1785 alterius
1457 1755 1626 1785 monasterii
1649 1755 1757 1794 suscipi
1777 1765 1871 1794 posse,

1135 1804 1157 1833 si
1176 1808 1271 1834 tamen
1294 1804 1406 1833 litteras
1428 1803 1681 1834 commendatitias
1703 1803 1870 1835 habuerint.

1135 1853 1253 1889 Verum,
1269 1862 1334 1882 cum
1352 1852 1529 1891 temporibus
1552 1853 1660 1882 nostris
1682 1852 1790 1883 multae
1808 1862 1873 1884 suc·

1135 1902 1281 1931 creverint
1313 1901 1485 1939 religiones,
1518 1901 1649 1940 variique
1681 1901 1740 1931 sint
1772 1910 1873 1932 earum

1135 1958 1241 1987 mores,
1264 1954 1292 1979 et
1322 1959 1356 1978 ex
1386 1949 1431 1978 his
1464 1949 1595 1988 plerique
1627 1949 1744 1979 levitate
1777 1950 1873 1989 potius

1134 2006 1221 2036 quam
1244 1997 1409 2027 sanctitatis
1432 1997 1493 2026 zelo
1516 1997 1632 2036 propria
1648 1997 1817 2028 deserentes
1832 1998 1874 2028 lo-

1134 2055 1178 2083 ca,
1196 2046 1230 2075 ad
1253 2051 1410 2084 nostraque
1425 2045 1607 2083 accedentes,
1624 2045 1796 2076 difficillime
1814 2046 1872 2076 iam

1134 2099 1296 2134 assumptos
1320 2103 1414 2124 mores
1441 2094 1586 2134 deponere
1608 2095 1726 2133 valent,
1750 2095 1807 2125 imo
1829 2095 1874 2125 in-

1134 2143 1292 2173 stabilitate
1314 2144 1378 2180 sua,
1403 2143 1446 2172 vel
1469 2143 1689 2180 murmurando,
1713 2143 1758 2174 vel
1776 2144 1874 2174 detra·

1134 2192 1229 2221 hendo
1246 2191 1280 2221 iis
1303 2200 1376 2230 quae
1399 2191 1475 2230 apud
1497 2201 1550 2221 nos
1572 2191 1682 2230 vident,
1703 2191 1873 2231 saepissime

1134 2249 1250 2277 gregem
1272 2239 1462 2278 conturbant,
1478 2244 1506 2270 et
1528 2249 1594 2270 cum
1617 2240 1703 2278 longe
1720 2240 1873 2279 experien-

1112 2307 1113 2314 κ
1135 2289 1175 2317 tie
1196 2288 1385 2318 didicerimus
1417 2297 1484 2318 raro
1506 2288 1577 2318 tales
1599 2288 1633 2318 ad
1656 2288 1815 2327 profectum
1837 2289 1872 2319 de

1133 2345 1191 2375 quo
1219 2336 1274 2366 sibi
1306 2336 1497 2367 blandiuntur
1532 2337 1699 2376 pervenisse
1714 2347 1730 2373 ;.
1755 2342 1873 2376 propte-

1134 2394 1194 2422 rea,
1218 2389 1249 2414 ut
1271 2393 1372 2414 eorum
1394 2385 1547 2415 stabilitati
1563 2390 1591 2415 et
1608 2389 1725 2415 nostrae
1746 2385 1873 2424 Congre-

1133 2434 1258 2471 gationis
1284 2433 1347 2473 paci
1370 2434 1483 2464 utiliter
1504 2433 1684 2470 consulatur,
1710 2433 1809 2464 nullus
1836 2434 1872 2464 de

1133 2482 1242 2512 Ordine
1258 2482 1484 2512 Mendicantium
1503 2482 1611 2522 suscipi
1627 2482 1709 2512 debet
1727 2483 1756 2512 in
1773 2492 1874 2513 mona-

1134 2530 1221 2560 chum
1243 2531 1482 2569 Congregationis
1506 2535 1635 2567 nostrae,
1660 2531 1738 2570 qnia,
1755 2541 1789 2561 ex
1805 2541 1874 2562 con—

1134 2578 1287 2610 stitutione
1312 2578 1430 2611 Martini
1451 2578 1507 2611 ΡΡ.
1525 2578 1559 2620 V,
1582 2579 1758 2621 recipientes
1776 2583 1874 2612 esseut

1882 207 1930 234 An.
1950 207 1982 234 C.
2004 207 2069 235 1680
