2111 3157
0 205 46 232 An.
63 204 91 233 C.
115 202 180 230 ¹679

64 2181 179 2207 verozano

0 2209 156 2229 contrariorum.

187 250 348 293 quolibet,
379 250 476 285 etiam
507 249 711 293 quantumvis
741 259 857 290 magno
887 253 919 280 et

187 303 392 335 substantiali
419 313 455 335 ac
488 302 663 343 incogitato
695 306 726 333 et
756 300 918 340 inexcogi-

186 355 275 388 tabili
300 355 562 397 individuamque
588 353 829 396 expressionem
865 362 917 383 re-

187 407 336 449 quirente
357 408 483 440 defectu
503 406 621 445 notari,
647 404 845 447 impugnari,
871 403 918 434 in-

186 458 295 500 fringi,
317 458 496 498 retractari,
522 457 717 495 modificari,
751 454 914 495 redargui,

185 510 218 542 in
233 511 487 544 controversiam
504 509 620 548 vocari,
639 508 742 541 autad
761 507 915 539 terminos

184 562 263 595 iuris
287 574 345 595 seu
370 567 563 595 statutorum
595 566 626 593 et
649 559 914 593 constitutionum

185 615 260 648 dicti
284 615 412 647 Ordinis
437 614 558 650 reduci,
586 624 640 645 seu
666 613 818 644 adversus
843 611 914 642 illas

183 667 371 709 aperitionis
409 667 495 705 oris,
524 665 737 698 restitutionis
770 663 803 695 in
834 663 916 694 inte-

183 729 285 761 grum,
317 719 443 752 aliudve
475 719 702 761 quodcumque
727 716 816 754 iuris,
841 714 913 747 sacti

181 772 231 804 vel
255 772 376 813 gratiae
400 771 574 803 remedium
608 768 761 802 intentari
786 769 833 800 rcl
859 767 916 799 im-

181 823 310 865 petrari,
336 828 390 855 aut
412 822 597 864 impetrato,
624 831 680 853 seu
700 821 794 852 etiam
815 824 913 858 motu,

181 874 318 907 scientia
342 880 374 907 et
407 874 574 917 potestatis
598 872 799 916 plenitudine
830 871 915 914 pari-

180 927 242 959 bus
273 936 428 959 concesso
459 927 508 958 vel
534 929 703 964 emanat0‚
730 923 914 966 quempiam

181 978 214 1010 in
238 977 358 1011 iudicio
382 978 432 1010 vel
453 982 539 1009 extra
559 976 637 1008 illud
659 976 702 1007 uti
728 986 784 1008 seu
809 986 842 1007 se
868 975 914 1007 iu-

180 1040 254 1063 vare
271 1031 339 1065 ullo
357 1030 452 1062 modo
470 1039 577 1072 posse,
600 1028 657 1060 sed
678 1029 806 1060 easdem
827 1038 915 1070 prae-

181 1088 289 1115 sentes
320 1082 444 1115 litteras
474 1090 604 1123 semper
622 1080 727 1112 firmas
745 1080 865 1112 validas
883 1084 915 1111 et

182 1134 330 1168 efficaces
344 1133 482 1166 existere
504 1138 534 1164 et
551 1133 631 1170 sore,
651 1142 792 1174 suosque
808 1133 914 1173 plena—

181 1187 248 1220 rios
273 1192 305 1220 et
328 1187 473 1228 integros
501 1185 631 1218 effectus
666 1185 775 1216 sortiri
800 1190 831 1217 et
858 1185 915 1221 ob-

182 1239 308 1278 tinere,
333 1249 370 1271 ac
393 1238 432 1270 ab
458 1238 541 1276 illis,
566 1238 604 1269 ad
631 1247 712 1280 quos
737 1241 861 1278 spectat
884 1241 915 1267 et

180 1301 242 1334 pro
267 1296 413 1333 tempore
438 1289 710 1332 quandocumque
735 1288 911 1331 spectabit,

182 1343 216 1375 in
240 1343 390 1376 omnibus
414 1347 447 1374 et
470 1352 530 1384 per
554 1341 662 1373 omnia
686 1341 915 1373 inviolabiliter

183 1400 215 1428 et
238 1396 430 1428 inconcusse
461 1392 627 1426 observari
658 1398 689 1425 et
719 1392 912 1435 adimpleri,

184 1447 295 1490 sicque
320 1452 352 1480 et
375 1456 441 1478 non
461 1445 555 1478 aliter
579 1445 611 1476 in
632 1444 816 1487 praemissis
842 1455 915 1476 cen-

185 1501 257 1539 seri,
284 1505 380 1542 atque
405 1499 450 1531 ita
473 1508 532 1541 per
556 1508 774 1540 quoscumque
793 1497 914 1529 iudices

184 1552 366 1586 ordinarios
382 1556 414 1584 et
436 1551 614 1592 delegatos,
634 1550 730 1582 etiam
747 1559 914 1581 causarum

185 1604 295 1648 palatii
322 1603 491 1647 apostolici
517 1602 692 1641 auditores,
721 1613 756 1634 ac
779 1602 807 1634 S.
827 1602 862 1633 R.
883 1601 914 1633 E.

185 1657 385 1695 cardinales,
418 1655 512 1688 etiam
536 1654 575 1687 de
610 1655 709 1687 latere
736 1656 860 1696 legatos
886 1659 917 1686 et

185 1709 391 1752 Apostolicae
416 1708 507 1740 Sedis
526 1707 671 1746 nuncios,
687 1706 805 1739 aliosve
825 1717 917 1749 quos<

185 1761 264 1795 libet
289 1770 489 1804 quacumque
519 1759 771 1802 praeeminentia
795 1764 826 1791 et
861 1770 917 1801 po-

186 1818 301 1847 testate
326 1813 499 1854 sungentes
537 1816 568 1844 et
592 1811 769 1850 suncturos,
795 1811 917 1843 sublata

188 1865 234 1899 eis
259 1870 290 1898 et
313 1874 425 1898 eorum
449 1863 582 1896 cuilibet
603 1863 711 1906 quavis
730 1863 822 1895 aliter
840 1862 919 1895 iudi-

188 1918 282 1950 candi
307 1922 339 1950 et
356 1916 573 1958 interp-standi
594 1916 744 1948 facultate
762 1920 793 1947 ct
812 1921 919 1948 aucto·
938 1925 939 1937 ¹

189 1971 294 2010 ritate,
318 1969 453 2002 iudicari
478 1974 510 2001 et
535 1968 661 2001 definiri
679 1969 808 2008 debere,
827 1979 862 2001 ac
880 1969 920 2000 ir-
939 1986 940 1994 κ

189 2022 285 2055 ritum
309 2027 342 2054 et
358 2022 454 2054 inane
472 2021 498 2053 si
519 2031 612 2053 secus
629 2031 726 2063 super
743 2021 793 2053 his
811 2031 827 2053 a
845 2031 921 2063 quo-

189 2085 305 2117 quam,
330 2074 441 2117 quavis
467 2074 680 2113 auctoritate,
707 2074 846 2107 scienter
871 2074 919 2106 vel

189 2126 378 2169 ignoranter
403 2125 578 2166 contigerit
602 2125 766 2157 attentari.

233 2179 248 2221 ἓ
272 2178 302 2211 7.
328 2178 398 2210 Non
424 2177 625 2210 obstantibus
647 2177 847 2219 praemissis,
875 2189 919 2218 ac,

190 2236 347 2274 quatenus
365 2241 445 2272 opus
467 2230 518 2267 sit,
536 2232 644 2262 nostra
661 2235 692 2262 et
708 2231 920 2263 cancellariae

191 2283 385 2326 apostolicae
410 2283 522 2324 regula
547 2282 586 2314 de
610 2282 677 2314 iure
695 2283 838 2324 quaesito
856 2293 921 2315 non

191 2334 350 2373 tollendo,
375 2333 509 2376 aliisque
535 2333 730 2376 apostolicis,
749 2344 786 2366 ac
806 2335 837 2366 in
854 2334 922 2366 uni-

192 2385 380 2425 versatibus,
405 2385 722 2427 provincialibusque
743 2391 774 2418 et
789 2387 922 2429 synoda-

193 2438 278 2471 libus
293 2437 437 2470 conciliis
452 2437 554 2476 editis,
573 2438 777 2479 generalibus
790 2440 840 2472 vel
854 2449 922 2482 spe-

193 2489 340 2529 cialibus,
366 2490 651 2522 constitutionibus
684 2495 715 2522 et
745 2491 922 2523 ordinatio-

192 2541 308 2580 nibus,
341 2551 467 2574 necnon
499 2542 574 2574 dicti
605 2541 752 2582 Ordinis,
788 2543 920 2586 eiusque

275 2603 355 2632 Bull.
376 2604 458 2632 Rom.
475 2617 508 2624 —-
528 2604 584 2632 Vol.
602 2604 677 2632 XIX.
821 2606 856 2634 28

752 201 825 226 INNO
831 200 962 225 CENTIUS
983 201 1014 224 XI
1039 201 1087 224 1³1⁵.

959 247 1255 289 congregationum,
1274 245 1548 285 reformationum‚
1565 243 1687 286 provin-

958 300 1078 332 ciarum
1103 305 1134 332 et
1158 304 1373 332 conventuum
1405 305 1687 340 quorumcumque,

959 352 1068 384 aliisve
1104 352 1315 394 quibuslibet,
1350 351 1445 383 etiam
1477 350 1686 388 iuramento,

957 404 1201 436 confirmatione
1226 403 1413 446 apostolica,
1439 403 1488 434 vel
1505 401 1615 444 quavis
1636 399 1689 432 fir·

958 455 1067 488 mitate
1093 456 1154 488 alia
1178 456 1354 493 roboratis,
1388 454 1531 492 statutis,
1559 453 1687 489 usibus,

957 508 1045 549 styl1s
1071 514 1102 540 et
1134 506 1431 546 consuetudinibus
1456 506 1550 538 etiam
1576 505 1688 536 imme-

957 560 1178 598 morabilibus,
1202 559 1379 602 privilegiis
1397 568 1538 601 quoque,
1553 556 1686 589 indultis

957 617 989 644 et
1008 612 1124 644 litteris
1143 611 1328 654 apostolicis
1347 611 1450 643 eidem
1465 610 1586 648 Ordini,
1604 609 1687 642 eius-

957 675 1019 707 que
1044 664 1283 706 supcrioribus,
1310 663 1459 694 fratribus
1487 667 1517 694 et
1541 661 1688 704 personis

957 716 1131 758 quibusvis,
1157 715 1215 747 sub
1233 715 1489 757 quibuscumque
1514 714 1686 746 verborum

958 768 1124 800 tenoribus
1149 773 1181 799 et
1206 767 1339 806 formis,
1367 777 1402 798 ac
1428 776 1499 798 eum
1524 765 1688 808 quibusvis

956 820 1048 853 etiam
1067 819 1346 861 derogatoriarum
1365 818 1589 859 dcrogatoriiS,
1605 817 1688 849 aliis-

955 883 990 904 ve
1016 871 1266 910 efficacioribus,
1292 870 1519 903 efficacissimis
1544 874 1575 901 et
1599 869 1687 901 inso-

955 924 1019 957 litis
1053 923 1219 962 clausulis,
1244 922 1527 964 irritantibusque,
1551 921 1688 963 aliisque

956 976 1094 1009 decretis
1119 976 1152 1008 in
1177 985 1297 1017 genere
1322 975 1372 1007 vel
1398 974 1430 1006 in
1455 973 1572 1017 specie,
1591 973 1688 1006 etiarn

955 1034 1055 1067 motu,
1081 1028 1215 1060 scientia
1240 1032 1271 1059 ct
1294 1026 1465 1070 potestatis
1483 1024 1688 1068 plenitudine

955 1081 1097 1123 paribus,
1124 1090 1159 1111 ac
1179 1078 1445 1112 consistorialiter
1464 1082 1495 1109 et
1512 1077 1594 1109 alias
1611 1087 1689 1120 quo-

956 1133 1133 1165 modolibet
1158 1132 1189 1164 in
1215 1130 1413 1163 contrarium
1438 1129 1687 1172 praemissorum

955 1185 1117 1217 concessis
1136 1194 1171 1216 ac
1188 1184 1458 1227 quantiscumque
1474 1182 1596 1214 vicibus
1613 1191 1689 1214 con-

956 1236 1103 1276 firmatis,
1123 1235 1310 1278 approbatis
1330 1239 1362 1267 et
1378 1234 1553 1274 innovatis,
1573 1234 1688 1277 quibus

955 1289 1105 1321 omnibus
1123 1293 1153 1319 et
1171 1287 1318 1329 singulis,
1336 1285 1461 1318 etiamsi
1482 1296 1540 1328 pro
1557 1286 1688 1318 illorum

954 1340 1126 1373 sufficienti
1165 1339 1376 1381 derogatione
1404 1339 1445 1371 de
1477 1338 1541 1371 illis
1565 1349 1690 1371 eorum-

955 1403 1015 1435 que
1039 1393 1115 1425 totis
1140 1392 1318 1430 tenoribus,
1343 1391 1500 1434 specialis,
1527 1390 1688 1433 specifica,

955 1454 1106 1488 expressa
1131 1450 1162 1478 et
1186 1445 1369 1483 individua,
1397 1454 1433 1476 ac
1458 1443 1496 1476 de
1517 1444 1617 1476 verbo
1651 1444 1690 1476 ad

955 1497 1099 1535 verbum,
1125 1507 1189 1529 non
1213 1501 1318 1528 autem
1338 1506 1396 1538 per
1414 1495 1573 1527 clausulas
1593 1505 1691 1537 gene-

956 1551 1038 1582 rales
1053 1549 1136 1581 idem
1150 1549 1373 1591 importantes,
1389 1547 1510 1579 mentio
1525 1557 1582 1579 seu
1598 1558 1692 1590 quae-

957 1602 1002 1634 vis
1026 1602 1095 1644 ssalia
1131 1600 1293 1643 expressio
1331 1600 1481 1631 habenda
1506 1604 1561 1632 aut
1584 1599 1692 1642 aliqua

958 1655 1020 1687 alia
1044 1654 1200 1696 exquisita
1233 1653 1333 1685 forma
1366 1652 1404 1684 ad
1441 1652 1502 1684 hoc
1532 1652 1691 1684 servanda

958 1707 1054 1746 soret,
1086 1707 1214 1738 illorum
1242 1711 1370 1737 tenores
1397 1704 1603 1743 huiusmodi,
1628 1704 1692 1737 sor-

958 1769 1037 1798 mas,
1062 1768 1170 1790 causas
1196 1762 1228 1790 et
1251 1756 1437 1789 occasiones
1465 1756 1692 1799 praesentibus

959 1821 1017 1853 pro
1042 1811 1137 1852 plene
1163 1814 1194 1841 et
1212 1809 1410 1841 sufficienter
1428 1809 1598 1851 expressis,
1620 1819 1692 1841 exa-

959 1862 1100 1894 ctissime
1118 1862 1251 1894 servatis
1266 1866 1297 1893 et
1310 1861 1499 1904 specificatis
1514 1861 1692 1903 respective

960 1916 1124 1955 habentes,
1150 1914 1213 1946 illis
1239 1915 1317 1946 alias
1344 1914 1373 1945 in
1401 1924 1459 1945 suo
1484 1914 1601 1946 robore
1622 1924 1693 1956 per-

959 1968 1126 2005 mansuris,
1140 1967 1178 1999 ad
1193 1966 1444 2009 praemissorum
1459 1965 1616 2006 ess'ectum,
1633 1967 1693 2000 hac

961 2021 1028 2053 vice
1054 2021 1236 2059 dumtaxat,
1269 2020 1459 2062 specialiter
1484 2025 1514 2052 et
1540 2030 1693 2062 expresse

961 2074 1155 2115 derogamus
1181 2077 1212 2104 et
1237 2072 1426 2113 derogatum
1455 2083 1523 2105 esse
1549 2073 1694 2105 volumus

961 2125 1139 2167 ceterisque
1161 2124 1329 2157 contrariis
1354 2125 1619 2168 quibuscumque.

1005 2178 1019 2220 ξ
1056 2176 1086 2209 8.
1118 2177 1271 2209 Volumus
1304 2182 1409 2209 autem
1441 2182 1476 2209 ut
1507 2179 1694 2211 earumdem

961 2229 1182 2273 praesentium
1201 2229 1383 2262 litterarum
1401 2231 1621 2273 transumptis,
1640 2242 1696 2264 seu

962 2282 1128 2325 exemplis,
1163 2282 1260 2315 etiam
1295 2282 1485 2324 impressis,
1516 2294 1614 2315 manu
1640 2284 1698 2317 ali-

962 2336 1055 2367 cuius
1088 2335 1207 2367 notarii
1248 2335 1371 2378 publici
1411 2336 1632 2379 subscriptis,
1666 2343 1698 2370 et

962 2388 1070 2430 sigillo
1095 2397 1258 2430 personae
1286 2387 1318 2419 in
1345 2387 1569 2420 ecclesiastica
1593 2388 1699 2431 digni-

962 2445 1029 2473 tate
1049 2440 1245 2472 constitutae
1263 2439 1408 2479 munitis,
1428 2440 1541 2473 eadem
1560 2451 1698 2484 prorsus

962 2493 1042 2525 sides
1057 2492 1178 2535 ubique
1191 2493 1335 2525 locorum
1348 2499 1409 2525 tam
1425 2493 1456 2525 in
1471 2493 1590 2527 iudicio
1602 2506 1698 2537 quam

964 2550 1054 2577 extra
1091 2544 1172 2578 illud
1208 2545 1386 2586 habeatur,
1415 2556 1496 2589 quae
1523 2547 1699 2583 haberetur

1584 181 1647 214 2¹7
1698 195 1744 220 An.
1759 195 1788 220 c.
1816 194 1880 220 ¹579

1746 2191 1809 2211 Fides
1832 2192 1889 2211 trane

1707 2220 1843 2244 sumptorum.
