2111 3157
134 220 184 248 An.
201 217 229 246 C.
251 217 319 246 1088

153 968 222 987 (Zur-r
238 967 298 989 xxti.

160 995 190 1015 lta
205 995 295 1016 donatis.

366 207 429 241 cor.

328 266 427 300 tualia
453 264 638 309 hospitibus
666 259 734 295 dari
765 258 860 293 solita
886 258 932 292 eis
957 258 1069 292 conse-

329 326 454 354 rantur.

371 384 426 406 vn.
447 370 632 404 Praedictas
651 373 714 401 tam
732 366 943 410 fugitivorum
972 358 1068 408 quam

329 426 579 459 criminosorum
604 432 736 465 poenas,
758 419 959 452 reverendus
976 423 1070 462 pater

329 483 437 522 potest
467 476 673 520 quandoque,
700 474 726 506 si
752 473 780 506 ei
805 471 977 511 videbitur,
1002 482 1069 504 mo-

330 532 436 566 derari
455 543 462 572 ;
485 531 568 564 alius
586 540 661 562 vero
680 528 777 572 prior,
796 527 893 560 etiam
913 525 1068 569 proprius

330 585 536 623 corumdem,
563 583 634 616 sine
659 581 760 625 ipsius
776 580 878 623 patris
895 578 1069 612 reverendi

329 638 472 678 licentia,
497 642 725 681 praeterquam
750 634 782 666 in
800 633 915 666 mortis
932 631 1068 665 articulo

328 694 378 726 rcl
404 692 540 724 maxima
566 689 772 727 necessitate,
790 688 897 720 facere
916 686 979 719 hoc
1003 695 1068 718 non

328 750 457 789 potest3
493 743 684 786 disciplinas
711 747 817 774 tamen
842 745 873 773 et
897 739 1069 773 comestio-

328 809 386 832 nes
411 798 450 831 ad
477 802 608 836 terram,
633 800 665 828 et
689 795 830 837 rigorem
862 793 896 826 in
927 792 1070 826 victuali-

326 852 387 885 bus
413 862 449 884 ex
476 850 583 894 aliqua
608 851 706 882 causa
730 846 915 880 rationabili
947 846 1069 890 poterit

328 906 421 949 prior
445 903 619 938 moderari.

372 969 393 991 ι.
414 957 590 991 Statuimus
605 956 642 988 de
658 960 767 988 cetero
792 959 827 986 ut
843 953 953 986 nullus
970 952 1069 986 omni-

328 1023 370 1045 no
397 1011 572 1054 recipiatur
590 1010 622 1042 in
641 1014 757 1042 statum
775 1007 980 1041 redditorum
1004 1008 1069 1040 cle-

328 1066 483 1104 ricorum,
500 1065 548 1097 vel
567 1063 733 1101 laicorum,
749 1066 803 1094 aut
817 1060 1068 1104 praebendario-

327 1129 416 1157 1‘um3
445 1117 500 1150 sed
526 1125 638 1149 omnes
663 1124 825 1158 personae
851 1113 980 1146 Ordinis
1004 1112 1069 1145 sint

326 1170 489 1210 monachi,
508 1168 669 1209 conversi,
685 1167 806 1206 donati,
820 1171 874 1199 aut
895 1165 1065 1198 moniales.

372 1235 406 1257 11.
434 1222 512 1256 Cum
539 1233 575 1255 ex
603 1222 731 1254 incauta
756 1225 788 1254 et
811 1220 987 1253 indiscreta
1019 1229 1069 1251 re-

329 1277 483 1321 ceptione
517 1276 736 1315 donatorum,
764 1284 879 1316 magna
903 1273 1069 1315 multaque

328 1332 422 1370 mala,
448 1330 564 1363 damna
589 1334 620 1361 et
645 1328 797 1361 scandala
823 1326 993 1360 imminere
1018 1336 1069 1358 no-

330 1388 471 1423 scantur,
499 1382 671 1414 statuimus
691 1380 776 1424 quod
793 1380 903 1413 nullus
920 1379 988 1412 ullo
1006 1388 1070 1410 mo-

333 1437 371 1470 rlo
395 1438 502 1469 ullove
526 1441 672 1478 tempore
703 1433 878 1476 recipiatur
907 1432 941 1464 in
971 1432 1071 1464 doua-

333 1495 398 1522 tum
425 1489 547 1532 absque
571 1487 775 1519 visitatorum
800 1484 944 1525 licentia,
975 1488 1072 1526 atque

333 1549 510 1577 conventus
529 1543 577 1575 vel
596 1539 726 1573 maioris
745 1539 844 1583 partis
866 1536 1070 1576 conventus¹,

334 1603 365 1630 et
390 1596 450 1629 nisi
487 1595 577 1638 prius
613 1594 698 1626 bene
734 1592 912 1636 probetur,
939 1601 975 1624 ac
999 1600 1072 1622 cum

335 1648 590 1687 conditionibus,
619 1657 700 1690 quae
726 1646 779 1678 hic
799 1644 1049 1687 subiungentur.

380 1712 426 1736 ιιι.
455 1701 608 1734 Mulieres
640 1704 758 1741 autem,
784 1708 844 1731 nec
869 1697 901 1730 in
927 1697 1075 1730 domibus

335 1756 465 1793 nostris,
497 1764 556 1787 nec
587 1758 676 1786 extra
701 1762 755 1785 eas
780 1752 846 1784 ullo
871 1750 968 1784 inodo
994 1749 1076 1783 reci-

336 1809 468 1853 piantur
501 1808 664 1845 donatam
699 1816 759 1838 nec
795 1804 917 1848 pariter
948 1803 1075 1836 uxorati

338 1861 549 1895 admittantur
574 1859 605 1892 in
632 1860 783 1891 donatos.

383 1925 424 1948 iv.
451 1913 509 1952 Qui
535 1918 640 1945 autem
666 1911 877 1955 recipientur,
904 1909 1011 1954 primo
1038 1910 1077 1943 de

340 1978 436 2001 manu
469 1964 588 2010 prioris
615 1965 645 1997 in
671 1964 814 2008 capitulo
845 1973 1078 1996 conversorum

342 2020 505 2064 caputium
538 2018 708 2061 accipiant,
743 2022 774 2050 ct
809 2021 982 2060 antequam
1014 2016 1079 2049 ulla

342 2072 561 2117 promissione
586 2072 740 2113 ligentur,
761 2070 946 2113 probentur
970 2069 1001 2102 iu
1028 2069 1082 2102 do-

344 2137 395 2159 mo
414 2136 473 2169 per
497 2136 596 2157 unum
623 2134 743 2157 annum
761 2124 799 2156 ad
818 2123 935 2163 minus,
953 2127 1007 2155 aut
1023 2133 1082 2166 per

345 2179 474 2222 longius
491 2177 728 2221 tempus,sicuti
744 2177 844 2220 priori
859 2177 963 2209 visum
978 2176 1082 2209 suerit.

391 2244 419 2265 v.
446 2232 545 2264 Porro
571 2241 643 2264 cum
662 2230 904 2264 conditionibus
921 2229 1084 2273 sequenti-

348 2286 408 2319 bus
443 2284 654 2327 recipiantur,
690 2283 853 2322 videlicet,
891 2282 980 2325 quod
1017 2282 1085 2315 sine

909 209 1088 234 Bruanium
1113 208 1264 233 ROMANUM

1113 267 1183 290 rum
1204 257 1309 291 dictae
1328 249 1442 290 domus
1463 257 1509 291 eis
1527 249 1592 291 non
1617 258 1768 292 celabunt
1791 259 1849 293 sed

1112 310 1314 351 revelabunt,
1332 311 1489 345 honorem
1511 317 1544 345 et
1567 312 1771 346 commodum
1795 323 1851 347 eo-

1111 375 1181 397 rum
1206 363 1344 407 diligent
1361 369 1393 397 et
1412 365 1649 408 procurabunt·,
1667 365 1744 398 item
1763 366 1850 410 quod

1112 417 1311 451 correctioni
1322 417 1450 451 Ordinis
1465 418 1609 451 totaliter
1621 418 1847 460 subiacebunt;

1113 472 1152 505 de
1177 471 1240 512 his,
1260 481 1340 514 quae
1366 470 1674 512 administraverint,
1692 472 1794 516 priori
1819 478 1850 505 et

1112 523 1315 568 procuratori
1350 524 1509 558 rationem
1546 525 1686 558 reddent
1720 525 1850 569 quoties

1112 588 1212 622 super
1233 579 1296 612 hoc
1312 577 1434 611 suerint
1452 578 1619 622 requisiti;
1639 578 1727 622 quod
1746 578 1850 612 conti-

1112 637 1229 664 nenter
1248 631 1375 671 vivent;
1402 635 1434 663 et
1459 631 1485 664 si
1511 631 1613 674 (quod
1633 631 1729 674 absit)
1751 631 1852 665 conti-

1112 685 1256 718 nentiam
1274 695 1340 718 non
1359 689 1538 723 servarent,
1555 690 1608 717 aut
1623 684 1654 717 in
1673 684 1744 717 aliis
1760 695 1853 728 prae-

1112 738 1218 771 missis
1242 749 1296 771 seu
1323 737 1355 770 in
1381 737 1489 782 aliquo
1515 738 1701 771 eorumdem
1734 737 1852 773 defice-

1113 797 1195 831 rent,
1214 791 1301 835 quod
1327 791 1536 824 donationem
1562 790 1722 824 eiusmodi
1746 792 1852 824 valeat

1112 845 1198 878 Ordo
1223 844 1424 888 infringere,
1450 850 1483 878 et
1506 855 1542 878 se
1565 845 1604 878 de
1631 849 1694 877 tam
1718 843 1852 878 infelici-

1112 899 1172 932 bus
1196 899 1348 943 personis
1366 898 1531 941 expedire,
1557 899 1679 932 nullam
1700 908 1853 931 renume-

1112 953 1273 986 rationem
1296 952 1431 992 eisdem‚
1456 952 1496 985 de
1522 956 1668 996 tempore
1694 962 1757 996 quo
1781 962 1852 985 ser-

1112 1006 1230 1040 vierint
1254 1005 1374 1045 domui,
1400 1005 1562 1038 faciendo.

1156 1069 1200 1093 vt.
1228 1058 1332 1092 Vestis
1357 1059 1552 1091 donatorum
1585 1058 1738 1101 superior
1770 1068 1860 1102 nun-7

1113 1123 1209 1156 quam
1233 1112 1355 1154 virgata
1381 1117 1412 1144 et
1431 1111 1562 1154 partita,
1580 1121 1640 1144 nec
1655 1110 1781 1151 viridis,
1799 1120 1851 1144 ru-

1112 1166 1164 1199 bei
1190 1170 1244 1198 aut
1263 1164 1368 1198 crocei
1394 1163 1525 1203 coloris,
1548 1164 1604 1197 sed
1622 1162 1772 1197 unicolor
1795 1164 1850 1204 sit,

1113 1225 1145 1253 et
1175 1219 1273 1262 grisei
1305 1219 1353 1251 vel
1384 1217 1527 1250 castanei
1553 1217 1694 1257 coloris,
1726 1222 1758 1250 et
1788 1222 1852 1250 tam

1113 1274 1208 1316 longa
1234 1272 1321 1315 quod
1347 1281 1453 1314 genua
1477 1270 1606 1315 operiat
1630 1275 1662 1303 et
1687 1275 1853 1304 transcen-

1114 1327 1178 1360 dat.
1199 1324 1370 1369 Caputium
1389 1324 1535 1357 eiusdem
1557 1323 1677 1357 coloris
1702 1334 1775 1356 cum
1801 1334 1853 1357 ve-

1114 1385 1162 1411 ste
1188 1388 1318 1421 semper
1343 1377 1427 1410 serre
1460 1376 1593 1409 debent.
1627 1376 1854 1409 Verumtamen

1115 1433 1230 1465 diebus
1256 1430 1390 1470 festivis,
1407 1430 1538 1473 quando
1563 1440 1621 1473 pro
1646 1429 1755 1462 divino
1786 1428 1855 1462 offi-

1115 1486 1164 1518 cio
1189 1483 1351 1517 audiendo
1376 1483 1415 1516 ad
1441 1483 1571 1515 domum
1596 1481 1800 1526 superiorem
1823 1491 1856 1514 a-

1116 1538 1283 1577 scendunt,
1302 1541 1423 1570 vestem
1441 1536 1616 1578 oblongam
1633 1546 1699 1568 non
1718 1534 1855 1568 cinctam

1117 1597 1148 1625 et
1172 1591 1335 1634 caputium
1359 1589 1453 1623 sicuti
1482 1588 1627 1622 conversi
1647 1588 1808 1621 deserunt.

1162 1655 1219 1678 vit.
1248 1643 1363 1677 Donati
1389 1653 1514 1676 comam
1539 1652 1594 1675 seu
1615 1641 1752 1685 capillos
1779 1651 1858 1674 nun-

1119 1708 1216 1741 quam
1236 1698 1384 1730 relaxent
1408 1700 1463 1728 aut
1487 1695 1642 1734 nutriant,
1662 1694 1718 1727 sed
1737 1693 1783 1726 sic
1801 1703 1857 1726 eos

1118 1751 1151 1784 in
1169 1750 1342 1784 rotundum
1362 1749 1529 1786 tondeant,
1546 1752 1583 1780 ut
1599 1746 1784 1790 patentibus
1805 1756 1859 1779 au-

1120 1804 1211 1836 ribus
1235 1802 1401 1836 incedant.
1437 1800 1526 1840 Quod
1551 1799 1576 1832 si
1603 1805 1651 1832 ter
1674 1798 1789 1831 moniti
1815 1792 1859 1830 sass

1120 1867 1193 1891 cere
1225 1855 1405 1895 noluerint,
1440 1854 1685 1887 incarceremur
1709 1852 1749 1885 ad
1775 1851 1859 1895 prio·

1122 1911 1164 1944 ris
1203 1911 1402 1944 voluntatem
1421 1934 1428 1948 ,
1454 1908 1559 1940 donec
1598 1905 1859 1939 emendationem

1124 1963 1258 1997 fecerint
1282 1966 1532 2005 competentem.

1167 2026 1237 2049 vin.
1259 2015 1372 2048 Donati
1392 2018 1565 2046 teneantur
1582 2012 1691 2045 dicere
1715 2021 1773 2055 pro
1793 2021 1860 2044 ma-

1125 2069 1237 2103 tutinis
1249 2068 1356 2102 decies
1371 2068 1472 2101 Pater
1489 2070 1595 2099 noster
1613 2072 1643 2098 et
1655 2065 1721 2099 Ave
1734 2064 1859 2105 Μανία,-

1125 2134 1185 2167 pro
1211 2122 1356 2165 qualibet
1379 2121 1461 2153 hora
1481 2119 1543 2152 alia
1570 2124 1617 2152 ter
1639 2119 1740 2152 Pater
1756 2121 1861 2150 noster

1127 2182 1158 2210 et
1174 2176 1240 2210 Ave
1257 2175 1385 2214 Maria;
1403 2184 1463 2217 pro
1489 2178 1639 2206 recenter
1659 2172 1810 2205 defuneto
1827 2170 1861 2203 in

1127 2230 1222 2262 domo
1248 2230 1303 2261 sua
1328 2227 1461 2270 triginta
1485 2227 1586 2260 Pater
1610 2230 1717 2258 noster
1740 2230 1772 2258 et
1794 2224 1864 2258 Ave

1128 2281 1257 2321 Maria;
1282 2291 1343 2324 pro
1369 2279 1608 2320 anniversariis,
1635 2278 1741 2312 omnis
1762 2276 1863 2321 septi-

1847 210 1899 237 An.
1914 209 1945 238 C.
1967 210 2034 240 ¹688

1129 2346 1223 2369 mana
1240 2334 1353 2368 decem
1370 2335 1470 2368 Pater
1486 2337 1592 2366 noster
1612 2337 1644 2366 et
1659 2332 1726 2365 Ave
1739 2330 1862 2371 Maria,-

1129 2399 1187 2432 pro
1212 2387 1317 2421 officio
1343 2385 1504 2430 generalis
1530 2386 1665 2429 capituli
1681 2384 1865 2418 Cluniacen-

1130 2442 1213 2475 sium
1232 2446 1264 2474 et
1279 2441 1524 2474 benefactorum
1545 2443 1620 2482 post
1635 2437 1781 2470 Natalem
1797 2436 1862 2470 Do-

1130 2495 1208 2528 mini
1226 2494 1358 2537 triginta
1374 2495 1475 2528 Pater
1491 2497 1597 2526 noster
1612 2497 1644 2525 et
1659 2491 1726 2525 Ave
1742 2490 1865 2524 Maria.

1175 2559 1217 2581 ix.
1237 2547 1457 2581 Confiteanun·
1471 2551 1502 2580 et
1517 2545 1758 2579 communicent
1771 2544 1802 2577 in
1820 2554 1868 2577 so-

1131 2601 1352 2637 lemnitatibus
1366 2599 1544 2634 Nativitatis
1554 2604 1586 2633 et
1594 2598 1719 2633 Coenae
1729 2592 1866 2637 Domini,

351 2338 483 2383 proprio
508 2338 615 2370 vivent
641 2337 671 2369 in
697 2336 870 2376 communi,
896 2336 1010 2369 domus
1035 2346 1087 2368 au-

353 2398 417 2424 tem
452 2391 498 2424 eis
529 2390 716 2434 providebit
747 2389 944 2423 sufficienter
970 2389 1009 2422 de
1034 2399 1084 2422 ne-

354 2445 521 2485 cessariis,
550 2445 634 2488 quod
662 2444 771 2478 domui
797 2444 843 2477 illi
865 2448 896 2476 et
919 2443 1031 2477 Ordini
1057 2453 1088 2476 e-

355 2504 429 2530 runt
464 2498 527 2530 veri
565 2498 754 2531 obedientes
781 2503 812 2530 et
840 2497 973 2538 fideles;
1001 2497 1088 2540 quod

358 2552 506 2584 damnum
532 2556 585 2583 aut
604 2551 796 2593 vituperium
814 2550 932 2594 prioris
956 2556 987 2583 et
1011 2550 1090 2584 alio-

395 2614 404 2640 1
429 2612 528 2639 Forsan
549 2612 624 2639 deest
644 2620 780 2640 consensu
800 2614 837 2647 (a.
854 2612 901 2647 τ.).
