2111 3157
81 173 130 202 An.
149 173 181 202 C.
197 173 266 202 ¹681

270 221 438 257 sororibus
463 222 682 266 indigentibus
699 222 767 257 fieri
784 229 944 268 possunt;
964 232 1000 257 ea

270 279 378 309 tamen
409 274 479 309 fieri
516 276 637 310 debent
673 284 746 310 cum
781 277 943 320 praescitu
969 281 1001 310 et

269 337 428 371 consensu
445 329 605 372 praesidis
622 329 756 363 alicuius
777 329 934 363 dioecesis
951 331 1000 362 vel

268 379 441 421 territorii,
457 381 507 414 vel
532 382 576 414 it‘a
598 385 634 415 t'it
656 382 744 415 iuxta
766 382 1001 415 ratihabitatio-

268 443 343 467 nem
366 434 510 467 eiusdem
532 435 638 467 valere
664 435 827 467 debeant:
854 435 1000 477 superio-

267 484 357 518 ribus
382 494 458 519 vero
490 485 647 519 eiusmodi
680 487 840 529 denegare
865 486 916 519 vel
941 486 1001 518 ini-

267 541 393 572 mutare
417 546 484 572 non
514 538 635 580 licebit,
660 538 722 571 nisi
751 537 921 572 manifeste
955 539 1001 571 vi-

268 588 375 631 deant,
412 590 558 623 adhibito
595 590 729 623 consilio
764 591 910 631 aliorum,
947 595 1000 623 aut

267 641 378 676 habita
402 642 514 683 etiam,
531 643 564 675 in
582 653 616 676 re
641 643 749 685 gravi,
769 644 930 676 sententia
953 653 1000 676 re-

265 695 491 728 verendissimi
517 695 638 728 domini
655 695 830 735 Ordinarii,
851 696 938 739 quod
957 695 999 727 ir-

266 747 503 781 rationabiliter
526 757 564 780 ea
588 746 670 780 sacta
694 747 769 780 sint.

307 807 417 833 xxxin.
428 799 545 842 Legata
558 805 590 832 et
602 800 802 839 donationes,
813 808 894 842 quae
908 800 999 843 ipsis-

264 856 331 885 met
343 852 498 885 membris
519 852 617 885 huius
631 852 768 885 instituti
783 852 822 884 ab
835 853 905 885 aliis
918 852 997 885 fiunt

264 903 384 937 intuitu
398 904 495 937 officii
508 905 557 938 vel
574 905 808 948 cuiuscumque
828 911 995 948 respectus

264 956 304 989 ad
328 961 447 989 statum
471 957 656 991 clericalem
684 962 739 990 aut
770 957 994 1001 quodcumque

265 1007 419 1050 officium,
441 1013 473 1042 et
488 1015 636 1052 spectant
652 1010 691 1042 ad
716 1010 802 1043 bona
822 1010 897 1042 huic
914 1020 996 1042 com-

263 1060 411 1094 munitati
429 1061 590 1104 obligata3
607 1071 689 1105 quae
707 1070 783 1095 vero
809 1062 926 1095 dantur
948 1062 995 1094 in-

263 1114 345 1147 tuitu
362 1114 664 1157 consanguinitatis,
679 1113 841 1148 affinitatis
858 1116 906 1148 vel
924 1115 998 1148 ami-

264 1165 360 1199 citiae
385 1177 476 1200 mere
494 1168 661 1207 naturalis,
680 1167 774 1200 bonis
794 1168 997 1210 patrimonia-

261 1219 349 1252 tibus
368 1219 696 1253 annumerantur.⁴ln
717 1229 789 1252 casu
815 1221 914 1254 dubio
940 1221 996 1254 do-

263 1272 405 1305 nationis
430 1272 541 1312 sactae,
560 1273 709 1305 standum
728 1272 789 1305 iuri
816 1273 995 1306 communi:

263 1326 301 1357 ea
326 1329 431 1357 tamen
456 1325 540 1367 lege,
557 1330 600 1364 ut,
619 1324 645 1357 si
660 1325 940 1367 aconsanguineis
966 1330 998 1357 et

259 1375 414 1409 affinibus
437 1386 541 1419 usque
566 1376 605 1409 ad
627 1382 777 1420 quartum
796 1377 930 1420 gradum
952 1377 997 1409 in-

263 1427 386 1462 clusive
410 1429 603 1462 donationes
619 1429 705 1470 fiant,
725 1439 781 1463 eae
802 1435 998 1463 censeantur

262 1480 365 1515 sactae
382 1482 548 1525 personis;
568 1482 600 1514 in
625 1483 742 1515 ceteris
767 1485 845 1515 ve'ro
869 1483 995 1515 casibus

263 1533 380 1574 dubiis,
394 1540 589 1568 censeantur
605 1534 707 1568 factae
725 1535 840 1568 intuitu
859 1535 994 1568 instituti

262 1586 330 1620 sive
352 1586 462 1620 officii.

304 1649 409 1684 xxxiv,
428 1639 542 1672 Debita
564 1640 692 1683 passiva
711 1640 743 1673 iu
764 1641 827 1673 vita
847 1646 900 1673 aut
923 1647 996 1684 post

262 1698 401 1726 mortem
426 1693 561 1726 alicuius
595 1704 632 1726 ex
659 1693 805 1727 instituto
831 1695 996 1727 solventur

263 1755 300 1779 ex
325 1745 440 1778 mediis
464 1746 503 1778 ab
528 1746 644 1779 eodem
669 1747 813 1780 relictis:
839 1747 894 1779 ubi
919 1757 994 1780 vero

262 1809 300 1832 ea
323 1809 390 1832 non
419 1797 624 1839 suffecerint,
651 1800 861 1833 communitas
885 1801 923 1833 ad
948 1811 996 1833 sa-

262 1853 489 1886 tistaciendum
514 1852 629 1886 iisdem
654 1854 795 1896 obligata
830 1864 895 1887 non
921 1855 992 1894 erit,

261 1905 324 1939 nisi
345 1910 418 1939 cum
439 1915 592 1949 expresso
612 1915 770 1939 consensu
793 1906 993 1949 superiorum

261 1957 400 1991 instituti
416 1963 447 1991 et
460 1958 646 1991 authentica
660 1970 696 1992 ex
711 1959 868 2002 scriptura
882 1961 992 1992 eadem

262 2009 345 2044 sacta
369 2021 439 2044 esse
471 2011 744 2054 comprobentur:
772 2011 868 2054 idque
893 2012 990 2052 ideo,

262 2063 338 2107 quia
357 2063 546 2107 ceteroquin
571 2064 679 2106 gravia
694 2064 902 2097 incommoda
920 2064 994 2096 huic

261 2110 410 2150 instituto
427 2122 665 2156 accrescerent,
687 2122 719 2150 et
743 2117 847 2160 ipsum
866 2117 994 2150 institu-

261 2174 346 2209 tum,
367 2170 454 2213 quod
471 2179 580 2202 curam
605 2169 675 2202 talis
699 2179 861 2212 personae
882 2170 914 2202 in
931 2170 995 2203 vita

263 2227 296 2256 et
308 2228 413 2256 morte
430 2222 462 2255 in
476 2233 509 2256 se
524 2223 679 2266 suscepit,
693 2233 759 2255 non
774 2228 898 2256 tanturn
913 2234 994 2256 com-

262 2271 395 2310 modum
420 2286 478 2319 pro
496 2275 650 2309 membris
667 2275 734 2308 suis
759 2286 825 2309 non
847 2276 992 2318 sentiret,

262 2338 374 2362 verum
398 2329 495 2362 etiam
520 2338 613 2371 grave
639 2328 788 2361 damnum
813 2334 991 2372 pateretur.

305 2390 398 2414 xxxv.
425 2380 559 2419 Quando
584 2391 644 2424 per
666 2381 802 2424 parochi
827 2382 876 2414 vel
901 2382 995 2415 bene-

263 2426 361 2466 ficiati
385 2432 550 2466 decessum
568 2434 618 2466 vel
635 2438 783 2473 mortem,
801 2443 837 2467 ex
855 2434 995 2477 gratiosa

263 2486 524 2520 reverendissimi
549 2486 671 2520 domini
696 2485 854 2519 Ordinarii
875 2487 924 2519 vel
943 2497 995 2530 pa-

265 2538 350 2572 troni
370 2540 589 2582 concessione,
606 2549 772 2575 successor
798 2550 836 2575 ex
863 2540 926 2574 hoc
952 2540 995 2574 in-

848 175 923 201 INNO
929 175 1060 201 CEN'rms
1082 176 1115 200 xt
1138 175 1187 200 1³1⁵.

1043 224 1154 257 stituto
1182 222 1296 263 suerit;
1322 221 1464 260 mobilia,
1491 231 1572 265 quae
1597 223 1774 255 successori

1042 277 1080 309 ad
1118 277 1295 310 ducendam
1333 274 1554 309 oeconomiam
1591 275 1775 309 necessaria

1043 331 1126 368 sunt,
1164 336 1230 362 non
1266 328 1507 368 distrahentur3
1533 338 1602 360 cum
1629 332 1774 361 anteces-

1042 391 1104 420 sor,
1131 381 1155 414 si
1178 382 1272 414 huius
1296 381 1431 413 instituti
1457 380 1562 421 suerit,
1586 380 1655 413 sine
1680 381 1774 413 detri-

1041 439 1150 466 mento
1175 443 1340 476 nunquam
1364 432 1493 473 vendat,
1510 439 1681 466 successor
1696 443 1772 466 vero

1042 484 1180 517 maxima
1203 495 1275 517 curn
1302 485 1567 518 incommoditate
1592 490 1624 517 et
1643 485 1774 518 difficul-

1041 541 1104 569 tate
1129 539 1263 577 coemat,
1279 548 1315 571 ac
1332 538 1371 571 de
1389 548 1473 571 novo
1492 538 1631 571 familiae
1649 539 1689 571 de
1706 545 1773 571 mo-

1040 590 1159 623 bilibus
1187 591 1375 634 prospiciat.
1397 591 1535 624 Proinde
1559 602 1576 623 a
1595 592 1772 635 superioris

1041 643 1247 675 ordinatione
1271 648 1303 675 et
1318 639 1491 686 prudentia
1511 643 1543 675 in
1562 644 1616 677 tali
1633 654 1706 676 casu
1724 655 1773 677 rc-

1039 704 1109 727 rum
1127 696 1354 738 temporalium
1372 696 1540 738 dispositio
1565 702 1618 729 aut
1643 698 1773 730 transla-

1040 746 1092 786 tio,
1112 756 1193 790 quae
1224 758 1261 779 ex
1290 747 1475 780 rationabili
1502 749 1693 782 necessitate
1721 751 1772 782 vel

1039 799 1177 832 utilitate
1202 798 1270 832 fieri
1295 800 1432 833 subinde
1457 800 1576 833 debere
1600 801 1770 841 videbitur,

1039 852 1255 895 dependebit;
1273 852 1317 885 ita
1341 858 1464 893 tamen,
1478 858 1527 891 ut,
1546 863 1606 896 pro
1632 853 1670 886 iis
1689 864 1771 897 quae

1038 905 1215 937 successori
1229 904 1468 947 relinquuntur,
1482 905 1652 938 honestum
1665 912 1695 938 et
1708 916 1772 938 nio-

1039 956 1149 988 derate
1167 961 1306 989 taxatum
1320 957 1458 999 pretium
1478 962 1565 990 certo
1584 962 1614 990 et
1628 957 1770 1000 praefixo

1039 1008 1194 1048 termino,
1223 1008 1257 1041 in
1282 1019 1357 1041 casu
1379 1009 1564 1042 mutationis
1586 1010 1625 1042 ab
1645 1012 1707 1042 una
1732 1010 1771 1042 ad

1038 1061 1132 1093 aliam
1143 1061 1331 1105 parochiam
1342 1061 1408 1094 sive
1419 1061 1772 1100 beneficium,solvat11r

1038 1114 1248 1154 antecessori3
1262 1114 1293 1146 in
1304 1125 1378 1147 casu
1390 1124 1463 1147 vero
1477 1115 1600 1154 mortis,
1613 1114 1770 1148 instituto.

1080 1174 1185 1199 xxxvt.
1209 1165 1299 1204 Quod
1324 1176 1400 1199 vero
1426 1172 1455 1199 et
1481 1172 1637 1209 quantum
1659 1178 1694 1200 ex
1720 1177 1771 1200 an-

1038 1218 1110 1250 nuis
1129 1219 1314 1252 huiusmodi
1333 1219 1482 1252 beneficii
1501 1220 1681 1252 redditibus
1705 1225 1771 1252 tum

1038 1272 1235 1304 antecessori
1272 1277 1336 1304 tuni
1373 1272 1557 1305 successori
1588 1277 1770 1314 competat,

1038 1333 1097 1365 pro
1122 1323 1178 1356 illa
1203 1329 1292 1366 parte
1325 1325 1505 1366 temporis,
1533 1334 1597 1367 quo
1631 1325 1770 1367 quisque

1038 1376 1170 1408 illorum
1195 1377 1275 1409 illud
1294 1377 1456 1418 possidet,
1479 1377 1563 1409 iuxta
1581 1377 1770 1419 capitularia

1039 1433 1157 1460 statuta
1169 1429 1218 1460 vel
1233 1428 1311 1460 alias
1332 1428 1486 1470 cuiusque
1503 1429 1658 1461 dioecesis
1679 1430 1768 1470 leges

1039 1485 1069 1513 et
1093 1480 1342 1513 consuetudines
1368 1480 1601 1513 determinetur
1625 1487 1657 1514 et
1682 1482 1770 1514 ordi-

1038 1538 1110 1565 nate
1129 1533 1317 1572 adnotetur,
1336 1533 1431 1576 idque
1450 1538 1621 1576 praesente
1640 1544 1675 1566 ac
1692 1544 1771 1566 con-

1039 1586 1184 1619 firmante
1211 1596 1268 1625 eo,
1289 1586 1340 1618 cui
1365 1586 1404 1618 de
1429 1585 1498 1618 iure
1523 1587 1572 1618 vel
1597 1592 1772 1619 consuetu-

1039 1639 1114 1671 dine
1132 1639 1299 1682 competit,
1326 1644 1372 1678 et,
1399 1638 1424 1671 si
1443 1649 1526 1682 opus
1542 1639 1657 1679 suerit,
1677 1649 1771 1681 prae-

1038 1697 1128 1724 sente
1152 1702 1216 1724 uno
1242 1692 1281 1724 ad
1307 1692 1338 1724 id
1363 1702 1401 1724 ex
1426 1691 1574 1724 instituto
1599 1692 1769 1735 deputato,

1038 1750 1072 1776 ut
1091 1745 1195 1777 omnis
1219 1745 1365 1777 confusio
1383 1744 1519 1778 evitetur
1533 1750 1565 1777 et
1580 1744 1770 1778 charitative

1039 1797 1165 1839 singula
1189 1797 1413 1840 disponantur.

1081 1861 1198 1884 xxxvn.
1225 1850 1301 1884 Cum
1327 1851 1390 1883 hoc
1415 1850 1597 1884 institutum
1622 1862 1681 1895 pro
1707 1851 1769 1885 linc

1039 1957 1098 1990 sim
1123 1958 1250 1997 vivere,
1276 1962 1311 1990 ut
1337 1963 1462 1997 tamen,
1488 1963 1644 2000 qnantum
1668 1958 1772 2001 possi-

1038 2012 1103 2043 bile
1129 2010 1245 2049 suerit,
1279 2010 1399 2053 ubique
1424 2010 1507 2049 duo,
1534 2016 1599 2043 tres
1623 2012 1673 2043 vel
1701 2011 1773 2053 plu·

1036 2073 1089 2096 res
1110 2063 1256 2096 eiusdem
1282 2063 1417 2095 instituti
1434 2063 1544 2096 clerici
1570 2068 1602 2096 et
1625 2064 1772 2096 sacerdo·

1039 2120 1086 2148 tes
1106 2115 1137 2147 in
1156 2115 1266 2147 eadem
1284 2115 1380 2147 domo
1399 2115 1540 2148 fraterne
1562 2115 1769 2154 cohabitent;

1037 2168 1225 2210 superiores
1242 2167 1416 2210 diligenter
1432 2167 1653 2209 invigilabunt,
1671 2173 1714 2207 ut,
1733 2178 1771 2200 ex

1037 2221 1171 2265 speciali
1189 2221 1296 2254 favore
1314 2221 1655 2254 reverendissimorum
1673 2221 1772 2254 domi—

1037 2285 1154 2308 norum
1189 2274 1435 2307 Ordinariorum
1472 2284 1508 2307 ac
1543 2278 1769 2319 patronorum)

1038 2328 1133 2361 liceat
1156 2327 1254 2360 etiam
1273 2327 1339 2359 ruri
1361 2327 1535 2359 fraternam
1557 2327 1695 2359 duorum
1720 2325 1770 2360 vel

1038 2380 1178 2424 plurium
1211 2380 1306 2412 huius
1338 2379 1472 2412 instituti
1499 2379 1693 2412 clericorum
1718 2389 1772 2411 co-

1038 2432 1271 2466 habitationem
1296 2432 1465 2465 instituere
1491 2443 1528 2465 ac
1552 2432 1754 2465 continuare.

1080 2495 1209 2519 xxxviii.
1235 2485 1268 2518 In
1294 2485 1433 2528 oppidis,
1451 2485 1505 2517 ubi
1523 2484 1660 2517 subinde
1678 2485 1771 2527 plura

1038 2539 1154 2583 partim
1179 2543 1287 2572 curata
1311 2538 1426 2582 partini
1451 2537 1609 2581 simplicia
1633 2537 1771 2570 existunt

1673 164 1737 197 547
1783 175 1831 202 Αη.
1853 175 1882 203 C.
1901 176 1968 203 ¹684

1827 1857 1964 1879 Observanda

1780 1883 1806 1903 de
1815 1883 1907 1906 fraterna
1916 1885 1964 1906 elia-

1038 1915 1095 1937 suo
1120 1904 1237 1937 habeat
1254 1904 1286 1936 in
1304 1905 1438 1937 salutem
1456 1905 1569 1948 populi
1588 1905 1631 1937 ita
1648 1905 1852 1947 disper-mato.
