2111 3157
0 189 20 210 a.
40 180 69 208 C.
89 180 155 208 ¹⁰88

139 253 141 256 Α
161 228 186 261 si
205 229 254 262 cui
275 228 459 273 placuisset,
476 229 620 261 contenti
641 238 784 267 eramus3
804 228 889 271 quod

161 281 237 324 quia
265 282 384 314 dudum
409 282 441 314 in
470 281 709 314 desuitudincm
735 280 812 313 abiit
833 282 890 323 (a),

161 334 306 367 volumus
323 340 357 366 nt
373 344 469 367 unam
483 334 522 366 ad
538 334 643 366 minus
661 334 692 366 in
713 333 890 376 septimana

160 386 305 429 qualibet
339 386 566 419 abstinentiam
598 396 709 418 omnes
741 386 890 418 monachi

160 439 287 480 faciant,
307 450 387 483 quos
402 438 580 480 infirmitas,
596 444 650 472 aut
667 444 823 478 senectus,
839 444 891 471 aut

160 492 310 526 debilitas
336 503 402 525 non
434 498 582 532 excusat,
605 493 654 525 vel
689 493 751 525 alia
775 503 888 531 causa,

159 556 241 590 quae
274 545 377 589 priori
409 545 608 579 rationabilis
643 545 801 581 videatur.
827 545 890 576 Nec

159 605 267 633 tamen
290 604 426 643 propter
449 599 511 632 hoc
528 599 693 642 antiquam
717 603 890 630 consuetu-

159 653 267 687 dinem
303 653 342 686 de
377 651 534 685 faciendis
569 650 773 684 abstinentiis
811 651 890 683 seria

157 706 298 740 secunda
326 711 358 739 et
377 706 489 749 quarta
513 704 677 737 irritamus
699 714 754 736 seu
778 703 891 746 prohi-

157 759 271 792 bemus
288 759 336 791 his
355 758 409 801 qui
426 758 513 790 illam
532 757 703 790 observare
721 755 890 795 voluerint,

158 817 189 845 et
213 811 333 844 iudicio
357 810 475 853 prioris
499 809 676 853 potuerit¹.

200 874 233 897 11.
249 863 333 897 Nulli
347 863 440 895 detur
454 862 556 905 gratia
569 861 728 905 generalis
742 862 780 894 de
795 862 889 893 absti-

156 916 277 950 nentiis
303 917 402 949 semel
427 915 572 959 qualibet
592 915 797 948 hebdomada
824 925 889 947 non

155 969 321 1008 faciendis,
340 968 395 1001 sed
414 968 466 1011 qni
492 967 627 1010 gratiam
653 978 748 1010 super
773 966 822 999 his
839 967 889 999 ob-

155 1021 259 1054 tinere
281 1022 402 1059 volent,
429 1020 687 1053 misericordiam
711 1025 821 1062 petant
851 1030 889 1052 eo

156 1073 230 1114 die,
266 1084 330 1117 quo
362 1073 433 1106 fieri
466 1073 563 1106 debet
586 1073 797 1111 abstinentia,
827 1072 887 1104 nisi

155 1126 303 1169 legitimo
318 1126 524 1159 detineantur
537 1125 778 1169 impedimento.
796 1125 889 1157 Nulla

155 1183 262 1212 autem
280 1179 452 1212 occasione
474 1178 588 1211 diebus
605 1177 820 1210 abstinentiae
838 1177 889 1209 de-

155 1232 274 1275 putatis
298 1232 423 1275 butyro,
449 1232 561 1271 caseis,
587 1236 639 1263 aut
662 1231 729 1264 ovis
754 1231 886 1270 utimur,

155 1285 307 1328 quamdiu
339 1285 372 1316 in
398 1285 494 1317 domo
526 1285 633 1327 aliqua
667 1283 794 1316 Ordinis
819 1283 886 1315 sani

155 1347 276 1379 sumus,
302 1337 450 1371 similiter
474 1348 533 1370 nec
557 1337 588 1369 in
614 1337 770 1369 Adventu.

199 1400 247 1424 111.
264 1390 298 1423 ln
315 1390 429 1423 itinere
444 1395 551 1423 tamen
570 1389 742 1429 constituti,
758 1389 887 1432 quando

155 1443 261 1488 pisces
293 1448 348 1476 aut
379 1443 432 1476 alii
466 1444 697 1476 convenientes
727 1442 789 1475 cibi
823 1453 887 1475 non

155 1497 373 1541 reperiuntur,
393 1497 568 1540 praedictis
588 1497 702 1529 diebus
727 1496 889 1528 abstinen-

155 1550 218 1583 tiae
244 1549 289 1582 uti
315 1560 483 1592 possumus
507 1549 595 1586 ovis,
626 1549 761 1591 butyro,
787 1548 888 1580 caseis

156 1608 189 1636 et
201 1602 359 1635 similibus
375 1601 558 1634 lacticiniis.
578 1601 764 1644 llospitibus
781 1601 886 1639 etiam,

156 1655 209 1699 qui
227 1656 266 1688 de
283 1655 401 1687 Ordine
427 1660 535 1688 nostro
557 1665 621 1687 non
647 1658 740 1693 sunt,
758 1654 889 1695 permit-

157 1708 251 1741 timus
277 1718 335 1741 ova
359 1712 391 1740 et
415 1707 586 1747 lacticinia,
606 1707 735 1750 quando
754 1706 817 1739 illis
836 1716 889 1738 re-

155 1761 200 1794 sci
225 1761 346 1794 licitum
371 1766 427 1800 est,
452 1759 641 1792 ministrari.

200 1824 243 1847 w.
269 1813 303 1846 In
328 1812 444 1856 vigiliis
468 1812 587 1845 Natalis
612 1812 750 1852 Domini,
772 1813 889 1844 Ascen-

157 1866 273 1906 sionis‘,
305 1866 535 1904 Pentecostes‚
561 1864 712 1908 Corporis
747 1864 886 1903 Christi,

156 1919 186 1952 S.
211 1919 341 1952 Ioannis
367 1919 538 1962 Baptistae,
561 1919 783 1961 apostolorum
805 1917 888 1950 Petri

157 1978 190 2005 et
211 1972 301 2005 Pauli
331 1972 399 2015 (b),
426 1971 668 2014 Conceptionis,
694 1970 888 2009 Nativitatis,

157 2021 450 2064 Praesentationis,
474 2024 709 2057 Pnrifieationis
725 2051 732 2063 ,
760 2024 891 2056 Annun-

158 2078 316 2117 ciationis,
339 2077 574 2120 Compassionis
599 2082 630 2109 et
655 2076 890 2119 Assumptionis

158 2130 364 2164 beatissimae
381 2140 511 2172 semper
523 2129 662 2171 Virginis
680 2129 803 2169 Mariae,
825 2141 891 2162 san-

146 2183 200 2215 ·cti
224 2182 326 2226 patris
351 2182 452 2215 nostri
484 2182 664 2222 Brunonis,
691 2188 722 2214 et
754 2182 889 2215 Omniun

139 2265 141 2268 .
159 2235 360 2276 Sanctorum,
382 2234 418 2267 fit
442 2234 656 2276 abstinentia,
678 2235 739 2267 nisi
764 2235 892 2268 veniant

194 2339 223 2375 a)
243 2339 271 2366 ln
291 2339 410 2374 antiquis
428 2339 532 2365 statutis
559 2338 693 2365 secundae
717 2339 800 2374 partis
826 2339 893 2367 haec

160 2383 318 2411 dissuetudo
338 2388 392 2410 tam
411 2383 531 2418 (iam?)
550 2391 676 2418 expressa
695 2383 820 2410 habetur.

197 2431 208 2455 1
234 2429 327 2455 Potius
346 2428 404 2462 lege
421 2428 569 2462 potuerint
582 2429 623 2460 (a.
641 2428 691 2460 Τ.).

196 2472 225 2501 b)
245 2473 319 2499 Haec
338 2471 499 2498 abstinentia
515 2471 542 2497 fit
561 2471 586 2497 in
606 2471 694 2506 vigilia
713 2472 798 2499 sancti
818 2472 891 2500 Nico-

159 2516 208 2549 lai,
227 2516 278 2543 uisi
297 2519 420 2543 occurrat
438 2516 464 2542 in
485 2515 626 2550 dominica,
643 2524 695 2552 quo
710 2524 772 2544 casu
788 2518 817 2544 fit
831 2518 890 2546 sah·

163 2560 224 2588 bato
242 2560 424 2597 praecedenti.
585 2566 592 2567 ’
773 2566 777 2572 “
806 2554 808 2556 ’

753 180 961 204 INNOCENTIL'S
984 180 1013 203 Xl
1040 181 1087 203 PP-

934 227 965 260 in
990 228 1078 261 festis
1113 220 1281 261 duodecim
1313 227 1502 260 lectionum.
1529 227 1665 271 Propter

935 281 994 313 hec
1020 286 1124 313 tamen
1159 290 1223 313 non
1248 279 1445 323 praecipitur
1469 279 1665 313 abstinentia

933 334 1142 377 frequentior,
1170 345 1264 377 quam
1288 335 1387 366 semel
1414 333 1446 365 in
1470 333 1662 377 septimana.

975 397 1005 419 v.
1033 386 1165 425 Quando
1198 387 1313 420 festum
1350 387 1521 419 duodecim
1553 387 1664 420 lectio-

933 450 1008 471 num
1033 440 1172 472 occurrit
1189 441 1221 472 in
1238 440 1346 482 vigilia
1361 440 1578 480 Pentecostes,
1595 441 1664 473 abs-

934 492 1067 525 tinentia
1091 492 1124 524 tit
1149 493 1199 525 die
1225 493 1449 535 praecedenti,
1475 498 1507 525 et
1537 493 1570 525 in
1594 493 1664 536 ipsa

931 546 1039 588 vigilia
1063 547 1260 578 abstinemus
1292 551 1324 578 et
1347 546 1536 587 lacticiniis,
1567 547 1663 579 etiam

933 599 963 630 in
990 599 1175 632 refectorio.
1203 599 1279 631 Cum
1310 604 1417 631 autem
1449 600 1564 632 festum
1586 600 1664 632 duo-

933 651 1036 683 decim
1062 652 1234 684 lectionum
1272 651 1451 683 occurrerit
1482 652 1514 684 in
1545 652 1664 694 vigiliis

932 704 1138 736 Ascensionis
1156 704 1205 736 vel
1220 704 1368 746 Corporis
1382 704 1508 743 Christi,
1524 705 1576 737 ilat
1593 706 1664 738 abs-

932 756 1067 789 tinentia
1085 756 1164 788 feria
1182 759 1268 788 sexta
1294 756 1453 799 sequenti,
1472 762 1503 788 et
1527 757 1558 788 in
1577 768 1666 800 prae-

933 809 1026 841 dictis
1051 809 1168 851 vigiliis
1193 809 1393 841 abstineatur
1417 820 1441 841 a·
1460 809 1639 842 lacticiniis.

976 874 1019 896 ri.
1046 862 1121 895 Cum
1145 861 1294 904 vigiliae¹
1319 862 1470 905 Corporis
1495 862 1612 895 Christi
1634 868 1665 896 et

933 917 966 948 Β.
990 916 1117 948 Ioannis
1142 916 1304 958 Baptistae
1325 915 1356 947 in
1379 917 1441 948 una
1466 917 1667 948 occurrerint

933 969 1145 1008 hebdomada,
1174 968 1206 1000 in
1231 968 1339 1010 vigilia
1362 968 1583 1001 Eucharistiae
1613 968 1666 1001 siat

933 1022 1127 1054 abstinentia
1150 1021 1287 1060 Ordinis,
1312 1021 1344 1053 in
1363 1022 1462 1054 altera
1487 1032 1562 1054 vero
1587 1032 1604 1054 a
1622 1024 1666 1055 la-

932 1074 1080 1107 cticiniis.
1108 1073 1239 1112 Quando
1257 1079 1363 1106 autem
1383 1074 1496 1106 festum
1512 1074 1665 1117 Corporis

931 1127 1049 1160 Christi
1080 1127 1113 1159 in
1145 1127 1253 1169 vigilia
1282 1127 1316 1159 B.
1345 1127 1472 1159 Ioannis
1503 1127 1665 1170 Baptistae

932 1180 1128 1220 occurrerit,
1155 1180 1208 1213 fiet
1232 1180 1426 1212 abstinentia
1450 1180 1530 1212 feria
1554 1182 1666 1223 quarta

931 1235 1161 1277 praecedenti,
1189 1240 1219 1267 et
1254 1235 1324 1277 ipso
1356 1235 1407 1267 die
1443 1234 1664 1267 Eucharistiae

931 1298 991 1320 nec
1009 1287 1186 1320 ieiunamus
1215 1298 1273 1319 nec
1291 1298 1307 1319 a
1333 1287 1502 1319 lacticiniis
1527 1287 1666 1320 abstinc-

932 1350 1000 1372 mus
1018 1341 1059 1372 ob
1077 1340 1288 1372 reverentiam
1313 1344 1417 1372 tantae
1437 1339 1662 1372 solemnitatis

973 1403 1030 1425 vn.
1056 1392 1189 1430 Quando
1214 1391 1322 1434 vigilia
1346 1392 1380 1424 B.
1408 1392 1534 1424 loannis
1559 1392 1666 1435 Bapti-

931 1450 998 1478 stae
1015 1450 1046 1478 et
1064 1445 1170 1487 vigilia
1189 1446 1412 1488 apostolorum
1426 1445 1509 1478 Petri
1530 1451 1559 1478 et
1575 1445 1665 1478 Pauli

932 1502 1101 1530 occurrunt
1118 1498 1150 1530 in
1165 1498 1276 1530 cadem
1292 1498 1504 1537 hebdomada,
1517 1497 1548 1530 in
1562 1499 1665 1541 prima

933 1551 1040 1594 vigilia
1061 1551 1093 1583 sit
1118 1551 1332 1590 abstinentia,
1364 1551 1396 1582 in
1424 1551 1566 1584 secunda
1590 1562 1665 1584 vcro

933 1604 1103 1641 ieiunatur,
1119 1610 1150 1636 et
1168 1604 1332 1636 dumtaxat
1348 1614 1364 1635 a
1382 1603 1553 1636 lacticiniis
1574 1604 1666 1636 absti-

933 1662 1050 1696 netur,
1077 1657 1162 1699 quod
1188 1656 1284 1689 etiam
1317 1661 1462 1689 servatur
1496 1656 1527 1688 in
1559 1657 1665 1699 vigilia

932 1708 1128 1741 Visitationis
1152 1709 1187 1741 B.
1214 1708 1343 1741 Mariae.

975 1772 1044 1794 vul.
1061 1759 1193 1798 Quando
1211 1761 1318 1802 vigilia
1337 1761 1603 1793 Annunciationis
1622 1771 1667 1793 ac-

933 1814 1010 1847 cidit
1035 1813 1113 1846 seria
1137 1814 1277 1846 secunda
1298 1814 1344 1846 vel
1372 1815 1465 1846 tertia
1491 1814 1667 1847 hebdoma-

933 1868 990 1900 dae
1017 1871 1157 1906 sanctae,
1174 1867 1368 1899 abstinentia
1393 1877 1458 1899 non
1483 1866 1517 1899 sit
1542 1867 1572 1899 in
1599 1867 1666 1909 ipsa

933 1920 1056 1961 vigilia,
1083 1919 1138 1951 sed
1165 1919 1197 1951 in
1223 1919 1274 1951 die
1299 1919 1509 1959 l‘arasceves;
1537 1921 1666 1962 quando

935 1984 1010 2006 vero
1025 1972 1144 2004 dictum
1160 1972 1275 2004 festum
1290 1972 1473 2004 celebratur
1490 1972 1571 2004 infra
1587 1977 1668 2005 octa·

935 2035 987 2058 vas
1012 2025 1175 2063 Paschae,
1201 2024 1300 2067 ipsius
1327 2024 1433 2066 vigilia
1458 2035 1519 2057 nec
1544 2024 1668 2058 iciuna-

935 2089 1004 2111 mus
1031 2089 1090 2111 nec
1115 2089 1131 2110 a
1157 2077 1328 2110 lacticiniis
1354 2078 1566 2111 abstinemus.

978 2142 1020 2164 lx.
1048 2131 1078 2163 Si
1101 2131 1217 2163 festum
1244 2127 1411 2163 duodecim
1430 2131 1605 2164 lectionum
1624 2131 1668 2164 fe-

936 2185 981 2216 ria
1006 2185 1094 2216 sexta
1120 2183 1344 2215 hebdomadae
1374 2183 1588 2216 minutionum
1615 2195 1668 2217 oc-

935 2242 1052 2276 currat,
1072 2235 1266 2268 abstinentia
1289 2235 1324 2268 fit
1341 2235 1372 2267 in
1393 2236 1535 2276 sabbato,
1559 2242 1589 2269 et
1613 2248 1669 2280 pa-

935 2290 1012 2322 riter
1036 2289 1062 2321 si
1087 2288 1291 2321 Circumcisio
1318 2289 1442 2321 Domini
1461 2290 1604 2322 occurrit
1624 2291 1669 2324 se-

935 2343 982 2375 ria
1007 2344 1116 2383 sexta,
1142 2341 1338 2374 abstinentia
1373 2341 1429 2375 siet
1453 2344 1586 2377 sabbato
1611 2354 1665 2378 se-

935 2395 1058 2439 quenti.

978 2460 1008 2481 x.
1035 2448 1167 2486 Quando
1186 2448 1264 2480 feria
1282 2453 1371 2481 sexta
1390 2449 1534 2481 occurrit
1553 2449 1668 2482 festum

936 2501 1107 2535 duodecim
1132 2501 1318 2540 lectionum,
1346 2501 1542 2535 abstinentia
1566 2502 1601 2535 sit
1624 2503 1670 2536 se-

972 2564 982 2589 1
1005 2562 1074 2590 Edit.
1096 2562 1175 2607 Maia.
1195 2563 1260 2599 legit
1279 2564 1380 2600 viqilt'a
1400 2566 1437 2601 (R.
1453 2566 1502 2603 fin).

1562 169 1624 204 8213
1671 156 1719 206 Aa.
1742 180 1770 207 c.
1791 180 1856 207 mss
