2111 3157
154 259 202 286 An.
223 258 249 286 c.
274 259 339 287 lesa
386 249 449 283 4th

188 1751 307 1772 tinnitum.

192 2120 258 2141 canza
267 2119 345 2140 statutt.

345 308 477 341 illorum
502 306 672 339 sufficienti
705 303 915 346 derogatione
949 302 987 334 de
1020 300 1083 333 illis

348 371 525 404 corumque
549 360 621 392 totis
639 357 808 390 tenoribus
833 354 993 398 specialis,
1012 364 1085 397 spe-

348 415 446 453 cifica,
470 423 621 456 expressa
639 417 668 444 et
692 410 863 448 individua,
885 418 951 441 non
977 412 1084 439 autem

347 477 404 510 per
430 466 586 498 clausulas
612 463 782 506 generales
808 461 893 494 idem
911 460 1085 502 importan-

347 526 417 559 tes,
443 518 565 551 mentio
594 528 649 549 scu
677 516 808 560 quaevis
834 514 895 547 alia
920 513 1084 556 expressio

348 579 399 606 aut
427 573 488 605 alia
514 571 622 613 aliqua
648 569 807 612 exquisita
832 568 934 600 forma
958 567 997 599 ad
1024 566 1085 599 hoc

347 626 504 659 servanda
543 625 640 662 soret,
674 624 804 656 illorum
838 627 969 654 tenores
994 619 1002 635 ¹
1028 619 1085 651 hu-

346 679 486 712 iusmodi
512 677 739 721 praesentibus
763 686 821 718 pro
847 676 944 718 plene
969 678 998 706 et
1024 672 1086 705 suf-

347 732 497 764 ficienter
523 730 686 773 expressis
715 740 750 762 ac
772 729 809 763 de
828 728 927 760 verbo
955 726 992 759 ad
1017 735 1086 758 ver-

347 786 424 818 bum
450 783 580 817 insertis
607 783 776 822 habentes,
793 781 856 814 illis
879 777 956 813 alias
978 780 1009 811 in
1027 789 1085 811 suo

346 840 465 871 robore
501 835 730 881 permansuris,
758 835 797 867 ad
833 833 1085 878 praemissorum

349 883 507 930 effectum,
527 892 587 924 hac
613 890 679 922 vice
707 890 882 926 dumtaxat,
903 886 1087 931 specialiter

349 951 379 977 et
416 954 567 987 expresse
605 953 642 975 ae
673 942 831 975 latissime
865 941 1084 982 derogamus;

349 997 531 1039 ceterisque
558 995 728 1028 contrariis
754 995 1016 1038 quibuscumque.

392 1051 505 1083 Datum
550 1050 698 1088 Romae,
737 1048 819 1090 apud
863 1046 894 1079 S.
928 1046 1085 1083 Petrum,

349 1104 407 1135 sub
434 1104 553 1135 annulo
588 1100 781 1138 piscatoris.
811 1099 860 1131 die
891 1108 943 1131 xxi
977 1097 1088 1140 aprilis

349 1166 542 1194 »inctxxxun
566 1153 777 1198 pontificatus
803 1151 905 1184 nostri
925 1160 1010 1183 anno
1029 1160 1085 1182 v11.

387 1218 445 1244 dat.
464 1218 509 1244 die
525 1217 555 1243 ⁶21
579 1216 670 1252 aprilis
693 1214 770 1246 1683,
791 1213 889 1249 pontif.
910 1220 956 1239 an.
972 1218 1017 1238 vu.

652 1331 781 1365 CXXIV.

352 1406 518 1438 Statuitur
542 1408 579 1436 ut
594 1403 747 1435 debitores
773 1402 866 1434 bonci
883 1398 1092 1441 archihospi—

939 252 1115 277 nULLAnfflM
1141 251 1289 275 ROMANUM

1126 297 1360 332 recordationis
1375 296 1464 330 Pauli
1482 296 1540 329 PP.
1560 296 1583 328 V
1600 295 1857 340 praedecessoris

1126 352 1228 384 nostri
1247 350 1427 384 litterarum
1453 350 1485 383 in
1510 349 1605 383 simili
1627 350 1729 383 forma
1748 350 1858 384 Brevis

1127 404 1358 448 expeditarum,
1380 404 1467 436 bona
1488 403 1564 437 dieti
1582 403 1859 447 arohihospitalis,

1127 459 1165 491 ad
1202 459 1342 491 savorem
1374 457 1507 490 illorum
1543 457 1596 500 qui
1634 457 1789 500 pecunias
1815 458 1859 491 in

1868 249 1915 276 An,
1932 248 1959 275 C.
1983 249 2045 279 1683

1127 512 1229 544 banco
1255 510 1421 554 praedicto
1446 510 1626 553 deponunt,
1651 520 1710 553 pro
1731 511 1860 544 restitu-
1902 533 1911 540 -

1128 564 1215 597 tione
1253 564 1473 606 depositorum
1510 563 1686 596 efficaciter
1720 562 1862 607 obligata

1127 622 1211 657 sunt,
1238 616 1376 660 perinde
1400 627 1436 649 ac
1461 616 1485 648 si
1511 627 1581 649 cum
1601 627 1802 660 unoquoque
1822 617 1861 650 it-

1127 671 1229 703 lorum
1249 669 1418 702 cameralis
1436 669 1592 712 obligatio
1609 669 1859 703 intercessisset.

1128 723 1203 756 Cum
1221 729 1334 763 autem,
1357 723 1439 755 sicut
1463 723 1576 756 eadem
1602 723 1761 766 expositio
1787 723 1862 757 suh-

1128 777 1290 820 iungebat,
1306 776 1469 810 interdum
1488 777 1622 817 eveniat,
1636 782 1672 809 ut
1688 777 1764 810 dicti
1783 778 1863 810 ban-

1129 830 1180 863 chi
1206 830 1372 863 debitores
1398 834 1588 863 remaneant
1612 830 1711 874 aliqui
1735 829 1861 874 privati,

1129 893 1164 916 ac
1192 883 1288 916 etiam
1321 883 1480 915 nonnulla
1511 883 1583 915 loca
1612 883 1688 926 pia;
1723 893 1863 926 aequum

1128 946 1204 969 vero
1236 936 1385 968 videatur
1416 935 1489 969 illos
1521 941 1553 969 et
1584 935 1640 970 illa
1671 937 1710 970 ad
1740 936 1865 969 satisfa-

1130 988 1277 1022 ciendum
1316 988 1420 1021 eidem
1453 982 1561 1022 banco
1596 989 1665 1032 pari
1696 988 1864 1022 cameratis

1131 1042 1341 1084 obligationis
1379 1041 1509 1074 vinculo
1549 1041 1728 1084 adstringi:
1768 1041 1864 1075 nobis

1130 1101 1304 1137 propterea
1343 1094 1418 1127 dicti
1439 1129 1441 1134 .
1459 1100 1657 1138 exponentes
1699 1094 1866 1128 humiliter

1131 1148 1304 1191 supplicari
1330 1147 1477 1180 fecerunt
1506 1153 1542 1180 ut
1565 1147 1810 1192 archihospitali
1835 1152 1868 1181 et

1131 1201 1234 1234 banco
1259 1201 1435 1245 praedictis
1466 1201 1498 1234 in
1531 1200 1720 1245 praemissis
1748 1211 1868 1245 oppor-

1131 1259 1207 1287 tune
1232 1255 1406 1298 providere
1430 1260 1463 1288 et
1483 1259 1516 1287 ut
1536 1254 1620 1288 infra
1634 1255 1806 1297 indulgere
1827 1255 1867 1288 de

1130 1308 1331 1350 benignitate
1357 1308 1533 1351 apostolica
1559 1308 1777 1351 dignaremur.

1177 1362 1191 1404 ἓ
1216 1361 1247 1394 2.
1267 1361 1330 1394 Nos
1346 1361 1454 1404 igitur,
1468 1361 1554 1405 ipsos
1574 1366 1775 1405 exponentes
1794 1371 1869 1405 spe-

1134 1414 1268 1447 cialibus
1303 1414 1465 1446 savoribus
1501 1419 1533 1446 et
1569 1414 1678 1457 gratiis
1715 1423 1869 1457 prosequi

398 1458 473 1490 ‘⁶15⁸
490 1457 521 1490 S·
542 1458 686 1513 51'27'2‘2‘?
711 1466 745 1487 ἠ
763 1455 863 1511 SW‘f'
888 1453 925 1486 de
945 1452 1089 1510 Urbefe‘
1134 1469 1290 1507 volentes,
1315 1473 1346 1500 et
1370 1478 1482 1500 eorum
1508 1467 1689 1510 singulares
1712 1477 1870 1510 personas

397 1514 538 1542 manuu-
560 1510 588 1541 εἰ
611 1508 795 1550 satzsfacere
819 1505 950 1539 vinculo
974 1504 1114 1560 οἱῑίπςμιηΙ
1135 1532 1151 1554 a
1176 1521 1341 1564 quibugvis
1366 1519 1719 1559 excommunicationis,
1736 1529 1871 1563 suspen·

400 1563 498 1595 tionis
522 1561 695 1594 cameratis
709 1559 730 1592 ἵ.

536 1631 735 1658 Innocentius
756 1631 835 1663 Papa
855 1630 907 1661 XI,

479 1677 514 1704 ad
531 1679 706 1710 perpetuam
726 1675 769 1702 rei
784 1674 964 1702 memoriam.

399 1738 572 1781 AEquitatis
599 1744 628 1770 et
652 1736 792 1770 iustitiae
821 1736 902 1769 ratio
930 1735 1037 1777 exigit,
1065 1739 1095 1767 et

354 1793 524 1835 piurimae,
558 1801 641 1834 quae
671 1801 706 1823 ex
737 1792 849 1823 mensa
880 1788 1096 1821 nummularia

355 1856 412 1878 seu
430 1845 561 1878 bancho
579 1843 843 1886 archihospitalis
868 1842 975 1875 Sancti
997 1841 1095 1885 Spiri-

356 1904 406 1931 tus
428 1899 459 1931 in
477 1897 568 1931 Savia
595 1898 633 1930 de
660 1896 744 1929 Urbe
771 1896 803 1928 in
829 1895 994 1939 publicum
1021 1894 1096 1926 assi-

356 1952 416 1984 due
442 1950 655 1995 proveniunt,
680 1949 857 1981 utilitates⁸
881 1949 1036 1987 suadent,
1061 1952 1095 1979 ut

356 2005 443 2036 illius
461 2003 680 2041 indemnitati,
699 2007 856 2045 quantum
873 2012 945 2033 cum
960 2000 1095 2033 Domino

356 2067 545 2100 possumus,
571 2057 741 2089 consulere
766 2056 963 2088 studeamus.

404 2111 418 2153 ξ
440 2110 470 2142 1.
498 2109 621 2152 Exponi
640 2109 801 2151 siquidem
820 2107 914 2140 nobis
932 2116 1037 2149 nuper
1055 2106 1099 2138 se-

358 2168 471 2196 eerunt
493 2162 601 2195 dilecti
629 2161 684 2194 tilii
712 2161 851 2194 ministri
870 2160 945 2192 dicti
963 2159 1097 2199 banchi,

361 2216 459 2259 quod,
471 2226 505 2248 ex
520 2215 733 2258 dispositione
752 2213 979 2257 quarumdam‘
996 2212 1098 2246 felicis

398 2298 409 2322 1
430 2295 500 2322 Edit.
519 2295 600 2321 Μαίη.
618 2295 685 2329 legit
701 2298 812 2322 tenores
822 2296 986 2329 praesentes
1003 2300 1048 2328 pro
1065 2292 1100 2319 il-

363 2341 457 2367 lorum
476 2344 586 2366 tenores
602 2343 638 2372 (R.
656 2339 704 2371 τ.).

398 2385 412 2409 2
434 2384 506 2409 Idem
535 2388 663 2409 statutum
690 2382 741 2409 fuit
769 2390 817 2416 pro
837 2381 925 2408 Monte
951 2380 1060 2407 Pietatis
1088 2388 1101 2406 a

364 2429 500 2454 Clemente
512 2428 533 2453 X
546 2432 631 2453 const.
650 2427 692 2453 ed.
705 2433 821 2460 iinCLxx,
838 2426 881 2453 die
897 2427 911 2453 3
926 2425 1057 2458 octobris,
1079 2428 1103 2451 et

365 2473 398 2499 ab
420 2472 570 2498 Alexandro
588 2471 643 2497 Vlll
665 2471 736 2497 edita
756 2471 805 2497 suit
825 2475 910 2497 const.
924 2470 1104 2503 uncxc,die5

365 2517 481 2551 augusti,
498 2519 569 2550 pont.
586 2521 604 2549 1,
621 2515 693 2541 circa
708 2523 790 2542 onera
805 2515 871 2542 solvi
887 2515 964 2542 solita
978 2514 1104 2549 hospitali

366 2564 391 2588 b.
415 2560 519 2586 loannis
540 2558 782 2593 Hierosoly-mitani.

403 2604 418 2630 3
436 2603 503 2629 Edit.
522 2603 599 2628 Mam.
617 2603 680 2636 legit
698 2602 832 2629 utilitatis
852 2603 889 2635 (R.
906 2603 953 2635 Τ.).

404 2648 419 2674 4
441 2647 511 2674 Edit.
530 2647 610 2674 Main.
628 2646 692 2682 legit
707 2647 901 2682 quorumdam
916 2648 953 2681 (R.
970 2646 1020 2682 τ.).

1136 1574 1237 1607 sionis
1262 1579 1294 1606 et
1319 1573 1491 1612 interdicti,
1514 1573 1652 1616 aliisque
1679 1572 1871 1606 ecclesiasti-

1136 1626 1179 1660 cis
1205 1626 1388 1665 sententiis,
1405 1626 1548 1659 censuris
1573 1631 1605 1658 et
1623 1625 1747 1668 poenis,
1766 1635 1783 1657 a
1801 1624 1870 1658 iure

1112 1681 1183 1712 ¹vel
1219 1680 1258 1712 ab
1296 1679 1438 1718 homine,
1474 1678 1582 1722 quavis
1617 1677 1786 1711 occasione
1821 1679 1871 1712 vel

1137 1734 1229 1765 causa
1254 1732 1337 1772 latis,
1364 1732 1391 1764 si
1416 1732 1533 1775 quibus
1559 1731 1807 1774 quomodolibet
1828 1730 1872 1763 in-

1136 1787 1273 1819 nodatae
1299 1786 1448 1825 existant,
1483 1785 1521 1818 ad
1546 1784 1694 1818 effectum
1718 1793 1872 1828 praesen-

1136 1840 1215 1873 tium
1248 1840 1412 1872 dumtaxat
1440 1839 1720 1882 consequendum,
1757 1838 1872 1870 harum

1137 1893 1220 1926 serie
1240 1893 1445 1925 absolventes
1471 1897 1502 1925 et
1527 1893 1690 1925 absolutas
1707 1892 1776 1925 sore
1800 1901 1874 1924 cen-

1138 1953 1255 1986 sentes,
1270 1946 1455 1980 huiusmodi
1478 1946 1771 1990 supplicationibus
1787 1945 1874 1978 incli-

1140 2001 1216 2040 nati,
1242 2010 1353 2033 omnes
1380 2005 1411 2032 et
1435 2000 1579 2042 singulos
1605 1998 1772 2032 memorati
1795 1998 1875 2030 ban-

1140 2053 1191 2086 chi
1212 2064 1247 2086 ex
1270 2062 1475 2096 quacumque
1496 2054 1592 2084 causa
1609 2051 1772 2085 debitores
1788 2060 1877 2094 prae-

1140 2111 1246 2139 sentes
1273 2111 1304 2138 et
1329 2106 1466 2145 futuros,
1486 2105 1721 2148 cuiuscumque
1747 2104 1876 2147 gradus,

1142 2160 1276 2199 ordinis,
1304 2158 1517 2198 conditionis,
1544 2157 1820 2202 praeeminentiae
1846 2161 1878 2189 et

1143 2212 1327 2255 dignitatis,
1366 2222 1401 2244 ae
1437 2212 1562 2244 etiamsi
1600 2210 1775 2251 ecclesiae,
1811 2221 1878 2244 mo-

1143 2266 1293 2305 nasteria,
1316 2270 1504 2305 conventus,
1530 2264 1676 2307 collegia,
1695 2263 1877 2307 hospitalia,

1143 2318 1429 2361 archiliospitalia,
1456 2317 1749 2357 confraternitates,
1775 2316 1880 2349 archi-

1145 2371 1426 2405 consratcrnitates
1453 2376 1484 2404 et
1509 2371 1570 2404 alia
1596 2371 1667 2404 loca
1698 2369 1752 2412 pia
1781 2379 1880 2412 quae-

1146 2434 1296 2466 cumque,
1333 2424 1429 2456 etiam
1465 2423 1613 2468 specifica
1648 2427 1680 2456 et
1715 2421 1882 2455 individua

1146 2478 1311 2511 mentione
1329 2482 1361 2510 et
1377 2477 1585 2521 expressione
1611 2476 1709 2519 digna
1732 2475 1880 2516 existant,

1148 2531 1186 2563 ad
1213 2529 1475 2563 satisfaciendum
1503 2530 1608 2562 eidem
1637 2529 1740 2562 banco
1765 2529 1804 2561 de
1829 2538 1882 2561 eo-

1149 2595 1218 2616 rum
1253 2583 1369 2616 debitis
1403 2583 1581 2626 respective
1603 2582 1777 2615 efficaciter
1801 2581 1883 2614 obli-

1151 2637 1228 2680 gari,
1255 2647 1289 2670 ac
1318 2637 1478 2680 obligatos
1509 2642 1541 2670 et
1569 2636 1712 2680 obligata
1744 2635 1883 2669 existere

1903 1371 1979 1392 Precor
2001 1371 2058 1392 mint·

1879 1400 1976 1419 sti-orum.
