2111 3157
69 232 118 257 An.
133 230 161 256 C.
187 229 255 255 1684

83 1027 206 1051 Exordium.

78 1717 169 1737 taum-au
181 1715 240 1736 inno—

55 1748 118 1764 centii
130 1744 145 1763 Χ
159 1749 177 1762 ιη
194 1744 239 1768 qui-

54 1771 94 1792 bus
114 1771 238 1792 reseruntur.

259 278 380 310 annulo
414 278 607 318 piscatoris,
645 278 697 311 die
739 287 816 310 xvni
856 276 992 309 ianuarii

257 341 444 371 noctxxxiv,
459 331 665 374 pontificatus
683 330 785 363 nostri
811 340 896 363 anno
920 340 990 363 vin.

292 392 349 419 Dat.
367 392 410 420 die
428 393 457 420 18
474 392 586 420 ianuarii
605 393 682 426 1084,
700 391 797 427 pontis.
814 399 885 418 anno
901 397 955 419 riu.

557 506 700 540 CXXXV.
1010 526 1014 565 Ι

257 577 498 619 Confirmantur
522 576 649 609 litterae
672 575 901 608 InnocentiiX
925 575 990 606 unii

298 640 368 663 cum
394 630 471 662 aliis
497 629 669 663 Clementis
690 628 774 661 VIII
791 632 818 660 et
843 627 947 660 Pauli
968 627 991 659 V

297 693 393 726 snper
413 683 568 715 erectione
599 686 627 714 et
657 681 842 725 pririleyiis
872 680 987 713 acade-

297 736 382 768 miae
405 738 469 767 sive
492 735 718 767 unirersz'tatis
743 734 857 778 oppidi
880 734 990 766 Zumo-
1009 728 1012 769 l

296 788 355 828 sici,
375 788 573 822 emonensis
589 788 748 829 dioecesis,
765 788 798 820 in
820 797 916 830 reyno
932 787 990 820 Po·
1009 793 1011 810 =¹

297 841 436 874 tontee‘.

442 913 638 941 Innocentius
659 913 738 947 Papa
756 913 804 947 xl,

366 958 401 983 ad
423 960 599 991 perpetuam
620 958 666 984 rei
686 957 868 984 memoriam.

295 1017 380 1056 Quae
406 1029 424 1050 a
449 1017 602 1051 Romanis
621 1017 830 1051 Pontificibus
856 1017 1010 1060 praede-2

252 1070 435 1103 cessoribus
459 1071 577 1103 nostris
600 1071 637 1103 ad
664 1070 849 1103 existenda2
865 1081 988 1113 promo-

250 1123 419 1165 vendaque
455 1123 488 1155 in
520 1123 691 1156 catholicis
725 1122 987 1155 universitatibus

251 1175 409 1209 bonarum
434 1177 613 1209 litterarum
645 1182 675 1210 et
706 1175 916 1209 laudabilium
942 1176 989 1208 di-

251 1228 462 1271 sciplinarum
495 1229 621 1269 studia,
647 1239 704 1272 per
735 1239 829 1271 quae,
852 1229 988 1271 depulsa

251 1280 453 1324 ignorantiae
489 1282 650 1324 caligine,
685 1286 809 1315 mentes
845 1281 986 1313 veritatis

251 1336 321 1368 luce
347 1336 559 1375 illustrantur,
578 1336 716 1379 sapienti
740 1335 876 1368 consilio
901 1335 987 1368 ordi-

251 1394 327 1421 nata
351 1399 421 1421 esse
446 1394 642 1428 noscuntur,
667 1399 704 1421 ea
728 1399 798 1428 nos,
824 1390 986 1431 propensa

251 1441 431 1481 charitate,
456 1441 627 1484 apostolici
660 1441 846 1474 muniminis
883 1441 986 1473 nostri

251 1494 433 1538 patrocinio
451 1495 591 1528 libenter
607 1495 858 1534 constabilimus
881 1494 986 1527 novis-

251 1558 312 1590 que
337 1548 509 1591 praesidiis
535 1548 792 1588 corroboramus¹
823 1549 924 1588 sicut,
952 1560 986 1581 0-

251 1601 379 1633 mnibus
406 1606 549 1634 maturae
570 1601 841 1634 considerationis
868 1601 986 1634 trutina

250 1653 434 1696 perpensis,
452 1654 490 1686 ad
508 1654 742 1697 omnipotentis
768 1654 823 1687 Dei
850 1654 983 1696 gloriam

251 1711 282 1739 ct
296 1707 498 1739 orthodoxae
513 1707 678 1749 religionis
692 1707 927 1740 incrementum
941 1718 985 1741 sa-

250 1758 389 1791 lubriter
402 1760 554 1802 expedire
570 1759 601 1792 in
624 1760 757 1793 Domino
776 1760 981 1793 arbitramur.

293 1812 308 1855 ἓ
333 1812 363 1844 ’1.
391 1812 477 1844 Alias
503 1812 664 1855 siquidem
684 1818 873 1846 emanarunt
899 1824 915 1845 a
942 1813 985 1846 se-

248 1859 319 1897 licis
353 1866 590 1898 recordationis
623 1866 811 1898 lnnoecntio
844 1866 928 1909 Papa
960 1867 984 1898 X

248 1918 505 1960 praedecessore
537 1924 651 1951 nostro
683 1919 807 1952 litterae
832 1919 865 1951 in
891 1919 984 1951 simili

248 1971 352 2003 forma
384 1971 505 2011 Brevis,
532 1972 654 2004 tenoris
681 1972 734 2014 qui
760 1971 915 2015 sequitur,
940 1972 985 2004 vi-

250 2023 383 2057 delieet:
408 2024 618 2057 Innocentius
642 2025 711 2058 ΡΙ).
737 2025 786 2065 Χ,
813 2024 854 2057 ad
876 2035 987 2068 perpe-

286 2131 296 2156 1
316 2129 375 2156 Alia
396 2129 555 2156 universitas
574 2129 654 2156 studii
674 2129 808 2164 generalis
831 2129 857 2156 in
878 2129 986 2157 civitate

249 2174 313 2201 Vnst
332 2174 408 2208 regni
430 2173 555 2200 Poloniae
571 2178 660 2200 erecta
675 2173 725 2200 fuit
744 2182 759 2200 a
779 2173 908 2208 Gregorio
926 2174 985 2200 Xlll

251 2218 277 2245 in
289 2223 372 2245 const.
386 2218 428 2244 ed.
442 2224 570 2250 morxxix,
587 2217 629 2244 die
645 2218 678 2244 29
693 2217 824 2250 octobris,
842 2221 916 2252 pont.
928 2224 985 2244 vin.

252 2262 287 2290 De
301 2263 445 2298 privilegiis
463 2262 678 2295 universitatum,
692 2262 749 2289 vide
761 2266 851 2289 notata
862 2262 888 2289 in
900 2266 983 2289 const.

251 2308 294 2335 cd.
315 2313 477 2340 menmium,
498 2307 540 2333 die
560 2308 590 2333 ⁹21
613 2306 715 2342 aprilis,
736 2311 811 2341 pont.
837 2313 871 2336 vn
894 2310 987 2342 (supra

253 2360 312 2387 pag.
329 2352 408 2386 488);
426 2351 522 2378 deinde
545 2351 571 2377 iu
588 2355 672 2378 const.
689 2350 731 2378 etl.
749 2357 927 2381 iibctxxxvn,
944 2351 987 2378 die

252 2398 284 2423 18
299 2396 373 2427 iunii,
391 2400 463 2431 pont.
481 2402 523 2429 341,
542 2396 655 2422 habetur
670 2395 836 2422 contii-irratio
849 2395 987 2423 cuiusdam

253 2440 434 2467 universitatis
451 2441 475 2466 in
494 2440 574 2466 indiis
590 2439 819 2466 Occidentalibus.

287 2484 304 2510 ‘2
324 2483 430 2510 Videtur
450 2484 590 2519 legendum
611 2484 766 2510 eaecfz'tamla
785 2484 823 2515 (R.
840 2483 888 2515 T.).

288 2527 304 2553 3
321 2527 431 2562 Reliqua
451 2528 534 2554 habes
550 2528 575 2554 in
593 2532 656 2554 tom.
674 2534 718 2559 xv,
735 2535 794 2562 pag.
811 2527 862 2553 594
877 2531 902 2554 et
918 2535 988 2562 seq.,

254 2572 300 2598 ubi
325 2580 383 2606 pag.
410 2571 460 2599 505
480 2572 495 2598 b
521 2572 566 2599 lin.
587 2572 621 2598 23
641 2579 688 2607 pro
705 2574 829 2596 umnam
847 2571 989 2607 legendum

255 2620 360 2645 mosen*
377 2622 412 2650 ui.
424 2618 471 2651 Τ).

841 227 1053 253 INNOCENTIL'S
1075 229 1105 252 XI
1132 229 1179 252 PP-

1669 216 1733 247 ἴθ’)

1695 241 1724 249 ..μ

1037 280 1123 307 tuum
1142 276 1190 308 rei
1210 276 1411 308 ›neruort'‹rm.
1432 274 1529 314 Alias,
1548 274 1635 306 t=tc.³.
1655 274 1768 306 Datum

1035 328 1170 367 Rornae,
1198 329 1280 370 apud
1306 328 1337 361 S.
1364 328 1491 360 Mariam
1510 327 1680 366 Maiorem,
1706 328 1766 359 sub

1035 383 1153 414 :nunilo
1180 382 1366 421 piscatoris,
1397 382 1448 414 die
1476 391 1545 414 xxvl
1574 380 1766 424 septembris

1033 444 1211 474 necxtvin,
1231 434 1437 477 pontificatus
1454 434 1554 467 nostri
1573 444 1657 467 anno
1675 444 1718 467 iv.

1076 489 1090 528 ,Q
1115 488 1145 520 2.
1173 488 1248 520 Cum
1267 494 1383 528 autem,
1405 488 1486 521 sicut
1510 488 1619 521 dilecti
1638 487 1693 521 filii
1715 498 1766 521 re-

1033 546 1103 573 ctor
1120 547 1150 573 et
1167 541 1442 574 administratores
1465 541 1692 580 universitatis,
1711 551 1765 574 seu

1032 594 1217 625 academiae
1243 594 1424 636 praelatae,
1457 604 1492 626 ac
1517 593 1654 626 dilectus
1680 593 1765 626 silius

1033 644 1209 676 modernus
1246 644 1358 676 haeres
1393 644 1585 676 institutoris
1622 644 1766 677 eiusdem

1010 711 1013 725 ,·
1033 695 1260 736 universitatis,
1276 707 1330 729 seu
1346 696 1539 735 academiae,
1554 697 1646 729 nobis
1660 707 1767 739 nuper

1032 749 1148 791 exponi
1176 750 1338 788 lecerunt,
1357 749 1417 792 ipsi
1440 749 1657 791 praeinsertas
1678 748 1767 782 lnno-

1032 801 1128 835 centii
1147 802 1405 845 praedecessoris
1424 803 1558 841 litteras,
1572 812 1643 834 cuin
1663 802 1767 835 omni-

1033 855 1091 887 bns
1116 861 1145 887 et
1170 855 1308 896 singulis
1334 855 1365 886 in
1392 855 1436 887 eis
1461 855 1630 894 contentis,
1657 861 1767 887 aueto-

1032 909 1124 941 ritate
1150 910 1261 942 nostra
1286 908 1465 951 apostolica
1490 908 1671 941 confirmari
1697 909 1766 951 plu-

1032 962 1147 994 rimum
1174 962 1380 995 desiderent?
1409 972 1485 1002 nos,
1511 962 1645 994 cosdem
1671 972 1767 1004 expo-

1031 1020 1145 1047 nentes
1171 1013 1367 1057 specialibus
1403 1014 1566 1047 l'avorihus
1598 1019 1627 1046 ct
1654 1014 1765 1056 gratiis

1032 1068 1182 1110 prosequi
1209 1068 1369 1101 volentes.
1397 1072 1427 1099 ct
1452 1077 1564 1099 eorum
1585 1066 1765 1109 singulares

1031 1131 1185 1163 personas
1201 1131 1217 1152 a
1232 1119 1396 1162 quibusvis
1412 1120 1765 1160 excommunicationis,

1030 1173 1254 1217 suspensionis
1288 1178 1319 1204 et
1348 1172 1524 1212 interdicti,
1547 1172 1684 1215 aliisque
1718 1182 1767 1205 ec-

1030 1226 1216 1260 elesiasticis
1240 1225 1429 1265 sententiis,
1461 1225 1606 1258 censuris
1633 1230 1662 1258 et
1687 1236 1767 1268 poe-

1030 1281 1087 1319 nis,
1111 1291 1127 1312 a
1151 1280 1219 1313 iure
1245 1280 1294 1311 vel
1319 1279 1357 1311 ab
1384 1279 1525 1317 homine,
1545 1278 1654 1321 quavis
1679 1290 1768 1312 occa-

1029 1334 1121 1366 sione
1149 1334 1198 1366 vel
1224 1334 1320 1365 causa
1344 1332 1427 1371 latis,
1444 1332 1468 1364 si
1490 1332 1608 1375 quibus
1633 1343 1766 1375 quomo-

1029 1387 1154 1420 dolibet
1178 1385 1352 1418 innodatae
1379 1384 1531 1425 existunt,
1553 1385 1591 1417 ad
1614 1384 1765 1418 effectum

1028 1438 1251 1482 praesentium
1277 1438 1441 1470 dumtaxat
1473 1438 1740 1480 consequendum
1757 1465 1764 1478 ,

1030 1494 1146 1525 harum
1180 1491 1264 1524 serie
1300 1491 1507 1523 absolventes
1541 1497 1572 1523 et
1604 1491 1766 1525 absolutas

1028 1547 1099 1579 sore
1124 1550 1305 1583 censentes,
1335 1543 1628 1586 suffiuicationibus
1654 1554 1764 1577 eornm

1028 1598 1158 1631 nomine
1176 1597 1271 1630 nobis
1300 1607 1399 1639 super
1425 1596 1484 1628 hoc
1508 1596 1674 1629 humiliter
1691 1607 1767 1639 por-

1028 1651 1125 1684 rectis
1150 1648 1308 1688 inclinati,
1328 1648 1546 1691 praeinsertas
1571 1648 1647 1681 dicti
1672 1649 1767 1682 luno-

1028 1704 1123 1738 centii
1149 1702 1410 1747 praedecessoris
1435 1702 1574 1741 litteras,
1599 1713 1670 1734 cum
1695 1702 1765 1735 aliis

1027 1757 1200 1790 Clementis
1218 1761 1249 1788 et
1274 1755 1362 1788 Pauli
1389 1755 1510 1797 pariter
1534 1755 1765 1797 praedecesso-

1028 1821 1096 1843 rum
1123 1814 1311 1842 nostrorum
1336 1807 1453 1841 litteris
1472 1808 1504 1840 in
1526 1808 1570 1840 eis
1591 1808 1764 1849 contentis,

1028 1862 1207 1905 apostoliea
1232 1861 1444 1900 auctoritate,
1472 1866 1585 1893 tenore
1613 1871 1766 1903 praesen·

1028 1917 1119 1956 tium,
1140 1915 1367 1949 confirmamus
1389 1919 1420 1946 et
1438 1913 1667 1956 approbamus,
1685 1913 1766 1947 illis-

1029 1980 1090 2013 que
1109 1968 1305 2001 inviolabilis
1322 1966 1519 2011 apostolicae
1536 1966 1697 1999 firmitatis
1719 1977 1765 2000 ro·

1029 2024 1090 2055 bur
1107 2021 1286 2061 adiicimus,
1302 2031 1337 2053 ac
1358 2030 1470 2053 omnes
1492 2025 1523 2052 et
1537 2019 1681 2061 singulos
1702 2025 1765 2052 tam

1029 2076 1107 2108 iuris
1125 2085 1219 2118 quam
1240 2073 1313 2106 sacti
1339 2074 1492 2112 desectus,
1511 2073 1535 2105 si
1554 2073 1608 2115 qui
1626 2073 1766 2116 desuper

1029 2127 1274 2172 quomodolibet
1291 2125 1538 2165 intervenerint,
1559 2127 1762 2169 supplemus.

1072 2182 1087 2225 5
1111 2181 1142 2215 3.
1173 2168 1393 2214 flecernentes
1420 2179 1550 2212 easdem
1576 2185 1766 2222 praesentes

1029 2235 1154 2268 litteras
1179 2244 1307 2277 semper
1331 2233 1446 2272 sirmas
1469 2231 1590 2265 validas
1611 2237 1642 2265 et
1666 2232 1766 2265 ostica-

1030 2299 1082 2322 ces
1098 2289 1235 2321 existere
1268 2292 1299 2320 et
1328 2287 1407 2326 sore,
1435 2295 1577 2328 suosque
1603 2285 1766 2329 plenarios

1030 2348 1062 2374 et
1088 2341 1233 2383 integros
1259 2339 1390 2372 etl'ectus
1414 2338 1522 2371 sortiri
1548 2343 1580 2371 et
1605 2338 1767 2380 obtinere,

1030 2394 1158 2434 acinis,
1177 2393 1215 2425 ad
1235 2403 1316 2435 quos
1342 2396 1466 2435 spectat
1487 2396 1519 2424 et
1533 2401 1595 2434 pro
1620 2397 1768 2434 tempore

1031 2446 1301 2490 qtiandocuz.·ique
1321 2444 1489 2487 spectabit,
1513 2444 1544 2477 in
1569 2445 1719 2477 omnibus
1737 2450 1769 2476 et

1031 2510 1089 2543 per
1110 2498 1218 2531 omnia
1242 2497 1432 2540 plenissime
1457 2496 1636 2539 suffragari,
1656 2497 1767 2539 sieque

1033 2554 1063 2585 in
1094 2552 1278 2596 praemissis
1307 2562 1366 2594 per
1399 2561 1618 2594 quoscumque
1645 2550 1766 2582 iudices

1033 2605 1216 2638 ordinarios
1235 2609 1266 2637 et
1285 2604 1464 2647 delegatos,
1480 2603 1576 2636 etiam
1597 2613 1768 2636 causarmn

1780 228 1826 252 An.
1845 227 1871 252 (ἶ.
1896 228 1960 254 1684

1802 445 1878 466 Preces
1889 449 1959 467 recto-

1776 471 1804 492 ris
1827 475 1848 492 ct
1872 473 1906 493 adr
1908 480 1961 493 ιιιιιιι

1776 498 1872 518 stratoris
1914 506 1960 519 uui-

1778 524 1881 544 versitatis
1897 541 1902 549 ,
1939 529 1959 546 ot

1777 551 1884 572 Poniriicis
1923 557 1960 572 au-

1777 577 1850 598 uuitio.

1803 2185 1924 2208 clausulae.
