2111 3157
147 204 196 230 An.
211 203 242 230 c.
261 202 326 230 1684
371 195 437 229 5534-

338 253 471 285 rituales
497 251 629 291 tenebit,
655 251 802 283 videlicet
825 250 907 283 viam
931 249 1072 293 purgati-

338 315 417 343 vam,
444 306 475 337 in
502 315 564 347 qua
589 305 626 336 ad
654 304 736 336 vitae
772 302 1007 343 innocentiam,
1034 303 1072 336 ad

340 358 554 390 moderandas
574 358 753 400 passiones,
773 357 811 389 ad
830 355 980 398 fugienda
998 366 1074 399 pec-

340 415 416 449 cata,
431 420 488 453 pro
506 410 662 452 cuiusque
684 414 786 442 aetate
812 414 843 442 et
861 409 934 442 data
951 409 1052 451 gratia
1065 435 1072 448 ,

340 462 452 494 sedulo
472 462 692 505 impellantur·,
711 462 794 494 viam
812 462 1072 501 illuminativam,

341 514 372 545 in
398 524 461 557 qua
485 514 635 556 dogmata
666 513 742 547 fidei
779 520 908 547 nostrae
939 513 1075 547 catholi-

340 576 396 599 cae
431 566 665 610 universaeque
687 568 854 601 doctrinae
880 567 1075 600 christianae

339 619 511 663 principia,
539 625 570 653 et
599 621 723 664 proprii
754 621 802 653 sui
828 620 970 653 bominis
993 620 1076 652 inte-

340 672 436 705 rioris
462 673 613 716 cognitio,
639 675 790 707 unacum
814 673 1011 706 facilioribus
1029 683 1077 705 re-

341 732 390 760 ctc
415 727 542 760 vivendi
567 727 706 770 regulis,
732 727 810 771 ipsis
844 737 881 760 ex
906 727 1075 770 proposito

322 782 463 813 ,mature
482 780 706 822 instillentur;
734 781 815 813 viam
841 780 979 823 denique
1005 790 1077 822 per-

342 833 498 875 fectivam,
524 834 556 866 in
582 845 643 878 qua
668 834 707 867 ad
728 834 992 877 consequendam
1011 842 1076 875 per-

341 886 512 919 fectionem
537 892 637 919 status
662 886 822 920 clericalis
849 887 909 919 sibi
935 884 1078 929 possibi-

341 938 403 972 lem
430 945 459 972 et
477 939 640 973 Ecclesiae
660 940 836 972 salutarem
861 939 1075 972 conabuntur.

386 1002 445 1025 xvi.
473 992 512 1025 Ut
537 992 761 1025 adolescentes
787 992 819 1024 in
837 990 1012 1034 praedictis
1030 990 1079 1022 in-

343 1046 525 1085 stituantur,
552 1045 663 1078 saltem
689 1045 825 1087 singulis
845 1044 957 1077 diebus
976 1043 1079 1076 domi-

342 1098 421 1131 nicis
448 1109 464 1131 a
488 1098 623 1131 meridie
648 1108 707 1141 per
732 1098 843 1130 boram
869 1098 901 1129 in
927 1098 999 1130 loco
1025 1107 1079 1129 cu-

342 1151 455 1194 iusque
489 1151 599 1184 classis
631 1156 724 1194 pater
756 1151 931 1194 spiritualis
960 1156 1078 1183 certam

341 1204 508 1237 materiam
526 1204 569 1236 ita
585 1205 747 1236 succincte
765 1209 795 1236 et
814 1203 898 1236 clare
917 1203 1076 1243 tractabit,

341 1263 377 1289 ut
400 1257 516 1300 singuli
536 1257 748 1290 terminorum
768 1257 884 1289 seriem
902 1257 1078 1289 memoriae

342 1310 483 1350 tradere,
512 1315 544 1343 et
567 1310 803 1353 praedictarum
832 1309 951 1342 viarum
977 1310 1079 1342 scien-

342 1363 419 1395 tiam
457 1363 634 1396 successive
667 1362 750 1395 sacili
788 1363 918 1405 negotio
949 1362 1075 1405 assequi

342 1416 484 1448 valeant.

387 1480 461 1503 xv11.
490 1471 570 1502 Ante
607 1469 717 1502 omnia
748 1469 894 1511 magistri
926 1470 1077 1501 virtutum

344 1523 568 1555 adolescentes
593 1521 715 1565 primae
734 1521 841 1554 classis
861 1522 1021 1554 instruant
1039 1523 1076 1554 de

343 1578 430 1608 recta
465 1575 647 1608 intentione
688 1576 720 1607 in
759 1574 903 1607 examine
943 1574 1077 1617 aliisque

344 1628 630 1661 exercitationibus
654 1628 875 1671 spiritualibus
896 1628 1080 1670 persolven-

345 1682 404 1721 dis,
433 1682 596 1725 quomodo
623 1682 682 1714 sub
709 1680 867 1714 sacrificio
888 1681 1001 1713 missae
1019 1681 1079 1723 spi-

344 1736 506 1768 ritualiter
523 1735 762 1768 communicare
777 1735 911 1777 possint.
928 1734 960 1767 In
976 1734 1079 1767 scien-

345 1789 388 1821 tia
412 1799 541 1832 quoque
574 1799 680 1821 rerum
714 1788 904 1820 caelestium
942 1798 978 1820 ex
1003 1798 1078 1830 pro-

345 1843 427 1875 fesso
462 1854 477 1874 a
512 1847 602 1884 patre
640 1840 799 1884 spirituali
835 1840 935 1883 probe
972 1841 1077 1883 perito

344 1895 570 1928 informentur.
590 1894 623 1926 ln
640 1894 785 1926 doctrina
800 1893 975 1926 christiana
993 1893 1079 1935 prin-

344 1948 427 1991 cipia
459 1947 553 1986 tidei,
580 1947 710 1978 uberius
737 1957 831 1988 quam
858 1947 888 1978 in
916 1947 1076 1979 communi

343 2002 551 2044 parvulorum
587 2000 774 2032 catbecbesi
810 1999 877 2031 lieri
909 2000 1009 2038 solet,
1041 2010 1076 2032 ex

345 2054 564 2087 catliechismo
594 2063 729 2085 romano
759 2063 819 2095 per
852 2052 998 2084 ordinem
1025 2053 1079 2084 iis—

345 2107 415 2139 dem
453 2107 637 2145 traduntur,
663 2105 708 2137 uti
741 2110 773 2138 et
801 2104 994 2147 significatio
1030 2116 1077 2137 sa-

345 2169 468 2191 crarum
501 2158 797 2197 caeremoniarum,
833 2158 931 2189 virtus
973 2167 1078 2189 sacra—

344 2212 545 2251 mentalium,
573 2217 603 2244 et
628 2211 790 2243 similium.

387 2275 477 2297 xviu.
504 2264 619 2297 Contra
649 2264 782 2296 insidias
813 2263 951 2296 bostium
985 2263 1079 2305 spiri-

345 2317 477 2349 tualium
496 2323 587 2349 caute
604 2318 800 2349 roborentur
815 2327 874 2359 per
894 2316 1079 2349 instructio-

344 2381 420 2403 nem
438 2370 632 2411 cognitionis
647 2371 694 2401 sui
711 2370 813 2413 ipsius
829 2375 859 2402 et
881 2370 1077 2402 diversarum

346 2423 558 2455 tentationum
590 2423 757 2463 notitiam,
790 2423 822 2455 in
854 2433 947 2466 quem
981 2422 1076 2454 tinem

345 2475 498 2508 inserviet
519 2476 646 2507 libellus
666 2476 750 2508 beati
769 2476 880 2508 Salcsii
902 2475 1077 2509 Pltilollwa

346 2529 461 2568 dictus,
489 2534 519 2561 et
544 2529 598 2561 ille
624 2530 677 2571 qui
693 2530 737 2561 De
755 2529 938 2561 initiatione
957 2528 1078 2561 Christi

345 2582 544 2622 inscribitur,
572 2593 607 2613 ex
634 2582 751 2624 quilius
778 2587 868 2624 pater
892 2580 1076 2625 spiritualis,

892 208 894 211 ·
914 202 1093 226 Bt'LLAmtuu
1117 202 1134 225 R
1140 202 1269 226 OMANUM

1116 250 1160 282 uti
1185 250 1281 283 etiam
1307 260 1343 284 ex
1361 249 1497 283 materia
1516 249 1554 283 de
1568 249 1763 284 discretione
1783 249 1850 293 spi-

1116 303 1246 344 rituum,
1278 303 1411 337 clientes
1436 313 1514 337 suos
1548 303 1727 347 prudenter
1751 302 1851 336 insor-

1117 356 1227 389 mabit.

1159 418 1221 442 xix.
1249 409 1372 443 Pariter
1402 410 1555 452 magistro
1591 409 1750 453 spirituali
1775 420 1851 443 cura

1117 462 1158 494 sit
1181 467 1216 494 ut
1244 473 1280 496 ex
1306 463 1490 505 cogniticne
1522 463 1576 496 Dei
1607 468 1640 496 et
1674 461 1851 496 beneficio-

1860 209 1914 229 fin.
1930 200 1960 229 e.
1976 194 2062 230 168⁴*

1117 526 1187 548 rum
1213 516 1281 549 eius
1315 516 1448 550 clientes
1478 527 1555 550 suos
1581 517 1619 550 ad
1652 515 1794 549 divinum
1820 515 1871 549 et'

1118 568 1247 601 filialem
1274 580 1427 609 amorem,
1454 580 1490 603 ex
1516 569 1716 612 praestantia
1741 574 1773 602 et
1795 569 1852 602 be-

1117 621 1275 663 nignitate
1300 622 1416 655 Beatae
1442 622 1581 665 Virginis
1606 622 1722 655 Mariae
1748 622 1787 655 ad
1818 632 1851 655 e-

1118 673 1240 706 iusdem
1260 674 1476 715 devotionem,
1503 686 1539 707 ex
1567 674 1712 708 custodia
1727 679 1852 707 sancto-

1118 736 1187 758 rum
1212 727 1399 769 angelorum
1422 733 1454 761 et
1468 727 1593 760 meritis
1611 733 1797 760 sanctorum
1813 726 1852 760 ad

1119 788 1230 812 eorum
1262 781 1381 813 cultum
1417 791 1453 814 ac
1484 786 1696 824 patronorum
1721 779 1852 813 electio-

1119 842 1215 872 nem,
1240 843 1276 866 ex
1309 839 1448 877 quatuor
1472 833 1656 867 novissimis
1681 838 1713 866 et
1734 832 1849 876 poenis

1121 884 1291 928 {inpiorum
1320 886 1359 919 ad
1390 886 1537 920 timorem
1562 885 1709 926 Domini,
1736 895 1772 918 ex
1798 896 1853 919 no-

1122 936 1190 970 titia
1220 938 1408 981 passionum
1436 939 1473 972 ad
1499 939 1664 982 propriam
1693 938 1872 982 cogniti0-·

1121 1000 1210 1030 nem,
1238 997 1269 1024 et
1293 1002 1329 1025 ex
1361 992 1421 1025 hac
1447 992 1484 1025 ad
1511 991 1559 1024 sui
1587 991 1686 1035 ipsius
1710 989 1869 1024 contem?

1121 1047 1211 1084 ptum
1247 1048 1278 1076 et
1314 1044 1546 1085 diffidentiam,
1581 1049 1676 1087 atque
1708 1054 1744 1077 ex
1784 1042 1853 1076 aliis

1121 1096 1290 1129 virtutibus
1323 1098 1543 1141 spiritualibus
1574 1098 1613 1131 ad
1638 1096 1778 1130 studium
1803 1094 1869 1130 re?

1122 1159 1190 1182 rum
1205 1151 1393 1183 caelestium
1409 1151 1628 1194 impellantur;
1647 1160 1748 1195 super
1761 1161 1852 1194 quae,

1123 1208 1284 1246 tamquam
1316 1204 1518 1245 rudimenta,
1547 1203 1669 1236 solidae
1700 1203 1852 1245 virtutes,

1122 1266 1268 1289 successu
1294 1257 1458 1299 temporis,
1485 1256 1708 1289 aedificantur.

1163 1320 1214 1343 xx.
1242 1309 1281 1342 Ut
1305 1309 1524 1343 adolescentes
1557 1309 1719 1342 secundae
1743 1309 1872 1343 classisv

1120 1362 1152 1394 in
1176 1362 1226 1394 via
1250 1362 1409 1405 spirituali
1435 1362 1698 1405 progrediantur,
1723 1372 1740 1395 a
1761 1366 1851 1405 patre

1120 1414 1276 1458 spirituali
1303 1415 1335 1447 in
1360 1415 1458 1447 modo
1491 1414 1668 1447 meditandi
1693 1414 1855 1447 instruan-

1121 1474 1181 1507 tur,
1199 1473 1230 1500 et
1249 1478 1313 1501 non
1340 1473 1461 1500 tantum
1486 1472 1662 1511 praecepta
1678 1466 1855 1500 meditandi

1122 1521 1246 1561 tradat,
1274 1531 1383 1553 verum
1409 1521 1504 1553 etiam
1530 1521 1561 1552 in
1591 1520 1680 1563 praxi
1705 1521 1856 1554 ostendat

1120 1574 1284 1616 quomodo
1310 1585 1346 1607 ex
1371 1574 1558 1616 particulari
1584 1573 1729 1606 themate
1753 1574 1855 1608 medi-

1123 1628 1198 1660 tatio
1228 1627 1408 1659 ordinanda
1442 1628 1504 1667 sit;
1538 1626 1688 1659 materias
1721 1637 1853 1670 quoque

1122 1680 1256 1713 subinde
1275 1680 1396 1713 eisdem
1415 1680 1572 1722 designet,
1592 1690 1710 1723 easque
1726 1679 1758 1712 in
1774 1691 1857 1723 pun-

1121 1741 1169 1767 cta
1186 1734 1323 1773 dividat;
1342 1735 1472 1776 peracta
1489 1743 1616 1776 quoque
1634 1733 1853 1774 meditatione,

1120 1797 1255 1821 examen
1288 1787 1428 1829 desuper
1452 1786 1612 1825 instituat,
1638 1786 1672 1818 in
1697 1797 1760 1829 quo
1784 1798 1855 1821 suc-

1120 1851 1228 1874 cessus
1252 1839 1464 1878 examinetur,
1486 1844 1660 1872 cterrores
1687 1850 1745 1882 per
1763 1840 1855 1874 utilia

1121 1895 1313 1927 documenta
1336 1891 1560 1932 ostendantur3
1588 1902 1625 1925 ea
1649 1902 1724 1925 vero
1750 1898 1857 1927 mate-

1121 1947 1167 1979 ria
1191 1956 1250 1989 pro
1276 1946 1336 1977 bac
1361 1945 1463 1977 classe
1481 1944 1661 1978 studiorum
1682 1955 1717 1978 ex
1737 1945 1856 1979 doctri-

1121 2002 1160 2032 na
1187 2005 1219 2032 et
1241 1999 1303 2031 vita
1338 1997 1455 2030 Cliristi
1482 2003 1513 2030 et
1544 1997 1736 2038 Sanctorum
1763 1999 1856 2032 desu-

1120 2058 1233 2092 matur,
1260 2061 1341 2094 quae
1368 2051 1406 2083 ad
1434 2050 1680 2093 extirpationem
1707 2051 1855 2085 vitiorum

1122 2111 1152 2137 et
1175 2103 1349 2138 solidarum
1385 2104 1539 2136 virtutum
1575 2103 1855 2146 implantationem

1121 2159 1269 2192 ordinata
1293 2158 1358 2190 visa
1384 2157 1492 2189 suerit.

1163 2222 1226 2244 xxi.
1253 2211 1325 2243 Post
1343 2210 1592 2243 instructionem
1611 2210 1651 2243 de
1671 2211 1768 2244 modo
1788 2221 1855 2245 me-

1121 2263 1256 2301 ditandi,
1283 2268 1375 2306 pater
1396 2262 1572 2306 spiritualis
1601 2262 1640 2295 ad
1666 2263 1855 2296 tradendam

1120 2315 1369 2348 christianarum
1395 2315 1546 2348 virtutum
1573 2320 1605 2347 et
1633 2316 1856 2358 oppositorum

1121 2369 1269 2400 vitiorum
1296 2367 1475 2400 doctrinam
1499 2368 1736 2410 progredietur,
1761 2379 1856 2412 quam

1121 2434 1155 2454 ex
1175 2422 1308 2454 materia
1326 2422 1364 2454 de
1383 2421 1560 2453 christiana
1577 2421 1766 2454 clericorum
1787 2432 1857 2465 per-

1121 2474 1259 2507 fectione
1292 2474 1457 2515 desumet,
1489 2473 1681 2507 instruendo
1717 2474 1853 2507 clientes

1121 2527 1205 2565 suos,
1225 2527 1329 2570 primo
1350 2527 1381 2559 in
1401 2526 1572 2559 virtutibus
1591 2527 1793 2569 theologicis,
1815 2537 1853 2560 ex

1121 2580 1238 2622 quibus
1264 2580 1363 2612 Deum
1397 2579 1513 2613 timere
1539 2585 1571 2612 et
1597 2580 1734 2622 diligere
1763 2579 1854 2613 addi-
