2111 3157
0 214 22 233 n.
43 205 71 233 C.
95 204 161 233 ¹678

0 738 79 760 summa
100 736 150 758 Bro-

463 255 593 290 XXVIII.

160 324 356 358 Declaratur
381 325 416 358 ιή
439 325 560 365 Brevi,
591 336 655 369 quo
683 326 799 358 electus
829 326 891 367 fuit

200 377 294 420 prior
311 379 524 421 provincialis
548 377 680 411 Ordinis
700 378 891 412 Carmelila-

202 440 279 462 rum
303 431 339 463 in
362 430 495 469 Sicilia,
521 431 580 463 sub
603 431 734 463 nomine
763 435 890 473 patrum

204 483 386 526 provinciae
403 483 601 525 aliorumque
619 484 658 515 de
676 483 742 515 eius
768 483 890 524 gremio

202 535 312 568 venire
333 534 506 567 dumtaccat
522 538 633 578 patres
655 535 843 577 definitorii.

350 613 542 641 Innocentius
563 614 641 647 Papa
659 614 708 647 XI,

307 658 343 686 ad
361 658 494 685 futuram
509 657 553 685 rei
571 658 749 684 memoriam.

203 729 218 773 g
235 728 266 762 1.
292 728 370 761 Cum
394 738 451 761 nos
471 738 583 771 nuper,
601 727 890 770 supplicationibus

161 780 269 814 dilecti
285 780 343 814 filii
362 780 467 813 vicarii
492 780 653 822 generalis
676 779 802 813 Ordinis
828 780 890 812 sra-

161 839 244 867 trum
268 835 304 867 B.
323 833 440 866 Mariae
466 833 604 875 Virginis
629 834 667 866 de
691 833 795 866 Monte
819 833 891 866 Car-

158 888 243 920 melo
261 887 354 920 nobis
379 896 478 929 super
502 886 564 919 hoc
588 886 755 918 humiliter
778 897 890 929 porre-

159 939 218 972 ctis
243 938 408 978 inclinati,
439 938 478 971 de
502 938 734 971 venerabiiium
757 938 889 970 fratrum

159 997 346 1025 nostrorum
364 990 395 1024 S.
415 990 452 1024 R.
471 990 506 1023 E.
526 990 735 1023 cardinalium
752 990 889 1032 negotiis

159 1049 191 1077 et
214 1043 508 1077 consultationibus
534 1044 757 1087 episcoporum
784 1049 817 1076 et
840 1054 891 1076 re-

159 1096 319 1139 gularium
348 1096 607 1140 praepositorum
632 1096 786 1135 consilio,
813 1097 890 1129 dile-

158 1155 243 1182 ctum
272 1149 367 1182 etiam
390 1148 492 1182 filium
515 1148 714 1181 Clementem
737 1149 891 1191 Impelliz-

158 1201 243 1241 zeri,
270 1201 402 1234 fratrem
426 1211 577 1244 expresse
609 1201 791 1244 professum
816 1202 889 1234 dicti

157 1253 284 1287 Ordinis
302 1253 335 1286 in
352 1255 441 1286 sacra
458 1253 624 1295 theologia
641 1253 839 1295 magistrum,
858 1254 889 1286 in

156 1306 298 1349 priorem
320 1305 552 1349 provincialem
576 1306 756 1348 provinciae
781 1307 812 1339 S.
838 1308 890 1339 Al-

155 1357 241 1390 berti
284 1357 317 1390 in
355 1357 461 1390 Sicilia
500 1357 645 1390 eiusdem
682 1357 809 1391 Ordinis
851 1359 889 1391 ad

156 1417 282 1454 tempus
306 1421 369 1454 quo
394 1410 550 1443 eiusmodi
573 1411 824 1454 provincialatus
849 1412 890 1443 os-

154 1463 264 1496 ficium
287 1463 374 1496 iuxta
410 1463 570 1505 regularia
599 1463 726 1496 Ordinis
757 1465 889 1507 praefati

154 1516 302 1549 instituta
325 1525 383 1559 per
406 1515 523 1548 Sedem
543 1517 759 1559 Apostolicam
780 1518 890 1550 contir-

155 1574 243 1602 mata
267 1569 383 1602 durare
408 1569 584 1609 consuevit,
602 1569 708 1602 statim
732 1575 827 1613 atque
845 1570 890 1603 di-

154 1622 255 1655 lectus
279 1621 362 1654 filius
385 1622 562 1655 modernus
579 1623 666 1665 prior
682 1623 889 1665 provincialis

154 1674 342 1717 provinciae
364 1675 547 1708 huiusmodi
569 1680 695 1720 ternpus
720 1686 811 1708 suum
836 1676 890 1707 ab·

155 1726 289 1759 solverit
304 1727 535 1767 inchoandum,
551 1728 743 1760 auctoritate
762 1733 890 1770 aposto-

153 1779 217 1812 lica
241 1779 300 1812 sub
325 1780 422 1812 certis
438 1780 537 1813 modo
562 1785 593 1813 et
610 1780 711 1814 forma
735 1786 812 1813 tunc
836 1792 890 1813 ex-

152 1832 277 1875 pressis
290 1832 554 1865 constituerimus
569 1838 601 1865 et
614 1833 887 1874 deputaverinins3

153 1894 192 1916 ac
209 1883 394 1916 definitorio
413 1884 526 1916 actuali
544 1884 688 1918 eiusdem
706 1885 888 1928 provinciae

153 1946 189 1969 se
207 1938 270 1968 una
287 1946 360 1968 cum
376 1936 490 1969 maiori
507 1942 598 1979 parte
619 1943 744 1980 patrum
761 1938 889 1981 provin-

153 1987 222 2020 ciae
239 1992 271 2020 et
286 1988 422 2021 aliorum
440 1988 479 2021 de
497 1989 620 2031 gremio
637 1990 821 2031 provinciae
836 1991 889 2022 liu-

153 2040 292 2073 iusmodi
310 2040 515 2073 existentium
532 2041 693 2074 dominica
709 2043 803 2075 tertia
819 2049 889 2085 post

153 2091 276 2124 Pascha
294 2091 554 2125 Resurrectionis
574 2093 759 2129 Dominieae
780 2095 889 2138 proxi-

153 2155 206 2178 me
220 2150 388 2177 venturum
399 2146 630 2189 congregandi,
643 2158 680 2180 ac
692 2147 773 2180 duos
783 2141 888 2180 socios

153 2197 273 2241 prioris
301 2197 522 2240 provincialis,
553 2199 608 2241 qui
636 2199 675 2232 ad
704 2200 886 2242 proximum

152 2250 293 2284 futurum
307 2250 484 2293 capitulum
499 2252 651 2292 generale
661 2251 788 2285 Ordinis
800 2263 887 2295 prae

152 2301 209 2334 sati
226 2302 337 2335 venire
352 2302 531 2343 debebunt,
546 2313 676 2336 necnon
690 2314 793 2337 novos
810 2304 887 2337 defi-

152 2354 275 2387 nitores
288 2364 347 2397 pro
362 2354 520 2397 gubffnio
533 2354 675 2388 eiusdem
689 2357 884 2399 provinciae,

152 2407 288 2440 servatis
313 2407 392 2440 alias
415 2407 595 2448 servandis,
618 2409 760 2451 eligendi
788 2410 886 2443 sacul-

153 2464 252 2493 tatem
276 2461 431 2504 impertiti
452 2461 621 2501 fuerimus,
639 2466 671 2494 et
694 2462 773 2495 alias
789 2469 887 2505 prout

153 2511 186 2544 in
211 2513 329 2545 nostris
355 2512 498 2556 desuper
521 2514 554 2546 in
579 2514 676 2547 simili
698 2515 800 2548 forma
816 2516 887 2548 Bre-

152 2565 199 2598 vis
224 2565 275 2599 die
300 2576 350 2600 xix
374 2567 562 2601 novembris
587 2568 733 2611 proxime
757 2575 887 2611 praete-

744 207 955 232 INNOCENTIUS
975 209 1006 233 XI
1031 209 1079 233 FP.

1581 200 1616 233 71

934 255 988 288 riti
1013 256 1171 299 expeditis
1198 257 1327 296 litteris,
1352 268 1487 301 quarum
1517 262 1664 290 tenorem

933 310 1159 351 praesentibus
1189 321 1248 353 pro
1278 312 1375 353 plene
1407 316 1439 342 et
1470 310 1665 342 sufficienter

933 371 1087 403 expresso
1102 367 1134 394 et
1150 362 1273 395 inserto
1292 362 1405 395 haberi
1423 363 1577 401 volumus,
1592 363 1665 394 ube-

934 414 1001 446 lius
1021 415 1226 455 continetur}

977 466 995 522 §1
1015 465 1046 498 52.
1069 467 1116 505 Et,
1133 468 1216 499 sicut
1240 478 1297 510 pro
1320 473 1411 511 parte
1431 468 1600 501 meinoiati
1621 469 1666 501 vi

933 517 1009 549 carii
1031 519 1192 559 generalis
1209 520 1303 551 nobis
1321 520 1458 553 subinde
1484 521 1702 563 expositum

935 569 1004 609 suit,
1021 570 1090 612 ipse
1110 571 1244 603 vicarius
1266 582 1367 613 gene-1
1370 572 1428 605 alis
1450 580 1597 606 veremu
1615 585 1666 612 ne,

934 632 971 653 ex
995 632 1033 654 eo
1058 623 1144 664 quod
1168 634 1229 666 pei
1253 623 1378 657 litteras
1403 626 1583 668 praedictas
1612 627 1667 659 dc-

933 673 1074 707 tinitorio
1092 675 1208 707 actuali
1227 675 1330 708 dictae
1348 677 1531 718 provinciae
1553 689 1587 710 se
1605 681 1668 710 [ιιι-ιι

934 736 1005 758 cum
1029 727 1145 760 maiori
1169 734 1260 770 parte
1280 735 1406 771 patrum
1432 730 1615 771 provinciae
1637 736 1669 762 et

934 778 1070 811 aliorum
1088 779 1126 811 de
1140 779 1264 822 gremio
1282 781 1465 823 provinciae
1481 782 1667 814 huiusmodi

935 830 1148 871 existentium,
1173 832 1254 864 sicut
1285 833 1511 874 praemittitur,
1533 845 1669 876 congre-

934 884 1030 926 gandi
1055 884 1187 917 facultas
1213 884 1377 926 tribuitur,
1410 887 1579 928 praetendi
1604 887 1670 919 sor-

934 947 989 968 san
1014 937 1115 979 possit
1140 937 1227 980 quod
1259 938 1292 970 id
1321 938 1359 970 de
1386 939 1535 971 omnibus
1570 940 1669 972 tratri-

933 989 993 1021 bus
1019 990 1120 1023 dictae
1146 991 1342 1033 provinciae,
1360 992 1414 1034 qui
1432 992 1561 1034 integro
1583 993 1669 1035 capi-

935 1044 1000 1075 tulo
1026 1042 1214 1085 provinciali
1239 1043 1399 1076 interesse
1420 1050 1666 1084 consueverunt,

935 1095 1179 1138 intelligendum
1198 1095 1254 1134 sit,
1280 1106 1343 1138 quo
1368 1107 1444 1129 casu
1465 1097 1669 1130 difficultates

934 1148 1152 1189 congregandi
1178 1148 1352 1190 capitulum
1383 1149 1581 1191 provinciale
1611 1151 1670 1182 lxu-

934 1200 1083 1239 ius11.odi‚
1109 1206 1242 1242 propter
1270 1211 1346 1243 quas
1379 1202 1510 1234 eaedem
1542 1203 1669 1235 litterae

934 1262 1105 1285 concessae
1126 1253 1263 1291 suerunt,
1289 1264 1353 1286 non
1375 1254 1588 1288 evitarcntur:
1611 1266 1670 1288 no-

934 1304 982 1336 bis
1009 1310 1181 1347 propterea
1214 1306 1300 1337 idem
1336 1306 1472 1338 vicarius
1508 1309 1670 1349 generalis

934 1358 1102 1390 humiliter
1125 1359 1301 1400 supplicari
1327 1359 1412 1400 fecit,
1428 1365 1474 1399 ut,
1495 1361 1534 1393 ad
1554 1362 1670 1394 tollen-

934 1411 989 1442 das
1008 1411 1122 1450 litium,
1136 1421 1216 1453 quac
1234 1421 1332 1453 snper
1350 1412 1412 1444 boc
1431 1413 1506 1445 oriri
1526 1419 1668 1455 possent,

935 1464 1133 1499 occasiones.
1148 1470 1329 1506 opportune
1345 1465 1376 1497 in
1390 1466 1580 1508 praemissis
1599 1478 1668 1509 pro-

935 1515 1041 1548 videre
1068 1517 1107 1548 de
1129 1516 1328 1558 benignitate
1353 1518 1531 1560 apostolica
1556 1519 1669 1560 digna—

936 1579 1056 1600 r.e1nur

977 1622 991 1663 ς
1011 1620 1041 1653 3.
1065 1621 1126 1654 Nos
1144 1621 1251 1663 igitur,
1271 1622 1573 1665 ipsumvicarinni
1568 1635 1667 1666 5-ene

1666 210 1715 236 An.
1738 210 1765 237 C.
1790 207 1856 239 leS

1703 481 1746 504 οιι
1736 488 1768 501 aie
1765 483 1858 504 'Numan

1737 516 1779 528 ιιιιι
1822 516 1858 533 Γᾶ

1793 542 1823 555 -ιιι
1834 541 1859 555 ιι5

1743 564 1760 580 ιι
1785 561 1812 580 Γ,ι

1787 588 1860 611 ιιιΨιἾί

1684 594 1723 638 iifl.
1719 594 1741 632 tlt
1743 614 1763 633 ιι
1760 619 1795 639 ιιμ
1791 618 1824 633 ιυιι
1830 620 1859 634 m

1678 640 1746 660 cialis

1678 508 1695 553 11ιὶ
1698 541 1730 579 ιι

935 1675 1035 1706 ralein
1062 1674 1259 1716 specialibus
1291 1677 1455 1708 favoribus
1493 1682 1525 1709 ct
1557 1688 1592 1719 gi
1596 1678 1667 1710 ιιιιί5
1680 1665 1757 1715 *seii*
1795 1692 1822 1704 ιι

934 1726 1088 1768 piosequi
1106 1728 1258 1762 volentes
1273 1733 1302 1760 et
1321 1738 1338 1759 a
1356 1728 1519 1769 quibusvis
1542 1740 1668 1762 excoui-
1689 1718 1740 1757 ιυῘῘ-Ἰ

933 1779 1169 1818 Πιιιιιίειιιιοιιι5,
1188 1764 1413 1822 suspensionis
1440 1788 1471 1813 et
1494 1782 1666 1821 interdicti,

933 1831 1067 1873 aliisque
1086 1832 1314 1865 ecclesiasticis
1327 1834 1506 1873 sententiis
1522 1836 1666 1867 censuris

933 1889 963 1916 et
988 1884 1111 1925 poenis,
1130 1895 1147 1916 a
1171 1884 1240 1917 iure
1265 1886 1313 1917 vel
1339 1885 1378 1917 ab
1404 1886 1543 1926 homine,
1557 1888 1666 1929 quavis

933 1936 1104 1968 occasione
1131 1937 1179 1969 vel
1197 1947 1290 1969 causa
1309 1937 1392 1977 latis,
1409 1938 1434 1970 si
1453 1939 1569 1981 quibus
1587 1951 1668 1982 qno-

931 1989 1111 2021 modolibet
1128 1989 1301 2022 innodatus
1327 1990 1443 2029 existit,
1457 1992 1496 2024 ad
1514 1991 1665 2025 effectum

932 2042 1151 2084 praesentium
1184 2042 1351 2075 dumtaxat
1380 2045 1664 2086 consequendum,

931 2094 1047 2126 harum
1076 2095 1159 2127 serie
1188 2096 1393 2128 absolventes
1422 2102 1453 2128 et
1480 2098 1666 2130 absolutum

932 2147 1000 2179 sore
1017 2153 1197 2186 censentes,
1213 2148 1398 2181 huiusmodi
1420 2150 1668 2192 supplicationi-

930 2199 991 2231 bus
1017 2199 1181 2238 inclinati,
1206 2201 1304 2233 verba
1327 2201 1383 2233 illa
1407 2202 1667 2244 sufnadictaruin

930 2257 1115 2284 nostrarum
1139 2253 1329 2293 litterarum,
1356 2253 1568 2295 quibusdam¹
1591 2256 1668 2288 dell-

929 2304 1050 2337 nitorio
1076 2305 1191 2337 actuali
1208 2316 1242 2337 se
1260 2307 1324 2338 una
1342 2316 1413 2338 cum
1436 2307 1548 2340 maiori
1575 2314 1666 2350 parte

929 2361 1057 2399 patrum
1077 2357 1258 2399 provinciae
1280 2363 1311 2390 et
1327 2358 1464 2391 alioruin
1484 2360 1522 2392 de
1541 2361 1665 2401 gremio

930 2409 1115 2452 provinciae
1142 2410 1327 2444 huiusmodi
1363 2413 1566 2446 existentium
1592 2425 1666 2446 con-

930 2462 1092 2505 gregandi,
1112 2463 1240 2506 aliaque
1257 2474 1353 2508 supra
1371 2475 1521 2508 expressa
1545 2466 1665 2500 sacien-

965 2578 976 2604 1
994 2576 1084 2605 Potius
1099 2578 1158 2613 lege
1175 2579 1342 2614 quibuscum
1360 2580 1399 2609 (n.
1417 2580 1467 2615 r.).
