2111 3157
139 196 186 222 An.
208 192 236 221 C.
256 191 322 218 1685
369 181 432 213 3ῑο

181 1372 250 1392 (ΖΑνυτ
267 1369 300 1391 Vi.

181 1400 209 1419 De
231 1402 331 1424 procura-

149 1428 202 1446 tore.

332 240 396 273 hoc
421 237 583 273 licentiam
609 231 747 269 dederit,
766 230 798 261 in
819 233 895 260 tune
919 223 1066 268 sequenti

333 293 473 337 capitulo
495 286 645 323 ratiticari
672 283 820 317 debebit:
839 279 916 313 alias
933 275 1068 311 ulterius

334 358 399 380 non
425 345 553 379 valebit.

379 409 446 434 xiii.
474 397 584 431 Priore
603 399 635 427 et
654 390 775 425 vicario
790 386 986 425 absentibus,
1003 382 1070 416 ubi-

335 464 396 498 que
415 452 446 485 in
465 453 624 484 conventu
646 444 811 488 antiquior
828 441 887 484 (a)
906 437 1071 483 praesidet

335 513 366 541 et
384 504 491 540 omnia
510 502 592 542 facit,
611 510 692 544 quae
710 498 748 532 ad
766 495 922 530 vicarium
937 492 1070 525 absente

334 559 442 602 priore
457 561 602 600 spectare
619 553 773 591 diximus,
789 559 872 582 unus
886 553 991 580 tamen
1007 551 1071 577 tan·

336 618 401 644 tum
417 610 605 653 designetur
622 605 802 640 monachus
820 603 878 635 sub
897 599 1025 634 nomine
1040 603 1072 631 et

336 665 440 698 officio
459 660 649 706 antiquioris
674 659 705 691 in
724 657 871 702 quolibet
886 657 1070 688 conventu:

335 728 433 762 porro
449 717 557 750 nullus
572 713 778 751 criminosus,
791 711 840 743 vel
856 709 887 742 in
903 707 1074 751 disciplina

337 770 481 814 generali
496 769 633 813 positus,
647 775 798 799 exercere
812 760 1073 807 potest'officium

337 822 539 867 antiquioris,
557 831 615 854 nec
635 819 756 862 hospes
775 815 933 855 similiter,
951 813 1010 847 nisi
1037 823 1073 846 ex

339 876 473 921 speciali
491 873 715 908 concessione.
732 869 1005 911 Quandocumque
1025 878 1076 899 au-

338 936 402 963 tem
428 930 491 968 ille,
518 927 573 972 qui
599 925 765 969 antiquior
790 928 837 956 est
860 922 1075 966 professione,

339 982 458 1016 iudicio
476 981 593 1025 prioris
610 989 674 1012 non
700 979 760 1011 erit
778 977 913 1010 idoneus
931 976 970 1009 ad
988 986 1077 1008 exer-

339 1037 476 1069 cendum
488 1034 628 1069 officium
642 1031 846 1075 antiquioris,
861 1030 976 1074 poterit
988 1030 1078 1073 prior

340 1089 438 1122 alium
463 1089 616 1121 idoneum
638 1086 820 1118 instituere.

384 1152 446 1175 xiv.
473 1140 584 1174 Priore
610 1145 643 1172 et
667 1139 783 1171 vicario
808 1137 1018 1177 absentibus,
1052 1137 1077 1170 si
1098 1151 1100 1156 ·

341 1194 507 1238 antiquior
532 1193 573 1226 sit
597 1193 635 1226 de
669 1193 772 1225 choro
797 1191 937 1230 sinistro,
966 1190 1100 1223 transit·

341 1249 380 1282 ad
407 1249 554 1282 dextrum
588 1257 648 1290 pro
673 1245 861 1278 inchoando
891 1244 930 1276 Te
956 1243 1079 1283 Deum,

342 1308 374 1336 et
398 1307 513 1346 postea
537 1300 575 1333 ad
600 1299 710 1332 sedem
737 1297 832 1331 redit.

387 1367 409 1390 1.
436 1354 607 1388 Conversis
638 1358 669 1386 et
695 1351 822 1385 famulis
848 1351 964 1384 domus
990 1361 1082 1394 prae-

342 1409 448 1443 ficitur
466 1420 482 1441 a
502 1408 611 1452 priore
626 1417 707 1439 unus
725 1416 741 1438 e
758 1404 925 1438 monachis
942 1404 1081 1446 diligens

345 1467 539 1507 procurator
554 1461 622 1503 (‘),
639 1460 684 1493 sic
710 1469 783 1491 eum
804 1459 952 1491 volumus
972 1458 1082 1500 appel-

346 1516 415 1555 lari,
431 1515 495 1559 qui,
506 1513 648 1558 quamvis
664 1512 812 1555 exemplo
823 1511 977 1550 Marthae,
992 1510 1082 1542 cuius

919 174 1088 201 mnirari

348 1568 491 1612 suscepit
515 1567 665 1606 osticium,
682 1565 768 1598 circa
792 1565 892 1597 multa
917 1562 1083 1596 sollicitari

349 1634 383 1656 ac
407 1621 526 1654 turbari
554 1620 694 1658 habeat,
721 1617 885 1650 silentium
922 1622 1028 1649 tamen
1055 1621 1083 1648 et

351 1676 491 1720 quietem
512 1674 613 1707 cellae
634 1682 698 1705 non
718 1671 846 1713 penitus
867 1669 1007 1702 abiicere
1032 1672 1087 1700 aut

351 1729 527 1761 abliorrere
544 1725 649 1763 debet,
666 1724 720 1757 sed
736 1722 853 1767 potius,
866 1726 1019 1766 quantum
1035 1721 1088 1753 ‹lo-

350 1791 421 1815 mus
446 1779 582 1823 negocia
606 1777 793 1822 patiuntur,
819 1775 909 1819 quasi
935 1775 973 1807 ad
1000 1774 1089 1806 tutis-

388 1879 417 1909 α)
445 1876 520 1904 Unus
548 1878 650 1902 tantum
680 1874 835 1908 designatur
865 1871 1013 1898 monachus
1040 1870 1090 1896 sub

354 1924 461 1950 nomine
476 1927 502 1948 et
522 1921 610 1947 ostieio
626 1918 796 1954 antiquioris,
812 1925 861 1944 nec
881 1916 913 1943 de
933 1915 1050 1951 antiquis
1066 1915 1091 1941 in

355 1967 461 1995 statutis
487 1965 559 1992 nutta
583 1965 611 1990 sit
639 1963 748 1989 mentio.
771 1961 844 1988 Unde
874 1960 1025 1987 cavendum
1053 1964 1094 1986 est

358 2021 391 2040 ne
408 2011 507 2039 alicubi
523 2009 676 2036 senioribus
697 2007 860 2042 quibusdam
882 2005 1020 2032 monaetns
1035 2005 1094 2031 titu-

359 2057 399 2084 lus
420 2057 545 2090 antiquus
565 2053 728 2080 attribuatur
755 2055 801 2077 aut
828 2050 1017 2085 permittatur,
1040 2049 1096 2075 sire

360 2101 449 2135 aliqua
465 2098 570 2126 licentia
591 2101 636 2124 aut
657 2095 825 2130 privilegium
845 2094 1020 2125 concedatur,
1036 2101 1096 2119 cum

361 2152 453 2171 omues
474 2142 597 2169 monachi
618 2148 700 2166 unuin
725 2142 886 2165 conventum
912 2137 1032 2164 esni-iuni
1047 2159 1053 2170 ,
1073 2141 1098 2162 et

363 2196 456 2214 ornnes
471 2186 596 2221 aequales
612 2193 670 2211 esse
687 2183 803 2209 debeant
814 2186 870 2208 tum
886 2182 910 2208 in
923 2181 1100 2208 observantiis

364 2231 555 2266 singularibus,
572 2234 625 2256 tuin
643 2229 669 2255 in
691 2223 796 2261 ceteris,
814 2231 840 2253 ut
858 2234 905 2262 per
923 2229 1022 2252 statuta
1038 2225 1100 2252 satis

366 2277 535 2310 exprimitur.

402 2320 429 2353 ⁶)
454 2317 605 2345 Ordinatio
625 2316 695 2343 anni
724 2321 853 2342 MDCLxXIx
883 2323 894 2339 (ι
913 2314 940 2340 ln
958 2313 1100 2343 omnibus,

1090 174 1098 197 Ῑ
1122 172 1186 195 ROB!
1195 171 1274 194 ΧΝΓἩ

1111 221 1227 253 simum
1246 224 1279 251 et
1301 216 1535 261 quietissimum
1554 221 1664 259 portus
1680 216 1784 248 sinum
1805 214 1846 248 ad

1110 275 1224 307 cellam
1250 281 1379 315 semper
1402 269 1548 308 recurrit,
1573 274 1607 302 ut
1633 269 1785 312 legendo,
1812 280 1847 304 o-

1111 326 1222 366 rando,
1247 323 1445 363 meditando,
1464 327 1495 355 et
1518 322 1723 356 turbulentos
1747 322 1848 356 animi

1112 380 1159 413 sni
1186 385 1291 414 motus
1329 390 1366 413 ex
1402 389 1509 412 rerum
1541 376 1741 411 exteriorum
1769 378 1848 410 cura

1112 435 1159 467 vel
1181 433 1394 478 dispositione
1419 438 1589 476 surgentes
1618 432 1743 471 sedare,
1765 436 1798 465 et
1813 430 1847 464 in

1113 487 1238 520 arcanis
1255 487 1302 520 sui
1318 486 1458 530 pectoris
1473 486 1594 530 aliquid
1613 486 1750 525 salubre,
1762 485 1848 530 quod

1113 540 1264 573 fratribus
1288 540 1347 572 sibi
1373 540 1551 574 commissis
1575 539 1607 572 in
1632 540 1775 583 capitulo
1795 540 1851 573 do-

1114 603 1183 626 mus
1201 593 1365 626 inferioris
1391 593 1530 626 suaviter
1548 599 1578 627 et.
1595 593 1761 637 sapienter
1778 605 1849 629 eru·

1115 651 1186 687 ctet,
1203 647 1307 690 possit
1323 647 1512 687 recondere,
1527 648 1581 690 qui
1599 653 1687 681 tanto
1703 648 1850 692 frequen-

1116 699 1248 734 tioribus
1278 700 1512 734 monitionibus
1538 701 1702 744 indigent,
1729 707 1850 746 quanto

1116 753 1220 786 minus
1246 753 1369 786 litteras
1394 760 1526 787 norunt.

1160 816 1195 840 11.
1223 806 1427 845 Procurator,
1450 807 1474 839 si
1489 813 1537 840 est
1559 808 1720 849 sacerdos,
1735 808 1854 842 hebdo-

1117 859 1242 892 madam
1270 860 1442 893 sacerdotii
1461 859 1534 893 facit
1551 860 1582 894 in
1600 861 1714 894 ordine
1729 871 1797 902 suo,
1816 861 1854 895 si-

1117 918 1170 946 cut
1186 918 1217 946 et
1230 913 1328 946 ceteri
1339 914 1499 954 monachi,
1511 914 1678 947 incensum
1691 915 1853 948 sacerdoti

1119 975 1248 1008 semper
1262 965 1421 998 ministrat
1438 966 1563 1009 quoties
1581 967 1776 1000 adolendum
1795 962 1875 1007 ests

1120 1023 1149 1050 et
1173 1018 1204 1050 in
1221 1018 1383 1050 Laudibus
1402 1019 1530 1062 quando
1548 1025 1695 1052 cantatur
1712 1014 1866 1063 psalmus¹

1097 1085 1099 1110 l
1121 1071 1268 1104 Luudnle
1281 1071 1456 1104 Dominum
1472 1072 1510 1105 de
1525 1073 1631 1113 caelis,
1648 1073 1687 1106 ad
1704 1083 1856 1115 resperas

1121 1130 1224 1157 autem
1240 1135 1309 1157 cum
1325 1124 1442 1157 dicitur
1450 1126 1581 1159 ultimus
1595 1127 1747 1169 psalmus,
1760 1126 1858 1158 tradit

1122 1189 1259 1221 cuppam
1279 1178 1436 1211 thuribuli
1451 1179 1489 1212 ad
1504 1180 1619 1213 ostium
1637 1179 1728 1213 chori
1746 1178 1858 1223 coqui-

1123 1232 1213 1264 nario
1236 1233 1283 1264 vel
1306 1232 1376 1264 eius
1401 1232 1554 1273 adiutori,
1573 1233 1694 1267 ibidem
1712 1233 1792 1266 illud
1810 1243 1860 1266 rc-

1123 1290 1277 1328 cepturus
1303 1295 1374 1317 cum
1407 1285 1561 1329 incipitur
1590 1285 1722 1319 ultimus
1747 1296 1859 1319 versus

1125 1337 1248 1380 hymni.
1269 1338 1302 1370 ln
1320 1337 1418 1370 missa
1432 1349 1509 1371 vero
1524 1344 1596 1382 post
1612 1339 1784 1382 epistolam
1802 1343 1862 1370 tra-

1125 1391 1210 1424 ditur
1233 1392 1345 1424 eadem
1370 1402 1483 1435 cuppa,
1500 1397 1533 1425 et
1557 1398 1630 1425 ante
1656 1391 1861 1434 evangelium

1125 1444 1292 1487 recipitur.
1310 1445 1430 1488 Aquam
1449 1445 1653 1478 benedictam
1673 1445 1733 1477 sert
1747 1445 1862 1478 diebus

1127 1497 1296 1531 dominicis
1333 1499 1370 1531 ad
1406 1498 1539 1540 gradum
1573 1498 1696 1532 attaris.
1729 1497 1863 1537 Quando

1127 1562 1202 1584 vero
1218 1551 1455 1584 benedicuntur
1468 1553 1631 1591 candelae,
1642 1551 1722 1584 cinis
1732 1550 1864 1591 etrami,
1884 1586 1888 1589 ,

1129 1610 1159 1637 et
1176 1605 1206 1637 in
1229 1605 1432 1648 professione
1447 1605 1569 1644 novitii,
1588 1605 1733 1638 eamdem
1750 1615 1866 1648 aquam

1128 1659 1332 1692 benedictam
1356 1658 1416 1691 sert
1440 1663 1635 1701 procurator
1659 1658 1691 1690 in
1716 1647 1868 1701 asperso-

1131 1714 1180 1746 rio
1201 1712 1374 1752 sacerdoti,
1394 1717 1424 1745 et
1441 1713 1545 1756 aperit
1568 1717 1677 1757 portas
1696 1711 1805 1745 chori:
1828 1710 1869 1743 si-

1132 1767 1252 1800 militer
1269 1765 1472 1798 administrat
1489 1766 1607 1806 vinum,
1634 1765 1764 1809 quando
1784 1775 1870 1798 corn-

1133 1819 1300 1853 muuicant
1323 1819 1448 1852 fratres.

1178 1883 1225 1906 ui.
1252 1872 1285 1905 In
1310 1872 1406 1905 missa
1431 1873 1644 1913 conventuali,
1666 1871 1690 1905 si
1715 1882 1871 1916 praesens

1136 1932 1194 1967 est,
1217 1936 1347 1970 semper
1371 1925 1450 1968 legit
1475 1926 1657 1969 epistolam,
1674 1925 1735 1958 nisi
1760 1926 1802 1959 sit
1825 1935 1874 1958 sa-

1138 1982 1250 2014 cerdos
1276 1980 1560 2020 hebdomadarius,
1578 1985 1631 2013 aut
1650 1978 1733 2012 adsit
1752 1978 1876 2013 subdia-

1139 2046 1249 2068 conus.
1263 2034 1391 2068 Nullum
1407 2034 1493 2067 aliud
1510 2033 1584 2066 facit
1598 2033 1739 2066 officium
1754 2032 1876 2066 hebdo-

1141 2091 1277 2130 madale,
1293 2100 1358 2122 non
1373 2089 1589 2128 diaconatum,
1607 2098 1671 2121 non
1685 2087 1876 2126 cantoriam,

1142 2154 1207 2177 non
1221 2143 1301 2185 legit
1315 2142 1346 2175 in
1358 2141 1540 2174 refectorio:
1556 2141 1633 2183 legit
1649 2146 1755 2174 tamen
1769 2139 1878 2173 lectio·

1145 2208 1215 2229 neni
1234 2196 1265 2228 in
1285 2194 1460 2233 matutinis,
1480 2194 1610 2237 quando
1629 2193 1688 2225 sibi
1706 2191 1877 2234 contingit,

1145 2250 1221 2291 legit
1249 2249 1344 2281 etiam
1371 2248 1402 2280 in
1436 2248 1577 2280 claustro
1603 2246 1691 2289 quod
1718 2245 1756 2279 de
1786 2255 1881 2278 evau-

1124 2344 1125 2348 ,
1147 2302 1240 2345 peliis·
1260 2307 1288 2334 ct
1308 2300 1434 2333 statutis
1452 2300 1627 2343 legendum
1646 2303 1712 2339 est·,
1732 2303 1786 2331 aut
1804 2298 1884 2330 vica-

368 2363 412 2389 nl›i
438 2366 498 2388 sunt
523 2362 612 2396 plures
638 2365 844 2395 procuratores,
862 2358 932 2393 quod
955 2357 980 2384 in
997 2356 1104 2383 statutis
1121 2368 1127 2384 i
1147 2357 1226 2395 rius,
1248 2355 1378 2398 quando
1398 2354 1497 2397 pl‘lOl'i
1516 2352 1671 2396 expedire
1691 2351 1864 2384 videbitur.

369 2408 402 2434 de
419 2415 470 2432 uuo
486 2406 591 2438 dicitur,
608 2405 640 2430 de
655 2404 766 2437 singulis
791 2403 957 2437 intelligitur,
978 2406 1005 2427 et
1028 2401 1103 2436 quis-

371 2460 422 2489 que
443 2451 468 2476 in
493 2449 646 2476 obedientia
671 2457 685 2474 a
710 2448 798 2483 priore
822 2447 872 2473 sitii
898 2446 1039 2473 commissa
1059 2453 1104 2472 sua

373 2496 461 2522 munia
473 2498 578 2519 exercet
594 2493 664 2519 circa
675 2500 716 2518 res
731 2496 757 2518 et
769 2499 906 2526 personas,
921 2494 997 2525 prout
1009 2498 1066 2524 cap.
1081 2496 1105 2515 Vt

373 2540 506 2567 secundae
524 2539 604 2573 partis
620 2542 779 2564 statutorum
804 2535 975 2571 exprimitur,
992 2534 1041 2562 sub
1060 2534 1106 2561 irn-

374 2585 490 2612 mediata
505 2583 650 2609 directione
666 2582 760 2616 prioris
778 2591 801 2607 ι).

1193 2419 1233 2441 iv.
1251 2409 1444 2441 Procurator
1461 2406 1684 2439 universorum
1699 2404 1758 2437 sibi
1774 2415 1790 2437 a
1803 2403 1887 2447 prio·

1151 2472 1184 2494 rc
1209 2460 1456 2494 commissorum
1481 2469 1588 2492 curam
1615 2467 1731 2502 gerens
1764 2452 1888 2500 (a),'do

1187 2532 1226 2565 (a)
1241 2530 1304 2557 Vide
1320 2538 1383 2558 num
1407 2537 1423 2556 v
1439 2533 1505 2568 etv!
1522 2537 1579 2564 cap.
1604 2534 1633 2555 ili
1649 2527 1730 2555 huius
1754 2525 1891 2561 secundae

1152 2575 1244 2612 partis.
1890 2573 1894 2576 ”

1853 159 1904 187 An.
1924 159 1952 186 C.
1967 158 2034 188 1688
