2111 3157
229 187 276 214 Aa,
299 188 328 213 C.
353 187 413 214 ¹081

235 384 239 387 ἱ
256 357 320 376 Lus:

340 358 359 375 et
380 361 412 375 sr-

260 398 261 401 ,
319 393 345 401 .·s
370 389 411 401 sur>

231 417 260 427 iv
272 412 281 427 η’,
293 416 310 427 ,υ
328 416 346 428 iii
364 415 411 428 ‹uitt-

229 492 256 509 (ἶ.

303 451 305 453 ,
361 442 411 454 »Γλυ-

309 464 321 481 3,
334 469 346 480 ix
362 468 410 481 «inin

272 494 293 506 :Q
308 494 400 509 ,limi-utu.

464 180 527 212 tto

425 238 525 277 dum,
558 238 668 270 itidem
694 237 733 269 de
759 235 894 280 speciali
929 236 1016 269 dono
1042 237 1164 279 gratiae

425 291 660 333 dispensamus.

467 346 481 385 ,ξ
500 344 529 375 5.
554 344 664 381 Porro,
685 348 802 375 certam
823 343 921 375 rebus
939 342 972 374 in
992 343 1161 386 praedicto

423 397 641 439 inquisitionis
666 397 819 428 adversus
845 396 1059 439 apostaticam
1085 397 1162 429 liac-

424 449 620 491 reticamque
644 449 835 491 pravitatem
852 449 966 488 officio,
986 449 1019 481 in
1046 449 1161 482 Portu-

422 502 537 543 ·galliae
563 507 593 533 et
618 501 845 543 Algarbiorum
874 501 984 544 regnis
1011 503 1161 545 supradi-

421 555 479 586 ctis
505 554 695 586 auctoritate
720 554 897 597 apostolica
926 554 1092 595 instituto,
1120 556 1159 588 de

420 613 528 640 cetero
546 607 716 650 perennis'
736 618 883 640 normam
901 607 932 639 in
950 608 1054 640 causis
1073 607 1157 648 fidei,

421 665 452 692 ct
478 659 669 702 praesertim
696 665 807 692 contra
826 659 1027 692 Christianos
1051 660 1157 693 Novos

418 713 515 745 motis
530 718 560 745 et
578 713 846 759 quandocumque
861 713 1038 753 movendis,
1057 713 1158 747 invio-

419 766 562 798 labiliter
597 766 787 798 servandam
823 766 949 798 tradere
984 767 1153 807 volentes,

418 825 518 858 motu,
534 819 676 858 seientia,
694 819 929 851 deliberatione
942 824 973 851 et
987 820 1155 862 potestatis

418 871 623 914 plenitudine
647 872 801 914 paribus,
832 873 1018 905 earumdem
1043 878 1155 906 tenore

417 925 646 968 praesentium,
662 924 843 964 statuimus,
858 925 1034 966 sancimus,
1047 927 1157 960 decer-

418 977 524 1009 nimus
551 982 583 1010 et
607 977 812 1010 ordinamus:

461 1041 482 1063 1.
511 1030 546 1062 [Ἰ
574 1030 612 1062 de
642 1035 751 1063 cetero
777 1030 965 1064 confiscatio
989 1041 1154 1076 nunquam

417 1082 468 1114 {iat
496 1089 569 1115 ante
595 1083 795 1123 sententiam,
816 1084 866 1116 vel
892 1084 1152 1126 declaratoriam,

416 1146 475 1167 nec
513 1136 597 1168 bona
638 1136 765 1168 interim
796 1137 958 1179 praetensi
992 1138 1040 1170 rei
1075 1149 1154 1182 qua-

416 1199 552 1231 cumque
582 1189 621 1221 de
655 1190 747 1221 causa
779 1189 1025 1230 distrahantur,
1063 1202 1154 1234 prae-

416 1247 561 1285 terquam
581 1251 618 1275 ex
633 1244 729 1274 causa
747 1242 992 1283 alimentorum,
1008 1244 1065 1277 sed
1084 1249 1153 1277 tan-

417 1300 480 1327 tum
500 1295 688 1329 conficiatur
705 1295 921 1328 inventarium
938 1297 1081 1329 omnium
1100 1298 1153 1330 bo-

416 1360 531 1381 norum
547 1376 554 1388 ‚
589 1359 660 1381 cum
685 1348 869 1381 interventu
894 1359 1055 1392 personae
1081 1361 1152 1384 cum

415 1403 569 1445 inquisito
595 1403 794 1440 coniunctae,
821 1408 852 1435 et
876 1403 962 1436 bona
986 1405 1152 1447 praedicta

415 1466 486 1487 cuin
502 1456 608 1487 debita
623 1456 771 1488 cautione
787 1456 889 1488 eidem
904 1467 1063 1498 personae
1081 1468 1153 1490 con-

415 1509 542 1540 iunctae
569 1509 618 1541 vel
644 1509 737 1541 alteri
762 1509 899 1542 idoneae
925 1510 1078 1543 informa
1096 1511 1152 1543 de-

415 1561 512 1603 positi
539 1560 782 1602 consignentur,
801 1571 836 1593 ex
857 1561 972 1604 quibus
997 1562 1151 1596 alimenta

416 1613 469 1644 toti
495 1613 631 1645 familiae
659 1613 801 1646 eiusdem
827 1614 971 1657 inquisiti
995 1615 1151 1648 submini-

416 1671 564 1705 strentur,
585 1671 615 1698 et
634 1666 788 1707 legitimis
807 1667 1034 1707 creditoribus,
1055 1674 1152 1711 prout

415 1720 452 1749 de
472 1718 550 1756 iure,
568 1718 719 1758 satisfiat3
739 1719 812 1751 etsi
830 1720 861 1751 in
880 1720 1083 1753 confectione
1103 1722 1151 1754 in-

413 1771 547 1803 ventarii
574 1772 781 1804 inveniantur
805 1773 891 1804 bona
908 1783 966 1805 seu
992 1774 1149 1816 pecuniae

414 1825 452 1856 ad
471 1824 550 1856 alios
571 1830 762 1866 spectantes,
786 1825 848 1857 hoc
871 1825 1043 1859 summarie
1065 1827 1152 1859 iusti-

413 1878 524 1913 ficato,
553 1877 640 1910 illico
665 1877 896 1918 restituantum
922 1884 996 1921 post
1020 1885 1151 1912 senten-

414 1930 489 1961 tiam
509 1940 584 1962 vero
602 1930 687 1962 bona
712 1931 961 1974 emphyteutica,
983 1942 1040 1964 seu
1061 1932 1151 1965 fidei-

413 1982 644 2021 rommissaria,
658 1988 713 2015 aut
729 1983 806 2015 alias
821 1984 1068 2026 quomodolibet
1081 1985 1151 2017 sub-

413 2036 503 2075 iecta,
519 2036 731 2068 restituantur
751 2036 868 2079 quibus
887 2037 924 2069 de
944 2037 1028 2078 iure,
1049 2043 1081 2070 et
1098 2038 1148 2071 his

413 2088 569 2129 peractis,
597 2088 690 2121 fiscus
714 2094 823 2121 utatur
847 2089 916 2122 iure
943 2100 1013 2122 suo.

457 2150 490 2173 11.
523 2140 587 2173 Nec
615 2141 804 2174 deveniatur
831 2142 870 2175 ad
894 2143 1148 2176 carcerationem

414 2193 580 2235 inquisiti,
610 2194 671 2226 nisi
697 2196 969 2238 praecedentibus
996 2197 1148 2239 legitimis

415 2246 551 2284 iudiciis,
575 2252 606 2278 et
631 2254 728 2289 prout
752 2248 790 2280 de
823 2248 902 2287 iure,
929 2259 1035 2292 neque
1071 2250 1150 2283 deti-

415 2304 550 2330 neantur
571 2300 724 2333 carcerati
746 2301 831 2334 ultra
848 2303 1072 2336 necessitatem
1091 2304 1148 2336 sub

416 2351 526 2393 quovis
552 2358 733 2394 praetextu,
760 2354 816 2387 sed
843 2365 938 2397 quam
963 2355 1054 2388 citius
1080 2355 1148 2389 sieri

415 2405 515 2446 possit
541 2406 761 2447 expediantur,
792 2418 858 2441 non
883 2414 1051 2452 expectato
1077 2416 1149 2444 actu

414 2457 555 2499 publico,
582 2469 678 2501 quem
702 2466 816 2493 vocant
839 2466 948 2495 actum
971 2462 1058 2505 fidei.

450 2572 461 2598 1
484 2571 576 2607 Aptius
596 2572 655 2608 lego
673 2582 830 2609 perennem
849 2577 888 2611 (u.
905 2577 953 2612 τι).

1000 189 1179 213 BULLARH'M
1205 189 1356 215 non-&NUM

1252 247 1300 270 111.
1328 238 1360 270 In
1389 237 1574 272 iuramento
1599 244 1716 281 autem,
1736 242 1824 285 quod
1842 242 1947 276 deser-

1208 294 1259 322 tur
1283 291 1438 323 advocato
1462 301 1594 324 reorum
1620 292 1651 325 S.
1671 292 1782 333 Officii,
1804 305 1870 329 non
1888 306 1946 339 po-

1205 348 1324 376 nantur
1351 344 1407 376 illa
1437 344 1560 385 verba,
1589 355 1622 377 sc
1650 356 1709 388 per
1732 352 1941 390 cowettum,

1204 397 1252 429 vel
1285 396 1348 429 alia
1380 396 1465 430 idem
1495 397 1716 441 importantia.
1752 400 1840 433 Idem
1866 412 1942 436 vero

1203 450 1376 483 advocatus
1402 450 1432 483 S.
1455 450 1557 484 Officii
1582 452 1688 494 possit
1717 453 1841 497 alloqui
1866 465 1940 488 reos

1203 503 1272 536 sine
1297 504 1488 544 assistentia,
1511 508 1542 536 et
1563 504 1667 537 eidem
1686 506 1830 539 tradatur
1847 508 1943 551 copia

1201 565 1382 599 processus
1404 556 1589 600 suppressis
1614 558 1799 591 nominibus
1823 564 1856 592 et
1879 561 1942 593 cir-

1201 609 1401 642 cumstantiis
1441 610 1670 643 denotantibus
1705 622 1864 654 personas
1895 618 1942 646 te-

1201 663 1308 695 stium.
1345 662 1435 700 Quod
1469 663 1494 694 si
1520 673 1595 695 reus
1631 664 1727 696 alium
1752 665 1939 699 advocatum

1199 721 1299 759 petat,
1316 716 1343 749 ei
1359 716 1565 755 concedatur,
1582 717 1757 750 dummodo
1776 718 1818 750 sit
1832 718 1938 752 bonae

1200 770 1313 810 famae,
1338 769 1387 803 eui
1409 770 1532 813 pariter
1557 770 1732 813 (praestito
1755 771 1937 806 iuramento

1199 823 1238 855 de
1256 828 1381 856 secreto
1398 823 1575 865 servando)
1595 823 1739 855 tradatur
1756 823 1850 866 copia
1868 835 1938 867 pro-

1199 886 1319 916 cessm,
1346 875 1530 919 suppressis
1556 875 1813 919 supprimendis,
1841 882 1938 920 prout

1198 939 1313 972 supra,
1331 938 1396 961 non
1411 933 1514 961 tamen
1530 928 1575 960 illi
1595 928 1800 971 permittatur
1813 930 1936 973 alloqui

1198 992 1269 1014 reos
1286 1009 1293 1022 ‚
1319 981 1382 1014 nisi
1418 991 1490 1014 cum
1515 980 1703 1013 assistentia
1726 981 1871 1024 deputati
1895 981 1935 1015 ab

1197 1033 1442 1078 inquisitoribus
1455 1033 1495 1066 ad
1510 1033 1597 1065 hunc
1610 1032 1707 1065 finem
1726 1038 1758 1066 et
1772 1033 1932 1067 effectum.

1240 1097 1283 1120 1v.
1303 1086 1478 1120 Christiani
1503 1095 1569 1118 non
1594 1085 1754 1121 habentes
1772 1087 1935 1129 exceptio-

1197 1151 1254 1173 nes
1270 1141 1401 1183 legaleS,
1421 1138 1630 1172 admittantur
1646 1138 1684 1171 ad
1703 1138 1934 1182 deponendum

1196 1195 1227 1227 in
1253 1194 1421 1227 defensam
1447 1202 1592 1225 reorum.

1237 1259 1267 1281 v.
1306 1246 1374 1284 Quo
1405 1256 1481 1278 vero
1513 1245 1553 1278 ad
1588 1244 1798 1287 probationes
1834 1255 1933 1289 nega-

1195 1301 1279 1334 tivae
1304 1304 1494 1339 coarctatae,
1519 1299 1716 1341 procedatur
1740 1298 1828 1331 iuxta
1852 1298 1932 1332 iuris

1194 1353 1438 1397 dispositionem
1464 1357 1495 1385 et
1518 1352 1692 1384 canonicas
1717 1352 1916 1385 sanctiones.

1236 1418 1280 1441 v1.
1306 1406 1371 1440 Nec
1405 1410 1513 1446 tutor,
1544 1415 1601 1438 seu
1634 1409 1780 1446 curator,
1814 1405 1931 1448 quibus

1194 1461 1232 1493 de
1264 1460 1333 1492 iure
1365 1460 1489 1492 dandus
1521 1463 1592 1498 est,
1621 1459 1689 1491 ullo
1713 1458 1810 1491 modo
1836 1458 1931 1491 detur

1193 1518 1301 1546 custos
1327 1522 1514 1551 carcerum,
1544 1521 1651 1554 neque
1677 1510 1757 1544 alius
1783 1511 1930 1544 officialis

1193 1566 1223 1599 S.
1252 1561 1378 1603 Officii,
1406 1565 1460 1598 sed
1494 1565 1668 1607 deputetur
1698 1564 1931 1607 aliapersona

1193 1617 1305 1662 gravis,
1331 1617 1437 1650 fidelis
1463 1622 1495 1649 et
1517 1617 1622 1649 bonae
1648 1616 1883 1649 conscientiae.

1235 1681 1292 1703 vn.
1308 1669 1547 1702 prohibeantur
1563 1673 1672 1701 autem
1688 1668 1822 1701 omnino
1837 1680 1931 1712 quae-

1192 1733 1329 1766 cumque
1370 1722 1625 1764 suggestiones,
1667 1721 1900 1754 concussiones
1920 1748 1928 1762 ,

1192 1775 1441 1819 promissiones,
1474 1780 1504 1807 et
1529 1774 1646 1806 similia
1670 1774 1702 1806 in
1728 1773 1930 1807 examinibus

1194 1828 1322 1861 testium
1354 1833 1385 1860 et
1415 1837 1546 1860 reorum
1579 1826 1781 1866 constitutis;
1808 1837 1868 1859 nec
1892 1837 1929 1860 ex

1192 1881 1422 1914 descendentia
1446 1879 1613 1922 sanguinis
1639 1879 1773 1912 hebraei
1793 1880 1859 1912 ulla
1877 1880 1931 1913 de-

1192 1934 1263 1967 duci
1289 1932 1395 1977 possit
1419 1932 1570 1975 probatio
1588 1932 1736 1965 iudaismi
1756 1937 1869 1965 eontra
1886 1937 1930 1965 ta-

1191 1988 1256 2020 lem
1289 1986 1560 2025 descendentem,
1586 1985 1651 2017 imo
1687 1995 1749 2018 nec
1785 1995 1822 2017 ex
1859 1985 1928 2028 ipsa

1191 2040 1261 2072 sola
1285 2038 1519 2072 descendentia
1539 2039 1606 2071 ulla
1631 2037 1852 2082 praesumptio
1870 2038 1931 2071 suf·

1191 2092 1303 2125 ficiens
1327 2091 1367 2124 ad
1391 2096 1499 2124 actum
1524 2090 1720 2124 iudicialem.

1235 2155 1303 2178 vni.
1330 2144 1361 2178 Si
1392 2150 1499 2177 autem
1524 2144 1678 2177 carcerati
1703 2154 1769 2177 non
1798 2144 1931 2178 veniant

1191 2197 1442 2238 condemnandi,
1462 2198 1552 2231 nullo
1570 2197 1667 2230 modo
1687 2198 1930 2240 compellantur

1191 2251 1369 2285 ascendere
1393 2251 1533 2294 paleum,
1551 2255 1583 2283 et
1607 2249 1633 2283 si
1658 2260 1724 2283 non
1742 2250 1864 2283 suerint
1880 2261 1931 2284 re-

1191 2305 1276 2348 perti
1300 2303 1493 2347 culpabiles,
1517 2313 1584 2336 non
1609 2303 1793 2336 retardetur
1817 2314 1929 2337 eorum

1192 2357 1374 2401 expeditio,
1401 2357 1457 2390 sed
1481 2356 1569 2390 illico
1601 2357 1804 2397 relaxentur,
1831 2357 1928 2390 etiam

1191 2421 1256 2444 non
1281 2415 1449 2454 expectato
1472 2414 1545 2443 actu
1568 2409 1701 2454 publico
1717 2436 1725 2451 ,
1753 2420 1850 2453 quem
1873 2420 1930 2444 vo-

1191 2469 1264 2496 cant
1288 2468 1397 2496 actum
1420 2462 1505 2506 fidei.

1236 2528 1278 2551 lx.
1316 2517 1426 2561 Neque
1464 2517 1633 2551 christiani
1673 2518 1748 2551 novi
1785 2526 1823 2552 ex
1859 2518 1929 2552 sota

1191 2570 1345 2606 bualitate
1377 2570 1494 2617 repelli
1530 2571 1669 2605 debeant
1701 2582 1719 2607 a
1742 2571 1927 2607 testimonio

1944 196 1992 224 An.
2013 196 2042 225 G.
2065 198 2111 227 168
