2111 3157
91 175 141 201 An.
159 172 186 200 C.
208 172 277 199 isse»

324 162 388 196 518

283 221 478 261 deduxisset,
504 219 625 264 prodiit
645 218 821 251 secundum
841 217 918 251 dicti
937 218 1022 260 capi-

283 275 341 308 tuli
358 275 533 314 decretum,
550 284 613 317 quo
626 272 888 316 praecipiebatur
905 271 1021 304 dietam

283 327 506 361 alternativam
539 326 674 359 omnino
708 324 866 365 stabiliri;
893 334 929 357 ac
953 334 1022 357 suc-

283 380 403 414 cessive
418 380 516 412 iidem
531 379 679 412 custodes
693 383 724 411 et
739 377 939 421 proministri
957 388 1021 411 non

283 434 386 466 solum
411 433 471 465 sub
497 432 548 465 die
573 442 603 464 vr
627 431 774 465 eiusdem
811 431 932 464 mensis
965 431 1022 464 ob-

284 487 451 519 tinuerunt
473 496 491 518 a
515 486 605 517 sacra
628 483 889 527 Congregatione
924 495 1022 528 super

283 539 454 582 episcopos
480 543 512 571 et
534 538 704 580 regulares
725 537 911 581 praeposita
931 547 1022 581 prae-

283 592 336 624 t'ati
363 591 494 635 capituli
519 590 681 634 generalis
712 590 835 624 decreti
861 590 1022 634 approba-

285 646 404 678 tionem
430 651 462 678 et
478 644 755 678 confirmationem
773 655 844 678 cum
865 644 1022 678 executio-

284 699 333 731 nis
371 698 542 739 mandato,
579 698 635 730 sed
674 698 771 731 etiam
806 708 866 741 pro
908 696 1021 730 maiori

284 751 427 785 sancitae
453 751 534 794 legis
552 751 703 784 firmitate
722 762 739 785 a
760 750 813 784 SS.
836 751 872 783 D.
895 750 931 783 N.
952 751 1023 783 Ale-

283 804 405 838 xandro
429 804 516 848 Papa
534 804 585 837 VII
616 805 794 848 apostolica
830 803 1022 837 auctoritate

283 857 403 890 muniri
435 868 472 891 ac
506 857 654 891 roborari
690 857 956 901 supplicaverunt
992 860 1024 888 et

284 910 496 944 obtinuerunt
530 921 590 954 per
625 911 725 943 Breve
757 911 866 943 datum
903 909 955 942 die
986 919 1023 942 xx

284 964 429 997 eiusdem
460 964 581 996 mensis
615 964 694 996 iunii
727 973 878 997 MDCLxlv.
904 962 1023 995 Verum

285 1016 371 1050 dicto
397 1017 536 1056 decreto,
563 1018 625 1049 una
643 1027 714 1049 cum
736 1016 888 1060 praefatis
912 1015 1024 1048 contir-

284 1070 494 1111 mationibus,
519 1080 648 1102 necnon
671 1070 827 1103 schedula
844 1068 1024 1102 maiestatis

285 1123 369 1167 regis
395 1124 498 1157 nostri
524 1123 676 1156 catholici
702 1123 734 1155 in
759 1123 911 1156 Limanae
949 1132 1024 1165 pro-

286 1176 409 1210 vinciae
431 1176 614 1210 definitorio
640 1176 801 1216 exhibitis,
831 1185 944 1218 parere
973 1185 1023 1207 re-

285 1229 461 1262 nuentibus
487 1229 650 1272 religiosis
670 1229 807 1270 Criollis‚
830 1229 949 1262 iterum
967 1227 1025 1260 suit

287 1283 417 1316 habitus
441 1294 589 1316 recursus
615 1283 654 1315 ad
672 1282 848 1325 capitulum
869 1282 1023 1325 generale

287 1346 372 1369 anno
397 1346 522 1369 MDCLxx
546 1335 724 1369 Vallisoleti
750 1335 966 1374 celebratum,
991 1334 1023 1366 in

287 1398 351 1432 quo
381 1389 497 1422 iterum
522 1388 669 1432 partibus
695 1387 820 1428 auditis,
848 1389 1024 1431 perpensa-

288 1452 351 1485 que
366 1441 470 1475 dictae
485 1441 695 1475 alternativae
714 1440 913 1481 necessitate,
923 1441 1024 1484 ipsam

288 1495 490 1528 confirmavit
525 1505 610 1528 novo
647 1495 804 1535 decreto,
830 1493 922 1527 cuius
956 1504 1027 1526 exe-

289 1549 453 1582 cutionem
493 1554 524 1582 et
557 1548 790 1581 observantiam
825 1547 1027 1580 reverendis-

289 1602 372 1634 simo
397 1601 478 1645 patri
504 1600 725 1635 commissario
752 1600 899 1643 generali
924 1600 1028 1632 ludia-

289 1665 361 1688 rum
386 1655 417 1687 in
448 1655 536 1687 curia
560 1654 743 1687 catholicae
775 1653 954 1686 maiestatis
981 1664 1030 1686 re-

290 1708 410 1741 sidenti
451 1708 537 1741 serio
578 1707 762 1739 inculcavit.
801 1706 877 1739 Cum
922 1711 1028 1738 autem

290 1760 398 1794 Criolli
425 1760 530 1793 dictae
557 1760 742 1804 provinciae
768 1760 928 1799 Liuianae,
962 1760 1029 1803 qui—

290 1814 349 1847 bus
375 1819 451 1846 tunc
484 1813 623 1857 primum
655 1813 804 1846 adhaesit
834 1813 1029 1845 Charcarum

290 1866 472 1910 provincia,
488 1865 603 1899 iterum
626 1866 857 1909 apposuissent
873 1876 905 1898 se
926 1866 1032 1898 hacte-

291 1931 352 1953 nus
366 1926 547 1963 opportune
567 1930 630 1952 non
650 1918 793 1962 potuisse
809 1924 921 1952 contra
938 1930 1032 1962 prae-

292 1973 390 2006 fatum
416 1974 580 2006 decretum
607 1973 752 2005 rationes
783 1983 842 2015 pro
876 1970 954 2015 ipsis
989 1972 1032 2004 sa-

293 2027 413 2060 cientes
432 2027 609 2065 adducere,
632 2026 844 2068 congregatio
871 2026 1031 2068 generalis

292 2080 449 2118 Toletana
475 2080 513 2112 de
539 2090 624 2112 anno
657 2090 831 2119 iunctxxui,
862 2080 900 2111 ad
936 2090 1030 2122 quam

294 2129 370 2166 dicti
396 2133 506 2166 Criolli
532 2138 801 2176 provocaverant,
820 2132 983 2164 mandavit
999 2137 1033 2163 ut

294 2186 451 2218 dictarum
489 2185 728 2229 provinciarum
769 2185 953 2218 delinitoria
1000 2185 1031 2217 in

294 2239 441 2281 proximo
465 2239 608 2281 capitulo
634 2238 778 2281 generali
813 2238 954 2280 desuper
986 2238 1033 2269 in-

295 2292 487 2332 formarent,
519 2294 675 2334 suspensa
713 2291 843 2323 interim
868 2290 1033 2324 alternati—

296 2355 353 2377 vac
379 2345 581 2379 executione.
609 2345 787 2388 Capitulum
814 2344 913 2387 igitur
939 2354 1034 2385 genc-

297 2399 363 2430 rale
378 2408 462 2432 anno
476 2408 634 2431 iincrxxw
654 2398 774 2430 Romae
792 2403 1033 2440 congregatum,

297 2457 332 2484 ut
356 2463 484 2484 omnem
506 2453 721 2495 imposterum
739 2451 1034 2485 controversiarum

298 2504 505 2547 praecideret
523 2505 738 2545 occasionem,
759 2504 944 2538 huiusmodi
963 2515 1034 2537 cau-

868 171 967 194 Bl'UA
973 172 988 193 [l
995 172 999 193 l
1006 172 1045 194 [M
1072 171 1221 194 quAMYM

1064 217 1151 260 poris
1176 217 1358 250 ministrum
1390 219 1576 260 generalem
1611 220 1801 263 praedeces-

1065 281 1171 303 sorem
1191 276 1337 304 nostrum
1355 282 1391 305 ac
1408 271 1664 307 commissarium
1677 274 1801 317 pariter

1065 324 1252 366 generalem
1276 323 1439 357 lndiarum
1456 324 1489 357 in
1513 325 1600 357 curia
1618 326 1799 360 catholicae

1066 375 1241 408 maiestatis
1265 376 1463 410 residentem
1497 378 1730 421 compromisit,
1765 384 1802 411 ut

1065 428 1189 468 Mati-iti,
1220 428 1340 461 habitis
1373 439 1486 462 eorum
1522 440 1603 472 quae
1637 429 1802 466 desidera-

1064 483 1183 515 bantur
1207 482 1339 523 notitiis,
1365 483 1575 526 providerent
1598 493 1633 516 ac
1650 483 1804 527 dispone-

1065 541 1146 576 rent,
1172 542 1269 580 prout
1293 535 1326 568 in
1350 536 1488 569 Domino
1521 536 1623 579 magis
1658 537 1803 570 censuis-

1065 594 1136 621 sent
1153 589 1318 632 expedire.
1335 588 1402 627 Quo
1417 589 1547 633 quidem
1566 590 1802 633 compromisso

1065 652 1082 674 a
1106 642 1250 685 partibus
1275 647 1453 686 acceptato,
1479 653 1519 676 ne
1539 643 1744 686 contingeret
1763 643 1803 676 de

1064 694 1150 728 illius
1167 695 1331 729 validitate
1349 696 1524 739 aliquando
1543 696 1692 737 dubitari,
1712 696 1803 740 quasi

1065 748 1210 781 obstaret
1248 749 1413 782 decretum
1449 749 1678 793 suspensivum
1714 749 1803 793 quod

1065 802 1210 844 praefato
1231 812 1317 835 anno
1334 812 1473 836 MDCLXIV
1490 813 1526 839 ex
1547 812 1680 836 recursu
1701 802 1803 836 solius

1065 854 1264 897 proministri
1290 855 1473 898 provinciae
1506 855 1655 889 Limanae
1680 856 1718 889 ab
1744 855 1805 889 hac

1065 908 1156 940 sacra
1180 906 1438 951 Congregatione
1463 908 1639 952 prodierat,
1665 908 1804 951 proinde

1066 959 1177 993 Criolli
1217 961 1385 1005 utriusque
1423 961 1612 1004 provinciae
1652 961 1803 994 Limanae

1065 1012 1189 1046 scilicet
1215 1018 1246 1046 et
1271 1013 1464 1047 Charcarum
1488 1013 1603 1046 unitim
1628 1014 1734 1050 eidem
1755 1024 1805 1047 sa-

1066 1074 1137 1098 crae
1162 1065 1414 1108 Congregationi
1434 1065 1708 1109 supplicaverunt,
1727 1060 1806 1109 dua-

1066 1124 1180 1159 tenus,
1206 1119 1269 1151 hoc
1294 1119 1428 1152 decreto
1454 1119 1493 1151 de
1518 1118 1627 1152 medio
1652 1119 1804 1160 sublato,

1068 1173 1163 1206 totius
1195 1172 1318 1214 negotii
1358 1172 1570 1205 alternativae
1607 1172 1805 1205 decisionem

1067 1226 1243 1269 praedictis
1268 1226 1415 1269 patribus
1441 1225 1733 1269 compromissariis
1757 1236 1807 1259 re-

1068 1280 1194 1312 mittere
1232 1280 1439 1322 dig-namium
1476 1279 1654 1322 annuitque
1693 1289 1807 1312 eorum

1067 1333 1146 1366 votis
1171 1343 1261 1366 saera
1285 1331 1502 1376 Congregatio
1533 1342 1592 1375 per
1624 1342 1718 1365 suum
1751 1332 1807 1365 de-

1068 1391 1191 1419 cretum
1209 1386 1394 1429 expeditum
1412 1386 1462 1418 die
1478 1395 1522 1418 x11
1539 1385 1618 1418 iunii
1636 1393 1806 1419 iineLxxvl.

1070 1439 1167 1471 lluius
1193 1439 1316 1472 decreti
1342 1439 1452 1481 vigore
1483 1443 1514 1471 et
1549 1438 1688 1482 praefati
1719 1448 1808 1471 com-

1069 1492 1221 1535 promissi
1246 1503 1305 1535 per
1333 1492 1509 1535 capitulum
1533 1492 1686 1534 generale
1718 1491 1805 1532 sacti,

1070 1546 1165 1577 iidem
1192 1545 1452 1578 reverendissimi
1479 1549 1587 1587 patres
1604 1545 1808 1588 compromis-

1070 1598 1155 1638 sarii,
1173 1598 1289 1631 auditis
1308 1598 1339 1630 in
1360 1597 1452 1630 Curia
1470 1597 1644 1630 Matritensi
1663 1597 1807 1640 partibus

1072 1651 1236 1684 hincinde
1261 1651 1512 1683 inPormantibus
1530 1661 1590 1694 per
1607 1650 1695 1693 quasi
1714 1650 1807 1682 unius

1072 1705 1146 1737 anni
1173 1704 1333 1748 spatium,
1360 1704 1614 1747 ponderansque
1640 1703 1809 1746 utriusque

1072 1759 1230 1801 allegatis,
1245 1758 1477 1791 ordinaverunt
1491 1762 1523 1789 et
1537 1761 1730 1798 statuerunt,
1745 1766 1809 1789 non

1073 1813 1177 1844 solum
1196 1811 1227 1843 in
1243 1813 1378 1854 utraque
1394 1809 1563 1853 provincia
1580 1810 1810 1843 stabiliendam

1074 1876 1109 1897 ac
1135 1864 1325 1897 servandam
1363 1873 1430 1896 esse
1467 1861 1690 1896 alternativain
1727 1862 1812 1895 inter

1076 1917 1246 1960 religiosos
1278 1922 1369 1949 natos
1398 1916 1430 1949 in
1456 1917 1554 1950 Iudiis
1587 1922 1617 1949 et
1650 1921 1742 1949 natos
1778 1916 1811 1948 in

1076 1970 1249 2014 Hispaniis,
1277 1971 1332 2003 sed
1352 1969 1447 2003 etiam
1465 1971 1599 2003 sormam
1621 1969 1724 2013 ipsam
1740 1979 1812 2013 pra-

1074 2024 1213 2057 cticandi
1239 2024 1271 2056 in
1296 2024 1427 2056 Limana
1459 2023 1623 2066 provincia
1660 2023 1812 2056 decreve-

1075 2083 1169 2118 runt3
1195 2082 1229 2109 ut
1253 2077 1376 2110 scilieet
1398 2075 1608 2120 provincialis
1625 2086 1689 2108 uno
1712 2075 1812 2108 trien-

1076 2131 1128 2163 nio
1154 2131 1293 2173 eligatur
1318 2140 1353 2163 ex
1380 2132 1443 2163 una
1468 2135 1578 2173 parte,
1605 2130 1686 2162 adeo
1710 2134 1761 2170 ut,
1785 2128 1811 2162 si

1075 2183 1203 2223 obierit,
1225 2184 1275 2216 vel
1296 2183 1358 2216 alia
1376 2183 1415 2216 de
1434 2185 1536 2222 causa,
1556 2183 1692 2215 durante
1712 2182 1812 2215 trien-

1076 2237 1139 2276 nio,
1158 2237 1328 2277 vacaverit,
1351 2237 1499 2269 minister
1522 2235 1659 2269 vicarius
1684 2236 1813 2279 provin-

1076 2291 1166 2323 cialis
1190 2301 1292 2334 usque
1319 2291 1356 2324 ad
1389 2290 1644 2323 celebrationem
1680 2288 1812 2333 capituli

1077 2344 1116 2376 sit
1152 2350 1184 2377 et
1219 2343 1358 2386 eligatur
1389 2355 1425 2377 ex
1459 2344 1569 2377 eadem
1609 2348 1722 2386 parte;
1749 2342 1812 2376 alio

1078 2408 1153 2430 vero
1180 2397 1321 2430 triennio
1346 2397 1485 2440 eligatur
1509 2402 1541 2429 et
1564 2396 1605 2429 sit
1629 2407 1665 2429 ex
1697 2397 1812 2437 altera,

1078 2453 1200 2483 servata
1235 2451 1349 2484 eadem
1381 2451 1497 2491 forma,
1535 2455 1641 2482 custos
1676 2459 1752 2482 vero
1788 2448 1814 2482 si

1079 2504 1239 2545 adsuerit,
1266 2503 1404 2546 eligatur
1429 2509 1461 2536 et
1492 2503 1532 2535 sit
1564 2514 1600 2536 ex
1634 2503 1690 2535 illa
1721 2507 1814 2546 parte

298 2559 409 2593 samin
429 2559 717 2592 reverendissimos
732 2564 840 2602 patres
863 2563 937 2590 tunc
960 2563 1037 2590 tem-
1081 2568 1115 2591 ex
1143 2566 1205 2601 qua
1236 2567 1299 2590 non
1324 2563 1371 2591 est
1403 2557 1631 2601 provincialis,
1666 2556 1697 2588 in
1731 2555 1816 2589 dicta

1803 172 1855 200 An.
1873 173 1902 200 C.
1925 174 2005 218 1683Δ
