2111 3157
226 237 276 264 An.
294 235 323 265 c.
344 236 411 264 isso
457 225 521 262 ⁶2:38

253 767 349 789 Refertur
366 770 401 789 de-

219 800 299 815 reevuni
314 798 336 815 S.
348 797 401 816 Con-

217 824 352 847 guegatiouss.

254 920 271 927 κ

711 285 855 318 LXXXII.

419 356 639 399 Confirmatio·
651 356 808 388 decretum
827 356 921 397 C01191
932 355 1091 397 wallonis
1102 356 1154 388 Ri-

463 413 552 440 tuum
580 409 617 440 de
641 408 850 439 cadcwcrt'bzts
868 418 989 445 eorum,
1009 408 1067 450 qui
1090 408 1154 439 silai

458 461 660 503 sepulturam
685 460 849 502 elegyrrztnt
874 460 909 491 in
935 460 1073 491 ecclesiis
1089 461 1152 501 sra-

460 518 540 545 trum
583 514 834 546 Carmelitarum
874 513 1148 545 Discalceatorum

459 566 727 608 Conyrcyationis
750 566 881 598 Italiae.

597 643 791 670 Innocentius
812 644 890 676 Papa
910 644 956 675 XI,

552 687 588 713 ad
608 687 742 713 futuram
762 687 805 713 rei
827 688 1010 714 memoriam.

455 763 469 800 g
488 756 517 789 ¹l.
539 756 702 789 Emanavit
726 767 830 800 nuper
855 768 872 789 a
889 756 1146 798 Congregationc

411 810 643 842 venerabilium
662 810 795 842 fratrum
813 815 999 841 nostrorum
1019 809 1050 842 S.
1063 810 1143 841 RE.

411 862 623 895 cardinalium
637 862 733 894 saeris
748 862 861 893 ritibus
875 862 1143 904 praepositorum,

410 915 447 947 ad
474 914 741 957 supplicationem
760 914 870 947 dilecti
891 914 945 946 tilii
965 914 1068 948 Caroli
1090 915 1145 947 Fe-

409 967 479 999 licis
504 978 521 999 a
544 968 574 999 S.
602 966 727 999 Teresia
749 967 966 1009 procuratoris
983 968 1144 1009 generalis

408 1019 675 1061 Congregationis
712 1019 820 1052 Italiae
847 1020 978 1051 fratrum
1014 1019 1142 1052 Ordinis

408 1072 524 1104 Beatae
543 1072 658 1104 Mariae
678 1072 715 1103 de
734 1072 840 1104 Monte
859 1071 1005 1104 Carmelo
1024 1072 1141 1104 Iliseal-

407 1130 571 1156 ceatorum
586 1129 859 1166 nuncupatorum,
877 1124 1042 1156 decretum
1057 1129 1142 1157 tonov

406 1176 449 1211 ris
463 1176 517 1218 qui
531 1176 685 1219 sequitur,
705 1177 868 1208 videlicet:
889 1177 1007 1209 «Sacra
1021 1177 1138 1208 rituum

406 1220 622 1270 Congregatio
647 1229 685 1260 ad
711 1239 824 1271 preces
846 1230 945 1271 patris
963 1230 1067 1261 fratris
1085 1229 1140 1261 Ca-

405 1280 466 1312 roli
502 1280 617 1312 Felicis
651 1291 667 1311 a
692 1280 722 1312 S.
749 1281 880 1313 Teresia
915 1283 1139 1324 procuratoris

406 1333 566 1373 generalis
591 1332 835 1365 Carmelitarum
864 1334 1137 1367 Discalceatorum

405 1384 673 1425 Congregationis
688 1384 804 1423 ltaliae,
818 1393 983 1428 porrectas
994 1398 1054 1430 per
1066 1388 1138 1419 emi-

404 1437 627 1470 nentissimum
653 1443 683 1470 et
707 1440 1011 1472 rcverendissimum
1036 1441 1138 1473 domi-

404 1501 480 1522 num
507 1491 702 1523 cardinalem
735 1492 909 1532 Alterium,
935 1493 1136 1526 inhaerendo

403 1543 494 1576 Brevi
531 1544 631 1576 felicis
667 1545 905 1577 recordationis
930 1546 1050 1578 Urbani
1074 1547 1136 1578 VIII

403 1597 463 1628 sub
490 1597 597 1628 datum
621 1607 694 1629 xxlv
711 1597 778 1629 iulii
803 1608 930 1636 nncxti,
954 1604 985 1630 et
1005 1599 1135 1632 decreto

402 1649 546 1681 eiusdem
570 1660 680 1681 sacrae
698 1649 961 1691 Congregationis
987 1658 1134 1685 emanato

402 1702 453 1733 die
479 1712 510 1734 iv
535 1702 639 1733 martii
666 1711 829 1735 nnctxxui
854 1704 891 1735 ad
917 1704 1055 1736 favorem
1075 1705 1136 1737 fra-

401 1759 483 1786 trum
515 1754 788 1786 Discalceatorum
821 1754 948 1788 Ordinis
984 1756 1135 1789 Eremita-

398 1815 469 1837 rum
495 1806 594 1837 sancti
621 1806 807 1847 Augustini,
834 1807 970 1849 gratiam
993 1808 1132 1850 benigne

399 1859 605 1891 extendendo
637 1859 814 1897 concessit,
845 1865 879 1891 ut
910 1860 940 1891 in
967 1867 1132 1903 posterum

398 1922 535 1954 corpora
571 1911 817 1950 defunctorum,
850 1912 904 1954 qui
930 1912 961 1944 in
988 1914 1132 1945 ecclesiis

396 1963 596 2006 regularium
611 1963 739 1996 Ordinis
753 1964 995 1997 Carmelitarum
1016 1966 1133 1998 Discal-

397 2023 562 2050 ceatorum
586 2016 854 2059 Congregationis
886 2018 995 2051 Italiae
1024 2021 1131 2062 sepul-

396 2074 499 2102 turam
524 2070 584 2101 sibi
611 2071 791 2111 elegerunt,
809 2080 875 2103 non
893 2081 963 2103 esse
981 2072 1070 2114 prius
1092 2073 1131 2104 ad

396 2122 564 2155 ecclesiam
598 2122 820 2165 parochialem
852 2123 1046 2163 deferenda,
1073 2125 1129 2156 sed

395 2176 556 2217 parochos
583 2176 684 2207 teneri
707 2176 863 2208 cadavera
880 2187 1012 2209 suorum
1037 2187 1129 2219 paro-

395 2227 587 2259 chianorum
612 2228 716 2260 levare
743 2239 758 2260 e
784 2229 856 2260 loco
881 2228 935 2260 ubi
961 2239 1129 2261 asservan-

395 2284 453 2319 tur,
480 2286 511 2312 et
535 2280 691 2313 associare
723 2291 823 2324 usque
856 2281 894 2313 ad
920 2287 1045 2324 portam
1078 2292 1128 2314 ec-

393 2333 510 2365 clesiae
536 2335 754 2376 praefatorum
787 2334 999 2377 regularium,
1031 2335 1125 2367 etiam

392 2385 469 2427 ipsis
508 2386 712 2427 regularibus
754 2397 819 2419 non
867 2386 1123 2427 associantibus,

391 2446 451 2469 nec
481 2439 641 2480 parochos
666 2448 698 2471 sc
724 2437 873 2481 ingerere
904 2449 998 2481 posse
1024 2439 1055 2471 in
1083 2440 1126 2471 fa-

391 2489 507 2522 ciendo
540 2499 637 2533 super
672 2492 786 2524 iisdem
823 2492 1033 2524 cadaveribus
1058 2493 1126 2525 offi-

391 2543 475 2574 cium
504 2543 535 2574 in
573 2543 719 2576 ecelesiis
744 2545 962 2587 praefatorum
1000 2547 1124 2587 regula-

1002 234 1182 260 nrttsmrn
1204 233 1356 260 neuwen
1384 214 1392 221 ⁴

1196 284 1332 316 eeclesia
1356 288 1507 327 spectare
1533 289 1563 317 et
1580 285 1757 328 pertinere.
1776 285 1814 318 Et
1837 286 1880 318 ita
1898 286 1930 318 in

1195 337 1344 369 omuibus
1371 342 1402 368 et
1422 337 1556 379 singulis
1574 338 1784 371 conventibus
1811 339 1930 381 praefa-

1196 395 1299 422 torum
1325 390 1523 432 regularium
1545 390 1789 424 Carmelitarum
1812 392 1930 425 Discal-

1194 447 1356 474 eeatorum
1382 443 1647 485 Congregationis
1672 444 1780 476 Italiae
1805 445 1925 487 ubique

1193 494 1407 527 existentibus
1438 495 1554 527 servari
1590 496 1773 536 mandavit,
1797 497 1927 540 quibus-

1193 556 1329 589 cumque
1362 548 1501 580 decretis
1533 548 1678 580 eiusdem
1710 559 1820 581 sacrae
1846 550 1926 582 Con-

1192 599 1397 639 gregationis,
1431 606 1462 632 et
1492 600 1562 632 aliis
1586 600 1617 632 in
1648 600 1805 634 similibus
1829 603 1924 635 editis

1192 650 1222 682 in
1241 653 1439 684 contrarium
1463 663 1528 685 non
1547 653 1763 686 obstantibus.
1789 655 1854 687 IIac
1872 656 1923 688 die

1189 713 1273 736 xxvii
1298 705 1433 737 ianuarii
1452 714 1609 744 nncexxx,
1632 705 1752 739 Cssssxn
1778 707 1924 740 cardina-

1190 755 1226 786 lis
1252 756 1503 789 Facomnnrrus.
1538 758 1621 790 Loco
1645 759 1669 800 -l-
1694 758 1808 800 sigilli.
1843 760 1924 792 Ben-

1188 816 1344 840 attnnuvrs
1376 809 1525 842 exstruis
1552 820 1633 842 saer.
1661 810 1712 842 rit.
1740 810 1923 853 Congrega—

1188 858 1282 891 tionis
1306 861 1507 893 secretarius.

1915 221 1990 264 fan.
2011 232 2039 265 ε.
2058 236 2111 269 ios(

1230 912 1244 953 ξ
1273 911 1302 943 02.
1323 912 1398 945 Cum
1423 918 1538 952 autem,
1561 914 1641 946 sicut
1666 915 1768 948 dictus
1789 916 1919 951 Carolus
1952 925 2109 951 Confirmatura

1186 963 1271 996 Felix
1287 971 1478 1007 procurator
1492 967 1651 1008 generalis
1671 968 1764 1000 nobis
1781 969 1918 1003 subinde

1185 1017 1302 1058 exponi
1328 1018 1410 1057 feeit,
1430 1018 1498 1060 ipse
1525 1019 1693 1052 decretum
1718 1020 1917 1063 huiusmodi,

1186 1080 1248 1111 quo
1262 1070 1383 1103 firmius
1398 1071 1551 1103 subsistat
1566 1077 1594 1103 et
1610 1079 1754 1106 servetur
1767 1075 1916 1116 exactius,

1184 1122 1382 1163 apostolicae
1418 1122 1672 1157 confirmationis
1696 1132 1826 1159 nostrae
1862 1138 1918 1170 pa-

1184 1174 1322 1207 trocinio
1343 1175 1535 1208 communiri
1556 1187 1763 1219 summopere
1790 1179 1917 1212 deside-

1183 1232 1248 1259 ret:
1271 1238 1337 1266 nos,
1356 1227 1461 1270 ipsum
1479 1228 1627 1261 Carolum
1646 1230 1783 1262 Felicem
1801 1241 1916 1273 procu-

1182 1284 1323 1311 ratorem
1350 1281 1535 1321 generalem
1552 1281 1701 1323 specialis
1722 1282 1826 1315 favore
1848 1294 1917 1325 gra-

1182 1331 1243 1363 tiae
1269 1332 1422 1374 prosequi
1447 1333 1612 1372 volentes,
1646 1339 1678 1366 et
1709 1345 1726 1366 a
1750 1335 1915 1377 quibusvis

1181 1385 1536 1423 exroininiiiiieationiS‚
1561 1386 1786 1428 suspensionis
1811 1393 1843 1419 et
1866 1388 1915 1420 in-

1180 1436 1315 1475 terdicti,
1336 1437 1471 1479 aliisque
1487 1438 1712 1470 ecclesiasticis
1730 1440 1912 1481 sententiis,

1180 1490 1325 1521 censuris
1343 1495 1374 1522 ct
1391 1490 1513 1532 poenis,
1533 1501 1549 1522 a
1566 1491 1634 1522 iure
1652 1492 1700 1523 vel
1715 1492 1754 1523 ab
1769 1491 1911 1533 homine,

1179 1542 1290 1584 quavis
1312 1543 1483 1575 occasione
1509 1545 1559 1576 vel
1584 1547 1679 1577 causa
1697 1545 1777 1585 latis,
1796 1545 1821 1577 si
1843 1546 1913 1588 qui-

1179 1595 1236 1627 bus
1262 1595 1506 1638 quomodolibet
1528 1596 1702 1628 innodatus
1728 1597 1846 1637 existit,
1873 1599 1912 1631 ad

1178 1647 1322 1679 etl'eetum
1344 1648 1564 1690 praesentium
1600 1648 1765 1681 dumtaxat
1797 1660 1913 1683 conse-

1177 1701 1339 1742 quendum
1356 1727 1363 1740 ,
1391 1700 1504 1732 harum
1535 1700 1619 1733 serie
1651 1702 1855 1735 absolventes
1881 1707 1912 1735 et

1176 1754 1360 1786 absolutum
1386 1753 1453 1785 fore
1486 1759 1679 1792 censentes,
1704 1755 1912 1797 supplicatio-

1176 1807 1272 1838 nibus
1308 1805 1375 1837 eius
1409 1806 1541 1838 nomine
1581 1807 1675 1838 nobis
1713 1817 1813 1850 super
1848 1808 1911 1841 hoc

1176 1859 1344 1892 humiliter
1368 1858 1527 1901 porrectis
1551 1858 1714 1899 inclinati,
1742 1860 1910 1894 decretum

1174 1911 1422 1953 praeinsertum,
1449 1911 1638 1943 auctoritate
1656 1912 1844 1954 apostolica,
1864 1919 1909 1946 te-

1175 1974 1254 1996 nore
1280 1963 1508 2006 praesentium,
1535 1964 1751 2006 approbamus
1776 1971 1807 1998 et
1831 1975 1908 1998 con-

1175 2017 1346 2055 firmamus,
1369 2015 1480 2058 illique
1498 2016 1693 2049 inviolabilis
1712 2018 1906 2059 apostolicae

1173 2068 1333 2101 firmitatis
1357 2069 1457 2101 robur
1479 2069 1662 2108 adiicimtis3
1690 2070 1776 2101 salva
1801 2075 1906 2102 tamen

1173 2131 1303 2162 semper
1327 2120 1358 2152 in
1383 2120 1567 2162 praemissis
1596 2121 1787 2153 auctoritate
1812 2131 1906 2164 prae-

1172 2174 1254 2206 fatae
1279 2173 1531 2215 Congegationis
1557 2174 1779 2206 cardinalium.

1214 2226 1228 2268 ξς
1252 2226 1283 2259 3.
1311 2226 1527 2258 Dceernentes
1559 2226 1687 2258 easdem
1718 2232 1905 2269 praesentes

1171 2278 1293 2310 litteras
1318 2289 1448 2321 semper
1473 2278 1591 2317 firmas,
1608 2279 1728 2311 validas
1745 2284 1776 2311 et
1799 2279 1905 2312 effica-

1169 2341 1222 2363 ces
1249 2331 1386 2364 existere
1412 2336 1442 2363 et
1467 2331 1543 2371 fore,
1575 2341 1716 2374 suosque
1740 2333 1904 2374 plenarios

1170 2390 1201 2417 et
1225 2385 1370 2427 integros
1396 2385 1528 2418 effectus
1554 2385 1663 2418 sortiri
1689 2390 1722 2418 et
1745 2386 1903 2426 obtinere,

1168 2449 1204 2470 ac
1230 2438 1303 2478 illis,
1330 2438 1369 2470 ad
1392 2449 1470 2481 quos
1491 2443 1618 2480 spectat
1635 2443 1666 2469 ct
1681 2448 1741 2481 pro
1756 2443 1903 2481 tempore

1168 2490 1350 2533 spectabit,
1384 2490 1570 2533 plenissime
1596 2489 1782 2532 suffragari,
1809 2495 1840 2523 et
1864 2491 1902 2523 ab

1168 2545 1213 2577 cis
1245 2544 1423 2588 respective
1456 2543 1688 2575 inviolabiliter
1716 2543 1900 2584 observari,

390 2595 482 2636 rium,
500 2596 556 2628 sed
575 2597 613 2628 ad
632 2596 721 2640 ipsos
747 2600 912 2640 regulares
938 2598 970 2630 in
992 2598 1124 2641 propria
1143 2619 1146 2635 1
1167 2598 1277 2640 sieque
1312 2597 1343 2629 in
1380 2596 1563 2640 praemissis
1595 2607 1655 2639 per
1679 2605 1901 2639 quoscumque

1929 953 2037 976 Pontifice-

2021 1016 2034 1023 «a
2046 1012 2050 1015 ,

1942 2233 2059 2256 Ctausutue.
