2111 3157
762 221 973 246 lNNOCENTttJS
996 224 1025 246 xt
1051 224 1098 247 pp,
1588 214 1647 248 ‘279
1692 223 1740 250 An.
1763 224 1790 250 c.
1811 224 1877 251 ¹080

189 270 234 299 te:
261 270 307 299 et:
327 266 391 306 Qui
412 267 444 299 in
461 267 573 309 fratris
592 267 639 299 lui
655 268 744 300 oculo
763 270 915 311 festucam
1000 270 1181 303 Meminisse
1207 270 1301 303 debet
1324 281 1452 313 semper
1475 271 1572 303 abbas
1598 273 1684 315 quod
1708 285 1877 324 ninom-mrga-

186 318 324 357 videbas,
352 319 386 351 in
412 323 464 351 luo
486 321 617 362 proprio
644 320 761 352 trabem
786 331 849 352 non
874 322 916 352 vi·
1695 311 1833 331 ‘¹⁰¹‘¹'⁵³”'''¹⁹
1853 317 1877 330 '⁷¹

1 218 48 246 An.
68 218 96 245 C.
115 217 181 245 ¹630

958 326 1023 360 est,
1049 323 1234 355 meminisse
1259 323 1342 365 qued
1376 323 1511 363 dicitur,
1545 329 1576 356 et
1604 324 1873 359 sci1·eta‚100mm1s21s.

11 1321 113 1346 Arg-iere,
128 1322 154 1342 cb

0 1353 67 1367 nen-rs
92 1350 111 1367 et
136 1354 156 1368 yn

0 1380 70 1400 reparo
86 1374 157 1395 debut.

187 370 286 403 disti!
305 371 375 404 Non
395 372 433 404 ab
455 383 492 404 eo
517 383 655 414 persona
672 373 703 404 in
721 373 913 405 monasterio

188 423 394 464 discernatur,
408 434 473 456 non
490 434 570 456 unus
583 425 654 467 plus
679 430 802 457 ametur
818 436 912 467 quam

187 475 286 514 alius,
312 475 372 507 nisi
405 487 498 518 quem
530 476 562 508 in
591 477 683 508 bonis
707 477 829 508 actibus
861 483 914 508 aut

185 528 368 561 ohedientia
385 528 542 561 invenerit
560 529 739 561 meliorem.
759 529 826 561 Non
841 539 914 561 con-

183 581 318 612 vertenti
355 590 389 612 ex
426 580 554 612 servitio
586 587 803 623 praeponatur
827 581 913 622 inge-

183 641 274 671 nnus,
295 632 354 664 nisi
372 632 433 665 alia
450 632 651 665 rationabilis
668 643 760 664 causa
783 633 908 665 existat.

183 682 273 720 Quod
297 683 322 716 si
346 684 400 723 ita,
417 683 534 716 iustitia
558 684 710 724 dictante,
737 685 843 717 abbati
868 684 912 716 vi-

181 746 250 767 sum
275 736 388 776 suerit,
415 741 447 769 et
477 737 515 769 de
545 737 717 770 cuiuslibet
741 738 853 770 ordine
878 737 909 769 id

181 787 291 827 saciat,
318 788 367 820 sin
399 789 477 821 alias
509 790 639 832 propria
664 795 795 822 teneant
819 791 906 829 loca;

181 839 256 883 quia
280 841 345 873 sive
376 851 500 880 servus,
527 841 590 873 sive
616 842 712 880 liber,
740 852 852 874 omnes
877 842 907 873 in

180 892 307 925 Christo
337 903 437 925 unum
468 904 596 932 sumus;
624 899 656 926 et
679 894 737 925 sub
763 905 826 927 uno
850 894 909 926 Do-

179 944 268 976 mino
291 946 457 986 aequalem
481 945 640 977 servitutis
657 946 801 978 militiam
822 946 909 978 baiu-

177 996 297 1035 lamus3
323 997 396 1039 quia
431 1007 495 1030 non
527 1003 575 1030 est
604 999 688 1040 apud
713 998 811 1030 Deum
838 1009 908 1040 per-

177 1058 327 1081 sonarum
365 1049 521 1092 acceptio.
553 1050 760 1083 Solummodo
791 1051 823 1082 in
848 1052 907 1083 hac

176 1106 268 1143 parte
299 1101 383 1143 apud
410 1102 515 1144 ipsum
541 1102 769 1142 discernimur,
796 1103 820 1135 si
846 1114 906 1135 me-

176 1152 275 1185 liores
293 1154 364 1186 aliis
381 1154 413 1186 in
430 1155 582 1196 operibus
602 1155 697 1188 bonis
720 1161 751 1188 et
769 1156 906 1188 humiles

175 1205 388 1239 inveniamur.
415 1206 499 1249 Ergo
523 1208 668 1250 aequalis
695 1208 734 1240 sit
757 1209 904 1240 omnibus

175 1259 214 1290 ab
239 1269 278 1291 eo
304 1259 459 1298 charitas,
493 1270 555 1292 una
591 1261 784 1302 praebeatur
809 1261 906 1293 omni-

176 1311 235 1343 hus
261 1312 437 1344 secundum
461 1312 575 1344 merita
599 1312 781 1354 disciplina.

222 1363 255 1395 In
281 1363 425 1396 doctrina
456 1374 594 1406 namque
625 1367 679 1396 sua
711 1365 810 1397 abbas
831 1376 906 1408 apo-

177 1416 323 1448 stolicam
355 1416 451 1448 debet
485 1416 572 1448 illam
606 1427 737 1459 semper
770 1418 905 1450 sormam

172 1477 317 1507 servare,
338 1468 371 1500 in
396 1479 459 1510 qua
483 1469 577 1501 dicit:
605 1470 733 1511 Arque,
760 1469 900 1509 obsecra,

171 1520 312 1563 increpa,
335 1520 418 1553 idest
439 1520 578 1553 miscens
604 1523 804 1564 tenipot·Ibus
829 1528 903 1555 tem-

171 1582 272 1615 pora,
303 1572 482 1605 terroribus
518 1573 757 1606 blandimenta:
796 1575 900 1607 dirum

170 1623 325 1666 magistri,
345 1624 432 1667 pium
455 1625 554 1667 patris
574 1627 723 1658 ostendat
739 1627 898 1666 all'ectum3

170 1675 255 1708 idest
278 1675 535 1718 indisciplinatos
562 1684 594 1709 et
618 1678 778 1721 inquietos
805 1681 900 1712 debet

170 1728 281 1760 durius
317 1739 476 1770 arguere,
514 1730 704 1763 obedientes
740 1738 845 1764 autem
870 1739 901 1765 et

169 1780 263 1813 mites
287 1786 318 1813 et
340 1781 513 1824 patientes,
533 1788 565 1813 ut
587 1784 700 1815 melius
717 1784 897 1826 proficiant,

169 1833 356 1873 obsecrare,
383 1835 584 1875 negligentes
603 1841 708 1868 autem
734 1842 764 1868 et
789 1843 900 1869 conte-

167 1892 315 1919 mnentes
339 1891 375 1918 ut
406 1887 553 1930 increpet
586 1894 614 1920 et
647 1889 817 1931 corripiat,
845 1891 899 1922 ad-

167 1947 346 1970 monemus.
371 1939 412 1980 (c)
435 1939 542 1981 Neque
563 1940 742 1972 dissimulet
766 1947 898 1983 peccata

168 1990 445 2033 delinquentium:
471 1992 526 2024 sed
562 2003 633 2024 mox
665 1998 699 2024 ut
731 1994 898 2035 coeperint

166 2042 253 2081 oriri,
278 2043 431 2075 radicitus
456 2054 505 2082 ea,
533 2050 567 2076 ut
591 2047 765 2086 praevalet,
787 2057 898 2088 ampu-

168 2099 229 2126 tet:
256 2105 380 2127 memor
404 2095 537 2137 periculi
563 2096 631 2128 Ileli
657 2098 832 2129 sacerdotis
857 2099 896 2130 de

165 2144 243 2179 Silo.
274 2147 311 2179 Et
335 2147 540 2180 honestiores
573 2149 700 2191 quidem
727 2154 822 2192 atque
849 2150 897 2181 in-

166 2199 354 2242 telligibiles
387 2201 510 2233 animos
541 2202 644 2243 prima
675 2203 724 2234 vel
756 2204 896 2235 secunda

166 2251 387 2284 admonitione
406 2252 511 2284 verbis
532 2253 704 2295 corripiat:
729 2254 894 2296 improbos

165 2309 287 2341 autem,
314 2310 344 2336 et
370 2305 487 2342 duros,
514 2315 548 2335 ac
573 2306 730 2346 superbos
755 2307 801 2338 rel
828 2306 895 2337 ino-

164 2356 343 2394 hedientes,
369 2357 540 2388 verborum
562 2358 610 2388 vel
633 2358 778 2399 corporis
804 2359 895 2390 casti-

164 2408 292 2448 gatione
316 2409 345 2440 in
375 2410 442 2450 ipso
473 2409 564 2440 initio
593 2410 711 2450 peccati
734 2412 892 2448 coerceat,

164 2459 270 2491 sciens
294 2461 463 2502 scriptum:
484 2462 608 2493 Stultus
626 2462 725 2494 vertis
750 2473 810 2493 uon
828 2474 895 2495 cor-

164 2512 304 2553 riqilur:
328 2519 359 2545 et
376 2514 506 2546 iterum:
525 2514 658 2545 Parente
676 2514 782 2555 filium
804 2520 893 2547 luunt

164 2565 265 2603 virqd,
283 2569 310 2597 et
325 2565 474 2598 liberabis
492 2567 638 2598 animam
656 2567 722 2599 eius
743 2577 763 2599 α
782 2573 889 2600 morte.

957 374 1048 414 quia,
1074 375 1122 406 cui
1149 376 1219 417 plus
1244 375 1461 414 comi‘nittitur,
1486 376 1558 417 plus
1583 376 1621 408 ab
1646 386 1684 408 eo

956 425 1112 466 exigitur:
1131 427 1272 469 sciatque
1291 438 1382 469 quam
1408 427 1569 460 difficilem
1590 433 1620 460 et
1636 439 1685 460 ar-

956 476 1049 507 duam
1087 488 1152 509 rem
1189 479 1331 520 suscepit
1362 489 1474 520 regere
1508 479 1628 512 animas
1654 485 1685 512 et

955 529 1125 560 multorum
1147 530 1264 562 servire
1291 531 1444 563 moribus.
1467 531 1513 573 (d)
1532 532 1568 563 Et
1588 533 1683 564 alium

955 580 1084 620 quidem
1098 581 1335 621 blandimentis,
1347 584 1442 616 alium
1455 595 1529 616 vcro
1542 584 1684 627 increpa-

956 630 1104 669 tionibus,
1119 633 1213 664 alium
1233 635 1443 672 suasionibus,
1460 640 1491 666 et
1507 637 1683 669 secundum

954 683 1204 727 uniuscuiusque
1230 687 1415 728 qualitatem
1435 689 1483 719 vel
1500 688 1683 730 intelligen-

953 736 1036 775 tiam,
1055 737 1099 769 ita
1117 748 1150 769 se
1171 738 1319 770 omnibus
1335 740 1515 772 conformet
1531 746 1558 772 et
1581 748 1680 783 aptet,

952 793 1064 820 utnon
1079 791 1182 821 solum
1197 790 1386 823 detrimenta
1405 791 1511 833 gregis
1526 793 1584 824 sibi
1599 804 1682 826 rom-

952 839 1040 871 missi
1066 851 1130 873 non
1155 842 1311 884 patiatur,
1328 853 1439 875 verum
1462 844 1556 876 etiam
1576 844 1607 876 in
1626 856 1681 877 au-

951 893 1168 933 gmentatione
1193 893 1268 925 boni
1294 895 1401 936 gregis
1423 896 1573 936 gaudeat.
1600 897 1680 929 Ante

951 943 1057 976 omnia
1075 954 1114 976 ne
1139 945 1342 978 dissimulans
1363 952 1418 978 aut
1442 948 1680 990 parvipendens

950 996 1083 1028 salutem
1123 997 1300 1029 animarum
1344 999 1403 1030 sibi
1440 999 1681 1033 commissarum

950 1049 1020 1089 plus
1040 1054 1129 1091 gerat
1143 1051 1392 1083 sollicitudinem
1406 1052 1444 1084 de
1462 1052 1557 1084 rebus
1572 1053 1682 1085 transi-

951 1101 1036 1133 toriis
1054 1107 1086 1134 et
1103 1103 1238 1135 terrenis
1256 1108 1352 1146 atque
1370 1104 1510 1144 caducis,
1529 1106 1584 1137 sed
1603 1116 1680 1138 sem-

949 1163 1006 1194 per
1030 1154 1150 1195 cogitet
1177 1155 1251 1197 quia
1283 1156 1404 1188 animas
1430 1166 1501 1188 suas
1536 1158 1680 1199 suscepit

949 1206 1117 1246 regendas,
1144 1207 1182 1238 de
1201 1207 1316 1249 quibus
1337 1213 1368 1240 et
1388 1208 1544 1241 rationem
1573 1210 1680 1241 reddi-

950 1261 1038 1289 turus
1056 1263 1115 1289 est.
1140 1258 1190 1297 Et,
1216 1269 1256 1291 ne
1278 1265 1427 1291 causetur
1451 1261 1531 1293 sorte
1557 1262 1595 1293 de
1621 1261 1680 1293 mi-

949 1309 1018 1340 nori
1051 1310 1250 1350 substantia,
1282 1311 1465 1344 meminerit
1499 1313 1677 1356 scriptum:

948 1362 1100 1393 Primum
1124 1364 1268 1405 quaerile
1291 1374 1425 1406 requam
1450 1365 1509 1396 Dei
1532 1370 1560 1397 et
1585 1367 1679 1398 iusti-

947 1414 1071 1446 stisiam
1096 1415 1175 1452 eius,
1191 1420 1219 1447 el
1244 1416 1320 1447 haec
1347 1417 1457 1448 omnia
1481 1417 1680 1450 adiicienlur

947 1466 1050 1499 vobis:
1078 1473 1109 1500 et
1133 1468 1263 1500 iterum:
1279 1469 1376 1501 Nihil
1392 1469 1475 1501 deest
1494 1470 1680 1503 timentibus

946 1528 1035 1551 eum:
1061 1519 1204 1562 sciatque
1222 1520 1298 1562 quia
1320 1521 1372 1563 qui
1398 1521 1534 1564 suscipit
1557 1523 1679 1555 animas

947 1571 1115 1612 regendas,
1133 1578 1305 1614 praeparet
1322 1583 1355 1605 se
1374 1574 1413 1605 ad
1431 1573 1588 1606 rationem
1607 1576 1678 1607 red-

945 1623 1093 1656 dendam.
1113 1625 1149 1656 Et
1174 1630 1328 1667 quantum
1354 1626 1413 1657 sub
1439 1628 1514 1658 cura
1538 1629 1592 1659 sua
1618 1629 1678 1659 l'ra-

945 1682 1024 1708 trum
1045 1687 1077 1708 se
1103 1677 1225 1709 habere
1251 1678 1362 1710 scierit
1381 1688 1562 1717 numerum,
1583 1690 1677 1721 agno-

944 1734 1009 1760 scat
1035 1740 1092 1771 pro
1118 1733 1217 1769 cerlo,
1239 1730 1313 1772 quia
1330 1730 1362 1762 in
1387 1731 1438 1763 die
1464 1731 1574 1764 iudIcii
1593 1732 1676 1775 ipsa-

944 1791 1013 1812 rum
1039 1782 1183 1814 omnium
1216 1782 1393 1814 animarum
1418 1788 1466 1815 est
1488 1784 1674 1817 redditurus

944 1833 1078 1866 Domino
1103 1834 1279 1873 rationem,
1308 1835 1377 1867 sine
1404 1835 1502 1867 dubio
1533 1836 1673 1869 additam

944 1891 975 1917 et
988 1897 1062 1918 suae
1084 1886 1221 1919 animae.
1238 1887 1275 1919 Et
1292 1887 1334 1919 ita
1348 1887 1462 1919 timens
1477 1898 1607 1931 semper
1624 1890 1673 1920 su—

943 1944 1044 1970 turam
1071 1939 1303 1971 discussionem
1324 1939 1464 1972 Pastoris
1482 1940 1520 1973 de
1542 1941 1673 1974 creditis

942 1990 1063 2029 ovibus,
1085 2001 1156 2022 cum
1182 1991 1220 2023 de
1246 1991 1359 2024 alienis
1378 1992 1553 2025 ratiociniis
1573 2000 1672 2031 cavet,

941 2044 1087 2075 redditur
1113 2044 1150 2076 de
1182 2044 1249 2076 suis
1274 2044 1447 2083 sollicitus;
1474 2050 1505 2077 et
1530 2056 1601 2078 cum
1633 2046 1672 2078 de

941 2095 1217 2128 admonitionibus
1237 2095 1302 2127 suis
1328 2097 1584 2129 emendationem
1603 2097 1673 2130 aliis

940 2148 1174 2187 subministrat,
1194 2148 1263 2190 ipse
1284 2148 1450 2180 ess‘iciuira
1468 2149 1552 2182 vitiis
1568 2159 1674 2197 emen-

940 2200 1045 2232 datus.

1204 2253 1397 2273 Dectianario.

978 2291 1019 2329 (a)
1042 2300 1061 2320 1.
1084 2291 1210 2329 Sciatqae
1232 2292 1310 2320 abbas
1332 2292 1427 2330 culpae
1447 2293 1575 2330 pastoris.
1600 2293 1672 2323 Con-

938 2339 1065 2368 siderent
1097 2340 1220 2368 maxima
1255 2349 1319 2369 cum
1359 2340 1518 2370 attentione
1551 2342 1671 2379 praelati

938 2387 1096 2416 ‹tortrivam
1122 2387 1207 2415 liuius
1223 2387 1337 2425 capitis,
1353 2392 1512 2426 curentque
1534 2389 1612 2418 omni
1629 2389 1671 2419 vi-

938 2436 1056 2472 gilantia
1083 2439 1113 2464 ut
1136 2436 1239 2464 fratres
1265 2435 1298 2464 ad
1326 2436 1490 2473 regularem
1515 2437 1671 2467 observan-

939 2481 1017 2513 tiam,
1042 2482 1076 2509 ad
1102 2490 1197 2510 sacras
1214 2481 1280 2510 ilem
1303 2481 1452 2518 lectiones,
1470 2483 1671 2513 meditationes

937 2536 968 2555 ac
998 2527 1141 2555 orationes
1163 2527 1262 2556 sedulo
1285 2527 1466 2563 incumbant,
1489 2529 1669 2558 sanctissima

936 2577 1132 2605 sacramenta.
1160 2573 1425 2613 celebrationesque
1447 2574 1598 2604 missarum
1621 2575 1671 2604 de-
