2111 3157
197 218 248 244 An.
270 218 299 244 C.
319 218 386 246 1630
431 211 496 244 340

189 2214 220 2225 111»
237 2213 309 2232 pulset«
333 2212 372 2224 ru<-

189 2240 245 2255 snm,
267 2239 292 2252 ns·
316 2222 373 2257 :fuir-

189 2266 253 2286 qnam
273 2259 371 2279 reserant.

391 268 513 299 arbitrio
535 268 728 309 praesidentis
751 272 779 299 et
800 268 1003 306 visitatorum,
1027 269 1131 299 adiun-

391 318 446 347 ctis
468 318 533 348 aliis
556 318 668 348 duobus
689 318 837 357 praelatis.

430 376 458 396 x.
482 367 584 396 Nullus
600 376 667 396 vero
683 366 880 406 praelatorum
896 366 1000 397 audeat
1016 370 1129 397 mutare

390 415 469 454 ipsos
487 415 627 448 modulos,
641 419 690 444 aut
712 415 842 444 aedificia
865 424 917 454 per
939 415 1010 445 alios
1032 415 1129 445 incoe-

391 467 460 502 pta,
485 464 541 493 nisi
569 464 603 493 de
634 464 753 503 capituli
779 465 934 502 generalis,
958 464 1002 493 vel
1025 464 1127 494 saltem

390 512 572 541 visitatorum
595 512 723 549 lieentia,
740 513 836 543 addito
858 513 946 543 etiam
969 514 1127 552 peritorum

389 560 523 597 consilio3
541 565 585 596 et,
603 561 627 590 si
649 562 715 599 quis
737 561 862 591 voluerit
884 562 913 591 in
937 562 1124 597 monasterio,

388 608 437 637 ubi
460 608 575 647 aliquod
598 609 766 639 huiusmodi
788 610 957 648 incoeptum
979 610 1026 647 sit,
1050 611 1127 640 aedi-

388 657 499 694 ficare,
535 661 668 687 teneatur
696 658 816 688 omniuo
849 658 975 688 fabricas
1008 664 1125 698 coeptas

387 705 546 744 perticere,
571 715 624 736 nee
652 706 771 736 aliunde
798 706 915 737 initium
949 707 1124 737 aedificandi

387 763 503 783 sumere
527 755 628 793 possit.

428 811 467 831 xi.
490 802 522 832 In
545 803 650 842 quibus
667 803 783 842 quidem
801 803 943 833 aedificiis
959 803 1067 843 ubique
1083 803 1125 833 vi-

387 855 486 881 tentur
508 851 637 881 cuiusvis
659 852 774 890 generis
796 857 977 890 ornamenta,
994 856 1021 882 et
1045 861 1126 891 prae-

387 900 488 929 sertim
511 900 540 929 111
563 900 686 929 cameris
709 904 736 930 et
758 900 903 939 hospitiis,
922 904 1124 939 praeterquam

386 948 416 977 in
448 948 579 977 ecclesiis
614 948 759 987 rebusque
789 949 995 978 ecclesiasticis
1027 949 1125 978 divino

386 997 478 1026 cultui
501 997 613 1027 dicatis.

425 1054 474 1074 xu.
499 1045 651 1075 Praeterea
670 1046 838 1075 ordinamus
860 1056 896 1075 ne
920 1046 986 1085 quis
1001 1046 1125 1084 Congre-

385 1094 510 1131 gationis
532 1098 648 1124 nostrae
671 1095 826 1133 praelatus,
845 1099 952 1132 rector,
967 1099 1017 1124 aut
1037 1095 1123 1124 celle-

385 1142 493 1178 rarius,
518 1147 635 1181 propter
658 1143 824 1172 huiusmodi
847 1144 977 1173 aedificia
990 1148 1124 1174 constru-

384 1191 470 1228 enda,
495 1191 704 1221 monasterium
726 1201 793 1221 aere
816 1191 910 1222 alieno
933 1196 1045 1231 gravet,
1069 1202 1123 1223 nec

383 1239 460 1268 ultra
484 1239 654 1269 monasterii
677 1240 722 1269 sui
746 1240 980 1279 possibilitatem,
1005 1242 1058 1270 lioc
1080 1246 1123 1271 est

383 1297 514 1317 aunuum
537 1292 734 1327 proventum,
758 1289 892 1327 pecuniis
914 1290 1036 1325 alienis,
1059 1291 1122 1320 sine

384 1336 504 1375 capituli
532 1337 676 1374 generalis
708 1340 757 1366 ant
783 1337 907 1367 duorum
941 1337 1120 1367 visitatorum

384 1385 418 1414 ad
443 1385 540 1414 miuus
562 1385 692 1423 licentia,
710 1395 783 1424 quae
799 1395 856 1415 11011
873 1390 917 1416 est
939 1387 1122 1417 concedenda

383 1434 439 1462 uisi
463 1434 491 1462 in
516 1443 584 1463 casu
608 1434 749 1463 evidentis
772 1435 955 1464 necessitatis
977 1435 1022 1465 vel
1045 1435 1124 1465 utili-

384 1482 462 1518 tatis,
486 1482 652 1520 aedificare,
676 1483 720 1512 vel
745 1491 841 1513 emere
864 1483 937 1513 bona
961 1483 1121 1513 immobilia

383 1530 519 1560 audeant.

423 1589 483 1609 xm.
514 1580 718 1610 Constitutioni
749 1580 817 1610 huie
851 1585 968 1610 nostrae
1001 1582 1024 1610 si
1058 1582 1122 1620 quis

383 1633 484 1659 contra
508 1629 601 1658 faeere
624 1639 712 1659 ausus
735 1630 843 1667 suerit,
869 1632 960 1668 poena
984 1631 1123 1669 privatio-

383 1679 429 1707 nis
451 1678 614 1715 dignitatis,
633 1678 785 1716 regiminis
808 1684 836 1708 et
859 1679 947 1708 officii
972 1680 1000 1708 iu
1026 1680 1123 1718 proxi-

383 1736 429 1755 mo
452 1727 549 1755 sutnro
573 1727 700 1765 capitulo
723 1727 904 1760 subiacebit:
928 1728 1057 1757 districte
1080 1728 1123 1757 111-

382 1776 535 1813 iuugentes
559 1775 769 1812 visitatoribus,
793 1780 823 1805 nt
845 1785 932 1815 supra
957 1777 1121 1807 huiusmodi

383 1825 682 1862 contraventitvuilius,
701 1825 790 1863 petito
808 1825 887 1863 prius
910 1831 937 1854 et
959 1830 1075 1865 accepto
1092 1827 1121 1855 in

382 1877 448 1902 actu
472 1873 646 1903 visitationis
663 1873 837 1909 iuramento,
855 1873 1021 1912 inquirant,
1036 1879 1063 1903 et
1079 1875 1122 1903 iu-

382 1921 587 1950 sormatienem
618 1922 743 1960 desnpcr
771 1926 883 1960 captam
916 1922 1121 1951 definitoribus

382 1970 525 2007 deserant,
550 1980 563 1999 a
588 1971 693 2009 quibus
716 1971 877 2009 culpabiles
890 1974 976 2000 eruut
1000 1972 1122 2010 punien-

382 2018 410 2048 di
435 2019 534 2057 poeuis
558 2019 725 2057 praedietis.

396 2076 491 2106 Carr‘r
510 2076 616 2106 LXVII.
632 2095 670 2099 -
683 2077 720 2106 De
735 2078 870 2116 frutribus
885 2079 911 2107 in
929 2079 971 2107 rial
989 2079 1107 2107 arm-fis.

429 2129 594 2171 Dirigeudi
620 2130 734 2162 fratres
759 2131 790 2162 in
817 2131 1036 2167 x·ia‚omni1u11
1061 2132 1122 2163 fra-

353 2186 468 2213 '''trnrn
494 2184 541 2215 vel
567 2182 690 2215 abbatis
728 2184 864 2216 orationi
901 2196 935 2217 se
962 2194 1121 2216 commen-

385 2234 471 2274 dent,
499 2240 531 2267 et
556 2246 684 2278 semper
709 2236 770 2279 (a)
797 2237 833 2269 ad
868 2238 1049 2269 orationem
1075 2238 1122 2269 ul-

386 2288 495 2320 timam
534 2290 643 2331 operis
678 2290 942 2322 commemoratio
979 2290 1121 2322 onmium

386 2342 569 2373 absentium
607 2342 672 2374 liat.
709 2342 919 2375 Revertentes
951 2348 1056 2374 antem
1083 2343 1120 2375 de

385 2394 434 2425 via
459 2394 589 2431 fratres,
618 2395 687 2436 ipso
714 2395 763 2427 die
793 2406 857 2438 qno
882 2396 1038 2429 redeunt.
1065 2406 1122 2438 per

386 2457 501 2478 omnes
527 2448 699 2479 carmuiras
727 2448 840 2487 boras,
872 2449 946 2480 dnm
973 2449 1122 2490 expletur

385 2510 465 2542 opus
482 2500 546 2539 Dei,
561 2501 713 2542 prostrati
730 2503 799 2533 solo
815 2502 956 2539 oratorii,
971 2501 1010 2533 ab
1024 2502 1122 2533 omni-

386 2552 445 2584 bus
460 2557 572 2595 petant
595 2553 771 2585 orationem
798 2560 933 2596 proptor
958 2564 1119 2592 excessus,

975 220 1157 245 nULLAnttYM
1181 221 1332 246 ROMANUM

1173 274 1226 301 aut
1249 270 1378 302 auditus
1403 270 1505 303 malae
1525 271 1574 304 rei
1598 274 1654 304 aut
1670 271 1764 306 otiosi
1788 282 1909 308 sermo-

1171 322 1230 363 nis
1246 333 1304 356 nec
1317 328 1503 366 praesumat
1517 324 1688 367 qnisquam
1702 326 1773 359 aliis
1791 326 1847 370 (h)
1862 337 1908 360 re-

1172 376 1257 409 ferre
1276 386 1497 420 quaecumque
1520 377 1596 410 soris
1613 379 1844 412 monasterium
1863 380 1907 413 vi-

1171 428 1256 461 derit
1279 434 1332 461 aut
1356 429 1507 470 audierit,
1527 430 1601 473 quia
1621 431 1759 474 plurima
1783 433 1906 466 destru-

1171 482 1233 515 ctio
1259 487 1318 515 est..
1353 482 1442 520 Quod
1475 483 1500 515 si
1525 482 1597 526 quis
1628 485 1882 528 praesumpserit
1895 513 1907 527 „

1169 534 1326 568 vindictae
1361 535 1503 577 regulari
1539 536 1723 576 subiaceat;
1757 537 1906 571 similiter

1170 591 1201 619 et
1218 587 1271 630 qui
1288 588 1546 631 praesumpserit
1562 589 1701 621 claustra
1717 590 1904 622 monasterii

1169 640 1293 682 egredi,
1312 641 1361 673 vel
1379 651 1585 684 quocumque
1603 641 1661 682 ire,
1674 643 1723 674 vel
1739 641 1904 685 quippiam

1169 694 1313 736 quamvis
1345 704 1479 737 parvum
1504 695 1554 737 (c)
1587 695 1656 728 sine
1692 695 1817 728 abbatis
1841 695 1905 728 ius-

1168 746 1258 779 sione
1283 747 1406 780 facere..

1436 812 1630 837 DECLaunlo‘.

1208 857 1248 896 (a)
1271 867 1290 887 1.
1314 858 1357 887 Ad
1383 860 1532 888 orationem
1561 859 1696 889 ultimam.
1720 858 1763 889 Ob
1791 859 1844 889 hoe
1873 859 1903 890 in

1169 906 1225 935 fine
1247 907 1399 945 orationis,
1423 918 1509 947 quam
1532 909 1656 938 dicimus
1679 909 1709 938 in
1731 909 1902 938 memoriam

1169 955 1198 984 Β.
1223 955 1329 985 Mariae
1351 957 1490 995 Virginis,
1514 966 1587 996 quae
1609 961 1652 987 est
1675 957 1775 987 ultima
1797 958 1901 997 oratio,

1168 1003 1300 1033 addimus
1329 1004 1459 1034 Divinum
1481 1006 1627 1044 auxilium,
1650 1010 1700 1036 ete.

1208 1053 1249 1091 (b)
1272 1062 1302 1082 11.
1326 1053 1452 1092 Referre.
1476 1054 1584 1084 Curent
1606 1055 1729 1085 omninov
1747 1059 1844 1095 patres
1871 1059 1902 1085 ut

1167 1101 1237 1130 baec
1259 1111 1326 1140 pars
1348 1103 1465 1140 regulae
1487 1102 1666 1141 observetur,
1690 1108 1718 1133 et
1740 1108 1902 1142 transgres-

1166 1159 1245 1179 sores
1266 1150 1394 1188 graviter
1416 1151 1595 1190 puniantur,
1616 1152 1683 1192 quia
1705 1152 1830 1192 plurima
1852 1152 1903 1183 de-

1166 1199 1287 1229 structio
1310 1203 1361 1230 est.

1205 1256 1246 1277 111.
1270 1247 1460 1287 Quapropter,
1478 1248 1501 1277 si
1524 1249 1589 1287 quis
1604 1249 1633 1278 iu
1656 1249 1710 1279 hoc
1733 1249 1902 1280 notabiliter

1165 1298 1339 1334 excesserit,
1362 1298 1439 1327 dicat
1466 1307 1547 1327 suam
1571 1298 1685 1337 culpam
1707 1299 1737 1328 in
1760 1299 1900 1338 capitulo,

1165 1350 1192 1375 et
1215 1345 1347 1375 comedat
1368 1345 1397 1375 in
1420 1347 1500 1375 terra
1516 1346 1544 1375 in
1557 1355 1630 1385 pane
1646 1351 1674 1376 et
1692 1348 1767 1386 aqua
1783 1347 1812 1376 111
1828 1347 1902 1377 rese-

1165 1395 1266 1433 ctorio,
1291 1395 1411 1424 arbitrio
1433 1395 1567 1434 praelati,
1587 1396 1673 1425 toties
1695 1396 1808 1435 quoties
1831 1405 1900 1426 con-

1166 1443 1334 1473 traveuerit.

1204 1492 1243 1531 (c)
1266 1500 1303 1521 ιν.
1327 1491 1393 1521 Sine
1421 1493 1541 1521 iussione
1569 1492 1682 1522 abbatis.
1707 1492 1783 1522 llaec
1810 1492 1901 1523 iussio

1164 1541 1307 1579 accipitur
1333 1540 1487 1579 aliquando
1509 1550 1561 1579 pro
1583 1540 1717 1570 licentia:
1741 1541 1805 1570 ideo
1827 1541 1906 1571 inhi-

1165 1589 1265 1618 bemus
1299 1598 1335 1618 ne
1357 1589 1421 1627 quis
1449 1589 1570 1618 fratrum
1599 1594 1714 1619 nostrae
1743 1589 1901 1628 Congrega-

1165 1638 1251 1667 tionis
1274 1637 1335 1667 siue
1358 1638 1486 1667 iussione
1509 1638 1552 1667 vel
1575 1638 1692 1667 lieentia
1714 1637 1838 1673 abbatis,
1855 1639 1901 1668 vel

1165 1687 1247 1724 eius,
1271 1687 1332 1726 qui,
1356 1687 1418 1725 ipso
1440 1686 1580 1723 absente,
1605 1686 1683 1715 illius
1705 1687 1780 1724 gerit
1802 1687 1898 1725 vices,

1164 1739 1244 1764 extra
1268 1735 1476 1764 monasterium
1492 1735 1537 1763 vel
1554 1735 1718 1764 clausuram
1736 1735 1833 1773 egredi
1850 1746 1900 1765 an-

1163 1785 1239 1819 deat,
1256 1784 1394 1822 graviter,
1409 1784 1432 1813 si
1449 1788 1547 1813 contra
1566 1784 1677 1822 fecerit,
1697 1793 1747 1823 pro
1760 1784 1900 1823 qualitate

1164 1842 1300 1862 excessus
1324 1832 1499 1871 puniendus.

1203 1890 1229 1910 v.
1255 1881 1360 1910 Habita
1382 1890 1448 1910 vero
1465 1881 1595 1919 licentia,
1612 1881 1733 1919 genibus
1755 1881 1836 1911 ssexis
1852 1881 1900 1911 be-

1164 1930 1359 1959 nedictionem
1384 1934 1458 1968 petat
1494 1934 1551 1959 tam
1574 1930 1726 1960 discedens
1748 1939 1833 1970 quam
1855 1939 1901 1959 re-

1165 1983 1298 2008 vertens:
1323 1978 1372 2017 qui
1394 1982 1495 2007 contra
1518 1978 1629 2015 fecerit,
1646 1968 1775 2016 graviter
1797 1978 1900 2017 punia-

1164 2032 1221 2057 tur.

1202 2086 1240 2106 w.
1265 2076 1367 2106 Nullus
1390 2080 1556 2105 nostrorum
1584 2077 1673 2116 possit
1700 2076 1837 2106 accedere
1863 2077 1899 2106 ad

1165 2126 1376 2165 praesidentem
1410 2135 1460 2155 seu
1491 2126 1655 2155 visitatores
1682 2126 1840 2155 existentes
1869 2126 1899 2155 in

1164 2176 1219 2204 alio
1242 2175 1427 2209 monasterie,
1448 2174 1503 2204 nisi
1520 2174 1620 2203 habita
1642 2174 1761 2204 licentia
1781 2183 1795 2203 a
1819 2183 1902 2213 prae-

1164 2224 1221 2253 lato
1244 2233 1307 2259 sno,
1325 2224 1385 2252 sive
1401 2223 1436 2252 ab
1458 2223 1528 2261 ipsis
1550 2222 1750 2252 visitatoribus
1771 2226 1799 2252 et
1816 2231 1901 2261 prae·

1164 2273 1286 2302 sidente.

1203 2330 1251 2350 vn.
1277 2321 1307 2350 Et
1332 2321 1355 2350 si
1378 2320 1442 2359 quis
1465 2324 1593 2350 mutatus
1615 2319 1747 2349 habuerit
1768 2320 1900 2358 syndica-

1165 2373 1224 2398 tum
1249 2374 1296 2398 aut
1322 2369 1536 2407 procurationis
1562 2368 1729 2397 mandatum
1750 2367 1779 2396 in
1803 2377 1900 2406 perso-

1165 2427 1229 2446 nam
1253 2427 1334 2447 suam
1359 2427 1372 2446 a
1397 2417 1572 2446 monasterio
1596 2426 1610 2445 a
1633 2426 1689 2455 quo
1711 2415 1831 2452 recedit,
1855 2416 1900 2445 in-

1166 2466 1333 2495 terdicimus
1368 2470 1398 2495 nt
1430 2466 1546 2504 penitus
1578 2474 1634 2495 non
1669 2468 1834 2503 praesumat
1866 2473 1899 2493 eo

1165 2515 1288 2552 amplius
1312 2515 1373 2549 nti3
1398 2514 1518 2543 arbitrio
1546 2513 1665 2553 capituli
1687 2513 1832 2551 generalis
1854 2512 1899 2541 vel

1166 2563 1326 2599 regiminis,
1351 2563 1374 2592 si
1398 2563 1482 2592 aliter
1505 2562 1752 2601 praesumpserit,
1779 2560 1900 2600 punien-

386 2615 425 2637 ne
453 2605 528 2647 qnid
560 2606 637 2639 sorte
672 2606 872 2647 subrimicrit
907 2607 937 2639 iu
965 2607 1012 2639 via
1037 2607 1120 2639 risus
1142 2617 1144 2637 1
1165 2611 1228 2640 dus.
1247 2611 1292 2649 Et,
1316 2611 1350 2640 ad
1367 2611 1521 2650 cautelam,
1539 2611 1671 2641 volumus
1687 2609 1805 2640 omnino
1821 2613 1852 2639 ut
1870 2609 1900 2638 111

1915 222 1965 253 Α11.
1984 224 2016 252 C.
2033 225 2100 255 1680
