<?xml version="1.0" encoding="UTF-8"?>
<!DOCTYPE html PUBLIC "-//W3C//DTD XHTML 1.0 Transitional//EN"
    "http://www.w3.org/TR/xhtml1/DTD/xhtml1-transitional.dtd">
<html xmlns="http://www.w3.org/1999/xhtml" xml:lang="en" lang="en">
 <head>
  <title>
</title>
<meta http-equiv="Content-Type" content="text/html;charset=utf-8" />
  <meta name='ocr-system' content='tesseract 3.04.00' />
  <meta name='ocr-capabilities' content='ocr_page ocr_carea ocr_par ocr_line ocrx_word'/>
</head>
<body>
  <div class='ocr_page' id='page_1' title='image "./bullarumdiplomat19cath_0686.png"; bbox 0 0 2111 3157; ppageno 0'>
   <div class='ocr_carea' id='block_1_1' title="bbox 102 163 400 200">
    <p class='ocr_par' dir='ltr' id='par_1_1' title="bbox 102 163 400 200">
     <span class='ocr_line' id='line_1_1' title="bbox 102 163 400 200; baseline -0.007 -1"><span class='ocrx_word' id='word_1_1' title='bbox 102 171 153 199; x_wconf 78' lang='lat' dir='ltr'>An.</span> <span class='ocrx_word' id='word_1_2' title='bbox 172 171 200 199; x_wconf 90' lang='lat' dir='ltr'>C.</span> <span class='ocrx_word' id='word_1_3' title='bbox 223 171 290 200; x_wconf 77' lang='lat'>¹686</span> <span class='ocrx_word' id='word_1_4' title='bbox 335 163 400 197; x_wconf 67' lang='grc'>650</span> 
     </span>
    </p>
   </div>
   <div class='ocr_carea' id='block_1_2' title="bbox 298 218 1050 2610">
    <p class='ocr_par' dir='ltr' id='par_1_2' title="bbox 298 218 1043 1119">
     <span class='ocr_line' id='line_1_2' title="bbox 298 218 1039 255; baseline -0.007 0"><span class='ocrx_word' id='word_1_5' title='bbox 298 222 475 255; x_wconf 84' lang='lat' dir='ltr'>cavendum</span> <span class='ocrx_word' id='word_1_6' title='bbox 495 221 554 253; x_wconf 81' lang='lat' dir='ltr'>erit</span> <span class='ocrx_word' id='word_1_7' title='bbox 572 219 741 252; x_wconf 82' lang='lat' dir='ltr'>abbatibus</span> <span class='ocrx_word' id='word_1_8' title='bbox 758 228 799 250; x_wconf 89' lang='lat' dir='ltr'>ne</span> <span class='ocrx_word' id='word_1_9' title='bbox 818 218 952 250; x_wconf 77' lang='lat' dir='ltr'>famulos</span> <span class='ocrx_word' id='word_1_10' title='bbox 970 227 1039 250; x_wconf 83' lang='lat' dir='ltr'>sae-</span> 
     </span>
     <span class='ocr_line' id='line_1_3' title="bbox 299 272 1040 318; baseline -0.009 -9"><span class='ocrx_word' id='word_1_11' title='bbox 299 278 426 309; x_wconf 85' lang='lat' dir='ltr'>culares</span> <span class='ocrx_word' id='word_1_12' title='bbox 451 274 558 318; x_wconf 83' lang='lat' dir='ltr'>potius</span> <span class='ocrx_word' id='word_1_13' title='bbox 583 273 621 305; x_wconf 90' lang='lat' dir='ltr'>ad</span> <span class='ocrx_word' id='word_1_14' title='bbox 648 272 857 315; x_wconf 75' lang='lat' dir='ltr'><strong>splendorem</strong></span> <span class='ocrx_word' id='word_1_15' title='bbox 883 276 914 303; x_wconf 91' lang='lat' dir='ltr'>et</span> <span class='ocrx_word' id='word_1_16' title='bbox 938 281 1040 313; x_wconf 89' lang='lat' dir='ltr'>popu-</span> 
     </span>
     <span class='ocr_line' id='line_1_4' title="bbox 298 323 1040 369; baseline -0.009 -7"><span class='ocrx_word' id='word_1_17' title='bbox 298 329 403 362; x_wconf 89' lang='lat' dir='ltr'>lorum</span> <span class='ocrx_word' id='word_1_18' title='bbox 429 331 610 369; x_wconf 85' lang='lat' dir='ltr'>respectum</span> <span class='ocrx_word' id='word_1_19' title='bbox 628 324 826 367; x_wconf 84' lang='lat' dir='ltr'>superfluum</span> <span class='ocrx_word' id='word_1_20' title='bbox 848 323 910 356; x_wconf 85' lang='lat' dir='ltr'>sibi</span> <span class='ocrx_word' id='word_1_21' title='bbox 932 323 1040 356; x_wconf 91' lang='lat' dir='ltr'>conci-</span> 
     </span>
     <span class='ocr_line' id='line_1_5' title="bbox 299 376 1039 422; baseline -0.009 -6"><span class='ocrx_word' id='word_1_22' title='bbox 299 382 454 421; x_wconf 82' lang='lat' dir='ltr'>liandum,</span> <span class='ocrx_word' id='word_1_23' title='bbox 473 390 568 422; x_wconf 86' lang='lat' dir='ltr'>quam</span> <span class='ocrx_word' id='word_1_24' title='bbox 584 378 622 410; x_wconf 86' lang='lat' dir='ltr'>ad</span> <span class='ocrx_word' id='word_1_25' title='bbox 640 377 857 410; x_wconf 88' lang='lat' dir='ltr'>necessarium</span> <span class='ocrx_word' id='word_1_26' title='bbox 873 376 1039 410; x_wconf 86' lang='lat' dir='ltr'>servitium</span> 
     </span>
     <span class='ocr_line' id='line_1_6' title="bbox 299 429 1038 471; baseline -0.007 -3"><span class='ocrx_word' id='word_1_27' title='bbox 299 436 453 468; x_wconf 82' lang='lat' dir='ltr'>habeant.</span> <span class='ocrx_word' id='word_1_28' title='bbox 482 432 594 471; x_wconf 80' lang='lat' dir='ltr'>Quare,</span> <span class='ocrx_word' id='word_1_29' title='bbox 620 436 655 463; x_wconf 87' lang='lat' dir='ltr'>ut</span> <span class='ocrx_word' id='word_1_30' title='bbox 679 430 712 463; x_wconf 90' lang='lat' dir='ltr'>in</span> <span class='ocrx_word' id='word_1_31' title='bbox 735 429 884 463; x_wconf 87' lang='lat' dir='ltr'>terminis</span> <span class='ocrx_word' id='word_1_32' title='bbox 910 429 1038 463; x_wconf 88' lang='lat' dir='ltr'>debitae</span> 
     </span>
     <span class='ocr_line' id='line_1_7' title="bbox 299 482 1038 527; baseline -0.008 -6"><span class='ocrx_word' id='word_1_33' title='bbox 299 486 502 521; x_wconf 70' lang='lat' dir='ltr'>necessitatis</span> <span class='ocrx_word' id='word_1_34' title='bbox 528 490 559 518; x_wconf 91' lang='lat' dir='ltr'>et</span> <span class='ocrx_word' id='word_1_35' title='bbox 575 484 749 517; x_wconf 79' lang='lat' dir='ltr'>&#39;decentiae</span> <span class='ocrx_word' id='word_1_36' title='bbox 781 483 971 527; x_wconf 75' lang='lat' dir='ltr'>persistant,</span> <span class='ocrx_word' id='word_1_37' title='bbox 999 482 1038 516; x_wconf 92' lang='lat' dir='ltr'>de</span> 
     </span>
     <span class='ocr_line' id='line_1_8' title="bbox 300 535 1039 582; baseline -0.007 -9"><span class='ocrx_word' id='word_1_38' title='bbox 300 541 351 574; x_wconf 79' lang='lat' dir='ltr'>liis</span> <span class='ocrx_word' id='word_1_39' title='bbox 377 540 408 572; x_wconf 89' lang='lat' dir='ltr'>in</span> <span class='ocrx_word' id='word_1_40' title='bbox 435 539 575 582; x_wconf 83' lang='lat' dir='ltr'>capitulo</span> <span class='ocrx_word' id='word_1_41' title='bbox 601 537 761 570; x_wconf 86' lang='lat' dir='ltr'>rationem</span> <span class='ocrx_word' id='word_1_42' title='bbox 779 536 928 570; x_wconf 86' lang='lat' dir='ltr'>reddant.</span> <span class='ocrx_word' id='word_1_43' title='bbox 947 535 1039 569; x_wconf 89' lang='lat' dir='ltr'>Tales</span> 
     </span>
     <span class='ocr_line' id='line_1_9' title="bbox 299 589 1040 634; baseline -0.005 -9"><span class='ocrx_word' id='word_1_44' title='bbox 299 603 375 626; x_wconf 87' lang='lat' dir='ltr'>vero</span> <span class='ocrx_word' id='word_1_45' title='bbox 401 592 537 625; x_wconf 83' lang='lat' dir='ltr'>famulos</span> <span class='ocrx_word' id='word_1_46' title='bbox 563 590 753 634; x_wconf 84' lang='lat' dir='ltr'>suscipiant,</span> <span class='ocrx_word' id='word_1_47' title='bbox 779 590 834 633; x_wconf 90' lang='lat' dir='ltr'>qui</span> <span class='ocrx_word' id='word_1_48' title='bbox 852 589 916 622; x_wconf 92' lang='lat' dir='ltr'>sint</span> <span class='ocrx_word' id='word_1_49' title='bbox 935 591 1040 622; x_wconf 90' lang='lat' dir='ltr'>bonae</span> 
     </span>
     <span class='ocr_line' id='line_1_10' title="bbox 299 644 1041 688; baseline -0.005 -9"><span class='ocrx_word' id='word_1_50' title='bbox 299 645 431 685; x_wconf 87' lang='lat' dir='ltr'>indolis,</span> <span class='ocrx_word' id='word_1_51' title='bbox 444 654 577 688; x_wconf 89' lang='lat' dir='ltr'>eamque</span> <span class='ocrx_word' id='word_1_52' title='bbox 591 654 718 677; x_wconf 89' lang='lat' dir='ltr'>morum</span> <span class='ocrx_word' id='word_1_53' title='bbox 733 644 940 677; x_wconf 74' lang='lat' dir='ltr'>honestatem</span> <span class='ocrx_word' id='word_1_54' title='bbox 953 653 1041 687; x_wconf 84' lang='lat' dir='ltr'>prae-</span> 
     </span>
     <span class='ocr_line' id='line_1_11' title="bbox 300 697 1042 739; baseline -0.003 -7"><span class='ocrx_word' id='word_1_55' title='bbox 300 700 489 739; x_wconf 74' lang='lat' dir='ltr'>seferentes,</span> <span class='ocrx_word' id='word_1_56' title='bbox 514 704 549 731; x_wconf 91' lang='lat' dir='ltr'>ut</span> <span class='ocrx_word' id='word_1_57' title='bbox 577 698 707 731; x_wconf 91' lang='lat' dir='ltr'>illorum</span> <span class='ocrx_word' id='word_1_58' title='bbox 731 697 909 730; x_wconf 80' lang='lat' dir='ltr'>christiana</span> <span class='ocrx_word' id='word_1_59' title='bbox 929 697 1042 730; x_wconf 89' lang='lat' dir='ltr'>mode-</span> 
     </span>
     <span class='ocr_line' id='line_1_12' title="bbox 301 751 1042 794; baseline -0.003 -9"><span class='ocrx_word' id='word_1_60' title='bbox 301 753 361 786; x_wconf 91' lang='lat' dir='ltr'>stia</span> <span class='ocrx_word' id='word_1_61' title='bbox 377 752 526 786; x_wconf 87' lang='lat' dir='ltr'>omnibus</span> <span class='ocrx_word' id='word_1_62' title='bbox 541 752 581 784; x_wconf 90' lang='lat' dir='ltr'>sit</span> <span class='ocrx_word' id='word_1_63' title='bbox 595 751 774 791; x_wconf 80' lang='lat' dir='ltr'>manifesta,</span> <span class='ocrx_word' id='word_1_64' title='bbox 785 752 977 794; x_wconf 88' lang='lat' dir='ltr'>nullamque</span> <span class='ocrx_word' id='word_1_65' title='bbox 995 761 1042 783; x_wconf 84' lang='lat' dir='ltr'>va-</span> 
     </span>
     <span class='ocr_line' id='line_1_13' title="bbox 300 803 1041 848; baseline -0.003 -10"><span class='ocrx_word' id='word_1_66' title='bbox 300 806 410 839; x_wconf 87' lang='lat' dir='ltr'>nitatis</span> <span class='ocrx_word' id='word_1_67' title='bbox 433 816 543 838; x_wconf 80' lang='lat' dir='ltr'>ansam</span> <span class='ocrx_word' id='word_1_68' title='bbox 561 804 593 838; x_wconf 90' lang='lat' dir='ltr'>in</span> <span class='ocrx_word' id='word_1_69' title='bbox 610 805 735 844; x_wconf 87' lang='lat' dir='ltr'>vestitu,</span> <span class='ocrx_word' id='word_1_70' title='bbox 755 804 945 848; x_wconf 76' lang='lat' dir='ltr'>capillatura</span> <span class='ocrx_word' id='word_1_71' title='bbox 962 808 994 837; x_wconf 89' lang='lat' dir='ltr'>et</span> <span class='ocrx_word' id='word_1_72' title='bbox 1010 803 1041 836; x_wconf 92' lang='lat' dir='ltr'>in</span> 
     </span>
     <span class='ocr_line' id='line_1_14' title="bbox 301 857 1043 902; baseline -0.005 -9"><span class='ocrx_word' id='word_1_73' title='bbox 301 859 551 893; x_wconf 83' lang='lat' dir='ltr'>conversatione</span> <span class='ocrx_word' id='word_1_74' title='bbox 578 860 635 891; x_wconf 76' lang='lat' dir='ltr'>sua</span> <span class='ocrx_word' id='word_1_75' title='bbox 652 858 842 902; x_wconf 83' lang='lat' dir='ltr'>praebeant,</span> <span class='ocrx_word' id='word_1_76' title='bbox 863 857 975 890; x_wconf 90' lang='lat' dir='ltr'>habitu</span> <span class='ocrx_word' id='word_1_77' title='bbox 995 857 1043 889; x_wconf 90' lang='lat' dir='ltr'>in-</span> 
     </span>
     <span class='ocr_line' id='line_1_15' title="bbox 302 911 1042 952; baseline -0.004 -5"><span class='ocrx_word' id='word_1_78' title='bbox 302 914 418 947; x_wconf 88' lang='lat' dir='ltr'>cedant</span> <span class='ocrx_word' id='word_1_79' title='bbox 441 913 601 952; x_wconf 88' lang='lat' dir='ltr'>modesto,</span> <span class='ocrx_word' id='word_1_80' title='bbox 629 912 719 945; x_wconf 87' lang='lat' dir='ltr'>nullo</span> <span class='ocrx_word' id='word_1_81' title='bbox 744 911 841 945; x_wconf 90' lang='lat' dir='ltr'>modo</span> <span class='ocrx_word' id='word_1_82' title='bbox 866 911 1042 944; x_wconf 88' lang='lat' dir='ltr'>versicolo-</span> 
     </span>
     <span class='ocr_line' id='line_1_16' title="bbox 302 964 1043 1008; baseline -0.004 -8"><span class='ocrx_word' id='word_1_83' title='bbox 302 972 381 1007; x_wconf 86' lang='lat' dir='ltr'>rato‚</span> <span class='ocrx_word' id='word_1_84' title='bbox 409 977 473 999; x_wconf 86' lang='lat' dir='ltr'>non</span> <span class='ocrx_word' id='word_1_85' title='bbox 500 967 588 999; x_wconf 86' lang='lat' dir='ltr'>aleae</span> <span class='ocrx_word' id='word_1_86' title='bbox 618 970 673 998; x_wconf 90' lang='lat' dir='ltr'>aut</span> <span class='ocrx_word' id='word_1_87' title='bbox 697 965 771 999; x_wconf 90' lang='lat' dir='ltr'>vino</span> <span class='ocrx_word' id='word_1_88' title='bbox 795 967 844 999; x_wconf 90' lang='lat' dir='ltr'>vel</span> <span class='ocrx_word' id='word_1_89' title='bbox 870 964 1043 1008; x_wconf 88' lang='lat' dir='ltr'>potationi-</span> 
     </span>
     <span class='ocr_line' id='line_1_17' title="bbox 301 1019 1043 1063; baseline -0.001 -10"><span class='ocrx_word' id='word_1_90' title='bbox 301 1021 361 1054; x_wconf 84' lang='lat' dir='ltr'>bus</span> <span class='ocrx_word' id='word_1_91' title='bbox 388 1020 505 1061; x_wconf 89' lang='lat' dir='ltr'>dediti,</span> <span class='ocrx_word' id='word_1_92' title='bbox 532 1029 639 1063; x_wconf 88' lang='lat' dir='ltr'>neque</span> <span class='ocrx_word' id='word_1_93' title='bbox 667 1019 738 1053; x_wconf 91' lang='lat' dir='ltr'>aliis</span> <span class='ocrx_word' id='word_1_94' title='bbox 773 1019 924 1053; x_wconf 89' lang='lat' dir='ltr'>similiter</span> <span class='ocrx_word' id='word_1_95' title='bbox 949 1028 1043 1052; x_wconf 82' lang='lat' dir='ltr'>exce-</span> 
     </span>
     <span class='ocr_line' id='line_1_18' title="bbox 302 1075 536 1119; baseline 0 -11"><span class='ocrx_word' id='word_1_96' title='bbox 302 1075 366 1119; x_wconf 90' lang='lat' dir='ltr'>ptis</span> <span class='ocrx_word' id='word_1_97' title='bbox 392 1075 536 1108; x_wconf 80' lang='lat' dir='ltr'>obnoxii.</span> 
     </span>
    </p>

    <p class='ocr_par' dir='ltr' id='par_1_3' title="bbox 302 1125 1044 1545">
     <span class='ocr_line' id='line_1_19' title="bbox 347 1125 1041 1168; baseline -0.003 -7"><span class='ocrx_word' id='word_1_98' title='bbox 347 1129 444 1162; x_wconf 75' lang='lat' dir='ltr'>Extra</span> <span class='ocrx_word' id='word_1_99' title='bbox 469 1129 701 1162; x_wconf 86' lang='lat' dir='ltr'>monasterium</span> <span class='ocrx_word' id='word_1_100' title='bbox 728 1128 915 1168; x_wconf 77' lang='lat' dir='ltr'>existentes,</span> <span class='ocrx_word' id='word_1_101' title='bbox 934 1131 967 1161; x_wconf 86' lang='lat' dir='ltr'>et</span> <span class='ocrx_word' id='word_1_102' title='bbox 982 1125 1041 1159; x_wconf 88' lang='lat' dir='ltr'>sub</span> 
     </span>
     <span class='ocr_line' id='line_1_20' title="bbox 302 1181 1043 1217; baseline -0.001 -2"><span class='ocrx_word' id='word_1_103' title='bbox 302 1182 420 1215; x_wconf 82' lang='lat' dir='ltr'>itinere</span> <span class='ocrx_word' id='word_1_104' title='bbox 446 1181 613 1215; x_wconf 87' lang='lat' dir='ltr'>constituti</span> <span class='ocrx_word' id='word_1_105' title='bbox 648 1181 770 1217; x_wconf 91' lang='lat' dir='ltr'>domini</span> <span class='ocrx_word' id='word_1_106' title='bbox 805 1181 937 1214; x_wconf 78' lang='lat' dir='ltr'>abbates</span> <span class='ocrx_word' id='word_1_107' title='bbox 961 1190 1043 1214; x_wconf 88' lang='lat' dir='ltr'>sem-</span> 
     </span>
     <span class='ocr_line' id='line_1_21' title="bbox 302 1235 1040 1281; baseline -0.004 -11"><span class='ocrx_word' id='word_1_108' title='bbox 302 1248 362 1281; x_wconf 86' lang='lat' dir='ltr'>per</span> <span class='ocrx_word' id='word_1_109' title='bbox 386 1236 512 1269; x_wconf 88' lang='lat' dir='ltr'>socium</span> <span class='ocrx_word' id='word_1_110' title='bbox 538 1235 729 1279; x_wconf 80' lang='lat' dir='ltr'>religiosum</span> <span class='ocrx_word' id='word_1_111' title='bbox 754 1245 862 1268; x_wconf 83' lang='lat' dir='ltr'>secum</span> <span class='ocrx_word' id='word_1_112' title='bbox 888 1235 1040 1274; x_wconf 82' lang='lat' dir='ltr'>habeant,</span> 
     </span>
     <span class='ocr_line' id='line_1_22' title="bbox 303 1288 1042 1332; baseline -0.005 -8"><span class='ocrx_word' id='word_1_113' title='bbox 303 1291 328 1323; x_wconf 89' lang='lat' dir='ltr'>si</span> <span class='ocrx_word' id='word_1_114' title='bbox 355 1290 524 1324; x_wconf 87' lang='lat' dir='ltr'>commode</span> <span class='ocrx_word' id='word_1_115' title='bbox 549 1289 618 1322; x_wconf 80' lang='lat' dir='ltr'>fieri</span> <span class='ocrx_word' id='word_1_116' title='bbox 644 1293 771 1332; x_wconf 74' lang='lat' dir='ltr'>potest,</span> <span class='ocrx_word' id='word_1_117' title='bbox 798 1288 933 1332; x_wconf 88' lang='lat' dir='ltr'>reliquis</span> <span class='ocrx_word' id='word_1_118' title='bbox 965 1297 1042 1321; x_wconf 85' lang='lat' dir='ltr'>vero</span> 
     </span>
     <span class='ocr_line' id='line_1_23' title="bbox 303 1341 1041 1387; baseline -0.005 -11"><span class='ocrx_word' id='word_1_119' title='bbox 303 1344 466 1387; x_wconf 82' lang='lat' dir='ltr'>religiosis</span> <span class='ocrx_word' id='word_1_120' title='bbox 491 1345 604 1377; x_wconf 87' lang='lat' dir='ltr'>saltem</span> <span class='ocrx_word' id='word_1_121' title='bbox 638 1343 737 1375; x_wconf 78' lang='lat' dir='ltr'>frater</span> <span class='ocrx_word' id='word_1_122' title='bbox 769 1342 890 1382; x_wconf 87' lang='lat' dir='ltr'>laicus,</span> <span class='ocrx_word' id='word_1_123' title='bbox 918 1346 988 1381; x_wconf 84' lang='lat' dir='ltr'>aut,</span> <span class='ocrx_word' id='word_1_124' title='bbox 1016 1341 1041 1373; x_wconf 92' lang='lat' dir='ltr'>si</span> 
     </span>
     <span class='ocr_line' id='line_1_24' title="bbox 304 1395 1043 1439; baseline -0.004 -9"><span class='ocrx_word' id='word_1_125' title='bbox 304 1397 436 1430; x_wconf 87' lang='lat' dir='ltr'>domino</span> <span class='ocrx_word' id='word_1_126' title='bbox 465 1396 572 1429; x_wconf 88' lang='lat' dir='ltr'>abbati</span> <span class='ocrx_word' id='word_1_127' title='bbox 609 1396 641 1429; x_wconf 93' lang='lat' dir='ltr'>in</span> <span class='ocrx_word' id='word_1_128' title='bbox 674 1406 750 1429; x_wconf 89' lang='lat' dir='ltr'>casu</span> <span class='ocrx_word' id='word_1_129' title='bbox 786 1395 974 1439; x_wconf 88' lang='lat' dir='ltr'>particulari</span> <span class='ocrx_word' id='word_1_130' title='bbox 1000 1395 1043 1427; x_wconf 87' lang='lat' dir='ltr'>ita</span> 
     </span>
     <span class='ocr_line' id='line_1_25' title="bbox 303 1449 1044 1492; baseline -0.003 -10"><span class='ocrx_word' id='word_1_131' title='bbox 303 1450 406 1482; x_wconf 81' lang='lat' dir='ltr'>visum</span> <span class='ocrx_word' id='word_1_132' title='bbox 432 1449 538 1489; x_wconf 87' lang='lat' dir='ltr'>suerit,</span> <span class='ocrx_word' id='word_1_133' title='bbox 565 1450 699 1482; x_wconf 75' lang='lat' dir='ltr'>famulus</span> <span class='ocrx_word' id='word_1_134' title='bbox 726 1449 884 1482; x_wconf 88' lang='lat' dir='ltr'>honestus</span> <span class='ocrx_word' id='word_1_135' title='bbox 909 1457 967 1492; x_wconf 90' lang='lat' dir='ltr'>pro</span> <span class='ocrx_word' id='word_1_136' title='bbox 992 1458 1044 1481; x_wconf 90' lang='lat' dir='ltr'>co-</span> 
     </span>
     <span class='ocr_line' id='line_1_26' title="bbox 304 1502 613 1545; baseline -0.006 -9"><span class='ocrx_word' id='word_1_137' title='bbox 304 1503 382 1536; x_wconf 85' lang='lat' dir='ltr'>mite</span> <span class='ocrx_word' id='word_1_138' title='bbox 408 1502 613 1545; x_wconf 82' lang='lat' dir='ltr'>adiungatur.</span> 
     </span>
    </p>

    <p class='ocr_par' dir='ltr' id='par_1_4' title="bbox 305 1554 1046 1855">
     <span class='ocr_line' id='line_1_27' title="bbox 349 1554 1044 1589; baseline -0.003 0"><span class='ocrx_word' id='word_1_139' title='bbox 349 1556 503 1589; x_wconf 82' lang='lat' dir='ltr'>Cubicula</span> <span class='ocrx_word' id='word_1_140' title='bbox 515 1556 664 1588; x_wconf 86' lang='lat' dir='ltr'>abbatum</span> <span class='ocrx_word' id='word_1_141' title='bbox 679 1555 856 1588; x_wconf 82' lang='lat' dir='ltr'>universim</span> <span class='ocrx_word' id='word_1_142' title='bbox 872 1554 937 1587; x_wconf 91' lang='lat' dir='ltr'>sint</span> <span class='ocrx_word' id='word_1_143' title='bbox 953 1564 1044 1588; x_wconf 91' lang='lat' dir='ltr'>mun-</span> 
     </span>
     <span class='ocr_line' id='line_1_28' title="bbox 305 1608 1043 1650; baseline -0.003 -8"><span class='ocrx_word' id='word_1_144' title='bbox 305 1610 356 1649; x_wconf 90' lang='lat' dir='ltr'>da,</span> <span class='ocrx_word' id='word_1_145' title='bbox 382 1615 423 1650; x_wconf 84' lang='lat' dir='ltr'>et,</span> <span class='ocrx_word' id='word_1_146' title='bbox 445 1610 525 1641; x_wconf 88' lang='lat' dir='ltr'>sicut</span> <span class='ocrx_word' id='word_1_147' title='bbox 549 1619 657 1642; x_wconf 89' lang='lat' dir='ltr'>servos</span> <span class='ocrx_word' id='word_1_148' title='bbox 682 1609 737 1641; x_wconf 91' lang='lat' dir='ltr'>Dei</span> <span class='ocrx_word' id='word_1_149' title='bbox 765 1608 870 1648; x_wconf 82' lang='lat' dir='ltr'>decet,</span> <span class='ocrx_word' id='word_1_150' title='bbox 897 1608 1043 1641; x_wconf 85' lang='lat' dir='ltr'>modeste</span> 
     </span>
     <span class='ocr_line' id='line_1_29' title="bbox 306 1662 1044 1706; baseline -0.003 -10"><span class='ocrx_word' id='word_1_151' title='bbox 306 1663 474 1706; x_wconf 81' lang='lat' dir='ltr'>disposita,</span> <span class='ocrx_word' id='word_1_152' title='bbox 489 1667 582 1705; x_wconf 87' lang='lat' dir='ltr'>atque</span> <span class='ocrx_word' id='word_1_153' title='bbox 597 1662 658 1705; x_wconf 88' lang='lat' dir='ltr'>piis</span> <span class='ocrx_word' id='word_1_154' title='bbox 674 1662 870 1704; x_wconf 74' lang='lat' dir='ltr'>imaginibus</span> <span class='ocrx_word' id='word_1_155' title='bbox 881 1666 1044 1700; x_wconf 80' lang='lat' dir='ltr'>exornata,</span> 
     </span>
     <span class='ocr_line' id='line_1_30' title="bbox 306 1715 1045 1759; baseline -0.003 -10"><span class='ocrx_word' id='word_1_156' title='bbox 306 1716 445 1749; x_wconf 80' lang='lat' dir='ltr'>exclusis</span> <span class='ocrx_word' id='word_1_157' title='bbox 470 1716 613 1759; x_wconf 81' lang='lat' dir='ltr'>profanis</span> <span class='ocrx_word' id='word_1_158' title='bbox 638 1721 701 1748; x_wconf 90' lang='lat' dir='ltr'>tam</span> <span class='ocrx_word' id='word_1_159' title='bbox 726 1715 920 1758; x_wconf 77' lang='lat' dir='ltr'>imaginibus</span> <span class='ocrx_word' id='word_1_160' title='bbox 949 1725 1045 1758; x_wconf 86' lang='lat' dir='ltr'>quam</span> 
     </span>
     <span class='ocr_line' id='line_1_31' title="bbox 306 1767 1046 1802; baseline 0 -1"><span class='ocrx_word' id='word_1_161' title='bbox 306 1769 376 1802; x_wconf 87' lang='lat' dir='ltr'>aliis</span> <span class='ocrx_word' id='word_1_162' title='bbox 402 1769 599 1802; x_wconf 87' lang='lat' dir='ltr'>ornamentis</span> <span class='ocrx_word' id='word_1_163' title='bbox 626 1769 795 1802; x_wconf 76' lang='lat' dir='ltr'>excessivis</span> <span class='ocrx_word' id='word_1_164' title='bbox 820 1767 931 1802; x_wconf 85' lang='lat' dir='ltr'>sericis</span> <span class='ocrx_word' id='word_1_165' title='bbox 956 1773 988 1801; x_wconf 89' lang='lat' dir='ltr'>et</span> <span class='ocrx_word' id='word_1_166' title='bbox 1004 1768 1046 1801; x_wconf 91' lang='lat' dir='ltr'>si-</span> 
     </span>
     <span class='ocr_line' id='line_1_32' title="bbox 307 1823 447 1855; baseline 0 0"><span class='ocrx_word' id='word_1_167' title='bbox 307 1823 447 1855; x_wconf 86' lang='lat' dir='ltr'>milibus.</span> 
     </span>
    </p>

    <p class='ocr_par' dir='ltr' id='par_1_5' title="bbox 307 1874 1049 2238">
     <span class='ocr_line' id='line_1_33' title="bbox 352 1874 1044 1919; baseline -0.001 -10"><span class='ocrx_word' id='word_1_168' title='bbox 352 1876 530 1919; x_wconf 80' lang='lat' dir='ltr'>Unicuique</span> <span class='ocrx_word' id='word_1_169' title='bbox 558 1875 665 1909; x_wconf 86' lang='lat' dir='ltr'>abbati</span> <span class='ocrx_word' id='word_1_170' title='bbox 691 1875 910 1919; x_wconf 80' lang='lat' dir='ltr'>permittitur,</span> <span class='ocrx_word' id='word_1_171' title='bbox 937 1879 992 1916; x_wconf 87' lang='lat' dir='ltr'>ut,</span> <span class='ocrx_word' id='word_1_172' title='bbox 1018 1874 1044 1908; x_wconf 88' lang='lat' dir='ltr'>si</span> 
     </span>
     <span class='ocr_line' id='line_1_34' title="bbox 307 1929 1045 1972; baseline -0.001 -10"><span class='ocrx_word' id='word_1_173' title='bbox 307 1929 454 1962; x_wconf 88' lang='lat' dir='ltr'>redditus</span> <span class='ocrx_word' id='word_1_174' title='bbox 485 1929 674 1963; x_wconf 86' lang='lat' dir='ltr'>monasterii</span> <span class='ocrx_word' id='word_1_175' title='bbox 709 1929 740 1962; x_wconf 92' lang='lat' dir='ltr'>id</span> <span class='ocrx_word' id='word_1_176' title='bbox 766 1929 920 1972; x_wconf 83' lang='lat' dir='ltr'>patiatur,</span> <span class='ocrx_word' id='word_1_177' title='bbox 946 1939 1045 1961; x_wconf 90' lang='lat' dir='ltr'>unum</span> 
     </span>
     <span class='ocr_line' id='line_1_35' title="bbox 307 1981 1046 2025; baseline 0 -11"><span class='ocrx_word' id='word_1_178' title='bbox 307 1992 437 2015; x_wconf 89' lang='lat' dir='ltr'>currum</span> <span class='ocrx_word' id='word_1_179' title='bbox 463 1982 590 2022; x_wconf 82' lang='lat' dir='ltr'>habeat,</span> <span class='ocrx_word' id='word_1_180' title='bbox 618 1981 673 2025; x_wconf 84' lang='lat' dir='ltr'>qui</span> <span class='ocrx_word' id='word_1_181' title='bbox 699 1987 807 2014; x_wconf 84' lang='lat' dir='ltr'>tamen</span> <span class='ocrx_word' id='word_1_182' title='bbox 833 1992 897 2014; x_wconf 91' lang='lat' dir='ltr'>non</span> <span class='ocrx_word' id='word_1_183' title='bbox 923 1981 964 2014; x_wconf 90' lang='lat' dir='ltr'>sit</span> <span class='ocrx_word' id='word_1_184' title='bbox 992 1981 1046 2014; x_wconf 90' lang='lat' dir='ltr'>de-</span> 
     </span>
     <span class='ocr_line' id='line_1_36' title="bbox 308 2035 1044 2079; baseline -0.001 -11"><span class='ocrx_word' id='word_1_185' title='bbox 308 2041 456 2075; x_wconf 87' lang='lat' dir='ltr'>auratus,</span> <span class='ocrx_word' id='word_1_186' title='bbox 483 2046 590 2079; x_wconf 87' lang='lat' dir='ltr'>neque</span> <span class='ocrx_word' id='word_1_187' title='bbox 627 2045 662 2067; x_wconf 82' lang='lat' dir='ltr'>ex</span> <span class='ocrx_word' id='word_1_188' title='bbox 697 2035 800 2067; x_wconf 85' lang='lat' dir='ltr'>serico</span> <span class='ocrx_word' id='word_1_189' title='bbox 836 2039 1044 2078; x_wconf 89' lang='lat' dir='ltr'>compactus,</span> 
     </span>
     <span class='ocr_line' id='line_1_37' title="bbox 307 2088 1045 2131; baseline 0.001 -12"><span class='ocrx_word' id='word_1_190' title='bbox 307 2089 417 2131; x_wconf 88' lang='lat' dir='ltr'>plures</span> <span class='ocrx_word' id='word_1_191' title='bbox 443 2088 538 2121; x_wconf 84' lang='lat' dir='ltr'>etiam</span> <span class='ocrx_word' id='word_1_192' title='bbox 565 2098 666 2131; x_wconf 82' lang='lat' dir='ltr'>equos</span> <span class='ocrx_word' id='word_1_193' title='bbox 696 2098 760 2120; x_wconf 88' lang='lat' dir='ltr'>non</span> <span class='ocrx_word' id='word_1_194' title='bbox 782 2088 856 2126; x_wconf 88' lang='lat' dir='ltr'>alat,</span> <span class='ocrx_word' id='word_1_195' title='bbox 874 2098 968 2131; x_wconf 88' lang='lat' dir='ltr'>quam</span> <span class='ocrx_word' id='word_1_196' title='bbox 986 2097 1045 2131; x_wconf 89' lang='lat' dir='ltr'>pro</span> 
     </span>
     <span class='ocr_line' id='line_1_38' title="bbox 310 2140 1049 2184; baseline -0.001 -10"><span class='ocrx_word' id='word_1_197' title='bbox 310 2141 410 2184; x_wconf 70' lang='lat' dir='ltr'>ipsius</span> <span class='ocrx_word' id='word_1_198' title='bbox 445 2146 475 2174; x_wconf 89' lang='lat' dir='ltr'>et</span> <span class='ocrx_word' id='word_1_199' title='bbox 500 2141 687 2174; x_wconf 87' lang='lat' dir='ltr'>monasterii</span> <span class='ocrx_word' id='word_1_200' title='bbox 725 2140 975 2174; x_wconf 87' lang='lat' dir='ltr'>necessitatibus</span> <span class='ocrx_word' id='word_1_201' title='bbox 1000 2151 1049 2174; x_wconf 91' lang='lat' dir='ltr'>re-</span> 
     </span>
     <span class='ocr_line' id='line_1_39' title="bbox 310 2195 493 2238; baseline 0.011 -13"><span class='ocrx_word' id='word_1_202' title='bbox 310 2195 493 2238; x_wconf 87' lang='lat' dir='ltr'>quiruntur.</span> 
     </span>
    </p>

    <p class='ocr_par' dir='ltr' id='par_1_6' title="bbox 312 2247 1050 2610">
     <span class='ocr_line' id='line_1_40' title="bbox 355 2247 1048 2289; baseline 0 -9"><span class='ocrx_word' id='word_1_203' title='bbox 355 2248 531 2281; x_wconf 82' lang='lat' dir='ltr'>Universim</span> <span class='ocrx_word' id='word_1_204' title='bbox 556 2249 701 2281; x_wconf 86' lang='lat' dir='ltr'>redditus</span> <span class='ocrx_word' id='word_1_205' title='bbox 726 2248 930 2289; x_wconf 88' lang='lat' dir='ltr'>monasterii,</span> <span class='ocrx_word' id='word_1_206' title='bbox 957 2247 1048 2281; x_wconf 85' lang='lat' dir='ltr'>habi-</span> 
     </span>
     <span class='ocr_line' id='line_1_41' title="bbox 312 2302 1048 2344; baseline 0.003 -12"><span class='ocrx_word' id='word_1_207' title='bbox 312 2303 341 2333; x_wconf 78' lang='lat' dir='ltr'>ta</span> <span class='ocrx_word' id='word_1_208' title='bbox 366 2302 490 2334; x_wconf 86' lang='lat' dir='ltr'>ratione</span> <span class='ocrx_word' id='word_1_209' title='bbox 519 2302 719 2344; x_wconf 78' lang='lat' dir='ltr'>paupertatis</span> <span class='ocrx_word' id='word_1_210' title='bbox 752 2302 945 2344; x_wconf 72' lang='lat' dir='ltr'>religiosae,</span> <span class='ocrx_word' id='word_1_211' title='bbox 973 2311 1048 2344; x_wconf 89' lang='lat' dir='ltr'>pru-</span> 
     </span>
     <span class='ocr_line' id='line_1_42' title="bbox 314 2354 1048 2387; baseline 0.001 -1"><span class='ocrx_word' id='word_1_212' title='bbox 314 2354 428 2386; x_wconf 84' lang='lat' dir='ltr'>denter</span> <span class='ocrx_word' id='word_1_213' title='bbox 454 2360 484 2386; x_wconf 84' lang='lat' dir='ltr'>ct</span> <span class='ocrx_word' id='word_1_214' title='bbox 508 2355 674 2387; x_wconf 86' lang='lat' dir='ltr'>moderate</span> <span class='ocrx_word' id='word_1_215' title='bbox 701 2354 730 2386; x_wconf 92' lang='lat' dir='ltr'>in</span> <span class='ocrx_word' id='word_1_216' title='bbox 758 2355 967 2387; x_wconf 81' lang='lat' dir='ltr'>necessitates</span> <span class='ocrx_word' id='word_1_217' title='bbox 985 2364 1048 2386; x_wconf 86' lang='lat' dir='ltr'>mo-</span> 
     </span>
     <span class='ocr_line' id='line_1_43' title="bbox 314 2407 1047 2450; baseline -0.003 -10"><span class='ocrx_word' id='word_1_218' title='bbox 314 2407 445 2440; x_wconf 65' lang='lat' dir='ltr'>nasterii</span> <span class='ocrx_word' id='word_1_219' title='bbox 469 2412 498 2438; x_wconf 73' lang='lat' dir='ltr'>et</span> <span class='ocrx_word' id='word_1_220' title='bbox 522 2414 697 2439; x_wconf 64' lang='lat' dir='ltr'>roni-entus</span> <span class='ocrx_word' id='word_1_221' title='bbox 716 2414 747 2440; x_wconf 83' lang='lat' dir='ltr'>et</span> <span class='ocrx_word' id='word_1_222' title='bbox 771 2408 802 2440; x_wconf 91' lang='lat' dir='ltr'>in</span> <span class='ocrx_word' id='word_1_223' title='bbox 829 2409 1047 2450; x_wconf 72' lang='lat' dir='ltr'>eleemosynas</span> 
     </span>
     <span class='ocr_line' id='line_1_44' title="bbox 315 2460 1048 2503; baseline 0 -11"><span class='ocrx_word' id='word_1_224' title='bbox 315 2461 563 2503; x_wconf 68' lang='lat' dir='ltr'>dispensenlur3</span> <span class='ocrx_word' id='word_1_225' title='bbox 590 2460 615 2492; x_wconf 84' lang='lat' dir='ltr'>si</span> <span class='ocrx_word' id='word_1_226' title='bbox 642 2461 716 2503; x_wconf 79' lang='lat' dir='ltr'>quid</span> <span class='ocrx_word' id='word_1_227' title='bbox 743 2461 894 2500; x_wconf 84' lang='lat' dir='ltr'>abundat,</span> <span class='ocrx_word' id='word_1_228' title='bbox 916 2460 948 2493; x_wconf 89' lang='lat' dir='ltr'>in</span> <span class='ocrx_word' id='word_1_229' title='bbox 967 2461 1048 2493; x_wconf 88' lang='lat' dir='ltr'>sutu-</span> 
     </span>
     <span class='ocr_line' id='line_1_45' title="bbox 314 2514 1050 2557; baseline 0.001 -12"><span class='ocrx_word' id='word_1_230' title='bbox 314 2523 368 2545; x_wconf 75' lang='lat' dir='ltr'>res</span> <span class='ocrx_word' id='word_1_231' title='bbox 395 2524 486 2545; x_wconf 71' lang='lat' dir='ltr'>casus</span> <span class='ocrx_word' id='word_1_232' title='bbox 513 2519 543 2545; x_wconf 89' lang='lat' dir='ltr'>et</span> <span class='ocrx_word' id='word_1_233' title='bbox 569 2514 795 2552; x_wconf 52' lang='lat' dir='ltr'>necessitates,</span> <span class='ocrx_word' id='word_1_234' title='bbox 822 2514 887 2546; x_wconf 83' lang='lat' dir='ltr'>sive</span> <span class='ocrx_word' id='word_1_235' title='bbox 913 2514 1050 2557; x_wconf 81' lang='lat' dir='ltr'>proprii,</span> 
     </span>
     <span class='ocr_line' id='line_1_46' title="bbox 315 2566 1049 2610; baseline 0 -10"><span class='ocrx_word' id='word_1_236' title='bbox 315 2566 379 2600; x_wconf 71' lang='lat' dir='ltr'>sive</span> <span class='ocrx_word' id='word_1_237' title='bbox 399 2567 534 2600; x_wconf 83' lang='lat' dir='ltr'>aliorum</span> <span class='ocrx_word' id='word_1_238' title='bbox 554 2566 819 2610; x_wconf 61' lang='lat' dir='ltr'>Congregationis</span> <span class='ocrx_word' id='word_1_239' title='bbox 837 2573 967 2601; x_wconf 83' lang='lat' dir='ltr'>nostrae</span> <span class='ocrx_word' id='word_1_240' title='bbox 985 2578 1049 2603; x_wconf 88' lang='lat' dir='ltr'>mo-</span> 
     </span>
    </p>
   </div>
   <div class='ocr_carea' id='block_1_3' title="bbox 1066 1947 1070 2513">
    <p class='ocr_par' dir='ltr' id='par_1_7' title="bbox 1066 1947 1070 2513">
     <span class='ocr_line' id='line_1_47' title="bbox 1066 1947 1070 2513; baseline 0 0"><span class='ocrx_word' id='word_1_241' title='bbox 1066 1947 1070 2513; x_wconf 95' lang='lat' dir='ltr'> </span> 
     </span>
    </p>
   </div>
   <div class='ocr_carea' id='block_1_4' title="bbox 880 167 1236 193">
    <p class='ocr_par' dir='ltr' id='par_1_8' title="bbox 880 167 1236 193">
     <span class='ocr_line' id='line_1_48' title="bbox 880 167 1236 193; baseline 0 0"><span class='ocrx_word' id='word_1_242' title='bbox 880 167 1061 193; x_wconf 60' lang='lat' dir='ltr'>emunim!</span> <span class='ocrx_word' id='word_1_243' title='bbox 1084 167 1236 193; x_wconf 55' lang='lat' dir='ltr'>florianum</span> 
     </span>
    </p>
   </div>
   <div class='ocr_carea' id='block_1_5' title="bbox 1080 216 1827 2600">
    <p class='ocr_par' dir='ltr' id='par_1_9' title="bbox 1080 216 1827 1853">
     <span class='ocr_line' id='line_1_49' title="bbox 1081 216 1818 262; baseline 0.004 -14"><span class='ocrx_word' id='word_1_244' title='bbox 1081 216 1319 257; x_wconf 88' lang='lat' dir='ltr'>nasteriorium,</span> <span class='ocrx_word' id='word_1_245' title='bbox 1337 220 1560 250; x_wconf 84' lang='lat' dir='ltr'>asserventur.</span> <span class='ocrx_word' id='word_1_246' title='bbox 1585 216 1708 251; x_wconf 83' lang='lat' dir='ltr'>Deinde</span> <span class='ocrx_word' id='word_1_247' title='bbox 1732 217 1818 262; x_wconf 88' lang='lat' dir='ltr'>quod</span> 
     </span>
     <span class='ocr_line' id='line_1_50' title="bbox 1081 270 1818 314; baseline 0.003 -12"><span class='ocrx_word' id='word_1_248' title='bbox 1081 280 1140 312; x_wconf 87' lang='lat' dir='ltr'>per</span> <span class='ocrx_word' id='word_1_249' title='bbox 1159 280 1269 303; x_wconf 84' lang='lat' dir='ltr'>sacros</span> <span class='ocrx_word' id='word_1_250' title='bbox 1293 280 1449 310; x_wconf 88' lang='lat' dir='ltr'>canones,</span> <span class='ocrx_word' id='word_1_251' title='bbox 1473 281 1545 314; x_wconf 89' lang='lat' dir='ltr'>cap.</span> <span class='ocrx_word' id='word_1_252' title='bbox 1574 270 1654 304; x_wconf 77' lang='lat' dir='ltr'>Cum</span> <span class='ocrx_word' id='word_1_253' title='bbox 1685 271 1728 303; x_wconf 84' lang='lat' dir='ltr'>ad</span> <span class='ocrx_word' id='word_1_254' title='bbox 1750 281 1818 305; x_wconf 87' lang='lat' dir='ltr'>mo-</span> 
     </span>
     <span class='ocr_line' id='line_1_51' title="bbox 1080 322 1818 363; baseline 0.004 -9"><span class='ocrx_word' id='word_1_255' title='bbox 1080 324 1269 363; x_wconf 58' lang='lat' dir='ltr'>master-ium,</span> <span class='ocrx_word' id='word_1_256' title='bbox 1294 322 1332 355; x_wconf 85' lang='lat' dir='ltr'>de</span> <span class='ocrx_word' id='word_1_257' title='bbox 1355 327 1443 355; x_wconf 82' lang='lat' dir='ltr'>statu</span> <span class='ocrx_word' id='word_1_258' title='bbox 1460 323 1706 363; x_wconf 73' lang='lat' dir='ltr'>monachorum,</span> <span class='ocrx_word' id='word_1_259' title='bbox 1732 324 1818 358; x_wconf 85' lang='lat' dir='ltr'>salu-</span> 
     </span>
     <span class='ocr_line' id='line_1_52' title="bbox 1080 375 1818 418; baseline 0.005 -11"><span class='ocrx_word' id='word_1_260' title='bbox 1080 375 1184 409; x_wconf 85' lang='lat' dir='ltr'>briter</span> <span class='ocrx_word' id='word_1_261' title='bbox 1201 376 1408 410; x_wconf 83' lang='lat' dir='ltr'>constitutum</span> <span class='ocrx_word' id='word_1_262' title='bbox 1427 376 1573 416; x_wconf 90' lang='lat' dir='ltr'>habetur,</span> <span class='ocrx_word' id='word_1_263' title='bbox 1591 381 1627 409; x_wconf 87' lang='lat' dir='ltr'>ut</span> <span class='ocrx_word' id='word_1_264' title='bbox 1642 376 1750 418; x_wconf 83' lang='lat' dir='ltr'>abbas,</span> <span class='ocrx_word' id='word_1_265' title='bbox 1767 377 1818 411; x_wconf 87' lang='lat' dir='ltr'>cui</span> 
     </span>
     <span class='ocr_line' id='line_1_53' title="bbox 1082 429 1817 472; baseline 0.001 -10"><span class='ocrx_word' id='word_1_266' title='bbox 1082 439 1193 462; x_wconf 89' lang='lat' dir='ltr'>omnes</span> <span class='ocrx_word' id='word_1_267' title='bbox 1219 429 1252 462; x_wconf 90' lang='lat' dir='ltr'>in</span> <span class='ocrx_word' id='word_1_268' title='bbox 1277 429 1430 462; x_wconf 90' lang='lat' dir='ltr'>omnibus</span> <span class='ocrx_word' id='word_1_269' title='bbox 1446 435 1635 463; x_wconf 84' lang='lat' dir='ltr'>reverenter</span> <span class='ocrx_word' id='word_1_270' title='bbox 1651 429 1817 472; x_wconf 85' lang='lat' dir='ltr'>obediant,</span> 
     </span>
     <span class='ocr_line' id='line_1_54' title="bbox 1082 482 1820 526; baseline 0.004 -12"><span class='ocrx_word' id='word_1_271' title='bbox 1082 487 1203 526; x_wconf 89' lang='lat' dir='ltr'>quanto</span> <span class='ocrx_word' id='word_1_272' title='bbox 1228 482 1430 526; x_wconf 84' lang='lat' dir='ltr'>frequentius</span> <span class='ocrx_word' id='word_1_273' title='bbox 1454 483 1584 526; x_wconf 87' lang='lat' dir='ltr'>poterit,</span> <span class='ocrx_word' id='word_1_274' title='bbox 1610 483 1652 516; x_wconf 91' lang='lat' dir='ltr'>sit</span> <span class='ocrx_word' id='word_1_275' title='bbox 1669 494 1741 516; x_wconf 90' lang='lat' dir='ltr'>cum</span> <span class='ocrx_word' id='word_1_276' title='bbox 1760 483 1820 517; x_wconf 78' lang='lat' dir='ltr'>sra-</span> 
     </span>
     <span class='ocr_line' id='line_1_55' title="bbox 1083 536 1821 579; baseline 0.004 -11"><span class='ocrx_word' id='word_1_277' title='bbox 1083 536 1186 569; x_wconf 89' lang='lat' dir='ltr'>tribus</span> <span class='ocrx_word' id='word_1_278' title='bbox 1218 536 1252 568; x_wconf 91' lang='lat' dir='ltr'>in</span> <span class='ocrx_word' id='word_1_279' title='bbox 1277 541 1437 569; x_wconf 86' lang='lat' dir='ltr'>conventu</span> <span class='ocrx_word' id='word_1_280' title='bbox 1454 562 1461 576; x_wconf 84' lang='lat'>,</span> <span class='ocrx_word' id='word_1_281' title='bbox 1485 536 1617 579; x_wconf 78' lang='lat' dir='ltr'>vigilem</span> <span class='ocrx_word' id='word_1_282' title='bbox 1654 546 1763 571; x_wconf 88' lang='lat' dir='ltr'>curam</span> <span class='ocrx_word' id='word_1_283' title='bbox 1788 541 1821 571; x_wconf 87' lang='lat' dir='ltr'>et</span> 
     </span>
     <span class='ocr_line' id='line_1_56' title="bbox 1084 588 1821 633; baseline 0.004 -12"><span class='ocrx_word' id='word_1_284' title='bbox 1084 589 1274 632; x_wconf 83' lang='lat' dir='ltr'>diligentem</span> <span class='ocrx_word' id='word_1_285' title='bbox 1290 588 1541 623; x_wconf 87' lang='lat' dir='ltr'>sollicitudinem</span> <span class='ocrx_word' id='word_1_286' title='bbox 1559 599 1676 633; x_wconf 81' lang='lat' dir='ltr'>gerens</span> <span class='ocrx_word' id='word_1_287' title='bbox 1696 590 1735 623; x_wconf 89' lang='lat' dir='ltr'>de</span> <span class='ocrx_word' id='word_1_288' title='bbox 1752 600 1821 624; x_wconf 90' lang='lat' dir='ltr'>om-</span> 
     </span>
     <span class='ocr_line' id='line_1_57' title="bbox 1083 642 1821 683; baseline 0.003 -7"><span class='ocrx_word' id='word_1_289' title='bbox 1083 642 1188 683; x_wconf 86' lang='lat' dir='ltr'>nibus,</span> <span class='ocrx_word' id='word_1_290' title='bbox 1216 647 1292 683; x_wconf 88' lang='lat' dir='ltr'>etc.,</span> <span class='ocrx_word' id='word_1_291' title='bbox 1313 643 1451 676; x_wconf 82' lang='lat' dir='ltr'>maxime</span> <span class='ocrx_word' id='word_1_292' title='bbox 1466 643 1505 677; x_wconf 87' lang='lat' dir='ltr'>de</span> <span class='ocrx_word' id='word_1_293' title='bbox 1530 643 1631 677; x_wconf 86' lang='lat' dir='ltr'>choro</span> <span class='ocrx_word' id='word_1_294' title='bbox 1656 649 1688 678; x_wconf 89' lang='lat' dir='ltr'>et</span> <span class='ocrx_word' id='word_1_295' title='bbox 1710 645 1821 678; x_wconf 71' lang='lat' dir='ltr'>mensa</span> 
     </span>
     <span class='ocr_line' id='line_1_58' title="bbox 1083 695 1823 739; baseline 0.003 -11"><span class='ocrx_word' id='word_1_296' title='bbox 1083 695 1333 739; x_wconf 83' lang='lat' dir='ltr'>intelligendum</span> <span class='ocrx_word' id='word_1_297' title='bbox 1365 702 1397 730; x_wconf 88' lang='lat' dir='ltr'>et</span> <span class='ocrx_word' id='word_1_298' title='bbox 1429 696 1668 730; x_wconf 85' lang='lat' dir='ltr'>observandum</span> <span class='ocrx_word' id='word_1_299' title='bbox 1694 702 1761 737; x_wconf 83' lang='lat' dir='ltr'>est,</span> <span class='ocrx_word' id='word_1_300' title='bbox 1786 701 1823 730; x_wconf 89' lang='lat' dir='ltr'>ut</span> 
     </span>
     <span class='ocr_line' id='line_1_59' title="bbox 1085 749 1822 791; baseline 0.003 -9"><span class='ocrx_word' id='word_1_301' title='bbox 1085 749 1350 783; x_wconf 88' lang='lat' dir='ltr'>scilicetabbates</span> <span class='ocrx_word' id='word_1_302' title='bbox 1373 750 1507 783; x_wconf 89' lang='lat' dir='ltr'>omnino</span> <span class='ocrx_word' id='word_1_303' title='bbox 1525 749 1659 791; x_wconf 78' lang='lat' dir='ltr'>festivis,</span> <span class='ocrx_word' id='word_1_304' title='bbox 1677 750 1733 784; x_wconf 88' lang='lat' dir='ltr'>sed</span> <span class='ocrx_word' id='word_1_305' title='bbox 1750 750 1822 784; x_wconf 90' lang='lat' dir='ltr'>aliis</span> 
     </span>
     <span class='ocr_line' id='line_1_60' title="bbox 1085 803 1823 848; baseline 0.005 -14"><span class='ocrx_word' id='word_1_306' title='bbox 1085 812 1214 846; x_wconf 87' lang='lat' dir='ltr'>quoque</span> <span class='ocrx_word' id='word_1_307' title='bbox 1239 803 1363 843; x_wconf 89' lang='lat' dir='ltr'>diebus,</span> <span class='ocrx_word' id='word_1_308' title='bbox 1389 808 1545 847; x_wconf 89' lang='lat' dir='ltr'>quantum</span> <span class='ocrx_word' id='word_1_309' title='bbox 1570 804 1741 838; x_wconf 88' lang='lat' dir='ltr'>commode</span> <span class='ocrx_word' id='word_1_310' title='bbox 1765 813 1823 848; x_wconf 90' lang='lat' dir='ltr'>po-</span> 
     </span>
     <span class='ocr_line' id='line_1_61' title="bbox 1086 855 1822 896; baseline 0.004 -9"><span class='ocrx_word' id='word_1_311' title='bbox 1086 860 1210 896; x_wconf 87' lang='lat' dir='ltr'>terunt,</span> <span class='ocrx_word' id='word_1_312' title='bbox 1245 857 1284 890; x_wconf 90' lang='lat' dir='ltr'>ad</span> <span class='ocrx_word' id='word_1_313' title='bbox 1314 857 1464 890; x_wconf 88' lang='lat' dir='ltr'>solatium</span> <span class='ocrx_word' id='word_1_314' title='bbox 1500 862 1532 890; x_wconf 89' lang='lat' dir='ltr'>et</span> <span class='ocrx_word' id='word_1_315' title='bbox 1566 855 1822 891; x_wconf 83' lang='lat' dir='ltr'>aedificationem</span> 
     </span>
     <span class='ocr_line' id='line_1_62' title="bbox 1085 909 1824 949; baseline 0.001 -8"><span class='ocrx_word' id='word_1_316' title='bbox 1085 919 1225 949; x_wconf 86' lang='lat' dir='ltr'>suorum,</span> <span class='ocrx_word' id='word_1_317' title='bbox 1252 920 1323 943; x_wconf 88' lang='lat' dir='ltr'>cum</span> <span class='ocrx_word' id='word_1_318' title='bbox 1340 909 1455 944; x_wconf 88' lang='lat' dir='ltr'>iisdem</span> <span class='ocrx_word' id='word_1_319' title='bbox 1473 911 1611 944; x_wconf 89' lang='lat' dir='ltr'>chorum</span> <span class='ocrx_word' id='word_1_320' title='bbox 1630 915 1661 944; x_wconf 87' lang='lat' dir='ltr'>et</span> <span class='ocrx_word' id='word_1_321' title='bbox 1677 921 1824 944; x_wconf 89' lang='lat' dir='ltr'>mensam</span> 
     </span>
     <span class='ocr_line' id='line_1_63' title="bbox 1085 963 1824 1008; baseline 0.004 -14"><span class='ocrx_word' id='word_1_322' title='bbox 1085 963 1268 1005; x_wconf 79' lang='lat' dir='ltr'>regularem</span> <span class='ocrx_word' id='word_1_323' title='bbox 1294 963 1513 1008; x_wconf 75' lang='lat' dir='ltr'>frequentent.</span> <span class='ocrx_word' id='word_1_324' title='bbox 1541 963 1664 997; x_wconf 82' lang='lat' dir='ltr'>Licebit</span> <span class='ocrx_word' id='word_1_325' title='bbox 1687 963 1824 1007; x_wconf 88' lang='lat' dir='ltr'>proinde</span> 
     </span>
     <span class='ocr_line' id='line_1_64' title="bbox 1085 1016 1824 1060; baseline 0.004 -12"><span class='ocrx_word' id='word_1_326' title='bbox 1085 1016 1181 1048; x_wconf 86' lang='lat' dir='ltr'>etiam</span> <span class='ocrx_word' id='word_1_327' title='bbox 1217 1016 1379 1060; x_wconf 88' lang='lat' dir='ltr'>hospites,</span> <span class='ocrx_word' id='word_1_328' title='bbox 1413 1017 1524 1050; x_wconf 79' lang='lat' dir='ltr'>hahita</span> <span class='ocrx_word' id='word_1_329' title='bbox 1560 1016 1824 1051; x_wconf 85' lang='lat' dir='ltr'>consideratione</span> 
     </span>
     <span class='ocr_line' id='line_1_65' title="bbox 1085 1069 1826 1112; baseline 0.004 -11"><span class='ocrx_word' id='word_1_330' title='bbox 1085 1079 1297 1112; x_wconf 84' lang='lat' dir='ltr'>personarum</span> <span class='ocrx_word' id='word_1_331' title='bbox 1330 1075 1362 1103; x_wconf 91' lang='lat' dir='ltr'>et</span> <span class='ocrx_word' id='word_1_332' title='bbox 1393 1069 1726 1111; x_wconf 85' lang='lat' dir='ltr'>circumstantiarum,</span> <span class='ocrx_word' id='word_1_333' title='bbox 1758 1080 1826 1104; x_wconf 90' lang='lat' dir='ltr'>non</span> 
     </span>
     <span class='ocr_line' id='line_1_66' title="bbox 1086 1123 1825 1166; baseline 0.004 -11"><span class='ocrx_word' id='word_1_334' title='bbox 1086 1123 1190 1156; x_wconf 88' lang='lat' dir='ltr'>solum</span> <span class='ocrx_word' id='word_1_335' title='bbox 1217 1123 1389 1166; x_wconf 83' lang='lat' dir='ltr'>religiosos</span> <span class='ocrx_word' id='word_1_336' title='bbox 1410 1129 1443 1157; x_wconf 87' lang='lat' dir='ltr'>et</span> <span class='ocrx_word' id='word_1_337' title='bbox 1466 1124 1620 1165; x_wconf 87' lang='lat' dir='ltr'>clericos,</span> <span class='ocrx_word' id='word_1_338' title='bbox 1646 1124 1703 1158; x_wconf 90' lang='lat' dir='ltr'>sed</span> <span class='ocrx_word' id='word_1_339' title='bbox 1728 1124 1825 1158; x_wconf 88' lang='lat' dir='ltr'>etiam</span> 
     </span>
     <span class='ocr_line' id='line_1_67' title="bbox 1086 1177 1825 1222; baseline 0.003 -13"><span class='ocrx_word' id='word_1_340' title='bbox 1086 1177 1266 1210; x_wconf 87' lang='lat' dir='ltr'>saeculares</span> <span class='ocrx_word' id='word_1_341' title='bbox 1287 1177 1483 1222; x_wconf 87' lang='lat' dir='ltr'>quandoque</span> <span class='ocrx_word' id='word_1_342' title='bbox 1504 1178 1542 1211; x_wconf 88' lang='lat' dir='ltr'>ad</span> <span class='ocrx_word' id='word_1_343' title='bbox 1559 1177 1771 1212; x_wconf 75' lang='lat' dir='ltr'>refectorium</span> <span class='ocrx_word' id='word_1_344' title='bbox 1785 1177 1825 1211; x_wconf 93' lang='lat' dir='ltr'>ad</span> 
     </span>
     <span class='ocr_line' id='line_1_68' title="bbox 1086 1230 1825 1275; baseline 0 -12"><span class='ocrx_word' id='word_1_345' title='bbox 1086 1240 1233 1263; x_wconf 86' lang='lat' dir='ltr'>mensam</span> <span class='ocrx_word' id='word_1_346' title='bbox 1270 1231 1453 1273; x_wconf 82' lang='lat' dir='ltr'>regularem</span> <span class='ocrx_word' id='word_1_347' title='bbox 1479 1230 1616 1271; x_wconf 88' lang='lat' dir='ltr'>ducere,</span> <span class='ocrx_word' id='word_1_348' title='bbox 1642 1231 1669 1264; x_wconf 90' lang='lat' dir='ltr'>si</span> <span class='ocrx_word' id='word_1_349' title='bbox 1694 1230 1825 1275; x_wconf 90' lang='lat' dir='ltr'>quidem</span> 
     </span>
     <span class='ocr_line' id='line_1_69' title="bbox 1086 1282 1826 1327; baseline 0.004 -13"><span class='ocrx_word' id='word_1_350' title='bbox 1086 1283 1167 1315; x_wconf 85' lang='lat' dir='ltr'>tales</span> <span class='ocrx_word' id='word_1_351' title='bbox 1193 1282 1266 1324; x_wconf 88' lang='lat' dir='ltr'>sint,</span> <span class='ocrx_word' id='word_1_352' title='bbox 1285 1288 1320 1315; x_wconf 89' lang='lat' dir='ltr'>ut</span> <span class='ocrx_word' id='word_1_353' title='bbox 1340 1294 1398 1327; x_wconf 90' lang='lat' dir='ltr'>per</span> <span class='ocrx_word' id='word_1_354' title='bbox 1415 1294 1470 1317; x_wconf 90' lang='lat' dir='ltr'>eos</span> <span class='ocrx_word' id='word_1_355' title='bbox 1488 1283 1731 1317; x_wconf 82' lang='lat' dir='ltr'>incommodum</span> <span class='ocrx_word' id='word_1_356' title='bbox 1751 1293 1826 1317; x_wconf 88' lang='lat' dir='ltr'>con-</span> 
     </span>
     <span class='ocr_line' id='line_1_70' title="bbox 1085 1336 1827 1380; baseline 0.004 -13"><span class='ocrx_word' id='word_1_357' title='bbox 1085 1336 1194 1369; x_wconf 88' lang='lat' dir='ltr'>ventui</span> <span class='ocrx_word' id='word_1_358' title='bbox 1219 1345 1256 1369; x_wconf 83' lang='lat' dir='ltr'>ex</span> <span class='ocrx_word' id='word_1_359' title='bbox 1282 1337 1504 1380; x_wconf 85' lang='lat' dir='ltr'>protractione</span> <span class='ocrx_word' id='word_1_360' title='bbox 1529 1347 1586 1370; x_wconf 85' lang='lat' dir='ltr'>seu</span> <span class='ocrx_word' id='word_1_361' title='bbox 1604 1336 1759 1370; x_wconf 88' lang='lat' dir='ltr'>dilatione</span> <span class='ocrx_word' id='word_1_362' title='bbox 1776 1347 1827 1370; x_wconf 92' lang='lat' dir='ltr'>re-</span> 
     </span>
     <span class='ocr_line' id='line_1_71' title="bbox 1085 1388 1826 1434; baseline 0.004 -13"><span class='ocrx_word' id='word_1_363' title='bbox 1085 1388 1244 1430; x_wconf 75' lang='lat' dir='ltr'>iectionis,</span> <span class='ocrx_word' id='word_1_364' title='bbox 1270 1399 1377 1433; x_wconf 90' lang='lat' dir='ltr'>neque</span> <span class='ocrx_word' id='word_1_365' title='bbox 1403 1389 1610 1433; x_wconf 89' lang='lat' dir='ltr'>dispendium</span> <span class='ocrx_word' id='word_1_366' title='bbox 1635 1390 1826 1434; x_wconf 87' lang='lat' dir='ltr'>disciplinae</span> 
     </span>
     <span class='ocr_line' id='line_1_72' title="bbox 1084 1443 1827 1487; baseline 0.005 -13"><span class='ocrx_word' id='word_1_367' title='bbox 1084 1443 1245 1485; x_wconf 82' lang='lat' dir='ltr'>regularis</span> <span class='ocrx_word' id='word_1_368' title='bbox 1274 1443 1381 1487; x_wconf 89' lang='lat' dir='ltr'>quoad</span> <span class='ocrx_word' id='word_1_369' title='bbox 1409 1443 1574 1478; x_wconf 86' lang='lat' dir='ltr'>silentium</span> <span class='ocrx_word' id='word_1_370' title='bbox 1605 1448 1636 1477; x_wconf 91' lang='lat' dir='ltr'>et</span> <span class='ocrx_word' id='word_1_371' title='bbox 1655 1444 1827 1478; x_wconf 89' lang='lat' dir='ltr'>lectionem</span> 
     </span>
     <span class='ocr_line' id='line_1_73' title="bbox 1086 1495 1827 1540; baseline 0.005 -13"><span class='ocrx_word' id='word_1_372' title='bbox 1086 1495 1124 1528; x_wconf 90' lang='lat' dir='ltr'>ad</span> <span class='ocrx_word' id='word_1_373' title='bbox 1138 1505 1283 1530; x_wconf 89' lang='lat' dir='ltr'>mensam</span> <span class='ocrx_word' id='word_1_374' title='bbox 1297 1501 1481 1530; x_wconf 88' lang='lat' dir='ltr'>secuturum</span> <span class='ocrx_word' id='word_1_375' title='bbox 1495 1496 1551 1537; x_wconf 88' lang='lat' dir='ltr'>sit;</span> <span class='ocrx_word' id='word_1_376' title='bbox 1570 1497 1679 1540; x_wconf 89' lang='lat' dir='ltr'>quain</span> <span class='ocrx_word' id='word_1_377' title='bbox 1695 1507 1729 1531; x_wconf 90' lang='lat' dir='ltr'>re</span> <span class='ocrx_word' id='word_1_378' title='bbox 1745 1497 1827 1531; x_wconf 90' lang='lat' dir='ltr'>illud</span> 
     </span>
     <span class='ocr_line' id='line_1_74' title="bbox 1086 1550 1826 1594; baseline 0.007 -14"><span class='ocrx_word' id='word_1_379' title='bbox 1086 1560 1215 1594; x_wconf 85' lang='lat' dir='ltr'>quoque</span> <span class='ocrx_word' id='word_1_380' title='bbox 1237 1550 1477 1584; x_wconf 88' lang='lat' dir='ltr'>observandum</span> <span class='ocrx_word' id='word_1_381' title='bbox 1499 1555 1558 1591; x_wconf 89' lang='lat' dir='ltr'>est,</span> <span class='ocrx_word' id='word_1_382' title='bbox 1584 1555 1629 1591; x_wconf 87' lang='lat' dir='ltr'>ut,</span> <span class='ocrx_word' id='word_1_383' title='bbox 1655 1551 1688 1584; x_wconf 89' lang='lat' dir='ltr'>in</span> <span class='ocrx_word' id='word_1_384' title='bbox 1713 1551 1826 1585; x_wconf 86' lang='lat' dir='ltr'>diebus</span> 
     </span>
     <span class='ocr_line' id='line_1_75' title="bbox 1086 1603 1827 1645; baseline 0.003 -9"><span class='ocrx_word' id='word_1_385' title='bbox 1086 1604 1199 1637; x_wconf 90' lang='lat' dir='ltr'>ieiunii</span> <span class='ocrx_word' id='word_1_386' title='bbox 1224 1608 1256 1637; x_wconf 92' lang='lat' dir='ltr'>et</span> <span class='ocrx_word' id='word_1_387' title='bbox 1280 1603 1506 1645; x_wconf 89' lang='lat' dir='ltr'>abstinentiae,</span> <span class='ocrx_word' id='word_1_388' title='bbox 1531 1605 1656 1639; x_wconf 90' lang='lat' dir='ltr'>nullum</span> <span class='ocrx_word' id='word_1_389' title='bbox 1672 1604 1760 1639; x_wconf 87' lang='lat' dir='ltr'>aliud</span> <span class='ocrx_word' id='word_1_390' title='bbox 1774 1605 1827 1639; x_wconf 90' lang='lat' dir='ltr'>ob-</span> 
     </span>
     <span class='ocr_line' id='line_1_76' title="bbox 1087 1656 1826 1703; baseline 0.004 -14"><span class='ocrx_word' id='word_1_391' title='bbox 1087 1656 1214 1690; x_wconf 90' lang='lat' dir='ltr'>sonium</span> <span class='ocrx_word' id='word_1_392' title='bbox 1235 1657 1419 1701; x_wconf 89' lang='lat' dir='ltr'>hospitibus</span> <span class='ocrx_word' id='word_1_393' title='bbox 1445 1662 1637 1702; x_wconf 85' lang='lat' dir='ltr'>apponatur,</span> <span class='ocrx_word' id='word_1_394' title='bbox 1657 1658 1717 1691; x_wconf 89' lang='lat' dir='ltr'>nisi</span> <span class='ocrx_word' id='word_1_395' title='bbox 1739 1658 1826 1703; x_wconf 91' lang='lat' dir='ltr'>quod</span> 
     </span>
     <span class='ocr_line' id='line_1_77' title="bbox 1087 1711 1825 1754; baseline 0.004 -11"><span class='ocrx_word' id='word_1_396' title='bbox 1087 1711 1174 1744; x_wconf 85' lang='lat' dir='ltr'>iuxta</span> <span class='ocrx_word' id='word_1_397' title='bbox 1206 1716 1351 1744; x_wconf 82' lang='lat' dir='ltr'>sanctam</span> <span class='ocrx_word' id='word_1_398' title='bbox 1384 1713 1534 1754; x_wconf 81' lang='lat' dir='ltr'>regulam</span> <span class='ocrx_word' id='word_1_399' title='bbox 1558 1717 1591 1745; x_wconf 85' lang='lat' dir='ltr'>ct</span> <span class='ocrx_word' id='word_1_400' title='bbox 1615 1712 1673 1745; x_wconf 81' lang='lat' dir='ltr'>has</span> <span class='ocrx_word' id='word_1_401' title='bbox 1704 1712 1825 1746; x_wconf 86' lang='lat' dir='ltr'>consti-</span> 
     </span>
     <span class='ocr_line' id='line_1_78' title="bbox 1088 1764 1826 1809; baseline 0.004 -11"><span class='ocrx_word' id='word_1_402' title='bbox 1088 1765 1267 1799; x_wconf 85' lang='lat' dir='ltr'>tututiones</span> <span class='ocrx_word' id='word_1_403' title='bbox 1291 1764 1370 1809; x_wconf 90' lang='lat' dir='ltr'>ipsis</span> <span class='ocrx_word' id='word_1_404' title='bbox 1386 1765 1552 1809; x_wconf 84' lang='lat' dir='ltr'>religiosis</span> <span class='ocrx_word' id='word_1_405' title='bbox 1567 1765 1740 1800; x_wconf 84' lang='lat' dir='ltr'>comedere</span> <span class='ocrx_word' id='word_1_406' title='bbox 1754 1775 1826 1801; x_wconf 89' lang='lat' dir='ltr'>con·</span> 
     </span>
     <span class='ocr_line' id='line_1_79' title="bbox 1087 1819 1225 1853; baseline -0.007 -1"><span class='ocrx_word' id='word_1_407' title='bbox 1087 1819 1225 1853; x_wconf 84' lang='lat' dir='ltr'>ceditur.</span> 
     </span>
    </p>

    <p class='ocr_par' dir='ltr' id='par_1_10' title="bbox 1088 1872 1826 2600">
     <span class='ocr_line' id='line_1_80' title="bbox 1131 1872 1826 1917; baseline 0.004 -12"><span class='ocrx_word' id='word_1_408' title='bbox 1131 1872 1339 1916; x_wconf 85' lang='lat' dir='ltr'>Hospitalitas</span> <span class='ocrx_word' id='word_1_409' title='bbox 1363 1872 1637 1917; x_wconf 87' lang='lat' dir='ltr'>quemadmodum</span> <span class='ocrx_word' id='word_1_410' title='bbox 1672 1873 1705 1907; x_wconf 89' lang='lat' dir='ltr'>in</span> <span class='ocrx_word' id='word_1_411' title='bbox 1736 1875 1826 1908; x_wconf 68' lang='lat' dir='ltr'>sacra</span> 
     </span>
     <span class='ocr_line' id='line_1_81' title="bbox 1088 1926 1826 1969; baseline 0.004 -11"><span class='ocrx_word' id='word_1_412' title='bbox 1088 1926 1248 1969; x_wconf 79' lang='lat' dir='ltr'>scriptura</span> <span class='ocrx_word' id='word_1_413' title='bbox 1263 1926 1422 1966; x_wconf 86' lang='lat' dir='ltr'>laudatur,</span> <span class='ocrx_word' id='word_1_414' title='bbox 1437 1926 1481 1958; x_wconf 89' lang='lat' dir='ltr'>ita</span> <span class='ocrx_word' id='word_1_415' title='bbox 1495 1926 1674 1959; x_wconf 84' lang='lat' dir='ltr'>exercenda</span> <span class='ocrx_word' id='word_1_416' title='bbox 1691 1932 1739 1960; x_wconf 90' lang='lat' dir='ltr'>est</span> <span class='ocrx_word' id='word_1_417' title='bbox 1752 1936 1826 1962; x_wconf 88' lang='lat' dir='ltr'>cum</span> 
     </span>
     <span class='ocr_line' id='line_1_82' title="bbox 1088 1978 1826 2023; baseline 0.003 -12"><span class='ocrx_word' id='word_1_418' title='bbox 1088 1981 1125 2012; x_wconf 77' lang='lat' dir='ltr'>ea</span> <span class='ocrx_word' id='word_1_419' title='bbox 1148 1978 1383 2019; x_wconf 84' lang='lat' dir='ltr'>moderatione,</span> <span class='ocrx_word' id='word_1_420' title='bbox 1409 1984 1444 2011; x_wconf 90' lang='lat' dir='ltr'>ut</span> <span class='ocrx_word' id='word_1_421' title='bbox 1469 1979 1500 2012; x_wconf 95' lang='lat' dir='ltr'>in</span> <span class='ocrx_word' id='word_1_422' title='bbox 1525 1979 1763 2023; x_wconf 76' lang='lat' dir='ltr'>prodigalitatis</span> <span class='ocrx_word' id='word_1_423' title='bbox 1781 1980 1826 2014; x_wconf 92' lang='lat' dir='ltr'>vi-</span> 
     </span>
     <span class='ocr_line' id='line_1_83' title="bbox 1088 2031 1826 2067; baseline 0.004 -3"><span class='ocrx_word' id='word_1_424' title='bbox 1088 2032 1166 2064; x_wconf 86' lang='lat' dir='ltr'>tium</span> <span class='ocrx_word' id='word_1_425' title='bbox 1191 2042 1255 2065; x_wconf 90' lang='lat' dir='ltr'>non</span> <span class='ocrx_word' id='word_1_426' title='bbox 1276 2036 1427 2064; x_wconf 87' lang='lat' dir='ltr'>transeat.</span> <span class='ocrx_word' id='word_1_427' title='bbox 1453 2031 1534 2065; x_wconf 90' lang='lat' dir='ltr'>Hinc</span> <span class='ocrx_word' id='word_1_428' title='bbox 1558 2043 1686 2066; x_wconf 87' lang='lat' dir='ltr'>omnem</span> <span class='ocrx_word' id='word_1_429' title='bbox 1718 2043 1826 2067; x_wconf 86' lang='lat' dir='ltr'>exces-</span> 
     </span>
     <span class='ocr_line' id='line_1_84' title="bbox 1088 2085 1826 2131; baseline 0.005 -14"><span class='ocrx_word' id='word_1_430' title='bbox 1088 2096 1169 2126; x_wconf 90' lang='lat' dir='ltr'>sum,</span> <span class='ocrx_word' id='word_1_431' title='bbox 1197 2085 1250 2129; x_wconf 90' lang='lat' dir='ltr'>qui</span> <span class='ocrx_word' id='word_1_432' title='bbox 1276 2085 1395 2118; x_wconf 91' lang='lat' dir='ltr'>intuitu</span> <span class='ocrx_word' id='word_1_433' title='bbox 1417 2086 1650 2130; x_wconf 87' lang='lat' dir='ltr'>hospitalitatis</span> <span class='ocrx_word' id='word_1_434' title='bbox 1664 2085 1732 2120; x_wconf 84' lang='lat' dir='ltr'>fieri</span> <span class='ocrx_word' id='word_1_435' title='bbox 1750 2097 1826 2131; x_wconf 91' lang='lat' dir='ltr'>pos-</span> 
     </span>
     <span class='ocr_line' id='line_1_85' title="bbox 1089 2138 1824 2183; baseline 0.004 -12"><span class='ocrx_word' id='word_1_436' title='bbox 1089 2143 1147 2178; x_wconf 87' lang='lat' dir='ltr'>set,</span> <span class='ocrx_word' id='word_1_437' title='bbox 1173 2138 1320 2181; x_wconf 79' lang='lat' dir='ltr'>diligenti</span> <span class='ocrx_word' id='word_1_438' title='bbox 1338 2138 1631 2183; x_wconf 88' lang='lat' dir='ltr'>circumspectione</span> <span class='ocrx_word' id='word_1_439' title='bbox 1644 2139 1824 2174; x_wconf 85' lang='lat' dir='ltr'>visitatores</span> 
     </span>
     <span class='ocr_line' id='line_1_86' title="bbox 1089 2192 1825 2234; baseline 0.004 -10"><span class='ocrx_word' id='word_1_440' title='bbox 1089 2201 1106 2225; x_wconf 84' lang='lat' dir='ltr'>a</span> <span class='ocrx_word' id='word_1_441' title='bbox 1130 2192 1251 2225; x_wconf 90' lang='lat' dir='ltr'>nostris</span> <span class='ocrx_word' id='word_1_442' title='bbox 1275 2193 1479 2226; x_wconf 86' lang='lat' dir='ltr'>monasteriis</span> <span class='ocrx_word' id='word_1_443' title='bbox 1502 2192 1726 2234; x_wconf 85' lang='lat' dir='ltr'>eliminabunt,</span> <span class='ocrx_word' id='word_1_444' title='bbox 1752 2204 1825 2228; x_wconf 89' lang='lat' dir='ltr'>cum</span> 
     </span>
     <span class='ocr_line' id='line_1_87' title="bbox 1089 2245 1826 2288; baseline 0.001 -9"><span class='ocrx_word' id='word_1_445' title='bbox 1089 2246 1120 2279; x_wconf 89' lang='lat' dir='ltr'>id</span> <span class='ocrx_word' id='word_1_446' title='bbox 1145 2245 1277 2278; x_wconf 87' lang='lat' dir='ltr'>minime</span> <span class='ocrx_word' id='word_1_447' title='bbox 1312 2246 1351 2278; x_wconf 89' lang='lat' dir='ltr'>ad</span> <span class='ocrx_word' id='word_1_448' title='bbox 1376 2245 1637 2280; x_wconf 80' lang='lat' dir='ltr'>aedificationem</span> <span class='ocrx_word' id='word_1_449' title='bbox 1666 2246 1768 2288; x_wconf 87' lang='lat' dir='ltr'>cedat,</span> <span class='ocrx_word' id='word_1_450' title='bbox 1793 2251 1826 2280; x_wconf 87' lang='lat' dir='ltr'>et</span> 
     </span>
     <span class='ocr_line' id='line_1_88' title="bbox 1089 2299 1822 2343; baseline 0.004 -12"><span class='ocrx_word' id='word_1_451' title='bbox 1089 2310 1105 2332; x_wconf 89' lang='lat' dir='ltr'>e</span> <span class='ocrx_word' id='word_1_452' title='bbox 1131 2299 1293 2333; x_wconf 86' lang='lat' dir='ltr'>contrario</span> <span class='ocrx_word' id='word_1_453' title='bbox 1319 2300 1426 2343; x_wconf 89' lang='lat' dir='ltr'>potius</span> <span class='ocrx_word' id='word_1_454' title='bbox 1457 2300 1646 2333; x_wconf 86' lang='lat' dir='ltr'>scandalum</span> <span class='ocrx_word' id='word_1_455' title='bbox 1677 2305 1822 2343; x_wconf 80' lang='lat' dir='ltr'>generet.</span> 
     </span>
     <span class='ocr_line' id='line_1_89' title="bbox 1090 2351 1825 2396; baseline 0.003 -12"><span class='ocrx_word' id='word_1_456' title='bbox 1090 2351 1150 2385; x_wconf 86' lang='lat' dir='ltr'>Pro</span> <span class='ocrx_word' id='word_1_457' title='bbox 1176 2352 1333 2396; x_wconf 83' lang='lat' dir='ltr'>cuiusque</span> <span class='ocrx_word' id='word_1_458' title='bbox 1358 2353 1455 2396; x_wconf 80' lang='lat' dir='ltr'>igitur</span> <span class='ocrx_word' id='word_1_459' title='bbox 1469 2353 1606 2396; x_wconf 89' lang='lat' dir='ltr'>hospitis</span> <span class='ocrx_word' id='word_1_460' title='bbox 1623 2353 1776 2396; x_wconf 85' lang='lat' dir='ltr'>qualitate</span> <span class='ocrx_word' id='word_1_461' title='bbox 1791 2353 1825 2387; x_wconf 92' lang='lat' dir='ltr'>id</span> 
     </span>
     <span class='ocr_line' id='line_1_90' title="bbox 1090 2406 1824 2450; baseline 0.004 -13"><span class='ocrx_word' id='word_1_462' title='bbox 1090 2411 1212 2438; x_wconf 87' lang='lat' dir='ltr'>tantum</span> <span class='ocrx_word' id='word_1_463' title='bbox 1244 2406 1277 2439; x_wconf 90' lang='lat' dir='ltr'>in</span> <span class='ocrx_word' id='word_1_464' title='bbox 1313 2409 1423 2440; x_wconf 77' lang='lat' dir='ltr'>mensa</span> <span class='ocrx_word' id='word_1_465' title='bbox 1445 2412 1647 2450; x_wconf 87' lang='lat' dir='ltr'>apponatur,</span> <span class='ocrx_word' id='word_1_466' title='bbox 1673 2407 1760 2450; x_wconf 86' lang='lat' dir='ltr'>quod</span> <span class='ocrx_word' id='word_1_467' title='bbox 1785 2407 1824 2440; x_wconf 89' lang='lat' dir='ltr'>ad</span> 
     </span>
     <span class='ocr_line' id='line_1_91' title="bbox 1090 2459 1822 2501; baseline 0.001 -10"><span class='ocrx_word' id='word_1_468' title='bbox 1090 2460 1257 2493; x_wconf 88' lang='lat' dir='ltr'>decentem</span> <span class='ocrx_word' id='word_1_469' title='bbox 1294 2465 1326 2492; x_wconf 91' lang='lat' dir='ltr'>et</span> <span class='ocrx_word' id='word_1_470' title='bbox 1360 2460 1560 2493; x_wconf 82' lang='lat' dir='ltr'>moderatam</span> <span class='ocrx_word' id='word_1_471' title='bbox 1595 2459 1822 2501; x_wconf 79' lang='lat' dir='ltr'>resectionem,</span> 
     </span>
     <span class='ocr_line' id='line_1_92' title="bbox 1091 2512 1826 2557; baseline 0.001 -12"><span class='ocrx_word' id='word_1_472' title='bbox 1091 2512 1216 2545; x_wconf 79' lang='lat' dir='ltr'>sublata</span> <span class='ocrx_word' id='word_1_473' title='bbox 1241 2513 1326 2545; x_wconf 90' lang='lat' dir='ltr'>omni</span> <span class='ocrx_word' id='word_1_474' title='bbox 1348 2513 1567 2557; x_wconf 82' lang='lat' dir='ltr'>superfluitate</span> <span class='ocrx_word' id='word_1_475' title='bbox 1593 2517 1623 2546; x_wconf 91' lang='lat' dir='ltr'>et</span> <span class='ocrx_word' id='word_1_476' title='bbox 1643 2512 1757 2554; x_wconf 88' lang='lat' dir='ltr'>abusu,</span> <span class='ocrx_word' id='word_1_477' title='bbox 1774 2522 1826 2546; x_wconf 84' lang='lat' dir='ltr'>ne-</span> 
     </span>
     <span class='ocr_line' id='line_1_93' title="bbox 1092 2566 1313 2600; baseline 0.005 -1"><span class='ocrx_word' id='word_1_478' title='bbox 1092 2577 1181 2599; x_wconf 86' lang='lat' dir='ltr'>cesse</span> <span class='ocrx_word' id='word_1_479' title='bbox 1206 2566 1313 2600; x_wconf 82' lang='lat' dir='ltr'>suerit.</span> 
     </span>
    </p>
   </div>
   <div class='ocr_carea' id='block_1_6' title="bbox 1673 2663 1688 2678">
    <p class='ocr_par' dir='ltr' id='par_1_11' title="bbox 1673 2663 1688 2678">
     <span class='ocr_line' id='line_1_94' title="bbox 1673 2663 1688 2678; baseline 0 0"><span class='ocrx_word' id='word_1_480' title='bbox 1673 2663 1688 2678; x_wconf 60' lang='lat' dir='ltr'>b</span> 
     </span>
    </p>
   </div>
   <div class='ocr_carea' id='block_1_7' title="bbox 1823 168 2011 198">
    <p class='ocr_par' dir='ltr' id='par_1_12' title="bbox 1823 168 2011 198">
     <span class='ocr_line' id='line_1_95' title="bbox 1823 168 2011 198; baseline 0.016 -3"><span class='ocrx_word' id='word_1_481' title='bbox 1823 168 1873 196; x_wconf 80' lang='lat' dir='ltr'>An.</span> <span class='ocrx_word' id='word_1_482' title='bbox 1890 168 1920 197; x_wconf 84' lang='lat' dir='ltr'>C.</span> <span class='ocrx_word' id='word_1_483' title='bbox 1944 168 2011 198; x_wconf 68' lang='grc'>1686</span> 
     </span>
    </p>
   </div>
  </div>
 </body>
</html>
