2111 3157
4 155 8 164 '
37 167 85 195 An.
98 167 128 195 e.
151 167 216 196 ¹678

49 1802 205 1822 Contrariorum

24 1829 141 1854 derogatio.

806 167 1015 192 JNNOCENTH'S
1038 168 1068 191 XI
1094 168 1141 191 PP.

223 217 377 250 terminos
402 217 480 250 iuris
500 217 620 257 reduci,
639 222 693 249 aut
710 216 863 249 adversus
881 215 952 247 illas

224 270 412 313 aperitionis
437 271 502 303 oris
518 296 525 309 ‚
550 268 788 302 restititutionis
816 268 847 299 in
873 268 955 299 inte-

223 332 324 364 grum,
349 322 473 355 aliudve
506 322 728 364 quodcumque
752 319 830 352 iuris
846 345 853 358 ‚
879 318 951 350 sacti

221 376 270 407 vel
296 375 416 417 gratiae
440 374 618 407 remedium
645 372 797 405 intentari
822 372 871 403 vel
897 371 953 402 im-

221 427 352 469 petrari,
378 431 427 459 aul
447 427 626 468 impetrato,
653 434 710 456 seu
737 423 831 455 etiam
852 428 949 461 motu,

221 479 355 512 scientia
388 485 419 511 et
446 477 612 521 potestatis
642 475 841 519 plenitudine
867 475 951 518 pari-

219 531 279 563 bus
303 541 459 564 concesso
482 531 531 562 vel
553 534 700 562 emanato
719 528 899 571 quempiam
919 527 949 559 in

219 583 339 616 iudicio
360 583 409 615 vel
434 586 523 615 extra
547 581 624 614 illud
646 580 690 612 uti
716 590 770 612 seu
789 590 822 612 se
843 579 949 611 iurare

218 636 285 669 ullo
309 635 406 668 modo
431 644 534 677 posse,
561 633 619 666 sed
644 633 774 665 easdem
800 642 950 674 praesen-

219 693 265 720 tes
289 687 411 720 litteras
438 696 567 729 semper
591 685 709 723 sirmas,
733 684 862 723 validas,
881 683 969 724 esti-5

217 749 308 772 eaces
329 739 465 771 existere
483 743 514 771 et
532 738 608 776 sore,
630 746 766 778 suosque
785 735 948 778 plenarios
967 771 968 781 ἵ

217 796 250 823 et
272 790 417 833 integros
443 789 574 823 ell‘ectus
600 788 706 821 sortiri
733 793 763 820 et
788 788 947 823 obtinere,

216 853 253 875 ac
275 843 350 883 iilis,
367 843 406 875 ad
427 853 508 886 quos
535 846 661 884 spectat
678 846 707 872 et
725 850 783 882 pro
803 845 946 882 tempore

216 896 484 938 quandocumque
510 893 681 938 spectabit,
699 893 731 924 in
749 893 897 925 omnibus
916 898 947 925 et

215 958 275 991 per
288 948 394 980 omnia
406 947 591 991 plenissime
606 945 783 987 suin-agari,
800 950 830 977 et
847 945 885 977 ab
900 945 944 978 eis

215 1000 394 1043 respective
418 999 649 1032 inviolabiliter
681 1002 712 1030 et
737 997 945 1030 inconcussae

216 1052 399 1091 observari,
420 1052 528 1094 sicque
546 1057 577 1084 et
599 1061 663 1083 non
684 1049 777 1082 aliter
794 1051 826 1082 in
851 1061 945 1093 prae-

215 1104 319 1137 missis
332 1103 472 1143 censeri,
488 1109 581 1146 atque
597 1104 637 1136 ita
654 1113 712 1144 per
727 1113 944 1145 quoscumque

215 1157 335 1189 iudices
359 1156 542 1188 ordinarios
574 1161 605 1188 et
633 1157 821 1199 delegatos,
849 1156 944 1188 etiam

216 1219 382 1241 causarum
416 1208 525 1251 palatii
558 1209 725 1250 apostolici
758 1209 920 1241 auditores
935 1235 942 1247 ,

215 1272 252 1294 ac
267 1262 297 1294 S.
326 1261 362 1293 R.
382 1261 416 1293 E.
443 1260 633 1301 cardinales,
660 1262 756 1294 etiam
781 1263 820 1295 de
845 1264 944 1294 latere

214 1314 336 1356 legatos
375 1318 406 1346 et
440 1313 643 1355 Apostolicae
675 1314 767 1346 Sedis
792 1314 922 1347 nuntios
938 1341 944 1353 ‚

215 1365 335 1398 aliosve
359 1363 538 1408 quoslibet¹
564 1375 766 1409 quacumque
790 1367 945 1408 praeemi-

214 1418 325 1450 nentia
345 1422 376 1450 et
391 1422 553 1459 potestate
578 1418 750 1460 fungentes
772 1423 803 1450 et
826 1419 946 1450 sunctu-

215 1481 278 1511 ros,
296 1470 420 1502 sublata
445 1469 490 1502 eis
508 1475 539 1502 et
557 1480 668 1502 eorum
687 1470 821 1503 cuilibet
834 1471 944 1514 quavis

215 1522 307 1555 aliter
337 1521 499 1554 iudicandi
535 1527 567 1553 et
590 1522 823 1565 interpretandi
848 1524 945 1555 sacul-

216 1581 279 1608 tate
297 1580 330 1607 et
345 1574 689 1614 auctoritate‚iudicari
707 1581 738 1607 et
755 1575 880 1608 definiri
895 1577 947 1608 de-

215 1627 302 1667 bere,
320 1637 355 1659 ac
370 1627 496 1659 irritum
511 1632 543 1660 et
567 1627 662 1659 inane
687 1627 712 1660 si
738 1639 830 1660 secus
849 1639 947 1671 super

216 1680 267 1712 his
281 1691 298 1712 a
311 1690 483 1722 quoquam,
501 1680 611 1722 quavis
626 1681 812 1713 auctoritate
822 1708 829 1721 ‚
844 1682 947 1714 scien-

216 1738 264 1766 ter
282 1734 330 1765 vel
347 1733 546 1774 ignoranter,
566 1733 739 1775 contigerit
755 1734 917 1767 attentari.

260 1786 275 1828 ἐ
293 1785 323 1818 5.
339 1785 409 1818 Non
426 1786 632 1818 obstantibus
650 1786 863 1827 facultatibus,
883 1788 947 1830 pri-

216 1837 353 1880 vilegiis‚
379 1837 524 1877 indultis,
542 1838 676 1881 aliisque
695 1839 892 1882 praemissis,
911 1850 947 1872 ac

216 1891 255 1923 de
280 1890 349 1922 iure
374 1890 518 1933 quaesito
543 1900 609 1922 non
634 1891 790 1931 tollendo,
805 1896 835 1923 et
860 1893 946 1935 quod

215 1943 397 1976 cardinales
422 1943 579 1986 praedicti
601 1944 659 1975 sub
677 1944 795 1986 regulis
820 1950 852 1977 et
871 1955 948 1977 con-

215 1996 436 2029 stitutionibus
461 1996 616 2029 faciendis
641 2007 704 2029 non
734 1998 948 2040 eomprehen-

217 2050 355 2089 dantur,
379 2049 559 2092 ceterisque
585 2050 707 2082 nostris
732 2055 763 2082 et
791 2052 948 2084 cancella-

216 2102 284 2134 riae
310 2101 506 2144 apostolicae
532 2102 671 2143 regulis,
701 2113 828 2134 necnon
857 2114 947 2146 prae-

219 2154 294 2188 dicti
331 2154 449 2187 Urbani
493 2155 753 2197 pracdecessoris
770 2183 776 2195 ,
813 2156 948 2198 aliisque

219 2208 415 2250 apostolicis,
429 2207 507 2239 acin
523 2207 755 2240 universalibus
774 2209 950 2251 provincia-

219 2260 367 2302 libusque
390 2258 535 2292 conciliis
557 2259 659 2299 editis,
679 2260 882 2301 generalibus
899 2262 948 2293 vel

220 2312 429 2355 specialibus,
456 2311 740 2344 constitutionibus
766 2318 797 2344 et
824 2313 951 2345 ordina-

222 2365 376 2404 tionibus,
396 2376 430 2397 ac
448 2365 625 2407 (piilmsviS‚
648 2365 742 2397 etiam
761 2365 950 2406 iuramento,

222 2417 465 2451 confirmatione
491 2417 680 2460 apostolica,
699 2420 748 2451 vel
774 2419 883 2461 quavis
901 2419 953 2451 sir-

221 2471 331 2504 mitate
352 2470 413 2502 alia
429 2470 597 2509 roboratis,
621 2471 756 2511 statutis,
775 2472 874 2515 stfflis,
894 2473 953 2505 usi-

261 2533 270 2558 l
290 2530 354 2557 Mate
369 2529 434 2557 edit.
450 2529 528 2556 alain.
545 2530 607 2565 legit
622 2531 745 2565 quolibet
760 2531 799 2565 (n,
816 2533 865 2566 T.).

292 2584 372 2614 Bull-
386 2585 468 2613 Rom.
483 2598 516 2605 -·-
536 2585 596 2613 Vol.
611 2585 688 2615 XIX.
832 2588 861 2613 11

1646 152 1682 185 sl

995 215 1052 247 bus
1071 220 1103 247 et
1122 214 1422 253 consuetudinibus,
1447 213 1542 245 etiam
1559 212 1728 244 immemo-

995 267 1161 307 rabilibus,
1175 267 1351 311 privilegiis
1376 277 1516 309 quoque,
1540 264 1674 297 indultis
1696 269 1726 295 et

994 319 1109 352 litteris
1123 320 1320 362 apostolicis,
1338 319 1490 362 praefatis
1504 318 1639 359 aliisque
1656 326 1727 358 per-

994 372 1081 403 sonis
1108 377 1139 404 et
1170 372 1315 413 collegiis
1348 371 1556 414 quibuslibet,
1572 369 1630 401 sub
1656 369 1725 412 qui-

994 424 1192 467 buscumque
1217 426 1391 457 verborum
1419 424 1581 456 tenoribus
1608 428 1640 454 et
1665 423 1725 454 l'or-

1735 163 1784 188 Αη.
1800 162 1828 188 (Ζ.
1849 159 1918 187 1ῡῖἒὲ

993 475 1059 515 mis,
1088 486 1123 508 ac
1148 486 1218 508 cum
1244 476 1407 518 quibusvis
1433 476 1528 508 etiam
1555 475 1724 515 derogato·
1764 512 1768 517 .

992 528 1108 560 riarum
1134 528 1356 569 derogatoriis,
1376 528 1509 570 aliisque
1535 526 1723 559 efficaciori<

992 579 1061 618 bus
1087 578 1319 611 efficacissimis
1344 584 1375 611 et
1399 578 1534 611 insolitis
1559 577 1722 615 clausulis,

993 632 1252 674 irritantilmsque
1278 637 1309 663 et
1334 631 1405 663 aliis
1441 631 1599 669 decretis,
1626 631 1721 662 etiam

991 689 1086 723 motu,
1113 683 1244 716 scientia
1269 689 1299 715 et
1324 683 1489 726 potestatis
1514 683 1720 725 plenitudine

990 736 1133 779 paribus,
1149 746 1184 767 ac
1198 736 1292 767 etiam
1307 735 1584 773 consistorialiter,
1600 739 1630 766 et
1644 734 1721 766 alias

990 788 1235 831 quomodolibet
1252 788 1284 819 in
1310 787 1503 820 contrarium
1530 786 1723 828 praemisso-

989 852 1059 873 rum
1084 840 1264 880 concessis,
1291 850 1326 872 ac
1358 839 1480 882 pluries
1517 844 1547 871 et
1578 838 1721 881 quantis-

989 904 1124 936 cumque
1160 893 1281 924 vicibus
1319 892 1464 930 iteratis,
1502 891 1718 927 confirmatis,

989 945 1175 988 approbatis
1200 950 1231 977 et
1246 944 1422 982 innovatis3
1440 944 1555 986 quibus
1573 943 1721 975 omnibus

990 1004 1021 1031 et
1038 999 1182 1041 singulis,
1198 997 1320 1030 etiamsi
1336 1007 1392 1039 pro
1407 997 1534 1029 illorum
1550 995 1719 1027 sufficienti

989 1051 1199 1093 derogatione
1226 1050 1265 1082 de
1291 1049 1354 1082 illis
1384 1059 1560 1091 eorumque
1587 1047 1659 1080 totis
1677 1053 1722 1079 te-

987 1103 1123 1137 noribus
1149 1102 1309 1145 specialis,
1334 1100 1491 1144 specifica,
1514 1111 1664 1142 expressa
1690 1104 1722 1131 et

988 1156 1162 1196 individua,
1181 1166 1216 1187 ac
1242 1155 1280 1187 de
1306 1155 1401 1187 verbo
1427 1154 1463 1186 ad
1489 1154 1630 1191 verbum,
1655 1162 1721 1185 non

988 1215 1093 1242 autem
1119 1219 1176 1252 per
1198 1209 1358 1241 clausulas
1376 1208 1541 1249 generales
1560 1207 1644 1239 idern
1664 1206 1722 1237 im-

987 1268 1166 1304 portantes,
1192 1261 1312 1294 mentio
1331 1271 1384 1292 seu
1406 1259 1536 1302 quaevis
1555 1258 1720 1302 expressio

993 1316 1142 1348 habenda
1159 1320 1211 1347 aut
1239 1315 1345 1356 aliqua
1366 1313 1427 1346 alia
1448 1312 1604 1355 exquisita
1622 1312 1722 1344 forma

987 1370 1025 1402 ad
1052 1370 1115 1401 hoc
1140 1367 1299 1400 servanda
1324 1367 1425 1405 soret,
1456 1370 1585 1397 tenores
1609 1365 1723 1396 huius-

987 1422 1090 1459 modi,
1113 1431 1148 1454 ac
1173 1421 1198 1453 si
1224 1421 1263 1453 de
1288 1419 1387 1451 verbo
1413 1419 1451 1450 ad
1476 1418 1620 1456 verbum,
1639 1417 1721 1449 nihil

988 1474 1118 1516 penitus
1145 1473 1264 1505 omisso
1283 1478 1314 1504 et
1332 1472 1428 1503 fornia
1456 1471 1487 1502 in
1517 1470 1580 1502 illis
1605 1469 1722 1502 tradita

988 1527 1167 1565 observata,
1193 1525 1451 1567 exprimerentur
1475 1528 1506 1555 et
1537 1522 1722 1554 insereren-

990 1584 1051 1617 tur,
1069 1578 1292 1621 praesentibus
1318 1587 1377 1619 pro
1403 1577 1498 1618 plene
1520 1580 1551 1607 et
1567 1574 1723 1606 sussicien-

990 1636 1037 1663 ter
1062 1630 1225 1672 expressis
1252 1634 1282 1661 et
1306 1628 1433 1661 insertis
1459 1627 1628 1665 habentes,
1659 1626 1723 1658 ilis

989 1683 1065 1715 alias
1080 1683 1111 1714 iu
1126 1692 1181 1714 suo
1201 1681 1319 1714 robore
1337 1679 1564 1723 permansuris,
1580 1678 1617 1711 ad
1632 1688 1723 1720 prae-

990 1735 1157 1767 missorum
1182 1733 1337 1771 effectum,
1363 1733 1424 1765 hac
1448 1731 1514 1763 vice
1547 1731 1720 1768 dumtaxat,

990 1787 1174 1830 specialiter
1204 1792 1236 1818 et
1261 1795 1408 1828 expresse
1445 1785 1655 1824 derogamus,
1685 1792 1722 1814 ac

989 1840 1178 1883 plenissime
1193 1844 1224 1871 et
1237 1837 1431 1881 amplissime
1447 1837 1633 1877 derogatum
1651 1845 1719 1867 esse

989 1894 1158 1933 volumus;
1191 1891 1372 1934 ceterisque
1397 1888 1564 1922 contrariis
1590 1888 1722 1932 quibus-

990 1956 1137 1988 cumque.

1034 2000 1048 2041 g
1072 1998 1102 2031 6.
1119 1997 1159 2030 Ut
1175 2002 1281 2029 autem
1300 2000 1487 2039 praesentes
1507 1994 1632 2027 litterae
1655 2005 1722 2027 om-

991 2052 1085 2084 nibus
1105 2050 1227 2083 facilius
1242 2050 1456 2087 innotescant,
1476 2048 1620 2080 volumus
1638 2047 1719 2083 illas,

991 2115 1047 2136 seu
1074 2114 1184 2136 earum
1209 2103 1354 2144 exempla
1379 2101 1416 2133 ad
1442 2101 1546 2133 valvas
1571 2099 1722 2132 basilicae

991 2156 1148 2199 Principis
1173 2155 1402 2198 Apostolorum
1439 2163 1475 2185 ac
1507 2152 1723 2185 Cancellariae

992 2208 1196 2251 Apostolicac
1222 2212 1253 2239 et
1277 2207 1308 2238 in
1334 2206 1399 2238 acie
1424 2205 1534 2247 Campi
1553 2204 1664 2237 Florae
1683 2205 1722 2236 de

992 2261 1074 2294 Urbe
1088 2260 1245 2303 publicari
1260 2265 1290 2292 et
1308 2258 1404 2301 atligi,
1419 2258 1529 2300 sicque
1548 2257 1723 2300 publicatas

993 2324 1105 2347 omnes
1129 2317 1162 2345 et
1185 2312 1341 2354 singulos,
1356 2321 1437 2354 quos
1452 2315 1660 2349 concernunt,
1675 2320 1727 2352 pe-

994 2367 1085 2398 rinde
1110 2366 1235 2397 afficere
1271 2375 1306 2397 ac
1337 2364 1361 2396 si
1392 2362 1565 2405 unicnique
1594 2363 1724 2395 illorum

994 2419 1211 2463 personaliter
1234 2417 1399 2450 intimatae
1424 2415 1571 2456 suissent3

1039 2472 1053 2514 ξ
1078 2471 1108 2503 7.
1135 2471 1277 2514 Ipsarum
1301 2480 1377 2502 vero
1403 2468 1619 2512 praesentium
1641 2468 1727 2500 litle-

996 2534 1103 2557 rarum
1120 2522 1339 2566 transumptiS,
1358 2532 1415 2554 seu
1441 2521 1605 2564 exemplis,
1633 2520 1728 2554 ctiam

1773 1999 1859 2020 lthwlat
1879 2005 1916 2026 pn-

1734 2026 1816 2047 blitum.

1772 2472 1920 2499 Tmncumpio-

1739 2505 1782 2520 rum
1797 2499 1856 2520 tides.
