2111 3157
178 226 230 253 An.
255 226 284 253 c.
305 226 370 253 mes
417 216 481 250 906

956 224 1135 248 ΒυιιλῐΠυΜ
1160 224 1311 248 ΙὶΟΜΑΝΠΜ

367 274 472 309 libere
507 285 544 308 ea
581 273 689 308 omnia
725 283 807 316 quae
842 272 904 306 sibi
940 273 980 306 ad
1014 283 1108 306 usum
1150 272 1184 305 In
1210 273 1301 306 cellis
1327 282 1457 316 quoque
1483 272 1560 316 ipsis
1584 273 1682 314 nihil,
1707 274 1766 307 nisi
1792 274 1882 318 prius

368 339 524 362 concessa
549 334 632 367 suut,
659 327 785 370 quoties
804 326 955 369 superior
978 326 1040 360 hoc
1059 337 1107 360 vo-

1150 326 1273 359 iussum
1299 332 1331 359 et
1355 332 1531 366 ostensum,
1546 327 1660 360 mutari
1685 326 1819 371 fierique
1840 327 1884 361 si·

368 382 478 421 luerit,
506 387 560 414 aut
584 381 653 413 sieri
677 379 890 412 mandaverit.
917 379 982 413 Nee
1002 381 1027 413 si
1045 380 1107 414 hoc
1148 380 1252 419 nitur,
1279 390 1319 413 ne
1338 380 1449 413 domus
1473 379 1636 412 laboriose
1656 380 1764 419 sactae,
1783 381 1884 414 eurio-

367 435 490 474 secerit,
509 435 629 467 debent
649 444 850 466 murmurare
869 434 919 466 vel
937 434 1104 477 conqueri,

367 487 512 530 alioquin
539 487 681 519 nondum
699 496 732 519 se
750 491 782 519 et
798 496 872 519 suos
888 486 1103 529 reliquerunt,

366 545 398 572 et
421 544 596 582 propterea
621 549 796 582 pauperem
821 538 984 571 Christum
1010 539 1105 582 sequi

365 597 398 625 et
422 592 490 625 eius
515 592 668 635 discipuli
693 592 763 625 fieri
784 602 847 626 non
873 597 1020 636 possunt,
1046 602 1105 625 nec

364 645 433 678 eius
454 651 645 689 paupertate
664 646 770 678 ditari.

407 708 475 732 mx.
502 698 545 731 De
570 698 768 732 obedientiis
794 703 826 731 et
847 698 996 731 omnibus
1021 709 1102 742 quae

364 751 498 792 habent,
521 752 627 784 facere
648 752 771 784 debent
788 751 966 784 secundum
984 752 1103 794 prioris

362 810 394 838 et
419 805 637 848 procuratoris
663 805 921 848 dispositionem.
959 804 1048 844 Quod
1075 805 1101 838 si

362 858 444 901 quis,
464 858 558 891 alicui
577 858 782 891 obedientiae
807 860 856 891 vel
882 858 973 901 operi
999 859 1102 902 depu-

361 917 458 951 tatus,
481 912 582 954 priori
606 913 655 945 vel
681 912 882 954 procuratori
904 911 943 944 de
966 912 1016 944 liis
1038 911 1101 944 dis-

360 965 510 1007 ponenti,
537 964 587 997 vel
625 965 857 1004 mercenariis,
895 965 948 1007 qui
985 964 1017 997 in
1054 965 1100 997 eis

360 1017 490 1058 suerint,
514 1018 699 1060 iniungenti
724 1018 868 1061 aliquid,
894 1028 960 1050 non
991 1018 1101 1061 acqui-

361 1071 478 1110 everit,
506 1071 620 1104 eadem
644 1071 697 1104 die
722 1072 773 1104 vel
804 1071 944 1104 crastina
977 1081 994 1103 a
1025 1071 1099 1104 vino

360 1124 532 1157 abstineat.

402 1188 457 1210 xx.
484 1177 515 1210 Si
533 1183 728 1220 procurator
745 1188 938 1211 conversum
958 1178 1099 1221 aliquem

359 1231 409 1263 vel
434 1230 590 1263 donatum
615 1231 861 1274 reprehendat,
894 1231 1001 1264 statim
1026 1241 1100 1273 pro-

360 1289 477 1316 stratus
503 1283 628 1316 veniam
646 1284 794 1327 accipiat,
812 1290 854 1325 et,
874 1284 899 1317 si
921 1285 1018 1327 eulpa
1036 1284 1100 1316 exi-

360 1336 428 1379 git,
454 1336 528 1370 vino
553 1338 602 1370 rel
628 1337 762 1380 pitantia
794 1348 867 1370 eum
892 1337 1019 1381 privare
1044 1348 1099 1380 po—

361 1395 440 1422 test:
470 1389 698 1423 inobedientes
731 1400 826 1429 vero,
857 1395 911 1422 aut
944 1382 1097 1433 perverse

361 1442 553 1475 obedientes
571 1443 711 1485 graviori
729 1445 836 1486 poena
858 1443 974 1485 dignos
987 1443 1097 1486 priori,

360 1502 435 1536 aut,
466 1496 499 1528 in
529 1496 597 1528 eius
624 1496 793 1537 absentia,
823 1497 943 1529 vicario
976 1497 1099 1529 denun-

360 1549 423 1581 ciet
443 1550 501 1591 (a),
520 1549 575 1591 qui
593 1560 649 1582 eos
675 1550 786 1592 puniat
807 1549 894 1582 iuxta
911 1550 1098 1592 gravitatem

360 1603 489 1644 eulpae:
515 1602 677 1644 publicam
703 1603 789 1635 enim
806 1602 1042 1646 poenitentiam
1067 1602 1099 1635 in

360 1661 517 1688 conventu
544 1666 608 1689 non
629 1661 738 1699 potest
754 1661 945 1699 procurator
968 1667 1100 1689 conver-

361 1708 405 1742 sis
430 1709 612 1752 imponere.

405 1772 470 1796 xxl.
496 1762 595 1796 Curas
617 1767 648 1796 et
672 1764 820 1796 carnales
846 1763 1031 1796 affectiones
1064 1774 1100 1796 ac

361 1815 564 1848 visitationes
589 1816 850 1859 propinquorum
875 1821 908 1849 et
924 1816 1099 1849 amicorum

363 1879 493 1902 suorum
532 1869 746 1901 saecularium
784 1869 937 1902 fratribus
978 1869 1099 1902 nostris

363 1921 496 1955 omnino
514 1921 747 1961 interdicimus,
763 1926 794 1955 et
808 1933 847 1955 ne
861 1922 951 1965 ipsos
969 1922 1001 1954 in
1020 1932 1102 1955 mer-

363 1975 510 2008 cenarios
534 1975 717 2008 conducant
734 1975 803 2008 sine
828 1975 957 2008 licentia
981 1975 1100 2018 prioris

364 2034 420 2061 aut
437 2028 671 2071 procuratoris.

407 2092 482 2115 xxu.
509 2081 566 2120 Qui
592 2082 794 2115 obedientias
825 2087 929 2116 certas
954 2093 1019 2115 non
1045 2082 1103 2114 ha-

364 2135 452 2175 beut,
480 2141 553 2178 post
576 2135 714 2178 primam
740 2136 872 2168 veniant
888 2136 927 2169 ad
952 2146 1101 2178 procura-

366 2193 481 2228 torem,
505 2194 551 2228 ut,
575 2190 660 2231 quod
686 2189 837 2229 voluerit,
866 2189 911 2222 eis
936 2189 1101 2231 iniungat:

368 2242 485 2284 quibus
517 2243 541 2274 si
579 2242 660 2275 niliil
686 2242 883 2284 iniungitur,
912 2242 973 2286 ipsi
1007 2244 1105 2275 cellas

367 2299 501 2327 teneant
524 2300 554 2327 et
579 2296 748 2327 ecclesiam
765 2301 953 2338 sequantur,
974 2301 1028 2328 aut
1048 2295 1105 2327 ali-

369 2348 419 2380 cui
444 2348 582 2381 honesto
608 2354 640 2382 et
664 2348 736 2381 utili
761 2349 863 2382 labori
895 2360 953 2393 pro
985 2349 1105 2381 viribus

348 2394 354 2399 ⁸
370 2399 572 2434 incumbant.

414 2466 502 2488 xxut.
528 2456 726 2500 Quicumque
751 2458 784 2490 in
802 2468 1005 2501 quacumque
1031 2457 1107 2490 obe-

372 2508 494 2541 dientia
512 2510 649 2542 alicuius
667 2511 751 2543 vices
773 2511 849 2552 agit,
869 2512 950 2543 nihil
974 2511 1106 2542 omnino

371 2562 404 2594 in
429 2563 466 2593 ea
491 2562 561 2594 sine
587 2563 716 2596 licentia
742 2570 867 2596 nuitare
893 2564 1105 2607 permittitur.

407 2624 433 2659 a)
452 2623 516 2651 Vide
532 2628 621 2652 notata
635 2634 693 2661 cap.
706 2633 720 2653 v
732 2627 866 2654 secundae
877 2627 971 2662 partis,
982 2635 1055 2653 num.
1069 2632 1107 2654 ιιι.

1147 433 1241 466 sitate
1267 433 1511 466 deteriorentur
1531 434 1578 466 vel
1601 433 1819 466 destruantur.

1190 498 1275 521 xxlv.
1302 487 1336 520 In
1361 486 1494 520 alterius
1524 488 1648 527 cellam,
1680 497 1734 519 seu
1768 487 1798 519 in
1825 487 1883 521 do-

1148 550 1234 572 mum
1259 539 1360 580 fabri,
1393 539 1531 579 sutoris,
1558 539 1712 579 textoris,
1739 545 1794 572 aut
1818 539 1883 572 sur-

1148 603 1236 633 num,
1261 594 1311 626 vel
1335 592 1429 625 aliam
1455 592 1600 636 quamvis
1625 592 1784 625 officinam
1811 594 1884 626 nul-

1147 648 1196 680 lus
1229 646 1433 689 ingrediatur
1456 647 1505 679 vel
1542 646 1695 690 loquatur
1728 645 1798 679 sine
1837 646 1880 680 li-

1146 700 1264 733 eentia.
1564 737 1576 747 ι

1188 763 1258 785 xxv.
1296 752 1570 795 Quandocumque
1607 752 1697 794 duo,
1732 752 1881 796 pluresve

1144 805 1238 839 simul
1263 805 1392 845 suerint,
1430 805 1548 838 ostium
1579 805 1764 839 nullatenus
1795 807 1883 839 clau-

1145 858 1239 891 datur
1263 859 1409 896 omnino,
1434 864 1487 891 aut
1511 858 1556 891 sic
1580 858 1753 892 obseretur
1782 864 1818 892 ut
1841 859 1881 891 ab

1144 912 1271 955 ingredi
1288 912 1473 946 volentibus
1494 923 1558 946 non
1581 913 1683 956 possit
1703 913 1835 956 aperiri.

1186 976 1268 1000 xxv1.
1288 966 1565 1010 Quandocumque
1581 967 1727 1010 pulsatur
1743 966 1887 1013 signum,-

1143 1030 1206 1061 quo
1232 1020 1272 1052 ad
1297 1019 1468 1053 ecclesiam
1490 1020 1664 1052 convenire
1684 1020 1803 1052 debent
1820 1019 1882 1052 sra-

1144 1078 1221 1112 tres,
1249 1073 1287 1105 ad
1313 1083 1398 1112 eam,
1424 1072 1623 1116 ubicumque
1654 1073 1734 1113 sint,
1760 1072 1883 1105 debent

1143 1125 1380 1168 praetermissis
1393 1126 1554 1166 omnibus,
1569 1136 1757 1169 properare.
1771 1124 1883 1164 Quam-

1143 1177 1197 1210 diu
1223 1183 1330 1211 autem
1357 1178 1391 1210 fit
1415 1178 1518 1211 oratio
1551 1183 1625 1211 ante
1656 1178 1782 1218 horam,
1813 1188 1879 1211 non

1143 1230 1263 1263 debent
1287 1231 1421 1270 intrare,
1450 1241 1511 1263 nec
1536 1236 1608 1264 ante
1634 1231 1751 1264 ostium
1776 1231 1882 1264 eecle-

1142 1283 1209 1315 siae
1243 1283 1351 1326 loqui,
1387 1294 1447 1316 nec
1474 1289 1658 1323 extraneos,
1683 1289 1719 1316 ut
1753 1283 1797 1316 ibi
1833 1277 1888 1317 lo-'

1143 1342 1290 1379 quantur,
1309 1336 1482 1370 sustinere.
1498 1336 1658 1370 intrantes
1676 1347 1764 1378 vero,
1783 1341 1882 1380 caput.

1144 1390 1268 1421 nudent
1285 1395 1316 1422 et
1333 1389 1495 1432 profunde
1514 1389 1684 1422 inclinent.

1187 1452 1282 1476 xxvn.
1309 1443 1342 1475 In
1369 1443 1510 1476 claustro
1537 1448 1569 1475 et
1592 1448 1666 1475 ante
1688 1442 1807 1476 ostium
1830 1453 1881 1475 cu-

1144 1496 1229 1528 linae
1248 1507 1304 1528 seu
1324 1496 1497 1539 dispensae
1515 1496 1583 1529 sine
1603 1496 1795 1529 necessitate
1813 1506 1880 1529 non

1144 1549 1328 1592 loquantur,
1348 1560 1407 1582 nec
1425 1550 1508 1582 infra
1525 1551 1699 1583 claustrum
1714 1560 1882 1584 mercena-

1145 1602 1210 1634 rios
1237 1603 1306 1635 sine
1326 1602 1456 1635 licentia
1473 1602 1696 1636 introducant.

1187 1666 1296 1688 xxvni.
1323 1655 1476 1688 Conversi
1510 1655 1569 1698 ipsi
1603 1656 1640 1689 ad
1675 1657 1774 1690 cellas
1805 1666 1881 1690 suas

1145 1719 1232 1740 suam
1258 1708 1427 1751 pitantiam
1449 1714 1480 1741 et
1497 1708 1586 1751 ligna
1605 1708 1666 1741 sibi
1692 1709 1882 1742 necessaria

1144 1767 1289 1804 portent,
1310 1766 1341 1794 et
1361 1762 1476 1794 eadem
1501 1761 1658 1805 sibiipsis
1682 1761 1827 1796 findant:
1854 1763 1881 1796 si

1144 1821 1251 1847 autem
1278 1815 1342 1847 siut
1366 1814 1465 1857 aliqui
1491 1826 1586 1848 senes
1606 1821 1638 1849 et
1663 1815 1800 1856 debiles,
1832 1815 1882 1848 iu-

1144 1869 1252 1901 niores
1278 1873 1309 1901 et
1334 1868 1486 1901 fortiores
1513 1869 1633 1902 debent
1658 1869 1725 1909 eis,
1751 1869 1883 1902 licentia

1144 1921 1324 1963 impetrata,
1349 1921 1435 1964 ligna
1456 1921 1643 1955 necessaria
1659 1922 1831 1966 providere
1850 1926 1883 1955 et

1144 1974 1280 2008 findere.

1188 2038 1268 2061 xxix.
1289 2027 1406 2061 Omnes
1434 2028 1531 2061 etiam
1554 2028 1784 2062 obedientiarii
1803 2028 1882 2062 alias

1146 2080 1358 2121 obedientiaS,
1384 2092 1456 2114 cum
1481 2093 1571 2125 opus-
1588 2087 1637 2115 est
1657 2086 1688 2115 et
1705 2082 1751 2115 eis
1777 2082 1884 2115 iniun-

1148 2134 1240 2177 gitur,
1268 2134 1390 2167 debent
1414 2135 1536 2168 iuvare.
1564 2135 1625 2168 Sed
1645 2140 1677 2168 et
1697 2134 1806 2168 omnia
1830 2135 1885 2168 ob-

1148 2189 1262 2231 sequia
1287 2189 1527 2231 quantumlibet
1551 2188 1682 2232 privata,
1707 2189 1796 2232 'quae
1821 2187 1884 2221 sibi

1149 2241 1226 2284 ipsis
1247 2252 1311 2275 non
1329 2247 1468 2285 possunt
1483 2241 1602 2285 singuli
1621 2242 1736 2282 facere,
1756 2242 1795 2274 ab
1813 2240 1884 2274 aliis

1150 2295 1318 2329 humiliter
1342 2300 1374 2329 et
1398 2296 1514 2329 devote
1534 2295 1767 2339 compleantur,
1785 2294 1829 2327 ita
1849 2298 1886 2326 ut

1149 2349 1276 2381 felicem
1301 2354 1395 2393 putet
1419 2360 1453 2382 se
1480 2354 1512 2382 et
1536 2349 1585 2382 cui
1613 2349 1675 2382 tale
1700 2347 1823 2392 aliquid
1841 2347 1886 2380 in-

1148 2402 1291 2435 iunctum
1311 2403 1420 2436 suerit.

1194 2466 1265 2489 xxx.
1304 2454 1477 2489 Obviantes
1513 2456 1610 2490 etiam
1647 2454 1708 2489 sibi
1744 2454 1885 2488 invicem

1150 2509 1251 2542 amica
1277 2509 1443 2543 alacritate
1469 2514 1500 2543 et
1523 2507 1639 2542 humili
1672 2507 1883 2542 inclinatione

1150 2563 1284 2607 capitis,
1310 2568 1422 2596 mutuo
1457 2564 1563 2596 locum
1598 2562 1731 2602 dantes,
1758 2567 1884 2595 servato

1149 2621 1380 2662 pertranseant
1403 2616 1551 2658 silentio,
1577 2616 1610 2650 in
1633 2626 1696 2660 quo
1720 2613 1883 2656 iuniores,

1890 226 1940 254 An.
1961 227 1989 254 C.
2008 229 2072 259 1088
