2111 3157
185 240 235 269 An.
256 241 286 271 e.
302 241 371 269 1687
415 233 482 268 ’134

378 296 577 324 memoratae
609 288 876 332 Congregationis
912 286 1114 320 Cassinensis

379 344 521 387 capitulo
546 343 699 386 generali,
725 347 798 385 post
823 340 1028 374 definitorum
1055 339 1115 372 ele-

379 397 530 435 ctionem,
545 396 650 439 prima
664 395 725 434 die,
743 393 931 437 posthabito
946 392 1032 425 omni
1051 392 1113 424 alio
1134 418 1136 420 .

379 450 583 494 quantumvis
602 448 740 491 graviori
765 447 906 489 negotio,
926 446 1114 479 definitores

378 502 440 546 ipsi
466 502 639 544 diligenter
656 506 688 533 ct
712 500 797 533 serio
820 499 997 542 inquirant,
1018 509 1057 530 an
1075 498 1113 531 de

377 554 429 595 iis,
457 564 539 597 quae
564 554 595 585 in
621 552 848 596 praesentibus
873 552 990 585 litteris
1014 551 1114 584 conti-

377 612 506 646 nentur,
526 606 647 649 aliquid
666 605 831 645 omissum,
847 605 1043 644 innovatum,
1059 608 1114 635 aut

377 670 395 692 a
413 670 575 702 quoquam
597 659 694 691 suerit
719 658 749 690 in
766 657 963 691 contrarium
982 667 1039 689 seu
1056 657 1114 689 ali-

379 719 429 745 ter
454 712 657 755 dispositum.
680 710 770 749 Quod
795 711 820 743 si
846 711 925 743 haec
951 709 1058 742 omnia
1082 715 1114 741 et

377 765 504 807 singula
529 775 594 797 non
619 764 659 797 ad
683 774 824 806 unguem
844 767 978 803 servata,
1006 766 1037 794 et
1061 761 1111 794 his

377 818 497 850 nostris
514 817 698 861 apostolicis
719 816 917 849 iussionibus
934 825 1000 848 non
1017 814 1112 857 plene

378 871 639 913 obtemperatum
671 868 978 909 animadverterint,
1005 867 1112 900 statim

378 922 581 956 emendanda
595 921 780 961 emendent,
796 926 828 954 et
841 919 1036 963 corrigenda
1049 929 1115 952 eor-

376 975 491 1018 rigant,
509 986 546 1009 ac
570 974 677 1008 omnia
701 974 741 1007 ad
765 974 903 1019 qumam
928 972 1112 1006 earumdem

376 1029 596 1073 praesentium
620 1029 801 1061 litterarum
821 1028 854 1060 in
874 1027 1037 1070 integrum
1062 1037 1112 1060 re-

377 1083 533 1124 stituant,
559 1087 590 1116 et
622 1093 639 1115 a
671 1081 987 1124 transgressoribus,
1014 1079 1113 1113 viola-

377 1137 501 1169 toribus
527 1142 559 1169 et
582 1135 824 1179 negligentibus
856 1145 916 1178 pro
944 1135 1111 1177 culparum

376 1189 531 1232 gravitate
556 1199 677 1233 poenas
702 1194 840 1221 sumant.
867 1187 898 1221 Si
926 1193 1032 1221 autem
1057 1187 1113 1221 de-

374 1242 520 1276 finitores
554 1243 712 1286 praedicti
747 1243 778 1275 in
815 1242 1002 1286 praemissis
1039 1252 1113 1275 exe-

376 1295 513 1339 quendis
546 1295 674 1328 desides
700 1295 892 1338 remissique
925 1294 1110 1335 extiterint,

376 1349 485 1382 onmia
501 1348 634 1392 capituli
656 1348 817 1391 generalis
836 1354 915 1388 acta,
933 1348 1113 1391 promotio-

375 1412 446 1442 nes,
474 1402 659 1442 electiones,
680 1401 895 1444 provisiones,
916 1401 1113 1443 designatio-

375 1465 433 1488 nes
459 1460 491 1487 et
516 1455 646 1488 decreta
670 1455 740 1498 ipso
765 1454 859 1494 sacto,
879 1455 975 1494 nulla,
1004 1454 1113 1486 inania

376 1515 408 1542 et
422 1508 560 1541 invalida
579 1509 656 1549 ibre,
675 1508 786 1540 harum
805 1508 889 1540 serie
908 1507 1113 1540 decernimus

376 1568 408 1596 et
432 1563 652 1603 declaramus,
673 1568 705 1595 et
729 1568 900 1605 praeterea
925 1561 1023 1593 abbas
1048 1571 1114 1594 mo-

376 1616 510 1649 nasterii
526 1616 557 1648 S.
574 1616 663 1648 Pauli
678 1616 721 1648 ac'
741 1620 935 1658 procurator
949 1614 1112 1657 generalis

375 1681 434 1714 pro
460 1676 604 1712 tempore
629 1669 802 1702 existentes
828 1669 997 1712 praedicti,
1013 1668 1044 1701 in
1062 1679 1114 1701 ea-

375 1724 522 1756 rumdem
548 1723 728 1755 litterarum
747 1727 929 1755 nostrarum
956 1722 1114 1755 omnimo-

377 1777 448 1810 dam
474 1776 696 1810 executionem
730 1775 862 1808 minime
886 1775 1112 1815 intendentes,

377 1831 408 1863 in
435 1840 556 1873 poenas
578 1829 766 1872 privationis
793 1829 923 1871 gradus,
949 1828 1111 1870 dignitatis
1133 1829 1134 1863 j

377 1888 408 1916 et
433 1882 611 1916 officiorum
641 1892 676 1914 ac
701 1881 788 1914 vocis
813 1881 932 1914 activae
958 1887 989 1914 et
1012 1882 1114 1925 passi-

375 1947 432 1969 vae
457 1936 527 1979 ipso
559 1936 640 1968 sacto
673 1946 707 1968 se
739 1935 913 1967 incurrisse
940 1935 1110 1975 noverint,

377 1999 474 2032 super
490 1988 607 2031 quibus
621 1987 751 2020 nonnisi
777 1998 793 2019 a
817 1987 899 2019 Sede
926 1987 1112 2030 Apostoliea

376 2043 522 2086 praefata
547 2041 730 2085 dispensari
752 2041 865 2084 possit.
895 2036 1052 2084 Denique,
1080 2046 1112 2073 ut

377 2105 471 2128 nemo
493 2095 744 2138 praemissorum
770 2094 986 2137 ignorantiam
1011 2095 1113 2127 valeat

377 2149 527 2191 allegare,
547 2148 664 2181 dilecto
680 2147 746 2181 lilio
764 2147 912 2180 Andreae
933 2147 1076 2180 Deodato
1094 2158 1111 2180 a

377 2200 510 2244 Neapoli
535 2212 593 2245 per
617 2207 806 2245 praesentes
829 2200 1060 2234 committimus
1080 2206 1112 2233 et

377 2254 577 2294 mandamus,
602 2259 638 2285 ut
662 2254 790 2286 easdem
817 2259 1004 2296 praesentes
1030 2253 1112 2285 litte-

377 2316 428 2339 ras
456 2306 542 2339 omni
575 2309 649 2339 cura
682 2312 713 2338 et
737 2306 962 2339 sollecitudine
988 2305 1112 2338 dilectis

378 2360 499 2401 pariter
515 2358 588 2391 siliis
600 2359 998 2402 praesidi,visitatoribus,
1016 2359 1113 2391 omni-

378 2411 502 2454 busque
517 2412 685 2444 abbatibus
704 2412 867 2454 praefatae
885 2411 1112 2453 Congregatio-

378 2464 428 2497 nis
443 2463 639 2496 Cassincnsis
665 2465 828 2497 notificare
847 2470 1009 2508 proctu‘et,
1031 2464 1112 2507 ipse-

379 2527 440 2559 que
465 2517 608 2549 Andreas
634 2517 804 2556 Deotlatus,
823 2518 874 2559 qui
895 2518 933 2550 de
951 2517 1113 2560 praesenti

378 2574 569 2613 procurator
594 2570 752 2611 generalis
772 2570 916 2602 eiusdem
934 2570 1114 2612 Congrega-

414 2633 426 2661 1
448 2631 586 2660 Coniunct.
608 2640 640 2659 ac
660 2640 707 2659 nos
728 2632 849 2659 addimus
868 2638 903 2668 (n.
924 2632 972 2670 T.)-

959 238 1140 264 i‘sULLAnicu
1163 237 1314 261 ROMANUM

1134 296 1135 305 ¹
1158 285 1255 317 tionis
1281 283 1394 324 existit,
1416 283 1670 327 praemissorum
1694 283 1836 316 omnium
1859 286 1892 317 et

1134 338 1360 380 ‘singulorum
1396 336 1580 369 executioni
1616 342 1765 370 accurate
1794 342 1891 381 atque

1157 391 1332 433 diligenter
1356 390 1513 432 invigilet,
1541 400 1576 422 ac
1597 389 1635 423 de
1660 390 1808 423 omnibus
1832 401 1892 424 nos

1157 450 1188 477 et
1220 445 1304 476 lianc
1328 448 1472 476 sanctam
1505 443 1621 476 Sedem
1654 442 1892 486 quamprimum

1157 496 1270 529 reddat
1296 496 1467 530 certiores.

1200 550 1215 593 g
1246 549 1297 583 10.
1333 550 1552 582 Decernentes
1583 549 1669 593 ipsas
1701 554 1892 593 praesentes

1156 602 1289 643 litteras,
1304 608 1336 636 et
1355 604 1387 635 in
1413 603 1459 636 eis
1483 608 1634 635 contenta
1658 613 1892 647 quaecumque,

1155 655 1250 688 etiam
1277 666 1313 688 ex
1339 667 1378 689 eo
1408 656 1496 699 quod
1514 655 1701 698 superiores
1726 661 1758 688 et
1782 666 1894 690 mona-

1155 709 1207 741 chi
1233 708 1499 751 Congregationis
1524 708 1724 742 Cassinensis
1757 714 1789 742 et
1823 719 1893 743 mo·

1155 761 1288 794 nasterii
1313 761 1414 794 sancti
1441 761 1529 794 Pauli
1546 761 1778 804 praefatorum,
1798 762 1892 795 aliive

1156 814 1295 857 quilibet
1325 814 1357 846 in
1383 813 1570 857 praemissis
1594 814 1750 847 interesse
1774 815 1893 848 haben-

1156 872 1204 900 tes
1230 878 1287 900 seu
1313 867 1435 901 habere
1467 867 1713 910 quomodolibet
1743 873 1894 911 praeten-

1155 921 1279 961 dentes,
1318 921 1549 963 cuiuscumque
1586 921 1718 963 gradus,
1755 921 1891 962 ordinis,

1154 973 1433 1017 praeeminentiae
1457 974 1506 1005 vel
1532 972 1708 1016 dignitatis,
1733 978 1789 1006 aut
1812 974 1892 1007 alias

1155 1026 1304 1069 specifica
1341 1032 1372 1059 et
1403 1026 1569 1059 individua
1594 1027 1763 1060 mentione
1789 1032 1821 1060 et
1845 1037 1895 1060 ex-

1156 1080 1327 1122 pressione
1353 1079 1530 1122 digni,illis
1559 1089 1624 1112 non
1657 1080 1892 1121 consenserint,

1155 1144 1214 1166 nec
1231 1133 1268 1165 ad
1289 1144 1325 1166 ea
1341 1132 1458 1173 vocati,
1485 1132 1573 1165 citati
1598 1138 1630 1165 et
1654 1133 1765 1174 auditi,
1787 1143 1893 1177 neque

1155 1197 1280 1226 causae,
1296 1191 1433 1230 propter
1450 1196 1529 1229 quas
1555 1191 1745 1228 praesentes
1769 1196 1895 1220 emana-

1156 1240 1228 1279 rint,
1244 1239 1442 1272 sussicienter
1467 1239 1633 1279 adductae,
1655 1239 1838 1273 veriticatae
1862 1244 1896 1273 et

1155 1294 1346 1326 iustificatae
1369 1294 1498 1333 suerint,
1518 1298 1573 1326 aut
1597 1303 1634 1326 ex
1660 1293 1723 1326 alia
1748 1293 1895 1336 qualibet

1155 1347 1250 1380 etiam
1277 1346 1482 1390 quantumvis
1508 1347 1656 1387 juridica,
1682 1346 1735 1390 pia
1767 1352 1799 1379 et
1830 1346 1896 1390 pri-

1156 1400 1304 1443 vilegiata
1331 1402 1437 1440 causa,
1463 1401 1580 1439 colore,
1599 1404 1769 1443 praetextu
1794 1404 1827 1433 et
1846 1410 1895 1433 ca-

1155 1454 1233 1496 pite,
1247 1454 1342 1486 etiam
1363 1453 1394 1485 in
1413 1463 1551 1496 corpore
1565 1452 1642 1485 iuris
1660 1453 1784 1493 clauso,
1797 1452 1894 1486 etiam

1155 1508 1308 1547 enormis,
1328 1506 1572 1540 enormissiinae
1598 1511 1630 1539 et
1654 1506 1759 1539 totalis
1777 1506 1894 1540 laesio-

1155 1561 1216 1600 nis,
1247 1561 1337 1593 nullo
1362 1571 1504 1603 unquam
1536 1566 1683 1603 tempore
1717 1560 1756 1593 de
1780 1560 1894 1594 subre-

1155 1615 1276 1658 ptionis
1313 1615 1362 1647 vel
1399 1613 1602 1656 obreptionis
1643 1618 1696 1646 aut
1735 1613 1894 1648 nullitatis

1155 1669 1249 1709 vitio,
1276 1679 1333 1701 seu
1360 1667 1550 1700 intentionis
1575 1673 1708 1700 nostrae
1733 1672 1788 1700 aut
1811 1667 1894 1701 inte·

1155 1732 1242 1755 resse
1264 1721 1455 1753 habentium
1481 1730 1670 1760 consensus,
1693 1720 1797 1754 aliove
1816 1731 1894 1764 quo—

1155 1775 1241 1810 libet,
1270 1774 1365 1807 etiam
1387 1773 1592 1817 quantumvis
1619 1784 1737 1816 magno
1762 1779 1794 1807 et
1817 1774 1894 1807 sub·

1154 1827 1305 1866 stantiali,
1328 1837 1363 1858 ac
1388 1827 1565 1868 incogitato
1583 1832 1615 1859 et
1638 1826 1892 1869 inexcogitabili,

1155 1881 1420 1923 individuamque
1439 1879 1683 1922 expressionem
1705 1881 1892 1923 requirente

1155 1935 1283 1968 defectu
1308 1933 1424 1973 notari,
1451 1933 1646 1975 impugnari,
1671 1933 1816 1976 infringi,
1842 1945 1893 1967 re·

1155 1987 1294 2027 tractari,
1320 1987 1357 2019 ad
1395 1987 1551 2019 terminos
1582 1986 1662 2019 iuris
1686 1986 1810 2034 reduci,
1837 1998 1893 2021 seu

1154 2041 1185 2073 in
1212 2040 1465 2073 controversiam
1499 2039 1617 2079 vocari,
1652 2045 1705 2072 aut
1738 2040 1891 2074 adversus

1154 2094 1225 2126 illas
1246 2092 1436 2136 aperitionis
1456 2092 1532 2131 oris,
1549 2092 1764 2126 restitutioniS
1789 2093 1822 2126 in
1846 2093 1891 2127 in-

1154 2152 1292 2188 tegrum,
1319 2146 1446 2178 aliudve
1472 2146 1699 2189 quodcumque
1724 2146 1823 2187 iuris,
1849 2147 1892 2180 sa-

1154 2199 1195 2231 cti
1222 2199 1268 2231 vel
1295 2198 1417 2240 gratiae
1453 2198 1631 2231 remedium
1665 2199 1817 2232 intentari
1841 2200 1891 2233 vel

1154 2252 1331 2295 impetrari,
1351 2257 1406 2283 aut
1429 2251 1617 2294 impetrato,
1637 2262 1694 2284 seu
1713 2252 1810 2284 etiam
1828 2263 1891 2285 mo·

1155 2311 1199 2344 tu,
1226 2305 1359 2337 scientia
1378 2310 1409 2337 ct
1426 2305 1594 2347 potestatis
1619 2304 1823 2347 plenitudine
1841 2316 1891 2348 pa-

1155 2358 1242 2391 ribus
1258 2369 1411 2391 concesso
1430 2363 1461 2390 et
1477 2363 1637 2397 emanato,
1658 2359 1841 2402 quempiam
1858 2359 1893 2392 in

1155 2410 1274 2443 iudicio
1292 2412 1339 2443 vel
1362 2416 1451 2443 extra
1476 2411 1554 2443 illud
1584 2410 1628 2442 uti
1650 2421 1706 2443 seu
1731 2421 1763 2443 se
1781 2411 1891 2445 iuvare

1155 2465 1222 2497 ullo
1248 2465 1345 2497 modo
1371 2474 1476 2507 posse,
1503 2464 1557 2496 sed
1583 2464 1668 2506 ipsas
1703 2469 1891 2506 praesentes

1156 2518 1278 2550 litteras
1304 2528 1433 2560 semper
1450 2516 1567 2556 sirmas,
1586 2517 1706 2550 validas
1731 2522 1763 2550 et
1787 2517 1892 2550 effica—

1156 2581 1209 2603 ces
1235 2571 1373 2603 existere
1395 2576 1427 2603 et
1452 2570 1533 2611 sore,
1560 2580 1699 2613 suosque
1725 2571 1891 2614 plenarios

1157 2629 1187 2657 et
1211 2624 1357 2668 integros
1383 2624 1516 2658 effectus
1541 2623 1651 2658 sortiri
1676 2628 1708 2657 et
1727 2622 1897 2673 obtinere,

1898 233 1948 262 An.
1964 234 1992 262 C.
2015 234 2081 264 158‘

1930 560 2049 583 Clausulam.
