2111 3157
382 187 445 219 §⁷⁸90
930 185 1107 210 BULLARIUM
1132 182 1283 207 nomnen

425 247 524 280 sitatis
542 246 572 279 S.
589 245 727 278 Thomae
752 239 965 274 universitatis
990 237 1132 276 Monilae,
1155 234 1218 267 6027
1237 234 1254 266 b
1272 238 1302 266 et
1318 243 1392 275 seqs,
1412 230 1650 263 Praedicatores
1673 230 1798 263 nonnisi
1818 234 1881 265 una

426 299 577 341 campana
595 296 626 328 in
643 293 769 328 Ordinis
797 290 985 335 primordio,
1002 295 1036 322 ut
1061 297 1118 332 per
1141 286 1310 330 quamdam
1331 284 1457 318 Ordinis
1483 283 1737 317 constitutionem
1754 289 1881 316 cautum

427 355 510 385 erat,
535 348 580 381 uti
606 345 807 380 consuevisse
831 344 939 383 docet,
972 341 1038 374 614
1072 341 1105 379 b,
1138 337 1413 372 Praedicatoribus
1443 336 1575 370 facultas
1606 336 1743 370 habendi
1774 338 1882 381 plures

427 411 596 444 campanas
620 399 652 432 in
676 407 788 431 eorum
813 394 976 429 coenobiis
993 392 1189 432 conceditur,
1206 390 1271 423 615
1288 401 1322 428 α;
1340 390 1524 433 provinciae
1540 390 1697 429 Quitensis
1720 391 1882 425 decretum

427 453 587 498 quoddam
612 448 873 493 Congregationis
893 447 1023 480 Rituum
1054 445 1092 477 de
1120 444 1259 487 primatu
1289 443 1321 475 in
1353 443 1567 476 functionibus
1596 448 1626 476 et
1656 444 1725 476 iure
1748 454 1881 488 proces·

427 507 525 540 sionis
549 503 761 548 peragendae,
785 511 844 545 pro
869 500 914 533 eis
939 504 1049 532 contra
1065 498 1202 531 Minores
1226 496 1264 529 de
1284 495 1492 529 observantia
1510 502 1701 537 emanatum,
1719 497 1885 530 confirma-

429 567 490 599 tur,
508 558 572 591 025
589 558 626 595 ἐν,
644 555 854 589 resolutiones
875 551 1136 595 (long-rogationis
1156 550 1284 583 Rituum
1305 549 1389 581 circa
1417 559 1531 582 novam
1549 550 1792 593 impressionem
1811 551 1886 584 mis—

429 613 502 646 salis
528 612 567 644 ad
587 620 680 643 usum
705 609 838 641 fratrum
864 605 1122 638 Praedicatorum
1144 602 1386 641 confirmantur,
1415 601 1479 634 918
1504 614 1524 635 α
1550 608 1580 634 et
1603 614 1664 647 seq.

342 666 598 699 Praedicatorum
624 660 798 695 Strictioris
823 658 1047 693 Observantiae
1068 656 1340 689 renunciationem
1357 656 1512 698 quaedam
1538 656 1623 688 circa
1648 656 1753 689 locum
1779 667 1889 701 expro-

431 716 623 755 vincialium,
648 715 680 746 in
705 712 844 756 capitulo
862 709 1050 754 provinciali
1067 710 1096 742 S.
1115 708 1264 741 Ludovici
1281 708 1313 740 in
1330 708 1430 741 Gallia
1451 709 1531 741 sacta
1548 708 1758 752 improbatur,
1774 709 1839 743 487
1857 722 1887 743 a.

343 770 554 814 praescriptio
586 767 800 805 centennaria‚
831 765 904 798 vide
936 763 1082 798 Canonici
1107 763 1271 805 regulares
1300 762 1562 804 Congregationis
1586 763 1615 795 S.
1641 763 1765 797 loannis
1789 764 1890 796 Evan-

431 825 571 868 gelistae.

342 877 522 922 Presbyteri
547 877 576 909 S.
603 874 727 918 loseplii
754 874 823 906 vide
849 870 1062 914 Congregatio
1082 869 1344 913 presbyterorum
1363 868 1392 900 S.
1411 867 1546 910 Iosephi.

342 932 606 975 Presbyterorum
631 926 787 960 Missionis
811 924 1031 967 Congregatio,
1056 922 1120 955 177
1147 933 1182 961 α;
1208 921 1308 964 ipsius
1332 921 1489 963 superiori
1514 922 1671 963 generali,
1696 927 1730 954 ut
1755 923 1893 964 egressis

435 995 472 1016 ex
492 980 761 1024 Congregatione,
794 983 824 1011 et
856 976 989 1010 subinde
1014 976 1053 1008 ad
1076 975 1162 1007 illam
1188 973 1405 1013 redeuntibus,
1422 973 1619 1016 probationis
1643 984 1744 1007 novae
1768 980 1894 1018 tempus

435 1036 608 1074 remittere,
627 1042 750 1066 necnon
775 1032 844 1064 iura
869 1034 899 1064 et
921 1029 1087 1073 privilegia
1113 1027 1280 1060 restituere
1301 1032 1410 1069 queat,
1431 1026 1576 1059 concedit
1600 1026 1759 1069 Pontifex,
1782 1027 1846 1060 177
1866 1028 1894 1063 b.

348 1090 608 1133 Presbyterorum
640 1084 851 1119 saecularium
885 1081 1145 1124 Congregationis
1171 1080 1202 1112 B.
1229 1080 1265 1112 M.
1292 1080 1324 1111 V.
1350 1080 1539 1122 Assumptae
1572 1079 1705 1114 civitatis
1729 1080 1897 1123 Portugal-

436 1142 532 1175 lensis
550 1140 668 1173 erectio
685 1137 904 1176 confirmatur,
924 1135 1016 1178 eique
1035 1133 1202 1177 privilegia
1220 1138 1250 1165 et
1267 1131 1483 1174 indulgentiae
1501 1141 1661 1172 concessa,
1676 1132 1741 1165 495
1755 1144 1775 1166 a
1794 1138 1824 1165 et
1837 1144 1894 1177 seq

348 1196 570 1230 processiones
596 1192 742 1236 publicae
767 1200 846 1233 quae
872 1189 952 1221 siunt
977 1198 993 1220 a
1016 1186 1236 1229 regularibus,
1262 1184 1327 1217 42⁶2
1352 1195 1388 1224 a3
1413 1184 1489 1228 quid
1519 1185 1551 1217 in
1580 1184 1656 1227 ipsis
1690 1185 1897 1226 servandum,

439 1248 613 1286 2·b1'1t.·,non
638 1245 760 1289 possint
784 1242 854 1276 sieri
886 1247 975 1274 extra
1008 1241 1146 1272 claustra
1179 1238 1240 1270 nisi
1274 1237 1395 1271 duabus
1429 1243 1551 1270 tantum
1588 1238 1711 1271 vicibus
1748 1238 1780 1271 in
1815 1248 1898 1271 anno

440 1302 506 1334 sine
530 1299 658 1333 licentia
683 1296 833 1340 episcopi,
858 1295 945 1333 ibid,
971 1293 1151 1326 declaratur
1170 1291 1267 1323 licere
1292 1290 1455 1323 monachis
1482 1290 1759 1323 Carthusiensibus
1784 1291 1899 1335 Papiae

441 1355 543 1386 facere
569 1350 807 1396 processionem
834 1349 866 1380 in
883 1346 1049 1380 festivitate
1073 1344 1221 1387 Corporis
1239 1343 1354 1376 Christi
1373 1343 1491 1387 apertis
1516 1343 1618 1376 ianuis
1644 1343 1727 1376 intra
1753 1344 1900 1385 claustra,

442 1405 506 1437 429
532 1406 559 1443 b,
585 1403 649 1436 430
674 1414 703 1435 (ι.

354 1458 592 1502 Propositiones
619 1455 786 1488 nonnullas
810 1452 1024 1495 theologicas,
1050 1450 1250 1484 seandalosas
1275 1455 1305 1482 et
1329 1450 1360 1481 in
1386 1450 1475 1493 praxi
1505 1449 1720 1493 perniciosas,
1746 1450 1905 1483 discussas

443 1512 531 1555 prius
556 1510 588 1542 in
613 1507 864 1551 Congregatione
888 1504 1122 1548 Inquisitionis,
1148 1503 1288 1536 declarat
1312 1502 1513 1535 Innocentius
1538 1502 1594 1543 XI,
1625 1502 1690 1534 145
1719 1514 1740 1535 α
1771 1508 1802 1536 et
1826 1514 1904 1546 seq,

444 1563 603 1596 Michaelis
628 1562 666 1594 de
691 1561 824 1593 Molinos
849 1557 1086 1603 propositiones
1104 1557 1166 1588 una
1190 1566 1261 1588 cum
1281 1555 1347 1588 eius
1364 1555 1455 1588 libris
1480 1561 1510 1588 et
1535 1555 1760 1599 manuscriptis
1780 1555 1907 1588 damna-

445 1624 494 1649 tae
520 1621 642 1656 extant,
670 1614 734 1647 775
760 1614 776 1646 b
802 1618 832 1646 et
856 1624 917 1656 seq.

358 1670 595 1704 Provinciarum
622 1668 734 1700 divisio
758 1667 790 1699 in
815 1665 985 1699 Ordinibus
1010 1669 1040 1696 et
1071 1662 1377 1706 Congregationibus
1406 1662 1564 1705 religiosis
1597 1662 1667 1695 sieri
1698 1662 1808 1705 nequit
1840 1662 1907 1695 sine

448 1723 575 1766 speciali
601 1721 723 1754 indulto
748 1720 836 1754 Sedis
861 1717 1071 1762 Apostolieae‚
1097 1716 1133 1748 61
1161 1727 1190 1749 a.

1121 1833 1143 1864 R

363 1935 536 1979 ltaymundi
563 1936 624 1969 (S.)
649 1934 687 1965 dc
715 1932 883 1965 Pennasort
908 1930 1048 1963 officium
1074 1938 1145 1961 cum
1171 1928 1267 1960 missa
1291 1926 1349 1959 sub
1374 1926 1438 1958 ritu
1473 1925 1593 1969 duplici
1620 1925 1776 1958 secundae
1801 1925 1909 1958 classis

451 1998 523 2019 eum
549 1986 658 2019 octava
684 1984 810 2017 recitari
836 1983 982 2026 permisit
1005 1981 1157 2019 Pontifex,
1185 1980 1248 2012 755
1272 1991 1292 2012 α
1316 1985 1345 2012 et
1371 1979 1397 2011 b.

364 2040 577 2084 Raymundus,
603 2038 684 2070 tituli
709 2038 741 2070 S.
768 2037 883 2070 Mariae
907 2037 1012 2070 Novae
1031 2035 1196 2078 presbyter
1220 2032 1399 2072 cardinalis,
1420 2042 1478 2075 per
1495 2032 1696 2065 Germaniam
1713 2032 1912 2075 Apostolieae

454 2092 542 2125 Sedis
569 2092 697 2133 legatus,
723 2089 934 2131 indulgentias
960 2088 1111 2131 quasdam
1133 2087 1289 2120 concessit
1313 2085 1561 2119 confraternitati
1579 2085 1631 2118 SS.
1652 2085 1785 2125 Rosarii,
1802 2085 1866 2119 ‘18⁶2
1884 2086 1911 2118 Ι).

365 2146 560 2180 Resorinatio
585 2144 790 2178 tribunalium
817 2143 910 2175 Urbis
936 2143 1007 2175 vide
1030 2140 1226 2187 Tribunales.

366 2200 539 2243 Regulares
565 2204 725 2241 exemptos
757 2196 911 2229 dioecesis
941 2193 1173 2228 Mecliliniensis
1196 2193 1289 2235 >inter
1315 2198 1345 2224 et
1376 2192 1436 2225 loci
1469 2191 1670 2224 Ordinarium
1696 2191 1798 2223 varias
1828 2195 1914 2224 ortas

454 2253 546 2292 lites,
570 2250 759 2295 quibusdam
794 2249 885 2282 editis
910 2247 1183 2287 ordinationibus,
1210 2246 1371 2289 componit
1396 2245 1556 2286 Pontifex,
1585 2244 1645 2277 4⁹21
1675 2245 1709 2284 b;
1741 2245 1914 2287 Regulares

457 2305 591 2348 exempti
616 2314 679 2337 non
697 2303 812 2335 debent
837 2302 998 2346 episcopo,
1024 2301 1055 2333 in
1073 2300 1161 2332 cuius
1178 2299 1314 2332 dioecesi
1332 2304 1420 2339 sunt,
1437 2298 1581 2341 profiteri
1606 2297 1817 2331 obedientiam
1842 2308 1914 2330 cum

460 2359 635 2391 iuramento
661 2356 828 2397 fidelitatis,
850 2355 913 2388 4222
939 2366 975 2394 (ι;
1001 2355 1077 2398 quid
1098 2354 1267 2387 observare
1284 2353 1418 2386 debeant
1443 2353 1474 2385 in
1499 2352 1634 2396 publicis
1658 2351 1916 2395 processionibus

459 2417 489 2442 et
513 2411 564 2443 δ’δ’.
589 2409 783 2443 Sacramenti
809 2408 1072 2452 expositionibus,
1097 2406 1161 2439 4202
1184 2418 1203 2439 α.
1230 2412 1260 2439 et
1283 2407 1307 2439 h.

373 2465 543 2506 Regularcs
574 2465 782 2496 reclamantes
816 2468 925 2495 contra
957 2471 1067 2495 eorum
1100 2460 1331 2503 professionem
1364 2459 1470 2503 elapso
1503 2459 1721 2502 quinquennio
1753 2467 1817 2491 non
1842 2461 1915 2490 sunt

461 2517 621 2554 audiendi,
647 2517 710 2549 5022
736 2529 755 2550 α
781 2523 810 2549 et
836 2518 862 2549 b.

373 2571 472 2604 Roclii
499 2572 556 2607 (S.)
582 2570 746 2611 hospitale,
775 2571 842 2602 vich·
868 2569 1027 2611 llospitale
1054 2568 1083 2601 S.
1110 2567 1217 2600 Itochi.
