2111 3157
160 220 208 247 An.
225 218 253 246 c.
275 218 343 246 1680
389 209 455 244 334

353 268 473 305 fuerint,
505 268 554 297 sed
583 271 700 298 teneant
721 265 841 296 secundi
863 265 944 295 chori
967 266 1088 305 primam

353 317 464 347 sedem.
501 317 562 352 Quo
598 315 772 346 visitationis
804 319 956 354 tempore,
990 314 1033 343 vel
1065 314 1088 343 si

354 366 428 396 sorte
446 365 614 404 praesidens
630 364 715 399 adsit,
732 364 760 393 in
777 364 893 402 signum
908 363 1089 392 reverentiae

356 414 500 454 praelatus
522 413 715 448 loci,etiainsi
737 416 813 442 esset
835 412 977 448 visitator,
994 415 1090 441 teneat

356 462 512 492 secundam
535 462 632 491 sedem
655 460 743 500 primi
765 461 857 490 chori.

395 519 445 540 vu.
469 509 548 545 Quod
580 509 605 539 si
627 509 792 539 visitatores
814 509 921 538 fuerint
942 508 971 538 in
994 508 1090 547 aliquo

357 558 550 593 monasterio,
584 561 612 587 et
640 567 697 587 non
721 557 895 587 visitationis
917 558 1020 594 causa,
1051 561 1092 586 te-

358 611 445 637 neant
473 606 589 646 quidem
615 615 730 645 semper
752 605 847 635 locum
869 614 959 644 super
980 605 1092 644 praela-

357 661 429 694 tum,
453 656 503 685 sed
525 655 604 693 signa
628 655 776 685 dumtaxat
795 654 1040 694 praeeminentiae
1053 654 1092 683 sa-

357 705 435 735 ciant
468 704 657 744 principalia,
681 704 736 733 sibi
768 703 895 733 invicem
917 703 1089 739 deferendo,

356 753 516 783 secundum
548 752 679 782 ordinem
707 752 894 791 professionis
921 760 1006 787 suae,
1036 751 1091 781 nisi

355 802 429 832 forte
451 801 597 841 praelatus
619 801 673 830 loci
702 804 779 830 esset
804 804 832 830 et
854 801 916 839 ipse
943 800 1089 836 visitator,

356 851 423 890 quia
446 855 526 888 tuuc,
543 851 571 880 iu
589 849 765 879 monasterio
788 859 840 879 suo
862 853 985 886 tantum,
1005 850 1090 878 etiam

355 908 443 938 super
464 898 644 937 antiquiores
667 897 830 927 visitatores
852 897 947 926 locuni
970 896 1090 933 tenebit,

355 947 466 977 ratione
488 946 672 986 particularis
695 945 863 983 regiminis,
891 948 972 974 extra
995 948 1090 974 tamen

355 995 486 1034 publicas
508 995 688 1031 functiones,
719 993 882 1033 hospitibus
905 994 967 1023 loco
988 993 1091 1023 cedere

355 1044 529 1073 urbanitatis
551 1043 678 1072 osticium
702 1046 881 1081 reputamus.

394 1101 453 1122 viu.
477 1092 614 1122 Visitator
631 1095 697 1121 actu
717 1095 744 1120 et
760 1099 817 1120 non
834 1091 948 1128 officio,
968 1090 992 1120 si
1009 1100 1093 1129 prae-

354 1141 429 1171 latus
451 1141 592 1175 extiterit,
622 1144 752 1178 tempore
782 1139 955 1169 visitationis
981 1143 1092 1169 tantum

355 1189 508 1229 praecedat
530 1189 584 1219 loci
608 1189 783 1228 praelatum,
808 1188 865 1218 nisi
883 1189 933 1227 qui
961 1189 1093 1218 visitatur

355 1242 430 1268 esset
452 1242 479 1268 et
500 1239 562 1277 ipse
586 1238 717 1267 visitator
739 1237 845 1274 officio,
869 1247 926 1276 quo
951 1247 1018 1267 casu
1041 1237 1094 1267 im-

360 1288 484 1317 mediate
513 1291 576 1326 post
604 1287 700 1325 ipsum
731 1286 826 1316 locum
855 1290 968 1323 teneat,
992 1291 1036 1324 et,
1060 1296 1093 1316 eo

355 1336 486 1373 absente,
510 1335 605 1365 omnia
631 1335 712 1372 sigua
736 1335 839 1373 saciat,
863 1335 939 1364 sicut
961 1338 988 1364 et
1004 1335 1092 1365 ceteri

355 1384 531 1414 visitatores.

395 1441 434 1462 1x.
459 1433 540 1462 Idem
564 1436 694 1461 serretur
717 1431 744 1461 in
770 1431 919 1461 visitatore
942 1435 1020 1469 actu,
1044 1433 1092 1471 qui

356 1492 413 1512 non
430 1486 507 1511 esset
523 1481 680 1520 praelatus,
698 1485 728 1510 ut
749 1481 883 1510 videlicet
898 1481 995 1510 omnia
1011 1481 1092 1519 sigua

357 1531 442 1561 faciat
464 1530 582 1560 absente
606 1529 752 1569 praelato,
779 1529 854 1559 sicut
876 1529 965 1559 ceteri
995 1529 1094 1559 visita-

356 1584 434 1610 tores
456 1578 590 1618 praelati.

396 1637 424 1657 x.
449 1627 566 1667 Reliqui
588 1635 656 1656 vero
679 1627 799 1666 praelati
820 1627 927 1656 faciant
942 1626 1049 1666 ubique
1065 1627 1093 1656 in

357 1676 489 1706 absentia
516 1676 634 1715 praelati
664 1676 717 1705 loci
745 1680 772 1705 et
801 1675 983 1705 visitatorum
1013 1675 1093 1713 signa

357 1725 618 1765 praeeminentiae,
643 1725 697 1753 sibi
721 1724 845 1753 invicem
868 1724 1035 1759 deferendo,
1053 1733 1093 1753 se·

357 1774 485 1804 cundum
508 1773 696 1812 professionis
720 1776 846 1811 tempus.

397 1833 436 1853 xr.
454 1823 709 1852 Praelatmautem
726 1821 780 1851 loci
800 1821 823 1850 si
840 1830 979 1860 praesens
995 1821 1093 1858 suerit⁷

359 1871 511 1911 praecedet
532 1874 560 1900 et
582 1871 778 1909 antiquiores;
803 1870 936 1899 titulares
959 1879 1027 1899 vero
1043 1870 1096 1899 im-

358 1920 484 1950 mediate
514 1923 577 1959 post
605 1919 677 1948 alios
707 1919 851 1958 praelatos
879 1919 913 1948 de
942 1919 1094 1956 regimine,

358 1969 397 1999 ita
413 1974 522 2006 tamen,
542 1971 584 2005 ut,
602 1967 651 2007 qui
668 1968 784 1996 fuerunt
800 1967 834 1996 de
850 1966 1002 2004 regimine,
1018 1967 1096 1996 omni

359 2018 422 2048 loco
451 2021 479 2047 et
512 2021 641 2055 tempore
673 2015 846 2054 praecedant
868 2024 916 2044 eos
945 2015 994 2054 qui
1024 2024 1097 2045 nun-

359 2076 445 2106 quam
462 2066 578 2095 fuerunt
593 2064 712 2094 abbates
728 2065 762 2094 de
777 2064 929 2102 regimine,
949 2068 1098 2094 servantes

359 2115 520 2154 respective
543 2113 731 2153 professionis
753 2122 821 2143 suae
838 2117 963 2152 tempus,
984 2112 1038 2142 sibi
1055 2113 1098 2142 in-

359 2164 451 2193 vicem
474 2161 640 2198 deferendo,
661 2165 689 2191 et
707 2161 736 2191 iu
752 2170 852 2191 eorum
868 2160 998 2190 absentia
1015 2160 1095 2198 signa

360 2210 605 2251 praeeminentiae
636 2210 753 2240 faciant.
778 2209 918 2239 Praefatis
946 2208 1098 2239 abbatibus

360 2260 527 2290 titularibus
554 2260 649 2289 locum
683 2259 866 2296 assignamus
889 2261 953 2297 post
976 2257 1098 2296 primam

360 2309 457 2338 sedem
490 2308 577 2347 primi
606 2308 705 2345 chori,
737 2307 929 2345 volumusque
960 2315 1008 2335 eos
1037 2315 1098 2335 esse

360 2356 508 2387 subiectos
530 2357 678 2395 praelatis,
702 2365 767 2385 cum
791 2355 897 2395 quibus
913 2355 1031 2392 degunt,
1049 2363 1100 2393 per

361 2406 468 2439 omnia,
492 2405 577 2434 sicuti
597 2405 685 2434 ceteri
709 2404 855 2442 monachi,
873 2404 958 2433 etiam
981 2403 1010 2432 in
1028 2403 1099 2432 scri-

361 2454 464 2484 bendis
486 2457 514 2483 et
540 2453 716 2491 recipiendis
743 2453 867 2490 litteris,
892 2452 967 2482 sicut
989 2451 1098 2481 dictum

361 2507 405 2533 est
427 2512 490 2541 cap.
510 2510 564 2537 riv,
588 2506 616 2530 et
641 2505 739 2531 tenere
765 2502 826 2531 loca
852 2510 921 2530 suae
944 2500 1099 2539 professio-

362 2561 418 2588 nis,
436 2560 500 2581 cum
524 2551 552 2580 in
575 2550 700 2588 capitulo
722 2550 850 2588 generali
867 2549 956 2579 ceteri
980 2549 1097 2588 praelati

360 2600 469 2630 fuerint
497 2599 631 2629 absoluti.
657 2599 778 2638 Insuper
805 2598 923 2628 abbates
947 2598 1097 2635 titulareS,

935 216 1115 242 BULLARIUM
1138 217 1290 242 ROMANUM

1132 266 1182 305 qui
1204 275 1261 296 non
1283 266 1400 296 fuerunt
1421 265 1583 305 regiminis,
1606 267 1802 305 genuflectant
1817 266 1867 297 ab-

1133 315 1191 345 bati
1212 314 1268 344 loci
1290 314 1325 344 de
1347 316 1523 345 monasterio
1553 319 1691 345 exeuntes
1715 319 1743 345 et
1770 326 1867 346 rever-

1133 368 1244 401 tentes,
1277 372 1391 393 necnon
1422 372 1488 393 cum
1519 363 1601 393 tarde
1624 363 1659 393 ad
1689 364 1810 395 chorum
1838 370 1867 395 et

1133 411 1317 442 refectorium
1349 411 1494 441 venerint.
1532 410 1663 441 Habeant
1697 412 1866 442 vestiarium

1133 461 1257 500 simplex
1279 461 1353 490 sicut
1374 464 1403 490 et
1424 460 1514 490 ceteri
1542 461 1696 499 monachi,
1719 464 1748 491 et
1776 462 1869 492 famu-

1134 510 1178 540 lus
1200 510 1244 539 vel
1259 509 1430 539 commissus
1446 509 1487 538 eis
1501 509 1654 548 deputetur
1670 519 1704 539 ex
1719 510 1755 539 iis
1772 510 1821 549 qui
1837 511 1867 540 in

1134 558 1198 588 aliis
1213 558 1360 587 exercitiis
1377 557 1546 587 monasterii
1568 558 1741 588 inserviunt.
1761 557 1868 589 Omnes

1134 610 1231 636 autem
1263 606 1416 642 titulares,
1440 609 1497 634 tam
1521 606 1570 645 qui
1591 606 1708 636 fuerunt
1729 606 1764 636 de
1792 607 1870 645 regi-

1134 655 1212 684 mine
1225 663 1311 694 quam
1330 655 1380 693 qui
1396 663 1545 693 nunquam
1567 654 1685 684 suerunt
1699 655 1868 694 regiminis,

1135 707 1289 733 teneantur
1301 703 1431 732 revelare
1446 702 1585 742 pecunias
1600 707 1628 732 et
1650 712 1696 733 res
1712 704 1869 742 pretiosas,

1134 752 1158 781 si
1190 760 1262 790 quas
1294 750 1416 788 habent,
1451 751 1579 790 praelato
1601 751 1793 790 monasterii,
1814 752 1869 782 sub

1135 801 1235 840 poenis
1257 800 1292 830 ab
1314 800 1414 829 eodem
1441 800 1568 839 praelato
1588 800 1781 830 comminatis.
1798 801 1870 831 Hor-

1135 853 1229 878 tamur
1251 852 1347 878 autem
1376 847 1519 886 praelatos
1547 852 1578 877 ut
1600 856 1667 886 erga
1694 847 1813 877 abbates
1834 848 1871 878 ti-

1136 898 1260 933 tulares,
1285 900 1378 926 aetate
1400 900 1429 926 et
1451 897 1555 926 merito
1577 895 1778 931 venerabiles,
1807 897 1870 927 offi-

1135 947 1211 977 ciose
1233 949 1260 975 et
1281 945 1407 975 discrete
1428 954 1458 974 se
1480 949 1592 983 gerant,

1174 1005 1223 1025 ΧΗ.
1247 994 1381 1025 Seniores
1408 1003 1477 1024 vero
1498 993 1539 1023 sic
1561 993 1617 1023 sibi
1639 993 1764 1024 invicem
1791 993 1870 1025 dese-

1135 1049 1211 1081 rant,
1229 1048 1260 1074 ut
1283 1044 1394 1082 priores
1420 1043 1602 1080 claustrales,
1625 1052 1660 1072 ex
1682 1052 1734 1073 suo
1756 1052 1871 1073 monas-

1136 1094 1209 1123 terio
1231 1093 1266 1122 ad
1288 1092 1366 1122 aliud
1388 1096 1506 1130 euntes,
1530 1094 1647 1121 teneant
1678 1091 1774 1121 locum
1806 1094 1873 1131 post

1137 1143 1264 1182 priorem
1286 1141 1472 1171 claustralem
1494 1140 1661 1170 monasterii
1683 1140 1713 1170 in
1736 1149 1794 1179 quo
1811 1140 1874 1170 fue·

1137 1191 1214 1220 rint:
1240 1189 1373 1228 magistri
1400 1193 1496 1219 autem
1518 1188 1696 1219 novitiorum
1718 1191 1794 1218 stent
1819 1188 1876 1218 im-

1137 1239 1260 1269 mediate
1289 1242 1354 1278 post
1375 1238 1502 1277 priorem
1524 1237 1727 1274 claustralem,
1759 1245 1875 1276 praece-

1136 1288 1230 1318 dendo
1246 1296 1347 1317 omnes
1362 1287 1435 1316 alios
1450 1286 1573 1317 decanos
1595 1290 1623 1316 et
1638 1286 1769 1316 faciendo
1791 1285 1876 1324 signa

1136 1337 1232 1366 omnia
1248 1340 1306 1366 tam
1325 1335 1571 1375 praeeminentiae
1590 1344 1676 1374 quam
1698 1333 1875 1364 iurisdictio-

1137 1385 1182 1415 nis
1205 1385 1234 1414 in
1261 1394 1313 1414 suo
1345 1384 1540 1421 monasterio3
1571 1383 1600 1413 in
1629 1382 1686 1413 alio
1715 1391 1790 1412 vero
1813 1391 1874 1412 mo-

1138 1434 1263 1464 nasterio
1284 1436 1341 1462 stet
1362 1441 1450 1471 super
1471 1441 1571 1462 omnes
1593 1431 1730 1469 decanos,
1754 1435 1875 1470 excepto

1139 1482 1278 1520 magistro
1300 1481 1478 1511 novitiorum
1499 1480 1578 1510 illius
1594 1479 1774 1517 monasterii,
1791 1483 1820 1509 et
1835 1479 1876 1508 sa-

1137 1531 1194 1561 ciat
1206 1530 1287 1568 signa
1300 1533 1412 1559 tantum
1426 1528 1666 1568 praeminentiae:
1682 1526 1816 1557 similiter
1827 1526 1876 1556 de-

1138 1580 1202 1609 cani
1232 1582 1295 1618 post
1327 1578 1450 1607 decanos
1482 1576 1642 1607 secundum
1666 1575 1876 1615 professionem

1138 1627 1193 1657 sibi
1217 1627 1342 1656 invicem
1364 1626 1541 1662 deferentes3
1566 1629 1613 1663 et,
1637 1623 1806 1654 absentibus
1829 1632 1878 1653 su-

1140 1675 1304 1716 perioribus
1327 1674 1516 1712 monasterii,
1540 1673 1647 1703 saciant
1678 1673 1761 1711 signa
1789 1672 1877 1702 etiam

1140 1724 1336 1764 particularia.
1365 1722 1520 1760 Similiter,
1543 1721 1594 1761 qui
1615 1731 1672 1751 non
1702 1724 1771 1751 sunt
1793 1729 1878 1760 supe-

1139 1775 1241 1811 riores,
1258 1771 1426 1802 absentibus
1438 1770 1639 1811 superioribus
1651 1769 1722 1807 suls,
1737 1769 1878 1808 dignitate

1139 1828 1168 1853 et
1190 1821 1368 1862 professione
1390 1820 1466 1850 idem
1488 1819 1606 1849 faciant.

1178 1880 1238 1901 xm.
1271 1870 1308 1899 Ut
1337 1873 1434 1899 autem
1465 1869 1547 1907 signa
1570 1872 1598 1898 et
1624 1870 1706 1897 actus
1735 1866 1878 1906 praeemi-

1139 1920 1268 1955 nentiae,
1291 1922 1319 1948 et
1346 1917 1429 1956 signa
1450 1916 1647 1956 particularia,
1671 1915 1732 1945 sive
1762 1914 1878 1945 iurisdi-

1140 1968 1256 2005 ctionis
1279 1966 1393 1996 cunctis
1419 1965 1573 2005 perspicua
1595 1973 1657 1994 esse
1680 1963 1807 2003 possint,
1830 1963 1879 1993 de-

1140 2018 1284 2047 claramus
1306 2019 1387 2045 actus
1405 2013 1651 2054 praeeminentiae
1672 2021 1721 2043 eos
1736 2020 1811 2049 esse,
1828 2011 1879 2051 qui

1141 2066 1231 2096 solam
1263 2073 1406 2104 personae
1440 2063 1611 2101 dignitatem
1646 2064 1876 2101 consequuntur.

1142 2113 1314 2144 Huiusmodi
1345 2116 1502 2143 censentur
1533 2110 1750 2141 benedictiones
1781 2109 1880 2139 lectio-

1141 2172 1222 2200 num,
1246 2170 1374 2199 mensae,
1392 2165 1419 2191 et
1434 2160 1636 2200 completorii,
1666 2158 1799 2189 recitatio
1814 2166 1879 2188 ora·

1142 2211 1228 2241 tionis
1250 2210 1432 2240 dominicalis
1454 2210 1484 2239 in
1506 2209 1609 2238 officiis
1630 2207 1746 2242 divinis,
1764 2206 1879 2246 praein-

1142 2259 1305 2289 tonationes
1327 2258 1433 2288 cantici
1457 2258 1492 2287 Te
1514 2258 1594 2287 deum
1612 2256 1756 2286 laudamus
1773 2259 1802 2284 et
1826 2263 1879 2284 an-

1142 2308 1329 2347 tiphonarum
1352 2310 1416 2345 post
1437 2306 1523 2336 horas
1545 2305 1711 2340 canonicas,
1734 2303 1879 2342 evangelii

1142 2356 1229 2386 lectio
1257 2355 1293 2385 ad
1325 2355 1516 2392 matutinum,
1544 2355 1621 2393 aqua
1642 2353 1757 2383 lustrali
1779 2361 1880 2382 mona-

1141 2404 1212 2434 chos
1244 2408 1272 2434 et
1304 2404 1406 2433 fratres
1435 2407 1499 2442 post
1526 2401 1748 2441 completorium
1781 2409 1880 2440 asper-

1141 2459 1220 2489 gere,
1243 2454 1271 2479 et
1289 2449 1407 2479 similia.
1432 2449 1522 2479 Edere
1541 2449 1609 2478 item
1625 2447 1708 2485 signa
1723 2445 1880 2477 inchoandi

1140 2499 1280 2534 officium,
1304 2498 1453 2534 lectiones,
1479 2497 1636 2534 orationes,
1659 2495 1877 2531 comestionem3

1140 2551 1179 2585 et,
1203 2547 1299 2577 officio
1321 2556 1353 2576 ac
1376 2547 1478 2576 mensa
1500 2545 1636 2585 expletis,
1661 2545 1776 2583 signum
1793 2535 1882 2575 exurss

1140 2596 1227 2634 gemti
1250 2600 1296 2626 aut
1314 2595 1482 2626 discedendi
1507 2595 1592 2632 dare,
1617 2593 1886 2635 praeeminentiam¹

1872 218 1923 247 An.
1943 218 1973 247 G.
1989 221 2055 250 x380
