2111 3157
222 219 272 246 An.
293 217 321 246 c.
339 218 403 246 1⁶81
452 208 515 242 400

247 2065 364 2087 mammae.

414 271 463 299 ter
486 271 519 299 et
543 265 768 309 pariformiter,
795 264 827 296 in
853 262 1003 296 omnibus
1030 268 1062 295 et
1086 272 1145 305 per

413 320 523 353 omnia
546 320 602 358 nti,
629 318 689 350 srui
714 317 811 360 potiri
848 321 880 349 ct
903 315 1068 358 gaudere;
1094 325 1145 348 re-

413 373 491 406 ctori
509 378 614 405 autem
632 371 731 414 ipsius
747 369 963 402 universitatis
979 379 1037 412 per
1053 379 1145 412 prae-

412 431 520 459 sentes
544 429 689 463 erectae,
714 429 758 464 ut,
783 422 935 466 quamdiu
952 421 1145 454 universitas

412 476 596 512 huiusmodi
620 476 704 509 sicut
725 475 946 519 praemittitur
969 474 1143 515 duraverit,

411 531 501 570 illos,
527 540 606 572 quos
641 529 673 561 in
708 529 821 561 eadem
852 527 1061 560 universitate
1085 538 1145 571 per

411 582 553 616 debitum
585 586 713 624 tempus
745 580 908 613 studuisse
945 590 981 612 ac
1012 579 1145 613 scientia

411 642 441 668 et
465 635 609 667 moribus
641 634 777 666 idoneos
804 643 873 665 esse
898 632 1078 675 repererit,
1111 633 1144 664 in

410 687 561 729 praefatis
586 686 799 725 facultatibus,
817 685 880 717 sive
898 685 1048 724 scientiis,
1064 694 1143 727 quae

410 740 442 772 in
467 739 536 782 ipsa
559 739 768 771 universitate
792 737 992 770 docebuntur
1016 747 1072 769 seu
1097 737 1143 769 le-

409 796 536 833 gentur,
550 791 588 823 ad
606 791 879 829 baccalaureatus,
894 789 991 821 etiam
1004 788 1141 828 formati,

408 844 644 883 licentiaturae‚
670 853 705 875 ac
734 843 919 876 doctoratus
943 845 974 875 et
996 841 1142 884 magiste-

409 898 446 930 rii
473 897 596 940 gradus,
623 898 745 930 servata
766 902 870 929 tamen
887 896 920 928 in
945 895 1095 929 omnibns
1112 901 1143 929 et

408 961 466 994 per
491 950 598 983 omnia
629 950 732 982 forma
760 949 962 982 decretorum
985 948 1141 981 Viennen-

408 1003 451 1035 sis
477 1007 508 1035 et
532 1002 709 1035 Tridentini
734 1001 950 1034 Conciliorum
979 1001 1139 1044 praefato-

408 1065 486 1093 rum,
506 1054 622 1097 quibus
647 1055 680 1086 in
705 1054 813 1096 aliquo
831 1054 986 1095 derogare
1011 1063 1078 1086 non
1097 1053 1139 1086 in-

407 1107 578 1145 tendimus,
597 1111 628 1138 et
644 1106 732 1147 alias,
745 1105 1019 1138 iuxtalaudabiles
1036 1116 1139 1149 supra-

407 1159 561 1192 dictarum
578 1158 726 1191 Limanae
744 1164 775 1191 et
792 1158 973 1191 Mexicanae
986 1158 1138 1191 universi-

408 1217 506 1244 tatum
524 1211 603 1243 ritus
621 1216 653 1243 et
666 1211 1140 1254 consuetudines,promovere,

407 1264 563 1306 solitaque
597 1264 753 1306 graduum
786 1264 973 1297 huiusmodi
1005 1263 1140 1306 insignia

406 1317 451 1350 eis
475 1317 623 1350 conferre
649 1323 680 1349 et
704 1317 872 1357 exhibere;
898 1317 976 1360 ipsis
1001 1328 1077 1350 vero
1103 1318 1141 1350 ad

406 1370 536 1402 eosdem
562 1369 678 1412 gradus
704 1380 764 1413 per
788 1370 878 1403 illum
903 1369 948 1402 sic
971 1371 1141 1413 promotis,

405 1428 440 1455 ut
462 1428 576 1466 postea
600 1423 730 1466 publice
750 1424 966 1467 privatimque
990 1424 1085 1457 etiam
1110 1424 1140 1456 in

406 1475 556 1509 omnibus
580 1475 651 1508 aliis
675 1475 937 1509 universitatibus
964 1477 1142 1510 studiorum

407 1528 606 1572 generalium
620 1529 786 1562 facultates
808 1529 872 1563 sive
889 1529 1040 1563 scientias
1053 1540 1143 1574 prae·

407 1583 505 1615 dictas
529 1582 706 1624 respective
731 1583 812 1615 alios
838 1583 955 1616 docere
981 1589 1011 1616 et
1036 1583 1143 1616 inter-

408 1635 539 1678 pretari‚
557 1635 596 1667 de
621 1635 666 1668 eis
685 1634 873 1678 disponere,
892 1636 1040 1679 aliosque
1057 1641 1143 1669 actus

408 1697 629 1730 quoscumque
647 1698 759 1721 eorum
780 1688 934 1730 gradibus
952 1689 1143 1722 convenien-

409 1743 455 1773 tes
479 1749 630 1773 exercere
653 1740 757 1774 libere
790 1746 822 1773 et
853 1741 938 1773 licite
963 1741 1090 1784 possint
1114 1746 1144 1774 et

410 1793 533 1825 valeant
557 1793 745 1835 respective,
764 1793 951 1826 auctoritate
977 1799 1008 1826 et
1031 1799 1143 1827 tenore

411 1845 638 1889 praesentium,
656 1846 863 1879 concedimus
877 1852 908 1879 et
922 1847 1143 1889 indulgemus:

410 1899 497 1932 salva
525 1904 632 1931 tamen
663 1909 790 1942 semper
821 1899 853 1932 in
884 1901 1069 1943 praemissis
1094 1911 1146 1933 au-

409 1953 556 1986 ctoritate
593 1952 856 1996 Congregationis
895 1960 1145 1988 memoratorum

410 2006 634 2039 cardinalium.

462 2060 478 2104 ξ
507 2060 540 2093 4.
575 2059 791 2093 Decernentes
832 2059 919 2104 ipsas
955 2066 1144 2103 praesentes

411 2113 534 2147 litteras
559 2111 677 2154 firmas,
706 2112 828 2146 validas
853 2118 884 2146 et
908 2113 1056 2148 efficaces
1080 2115 1145 2148 exi-

412 2173 495 2201 stere
520 2172 551 2201 et
575 2167 661 2209 fore,
687 2177 825 2211 suosque
849 2168 1015 2211 plenarios
1047 2174 1079 2202 et
1103 2169 1146 2202 in-

414 2227 520 2264 tegros
553 2219 684 2254 effectus
713 2221 820 2254 sortiri
853 2226 885 2255 et
915 2222 1086 2264 obtinere,
1111 2233 1146 2256 ae

414 2274 500 2317 illis,
538 2274 578 2307 ad
614 2284 694 2317 quos
742 2279 866 2318 spectat
900 2280 933 2308 et
970 2286 1029 2319 pro
1060 2282 1144 2309 tem-

416 2337 495 2371 pore
521 2327 696 2370 spectabit,
725 2327 757 2360 in
784 2327 935 2361 omnibus
965 2333 997 2361 et
1025 2339 1084 2372 per
1115 2339 1148 2362 o-

416 2379 501 2412 mnia
525 2380 712 2422 plenissime
730 2379 906 2423 suffragari,
923 2385 955 2413 et
972 2380 1010 2413 ab
1031 2382 1076 2414 eis
1101 2392 1150 2414 re-

418 2431 558 2475 spective
583 2432 811 2465 inviolabiliter
829 2433 1012 2475 observari,
1039 2434 1150 2477 sicque

420 2484 452 2516 in
481 2484 665 2526 praemissis
699 2495 755 2527 per
783 2496 1002 2529 quoscumque
1031 2487 1152 2519 iudices

421 2537 602 2569 ordinarios
636 2544 666 2569 et
698 2538 885 2578 delegatos,
915 2540 1012 2572 etiam
1042 2550 1153 2573 causa-

987 214 1166 239 BULLARIUM
1191 214 1342 239 ROMANUM

1188 261 1253 294 cari
1285 266 1317 294 et
1349 260 1477 294 definiri
1509 261 1646 302 debere,
1680 273 1717 295 ac
1740 263 1867 296 irritum
1891 268 1924 296 et

1186 314 1284 347 inane
1308 314 1335 346 si
1369 324 1460 347 secus
1485 324 1583 358 super
1612 315 1663 347 his
1693 325 1711 348 a
1741 326 1919 359 quoquam,

1187 366 1297 409 quavis
1323 366 1520 406 auctoritate,
1546 367 1686 401 scienter
1702 369 1751 401 vel
1771 368 1921 411 ignoran-

1187 424 1244 459 ter,
1270 419 1445 461 contigerit
1465 420 1628 453 attentari.

1230 472 1245 515 ἓ
1269 471 1300 504 5.
1327 471 1398 505 Non
1422 472 1624 505 obstantibus
1653 473 1862 517 praemissis,
1886 485 1922 508 ac

1186 523 1474 557 constitutionibus
1500 530 1532 557 ct
1557 525 1814 560 ordinationibus
1845 538 1920 571 apo-

1187 577 1320 617 stoliciS,
1339 587 1476 618 necnon,
1488 583 1644 621 quatenus
1662 590 1744 622 opus
1762 580 1811 621 sit,
1826 582 1922 615 colle-

1186 629 1241 672 gii,
1268 630 1455 673 provinciae
1480 636 1512 664 et
1534 631 1663 665 Ordinis
1691 633 1918 675 praefatorum,

1186 680 1298 714 aliisve
1317 681 1496 724 quibusvis,
1514 682 1610 715 etiam
1630 683 1823 724 iuramento,
1844 696 1921 719 con-

1185 732 1368 766 firmatione
1381 735 1568 777 apostolica,
1579 745 1637 768 seu
1648 736 1756 778 quavis
1769 736 1920 771 firmitate

1186 785 1429 828 aliaroboratis,
1447 788 1572 821 statutis
1581 790 1917 832 etconsuetudinibus,

1185 839 1364 881 privilegiis
1394 851 1547 884 quoque,
1577 841 1712 875 indultis
1744 848 1776 876 et
1802 843 1918 877 litteris

1184 892 1370 934 apostolicis
1390 892 1423 925 in
1444 894 1640 926 eontrarium
1662 895 1918 938 praemissorum

1184 945 1431 987 quomodolibet
1455 946 1616 978 concessis
1631 973 1638 986 ,
1663 947 1861 981 confirmatis
1887 952 1920 981 et

1184 996 1364 1038 innovatis,
1391 998 1507 1041 quibus
1530 998 1680 1031 omnibns
1706 1004 1739 1031 et
1762 1000 1918 1042 singulis,

1184 1048 1312 1082 illorum
1336 1055 1465 1083 tenores
1490 1051 1715 1094 praesentibus
1740 1063 1798 1095 pro
1823 1055 1919 1096 plene

1184 1107 1217 1134 et
1235 1102 1434 1135 sufficienter
1452 1103 1615 1146 expressis
1644 1114 1681 1136 ac
1704 1104 1837 1138 insertis
1862 1106 1919 1138 lia-

1183 1155 1309 1195 bentes,
1334 1155 1398 1188 illis
1414 1156 1492 1188 alias
1509 1156 1542 1188 in
1559 1167 1616 1189 suo
1634 1157 1754 1190 robore
1775 1168 1919 1201 perman-

1184 1209 1279 1249 suris,
1311 1209 1351 1241 ad
1375 1209 1629 1252 praemissorum
1657 1210 1828 1251 effectum,
1858 1211 1920 1243 liae

1184 1261 1252 1294 vice
1283 1261 1465 1301 dumtaxat,
1490 1262 1674 1305 specialiter
1705 1267 1738 1295 et
1767 1273 1920 1306 expresse

1184 1313 1395 1356 derogamus,
1419 1314 1603 1357 ceterisque
1635 1315 1808 1348 contrariis
1841 1314 1921 1359 qui-

1183 1367 1395 1410 buscumque.

1227 1419 1342 1452 Datum
1363 1419 1495 1460 Romae,
1516 1421 1602 1463 apud
1627 1420 1658 1453 S.
1679 1420 1808 1454 Mariam
1825 1420 1921 1454 Maio-

1184 1483 1264 1514 rem,
1289 1473 1348 1505 sub
1372 1474 1493 1506 annulo
1510 1473 1695 1513 piscatoris,
1716 1473 1768 1506 die
1793 1483 1836 1507 vu
1863 1483 1920 1506 au-

1185 1526 1269 1569 gusti
1302 1535 1472 1566 unctxxffl,
1510 1525 1715 1568 pontificatus
1738 1526 1839 1560 nostri
1863 1536 1921 1559 an-

1186 1590 1229 1613 no
1256 1590 1285 1613 v.

1222 1641 1280 1669 Dat.
1297 1641 1340 1669 die
1356 1643 1370 1669 7
1386 1641 1491 1677 augusti
1508 1641 1586 1675 1681,
1606 1641 1700 1676 pontif.
1716 1649 1786 1669 anno
1800 1648 1827 1667 v,

1518 1784 1589 1817 ClV.

1188 1865 1413 1899 concedantur
1429 1863 1601 1897 Terciariz‘s
1618 1865 1657 1897 Β.
1671 1864 1713 1897 M.
1730 1864 1767 1897 dc
1780 1864 1922 1898 Mercede

1230 1917 1472 1961 Redemptiom's
1498 1917 1705 1960 Captivorum
1723 1918 1810 1950 intra
1833 1917 1922 1949 clau-

1229 1976 1298 2004 stra
1327 1970 1508 2004 viventibus
1532 1970 1774 2014 indulyentiae,
1807 1970 1924 2014 quibus

1231 2023 1375 2067 qaudent
1398 2024 1516 2066 fratres
1540 2023 1683 2057 eiusdem
1708 2023 1854 2058 Ordinis.

1375 2104 1570 2132 Innocentius
1591 2105 1671 2138 Papa
1690 2104 1738 2139 XI,

1306 2149 1343 2178 ad
1367 2152 1541 2184 perpetuam
1560 2149 1604 2177 roi
1624 2149 1804 2178 memoriam.

1233 2222 1387 2265 greum,
1406 2222 1488 2255 sicut
1507 2222 1645 2255 dilectus
1665 2221 1751 2256 silius
1766 2222 1925 2266 Iosephus

1190 2276 1295 2315 Linas,
1321 2280 1512 2318 procurator
1529 2274 1693 2317 generalis
1714 2274 1843 2308 Ordinis
1863 2276 1926 2308 sra-

1190 2335 1275 2362 trum
1296 2329 1412 2362 Beatae
1430 2327 1547 2360 Mariae
1565 2328 1605 2360 de
1622 2327 1770 2361 Mercede
1787 2327 1926 2361 Redem-

1192 2382 1314 2426 ptionis
1339 2380 1552 2424 Captivorum,
1580 2380 1613 2412 in
1645 2382 1737 2413 sacra
1761 2380 1927 2423 theologia

1193 2434 1355 2477 magister,
1369 2434 1463 2466 nobis
1481 2443 1585 2476 nuper
1601 2432 1719 2475 exponi
1737 2432 1820 2473 fecit,
1835 2433 1927 2467 multi

1194 2488 1228 2520 in
1250 2488 1363 2521 eodem
1389 2486 1506 2519 Ordine
1536 2486 1742 2529 reperiantur
1764 2485 1926 2526 Tertiarii,

1196 2540 1249 2583 qui
1266 2545 1337 2573 vota
1362 2539 1520 2582 simplicia
1538 2539 1726 2579 emiserunt,
1754 2542 1786 2570 et
1803 2538 1862 2570 sub
1880 2548 1930 2570 re-

422 2598 493 2622 rum
524 2589 633 2633 palatii
665 2591 832 2634 apostolici
865 2591 1046 2633 auditores,
1073 2592 1154 2625 iudi·
1197 2594 1271 2635 gula
1290 2592 1522 2626 Tertiariorum
1539 2601 1574 2625 ac
1591 2591 1704 2625 habitu
1720 2590 1822 2635 ipsius
1834 2589 1929 2624 Ordi-

1931 213 1978 240 An.
2001 213 2029 241 C.
2049 213 2108 244 ¹681

1958 487 2111 512 Contrariorum

1931 514 2048 540 derogatio.

1957 2229 2032 2251 Preces
2042 2233 2111 2256 procn-

1935 2258 1979 2276 rato
1984 2256 2011 2276 ria
2029 2261 2111 2281 genora-

1935 2283 1960 2303 tis
1975 2287 2012 2308 pro
2022 2281 2111 2302 deelara-

1936 2309 1992 2329 tione
2009 2307 2111 2332 indulgen·

1935 2335 2009 2355 itai-um
2015 2334 2111 2355 dictorum

1936 2361 2095 2383 romariorum.
