2111 3157
16 229 71 256 M.
87 225 117 254 G.
138 223 205 253 168⁸

40 1134 158 1156 Clausulae⁴

46 2129 136 2151 irritatio
150 2135 201 2152 con·

23 2158 137 2178 uariorum.

212 277 244 306 ct
266 272 347 306 alius
371 272 523 306 definitor
539 282 576 305 ex
597 281 732 315 corpore
752 270 939 309 sorensium,

210 331 243 359 et
265 325 384 368 reliqui
417 325 482 359 dno
515 324 700 358 definitores
732 335 769 357 ex
806 334 940 366 corpore

210 379 453 418 Gallaecorum;
479 379 580 411 altero
612 388 689 410 vero
722 377 861 409 triennio
885 376 942 408 nii-

208 431 312 464 nister
334 430 541 474 provincialis
565 435 596 463 et
619 440 702 462 unus
727 429 880 462 definitor
904 438 940 460 ex

208 494 344 528 corpore
358 484 546 523 sorensium,
565 488 671 516 custos
688 487 718 515 et
736 483 818 515 alter
834 481 941 514 defini-

208 544 260 571 tor
275 549 314 571 ex
331 547 468 580 corpore
485 536 718 572 Gallaecorum‚
736 534 861 577 reliqui,
878 534 940 566 duo

206 590 394 624 definitores
431 600 468 622 ex
502 598 638 632 corpore
670 588 939 629 legionensium,

205 642 441 677 Asturiensium
456 647 489 674 et
507 642 662 675 Castellae
680 640 806 673 Veteris
831 649 942 682 respe-

205 697 287 730 ctive
319 696 505 739 eligantur;
543 694 774 737 guardianatus
809 699 939 732 autem,

204 751 378 783 lectoratus
408 753 440 781 et
472 747 533 780 alia
558 747 663 780 officia
689 746 787 779 totius
812 745 941 788 provin-

205 802 272 835 ciae
307 801 493 845 praedictae
518 801 551 833 in
577 799 712 842 singulis
738 799 884 842 capitulis
910 803 942 830 et

204 853 513 897 congregationibus
531 863 591 896 pro
612 852 725 895 aequis
736 850 940 894 portionibus

202 908 289 941 inter
318 907 418 940 dictas
451 912 515 939 tres
540 912 648 949 partes
681 904 938 943 distribuantur,

204 967 302 1004 atque
323 960 367 993 ita
385 961 424 994 de
450 960 591 993 triennio
609 959 642 992 in
661 957 859 990 triennnium
877 966 942 989 ser-

202 1019 311 1054 vetur,
335 1014 461 1047 servata
491 1018 599 1045 tamen
622 1012 655 1044 in
679 1010 814 1054 reliquis
841 1009 942 1043 omni-

203 1067 266 1100 bus
291 1067 468 1100 canonicae
494 1065 663 1099 electionis
688 1065 803 1097 [orma.

289 1119 321 1152 4.
347 1119 551 1163 Quapropter
567 1118 685 1150 harum
706 1117 790 1150 serie
811 1117 943 1150 manda-

186 1183 277 1213 ,mus
295 1178 327 1206 et
343 1172 486 1205 districte
509 1170 734 1214 praecipimus,
751 1174 783 1202 et
807 1169 942 1211 singulis

204 1225 370 1259 modernis
401 1230 433 1258 et
465 1234 525 1268 pro
559 1229 705 1266 tempore
731 1222 941 1255 existentibus

205 1278 428 1322 superioribus
454 1283 486 1310 et
513 1275 740 1309 commissariis
771 1275 943 1307 visitatori-

200 1323 262 1367 bus
289 1330 474 1374 praedictae
498 1330 692 1372 provinciae,
717 1333 752 1360 ut
776 1328 943 1361 alternati-

205 1394 276 1417 vam
294 1389 332 1417 >et
356 1383 616 1417 distributionem
635 1382 814 1415 officiorum
832 1381 943 1413 huius-

205 1437 292 1470 modi
317 1437 361 1469 sic
385 1446 443 1479 per
466 1441 655 1478 praesentes
685 1446 702 1467 a
726 1434 821 1467 nobis
847 1433 943 1466 stabi-

205 1490 279 1523 litas
305 1489 488 1522 executioni
514 1488 719 1527 demandent,
747 1492 779 1520 et
803 1487 842 1519 ab
867 1486 941 1524 illis,

207 1543 247 1575 ad
267 1553 348 1586 quos
367 1541 535 1585 spectabit,
555 1541 723 1574 observari
741 1540 868 1578 saciant,
883 1540 942 1571 sub

206 1596 322 1639 poenis
353 1595 544 1638 privationis
576 1594 757 1627 officiorum
791 1604 827 1626 ac
859 1593 943 1626 vocis

207 1659 244 1681 ac
258 1649 329 1681 ivae
354 1653 386 1680 et
409 1647 566 1690 passivae,
585 1652 618 1680 et
637 1653 813 1690 perpetuae
830 1646 868 1678 ad
891 1646 944 1678 illa

205 1700 434 1739 inhabilitatis,
454 1710 514 1733 nec
531 1709 596 1732 non
621 1699 775 1733 nullitatis
800 1699 943 1732 omnium

208 1758 336 1785 actuum
349 1753 584 1795 capitularium,
603 1762 683 1795 quos
701 1758 811 1785 contra
825 1762 944 1784 earum-

207 1806 281 1838 dem
317 1805 540 1849 praesentium
583 1805 831 1847 dispositionem
875 1804 943 1836 ficri

208 1859 394 1901 contigerit,
422 1859 561 1901 aliisque
587 1857 721 1890 arbitrio
747 1858 880 1900 praefati
899 1858 944 1889 Al-

209 1912 321 1945 derani
353 1911 498 1955 episcopi
527 1917 559 1943 et
590 1911 764 1943 cardinalis
798 1911 944 1943 moderni

210 1971 242 1998 et
266 1976 325 2008 pro
350 1971 496 2007 tempore
527 1964 692 1997 existentis
717 1964 792 1996 dicti
817 1963 945 1996 Ordinis

205 2018 407 2062 protectoris
438 2017 593 2050 adversus
620 2017 889 2049 contrafacientes
915 2022 946 2049 et

210 2070 469 2104 contradictores
483 2069 680 2111 infligendis.

252 2124 269 2167 ἓ
305 2123 337 2156 5.
376 2122 595 2155 Decerne'ntes
636 2122 785 2155 similiter
819 2123 946 2155 easdem

210 2180 402 2220 praesentes
426 2175 549 2207 litteras
584 2183 712 2216 semper
742 2174 859 2214 firmas,
895 2186 947 2207 va·

211 2229 292 2263 lidas
322 2233 354 2261 et
376 2227 522 2261 efficaces
548 2226 684 2259 existere
707 2233 739 2259 et
766 2228 845 2267 sore,
863 2238 949 2260 suos-

211 2293 273 2325 que
291 2281 454 2324 plenarios
471 2285 503 2313 et
519 2280 665 2323 integros
684 2280 816 2313 effeetus
842 2281 948 2313 sortiri

213 2341 245 2367 et
269 2335 430 2374 obtinere,
456 2344 493 2366 ac
509 2334 584 2372 illis,
606 2333 645 2366 ad
672 2344 753 2376 quos
773 2340 898 2377 spectat
918 2340 949 2367 et

212 2397 272 2429 pr)
307 2393 450 2429 tempore
481 2386 752 2429 quandocumque
778 2386 947 2428 spectabit,

213 2439 246 2471 in
284 2440 433 2472 omnibus
467 2445 498 2472 et
528 2449 587 2481 per
618 2439 726 2471 omnia
760 2439 948 2482 plenissime

214 2490 283 2524 suff.
294 2493 393 2533 agari,
420 2498 452 2525 et
476 2491 514 2524 ab
540 2491 585 2524 eis
610 2492 791 2534 respective
817 2492 950 2525 inviola-

215 2545 324 2578 biliter
347 2544 530 2584 observari,
556 2545 665 2587 sicque
696 2545 730 2577 in
766 2546 950 2587 praemissis

215 2607 276 2641 per
299 2607 518 2640 quoscumque
550 2598 673 2630 indices
706 2598 888 2631 ordinarios
919 2604 951 2632 et

310 2660 387 2687 Ball.
408 2660 489 2688 Rom.
510 2675 543 2679 —
567 2661 626 2689 l'ol.
647 2661 714 2688 XIX
855 2662 888 2688 74

789 219 1001 246 INNOCENTIUS
1023 221 1054 245 XI
1080 221 1128 245 PP.

1613 207 1677 241 585

985 269 1163 312 delegatos,
1188 269 1285 302 etiam
1311 261 1481 301 causarum
1505 267 1617 311 palatii
1642 277 1718 310 apo-

983 322 1087 354 stolici
1123 322 1286 355 auditores
1305 349 1312 361 ,
1346 321 1480 354 iudicari
1521 326 1553 353 et
1588 320 1717 353 definiri

983 376 1120 414 debere,
1147 385 1183 408 ac
1220 375 1349 407 irritum
1380 380 1411 408 et
1442 375 1540 409 inane
1573 375 1598 406 si
1624 384 1717 407 secus

983 438 1081 470 super
1105 428 1156 460 his
1188 439 1205 460 a
1229 439 1404 472 quoquam,
1435 428 1546 470 quavis
1578 428 1720 460 auetori-

982 485 1059 519 tate,
1082 481 1222 513 scienter
1245 482 1296 514 vel
1321 482 1522 523 ignoranter,
1543 481 1719 523 contigerit

983 533 1146 565 attentari.
1162 533 1231 566 Non
1245 534 1450 566 obstantibus
1469 534 1585 566 litteris
1600 534 1718 567 nostris

982 586 1202 627 praeinsertis,
1230 587 1488 619 ordinationibus
1514 593 1544 619 et
1562 587 1715 620 constitu-

983 638 1125 670 tionibus
1148 640 1345 681 apostolicis,
1365 650 1492 672 necnon
1511 641 1660 672 omnibus
1687 646 1719 673 et

982 690 1118 733 singulis
1134 691 1207 731 illis,
1226 702 1308 734 quae
1329 693 1361 724 in
1376 693 1497 725 eisdem
1519 693 1633 725 litteris
1649 704 1720 726 con-

982 744 1136 776 cessimus
1159 755 1225 777 non
1257 746 1386 778 obstare
1403 773 1410 786 ‚
1435 745 1617 788 ceterisque
1642 757 1719 779 con-

982 796 1090 829 trariis
1115 797 1388 841 quibuscumque.

1025 848 1138 882 Datum
1153 850 1281 889 Romae,
1297 851 1381 893 apud
1398 851 1428 883 S.
1442 851 1582 891 Petrum,
1594 851 1651 883 sub
1669 862 1720 884 an-

983 903 1060 935 nulo
1075 902 1260 943 piscatoris,
1281 903 1332 936 die
1349 914 1389 936 xx
1405 903 1516 946 aprilis
1529 913 1717 943 nnetxxxiv,

983 955 1186 998 pontificatus
1211 957 1314 988 nostri
1340 966 1425 989 anno
1450 967 1520 990 vili.

1019 1016 1078 1044 Dat.
1097 1017 1142 1044 die
1162 1017 1198 1045 ΞΟ
1218 1018 1311 1053 aprilis
1330 1017 1409 1051 1684,
1430 1018 1527 1052 pontif.
1549 1026 1620 1045 anno
1637 1024 1691 1045 riu.

1310 1133 1394 1166 CXL.

983 1202 1159 1241 Statuitur,
1186 1208 1222 1235 ut
1246 1204 1282 1235 in
1306 1204 1474 1246 provencia
1495 1194 1724 1245 ⁶Lugydunensi

1026 1256 1169 1297 fratrum
1218 1256 1486 1298 Conqregyulionis
1530 1256 1723 1289 Gallicanae

1031 1308 1132 1340 Tertii
1157 1308 1292 1341 Ordinis
1316 1310 1423 1340 sancti
1447 1309 1620 1341 Francis-ci
1652 1320 1722 1341 exc-

1027 1362 1181 1404 quutioni
1218 1362 1392 1394 mandetur
1437 1363 1536 1395 Breve
1573 1363 1719 1396 Clemen-

1029 1416 1068 1446 tis
1092 1415 1123 1447 X
1147 1415 1233 1447 circa
1267 1416 1385 1457 fratres
1409 1415 1530 1447 oblim-s
1561 1416 1626 1447 sire
1659 1426 1723 1447 scr-

1028 1467 1179 1500 vientes¹.

1171 1539 1370 1566 Innocentius
1390 1540 1469 1572 Papa
1489 1541 1536 1572 XI,

1123 1585 1158 1611 ad
1174 1585 1307 1611 futuram
1323 1584 1367 1610 rei
1386 1586 1566 1611 memoriam.

1028 1646 1042 1687 ἓ
1067 1646 1097 1677 1.
1122 1646 1245 1679 Dudum
1272 1646 1374 1679 felicis
1400 1646 1635 1679 recordationis
1659 1647 1725 1680 Cle-

986 1707 1076 1729 mens
1094 1697 1150 1730 PP.
1164 1698 1199 1735 X,
1214 1699 1450 1740 praedecessor
1461 1704 1583 1738 noster,
1602 1700 1725 1743 suppli-

986 1751 1168 1784 cationibus
1189 1757 1266 1783 tuuc
1291 1752 1497 1784 existentium
1516 1753 1724 1795 superiorum

985 1803 1255 1845 Congregationis
1280 1804 1464 1837 Gallicanae
1491 1805 1623 1837 [latrum
1650 1806 1726 1838 'scr-

988 1857 1020 1888 tii
1045 1857 1175 1889 Ordinis
1202 1858 1303 1890 sancti
1328 1858 1490 1890 Francisci
1512 1859 1646 1891 nomine
1664 1859 1723 1891 sibi

986 1920 1084 1953 super
1109 1911 1171 1943 hoc
1202 1911 1369 1943 humiliter
1398 1912 1556 1954 porrectis
1589 1912 1726 1944 inclina-

987 1968 1046 2000 tus,
1064 1963 1149 1995 circa
1163 1964 1277 1995 fratres
1302 1964 1437 2003 oblatos,
1460 1975 1515 1996 scu
1538 1965 1725 2004 servientes

987 2026 1022 2047 ac
1048 2016 1160 2048 fratres
1186 2017 1286 2048 laicos
1321 2016 1423 2048 dictae
1456 2016 1725 2059 Congregationis

988 2070 1143 2101 nonnulla
1157 2069 1316 2101 concessit
1329 2074 1360 2101 et
1376 2070 1498 2107 statuit,
1512 2074 1611 2111 prout
1624 2069 1726 2101 conti-

988 2128 1083 2154 netur
1100 2122 1132 2153 in
1157 2122 1257 2164 ipsius
1271 2121 1442 2154 Clementis
1460 2122 1723 2163 praedecessoris

989 2174 1106 2205 litteris
1122 2174 1261 2216 desuper
1275 2174 1305 2205 in
1323 2174 1421 2205 simili
1438 2174 1536 2205 forma
1553 2174 1662 2205 Brevis
1677 2184 1726 2205 ex·

989 2226 1116 2268 peditis,
1143 2227 1263 2258 tenoris
1289 2226 1341 2268 qui
1368 2226 1529 2268 sequitur,
1552 2226 1722 2258 videlicet:

1035 2279 1179 2311 Clemens
1204 2279 1296 2320 Papa
1321 2279 1369 2317 X,
1394 2278 1436 2309 ad
1464 2282 1652 2320 perpetuam
1677 2279 1726 2310 rei

989 2332 1186 2363 meritoriam.
1215 2331 1352 2363 Iniuncti
1377 2330 1485 2369 nobis,
1512 2336 1574 2362 etc.
1590 2329 1612 2362 ⁴².

1024 2393 1118 2420 Datum
1134 2394 1249 2425 Romae,
1266 2392 1336 2427 apud
1350 2392 1375 2418 S.
1389 2392 1502 2418 Mariam
1518 2392 1659 2424 Maiorem,
1675 2391 1725 2418 sub

990 2439 1088 2465 annulo
1101 2438 1252 2471 Piscatoris,
1268 2437 1311 2463 die
1327 2444 1364 2463 xii
1381 2437 1442 2463 maii
1458 2442 1595 2470 MDCLxxu,
1616 2436 1727 2472 pontifi-

991 2487 1066 2509 catus
1085 2481 1171 2509 nostri
1191 2489 1260 2507 anno
1281 2487 1319 2507 111.

1027 2565 1037 2590 1
1058 2562 1122 2588 Vide
1137 2566 1215 2589 etiam
1233 2570 1312 2594 supra
1330 2570 1388 2596 pag.
1407 2561 1456 2587 413
1473 2561 1552 2587 huius
1567 2560 1641 2588 tomi.

1026 2607 1042 2634 ⁶2
1058 2607 1122 2634 Vide
1138 2611 1202 2634 tom.
1219 2613 1292 2641 xviii,
1310 2614 1371 2642 pag.
1389 2606 1439 2632 306
1456 2607 1494 2641 (n.
1512 2605 1560 2640 τ.).

1724 217 1772 243 An.
1791 215 1818 243 C.
1843 214 1909 243 108ss

1748 1654 1812 1674 Brovr·
1824 1653 1917 1675 Clemen-

1735 1683 1760 1701 tis
1773 1680 1790 1701 X
1803 1681 1898 1701 refertur.
