2111 3157
39 230 87 258 aa.
107 210 136 257 (ἱ.
152 228 219 256 1683

222 283 272 316 pro
293 278 448 312 ammalms
464 278 582 312 Ioannis
611 273 695 311 orben
722 284 750 311 et
776 280 893 313 Antonii
915 282 950 311 de

220 325 329 357 Abreo.

259 374 320 405 Una
342 375 429 406 missa
450 376 561 416 privata
583 377 705 416 singulis
727 377 876 408 mensibus
897 387 949 418 pro

220 423 316 453 anima
338 423 481 456 Antoniae
503 425 716 456 Christallinae.

260 471 319 502 Una
342 472 429 503 missa
452 473 563 512 privata
579 474 701 513 singulis
722 474 873 504 mensibus
896 483 947 513 pro

220 520 315 549 anima
337 520 483 551 Francisci
506 521 598 552 Pauli.

259 568 319 598 Una
342 569 428 599 missa
450 570 560 609 privata
582 570 704 608 singulis
727 571 874 601 mensibus
896 580 947 610 pro

218 616 316 646 anime
336 617 445 647 domini
466 617 591 657 Philippi
614 618 678 647 Diaz
700 618 866 648 sacerdotis.

257 664 317 694 Una
340 665 426 695 missa
448 665 560 704 privata
583 666 704 704 singulis
726 666 873 696 mensibus
895 676 946 706 pro

217 713 312 742 anima
333 713 442 743 domini
459 714 586 743 doctoris
600 714 796 744 Emmanuelis
812 715 846 744 de
858 714 947 750 Quin-

217 760 256 790 tal
279 760 447 791 sacerdotis.
898 802 901 803 ⁷

255 808 315 838 Una
338 809 424 839 missa
446 809 555 848 privata
578 810 701 848 singulis
724 811 872 841 mensibus
894 820 944 850 pro

215 857 313 886 anima
333 857 440 887 domini
463 858 577 888 loanniS
598 859 711 889 Martini
734 860 903 889 sacerdotis.

254 904 315 934 Una
337 905 424 935 missa
446 905 558 944 privata
580 906 702 944 singulis
724 907 871 936 mensibus
893 916 944 946 pro

214 953 312 982 anima
332 952 445 992 Georgii
467 954 597 984 Peixotto
619 955 653 984 de
675 954 795 985 Guerra.

254 1001 314 1031 Una
336 1002 422 1032 missa
445 1003 555 1042 privata
578 1003 700 1042 singulis
721 1004 870 1034 mensibus
893 1014 943 1044 pro

213 1050 311 1080 anima
331 1051 435 1081 Iuliani
457 1052 571 1090 Georgii
593 1053 764 1092 cappellani.

253 1099 314 1129 Una
335 1099 421 1129 missa
445 1100 555 1139 privata
578 1101 699 1139 singulis
721 1102 869 1131 mensibus
892 1111 943 1141 pro

213 1146 311 1176 anima
331 1147 428 1177 Didaci
450 1148 484 1178 de
506 1148 660 1178 villalohos
682 1149 842 1187 Ruttasogo.

252 1196 328 1225 Duae
352 1196 457 1226 missae
489 1192 617 1235 priva'tae
644 1198 766 1236 singulis
794 1198 942 1228 mensibus

213 1252 264 1282 pro
286 1244 381 1273 anima
404 1245 515 1274 Horatii
537 1245 673 1275 Batolhac
697 1246 900 1275 Bononiensis.

251 1290 382 1331 Quinque
405 1293 508 1323 missae
530 1293 658 1332 privatae
680 1294 709 1322 in
733 1298 773 1323 tot
795 1294 941 1324 mensibus

211 1339 333 1377 singulis
345 1340 430 1370 annis
449 1350 500 1379 pro
515 1341 610 1370 anima
627 1341 815 1371 illustrissimi
831 1342 939 1371 domini

211 1387 375 1418 Emanuelis
394 1389 429 1418 de
448 1389 594 1426 Meuere53
619 1390 722 1428 prima,
740 1399 787 1419 xxl
803 1390 871 1419 maii
894 1390 940 1419 die

211 1435 314 1474 obitus3
329 1441 441 1467 ceterae
452 1447 518 1467 vero
531 1447 582 1476 per
593 1438 801 1477 subsequentes
815 1447 937 1468 menses.

248 1484 325 1514 Duae
347 1485 451 1515 missae
473 1486 600 1524 privatae
623 1486 745 1523 singulis
763 1486 859 1524 annis,
883 1496 938 1516 una

210 1543 308 1564 mense
326 1534 453 1572 augusti,
468 1535 556 1564 altera
572 1535 616 1564 die
633 1544 688 1564 xvn
704 1535 874 1573 decembris,
889 1546 939 1574 pro

209 1583 306 1612 anima
327 1583 504 1613 Balthasaris
526 1583 560 1613 de
583 1583 647 1612 Iesu
669 1584 767 1613 Maria.

249 1631 376 1667 Quatuor
398 1631 503 1660 missae
516 1631 642 1670 privatae
658 1632 781 1670 singulis
797 1632 891 1670 annis,
909 1632 937 1662 in

209 1681 311 1710 octava
332 1680 534 1710 defunctorum
557 1689 608 1719 pro
630 1680 727 1709 anim-:t
746 1681 865 1711 Antonii
887 1682 939 1711 Lo-

209 1738 260 1768 pez
280 1728 369 1758 Nabo.

247 1776 375 1812 Quatuor
396 1776 499 1806 missae
521 1775 648 1815 privatae
671 1776 792 1814 singulis
808 1777 892 1806 annis
908 1777 935 1806 in

208 1826 309 1854 octava.
335 1824 537 1854 defunctorum
568 1833 620 1863 pro
641 1824 738 1854 animat
760 1824 864 1854 Mariae
886 1825 937 1854 das

208 1873 292 1904 Nives
313 1873 383 1903 dicti
405 1873 523 1903 Antonii
546 1873 654 1903 uxoris.

247 1921 308 1952 Una
331 1922 416 1951 missa
440 1921 550 1960 privata
579 1921 700 1958 singulis
729 1921 813 1951 annis
843 1922 888 1951 die
910 1931 935 1951 iv

208 1969 372 2000 novembris
394 1979 444 2009 pro
466 1969 560 1999 anima
583 1969 697 1999 loannis
719 1969 845 1999 Morene.

247 2018 308 2048 Una
332 2018 419 2048 missa
447 2018 557 2056 privata
581 2017 703 2055 singulis
725 2017 808 2047 annis
831 2018 865 2047 ad
887 2019 937 2048 lio-

207 2076 307 2097 norem
335 2067 363 2097 S.
392 2066 573 2096 Elisabethae
600 2066 717 2104 reginae
744 2066 936 2104 Portugalliae

207 2115 237 2144 in
259 2114 320 2144 eius
335 2114 490 2144 festivitate
512 2113 592 2143 iuxta
614 2113 804 2143 intentionem
827 2114 934 2144 domini

207 2162 326 2193 Antonii
347 2161 476 2192 Paraiva.

245 2212 322 2241 Duae
344 2211 448 2240 missae
470 2210 598 2249 privatae
620 2209 741 2247 singulis
763 2210 857 2247 annis,
880 2221 935 2241 una

207 2260 236 2290 S.
259 2259 379 2290 Antonii
401 2259 436 2288 de
457 2258 574 2296 padua,
597 2258 684 2287 altera
708 2258 737 2287 in
760 2259 860 2297 Angeli
883 2259 935 2289 Cu-

207 2309 296 2338 stodis
309 2307 525 2344 festivitatibus,
541 2316 592 2346 pro
603 2307 700 2336 animai
714 2307 822 2337 domini
839 2308 935 2339 Didaci

208 2356 299 2395 Lopez
320 2356 354 2386 de
376 2355 508 2385 Francia.

246 2404 400 2434 Duodecim
423 2404 527 2434 missae
550 2403 677 2442 privatae
709 2403 831 2442 singulis
852 2405 936 2435 annis

207 2453 237 2482 in
259 2462 356 2482 mense
384 2451 570 2488 novembris,
592 2451 758 2490 incipiendo
781 2461 797 2481 a
818 2452 863 2482 die
886 2462 935 2483 xm

208 2504 236 2529 et
256 2499 401 2538 sequendo
422 2508 513 2538 usque
535 2499 569 2527 ad
593 2498 775 2528 festivitatem
791 2499 819 2529 S.
834 2500 936 2530 Catha-

208 2548 287 2577 rinae
308 2547 430 2585 virginis
451 2552 479 2577 et
501 2547 650 2580 martvris,
671 2554 722 2579 nro
737 2547 830 2580 anima
846 2549 936 2581 Auto-

209 2596 251 2637 nii
272 2595 306 2626 de
328 2595 428 2637 Btvar,

808 233 1019 258 INNOCENTtUS
1042 236 1071 258 XI
1098 235 1145 258 PP-

1030 282 1106 312 Duae
1129 282 1232 312 missae
1255 282 1382 321 privatae
1406 281 1528 320 singulis
1550 282 1644 319 annis,
1665 292 1720 312 una

991 330 1019 359 in
1043 331 1256 370 Assumptionis
1278 332 1309 360 B.
1332 331 1437 360 Mariae
1459 331 1608 369 Virginis,
1631 331 1720 361 altera

989 378 1018 408 in
1041 379 1069 409 S.
1094 379 1207 418 losephi
1229 379 1451 417 festivitatibus,
1468 389 1520 418 pro
1539 379 1635 409 anima
1651 379 1720 409 dicti

990 426 1108 456 Antonii
1130 427 1165 457 cle
1186 427 1284 457 Bivar.

1028 474 1098 503 Tres
1120 475 1224 504 missae
1249 475 1376 515 privatae
1395 485 1444 515 pro
1466 475 1601 505 defuncto
1622 476 1720 514 singu-

989 521 1023 550 lis
1045 522 1128 552 annis
1150 522 1197 551 die
1226 531 1273 552 xxx
1301 523 1418 561 martii,
1443 524 1472 553 in
1495 532 1551 562 qua
1574 523 1644 553 obiit
1671 524 1719 554 do-

989 570 1084 599 minus
1106 570 1215 610 Gaspar
1236 571 1270 600 de
1289 571 1421 609 Francia,
1439 572 1515 601 iuxta
1533 572 1611 602 illius
1627 572 1719 603 inten-

988 618 1108 648 tionem.

1026 667 1088 696 Alia
1111 667 1195 696 missa
1213 669 1322 706 privata
1348 668 1470 706 singulis
1492 669 1575 698 annis
1598 669 1626 698 in
1643 673 1718 698 octa-

988 715 1022 743 va
1043 714 1072 743 S.
1096 715 1214 744 Antonii
1236 715 1269 744 de
1286 716 1379 744 Pndua
1397 725 1448 755 pro
1470 716 1564 745 enimn
1589 717 1717 746 eiusdem

987 762 1096 792 domini
1118 762 1254 801 Gasparis
1276 763 1310 792 (le
1334 763 1466 793 Francia.

1026 810 1087 839 Alia
1110 811 1196 840 missa
1221 811 1330 849 privata
1354 811 1475 848 singulis
1497 812 1580 841 annis
1603 812 1631 841 in
1649 813 1717 842 sesto

986 858 1013 887 S.
1047 859 1153 888 Mariae
1191 859 1372 896 Magdalenae
1412 860 1490 888 iuxta
1526 859 1716 890 intentionen.

986 907 1113 936 eiusdem
1136 907 1245 936 domini
1268 907 1413 946 Gasparis,
1431 916 1496 936 cum
1519 907 1629 937 duabus
1651 918 1717 937 can-

985 954 1057 984 delis
1085 955 1215 984 accensis
1251 955 1285 984 acl
1318 956 1395 984 illius
1428 956 1532 989 nltare,
1566 956 1641 994 quod
1674 965 1717 986 ezr.

985 1003 1075 1032 altare
1096 1003 1230 1038 Pietatis‚
1254 1004 1378 1033 durante
1401 1004 1594 1034 celebratione
1619 1005 1717 1034 missa-

986 1060 1061 1080 rum.

1024 1099 1155 1134 Qualibet
1181 1099 1357 1129 hebdomada
1387 1100 1524 1129 recitetur
1551 1110 1606 1130 nna
1630 1107 1713 1131 missa

986 1156 1035 1185 pro
1067 1148 1165 1177 animai
1196 1148 1370 1178 Ferdinandi
1408 1149 1567 1187 Iloclriguez
1598 1149 1715 1179 Botcllio

984 1195 1156 1234 presbvteri.

1023 1244 1092 1273 Item
1106 1245 1232 1283 quolibet
1252 1253 1349 1274 mense
1366 1249 1423 1274 trcs
1436 1244 1539 1274 missae
1556 1254 1607 1284 pro
1619 1246 1716 1275 animz't

982 1292 1124 1321 eiusdem.

1022 1341 1070 1369 nio
1095 1349 1163 1369 xv111
1185 1341 1310 1370 octobris
1326 1341 1420 1370 obitus
1436 1340 1565 1370 ciusdem
1582 1341 1714 1370 sacerdo-

984 1389 1031 1426 tis,
1055 1389 1128 1418 duae
1152 1389 1256 1418 missae
1278 1393 1408 1418 cantatae
1432 1390 1459 1418 in
1483 1389 1692 1419 anniversario.

1232 1446 1332 1473 LtBRo
1352 1446 1460 1473 Tfflizo

1050 1490 1120 1529 deyli
1141 1491 1234 1520 statuti
1256 1490 1325 1519 della
1348 1491 1438 1519 chirsa
1460 1491 1491 1519 erl
1512 1491 1636 1530 ospednle

1229 1540 1256 1568 (Ιὶ
1279 1539 1306 1569 S.
1330 1539 1456 1567 Antonio.

1024 1597 1054 1629 1.
1077 1596 1219 1630 Essendo
1244 1597 1273 1629 la
1298 1596 1457 1639 principal
1483 1607 1558 1629 cura
1574 1597 1625 1630 del
1643 1608 1712 1641 cap-

981 1650 1109 1692 pellano
1135 1649 1193 1682 che
1217 1660 1275 1691 pro
1301 1653 1436 1691 tempore
1468 1660 1557 1682 serve
1588 1649 1712 1693 d’ospi-

980 1703 1100 1735 ‹laliere
1127 1702 1157 1735 di
1183 1703 1326 1735 ricevere
1353 1712 1412 1735 eon
1437 1702 1577 1744 benigna
1603 1702 1712 1736 affabi-

980 1755 1034 1788 lita
1060 1755 1066 1787 i
1093 1755 1281 1797 pellegrini,
1307 1759 1431 1787 mentre
1462 1765 1558 1797 sopra
1583 1755 1613 1787 di
1641 1766 1711 1788 esso

979 1808 1003 1839 si
1037 1807 1197 1850 appoggia
1234 1812 1312 1839 tutto
1344 1807 1365 1839 il
1400 1817 1542 1848 governo
1573 1807 1603 1839 (li
1630 1813 1710 1840 tutto

979 1860 1168 1902 l'ospedale,
1190 1870 1222 1891 se
1244 1859 1407 1900 gl'ordina
1424 1859 1484 1891 che
1510 1860 1539 1891 la
1564 1870 1711 1902 persona,

978 1914 1070 1956 quale
1103 1913 1176 1944 avrii
1201 1912 1240 1944 da
1264 1911 1416 1944 esereitar
1448 1913 1489 1944 tal
1515 1912 1636 1952 carica,
1665 1912 1712 1945 sia

979 1965 1008 1998 di
1024 1966 1131 1997 buona
1149 1964 1219 2003 vita,
1235 1963 1384 2003 costumi,
1401 1974 1416 1995 e
1430 1964 1604 2004 caritativa,
1621 1965 1710 1998 aecio

978 2028 1076 2061 possa
1096 2017 1318 2050 intieramente
1341 2017 1521 2049 soddissare
1542 2016 1643 2060 a'pesi
1663 2028 1711 2050 se-

979 2071 1102 2114 guenti.

1022 2124 1052 2155 ΕΖ.
1080 2122 1343 2155 Primierainente
1367 2132 1432 2154 non
1449 2121 1592 2156 ricevera
1616 2124 1711 2166 pelle-

978 2177 1071 2219 grino
1097 2177 1224 2214 alcuno,
1250 2185 1345 2207 senza
1370 2175 1469 2207 haver
1486 2185 1636 2217 espresso
1663 2187 1710 2209 or-

979 2229 1052 2261 dine
1083 2228 1135 2261 del
1165 2232 1404 2270 governatore,
1431 2228 1516 2260 salvo
1541 2228 1711 2262 arrivando

978 2281 1007 2313 di
1035 2286 1144 2321 noue,
1172 2280 1293 2324 perche
1319 2279 1484 2313 nell'altro
1509 2280 1622 2322 giorno
1647 2281 1710 2323 glie

978 2333 1007 2364 la
1032 2332 1170 2374 portare.
1204 2331 1304 2363 Avern
1333 2329 1504 2373 particolar
1527 2331 1710 2365 attenzione

978 2384 1008 2415 (li
1034 2393 1209 2427 preparare
1234 2382 1364 2425 l'aequa
1389 2383 1490 2423 ealda,
1511 2383 1598 2415 aceio
1617 2383 1624 2415 i
1643 2386 1711 2426 pel-

977 2436 1092 2479 legrini
1119 2436 1143 2467 si
1170 2436 1274 2468 larino
1298 2435 1307 2467 i
1333 2435 1420 2478 piedi
1439 2435 1544 2468 subito
1569 2436 1698 2469 arrivati

976 2499 1066 2522 come
1092 2489 1194 2522 anche
1212 2488 1298 2521 ivasi
1319 2498 1334 2521 e
1362 2488 1499 2530 tovaglie
1519 2490 1710 2530 necessarie,

976 2552 991 2573 e
1017 2542 1133 2574 dentre
1159 2546 1205 2573 tre
1231 2540 1337 2583 giorni
1362 2540 1429 2573 sari]
1454 2540 1664 2581 confessarii,
1693 2552 1709 2574 e

976 2594 1178 2628 constandoli
1204 2594 1253 2628 cio
1278 2604 1337 2637 per
1360 2594 1390 2627 le
1416 2593 1529 2626 cedole
1555 2593 1606 2628 del
1632 2604 1709 2627 con-

1613 225 1677 258 470
1723 234 1771 261 An.
1790 235 1819 262 e.
1842 222 1908 263 1633

1753 1603 1848 1628 Crinitum
1863 1609 1877 1624 1.

1751 1630 1872 1650 D·ll'ostiz10
1884 1630 1904 1650 ili

1723 1656 1864 1681 ο-’μυΙΔΙιυι-μ,

1723 1683 1769 1703 suoi
1785 1683 1886 1708 Obbl·gllt.
