2111 3157
13 156 62 183 Αη.
82 152 110 182 C.
129 153 194 180 ¹688

778 151 851 176 INNO
858 151 987 175 CENTWS
1010 152 1039 175 XI
1064 153 1112 175 1⁷1³.

201 200 302 244 piunt,
327 194 413 240 licet,
438 200 463 234 si
489 204 616 243 tempus
640 200 791 243 postulat,
817 199 935 232 dictam

200 253 327 286 veniam
356 252 390 286 in
422 253 512 286 horis
533 252 595 286 diei
625 257 772 285 sumant:
798 251 884 296 quod
909 251 932 284 si

201 305 360 339 ieiunium
384 305 493 345 fuerit,
518 310 590 348 post
607 305 728 338 Nonam
747 305 779 338 in
797 304 934 338 ecclesia

200 357 356 391 submisse
382 357 509 397 dictam,
536 357 596 390 erit
623 357 656 390 in
682 358 854 391 refectorio
881 367 934 390 co-

199 409 408 443 medendum.
434 410 465 443 Si
486 415 602 448 autem,
623 410 677 453 qui
695 410 825 452 eligitur
839 420 933 452 prae-

198 473 273 496 sens
297 473 362 497 non
381 463 489 503 fuerit,
525 474 588 497 non
624 464 656 496 in
694 463 745 496 die
770 463 931 502 lectionis,

198 515 255 549 sed
280 516 410 559 quando
427 516 544 560 accipit
565 516 685 555 sedem,
707 516 740 548 in
757 515 930 548 refectorio

196 569 419 601 manducatur.

238 631 321 655 thv.
341 622 381 665 (⁶)
398 621 569 655 Sciendum
587 626 634 654 est
650 625 766 660 autem,
784 621 869 663 quod
887 631 932 653 re-

194 674 353 708 verendus
376 679 469 718 pater
492 674 680 707 Carthusiae
704 674 826 717 poterit
858 684 929 706 cum

194 727 330 761 consilio
354 727 402 760 sui
427 731 599 760 conventus
617 727 755 759 electum
777 726 930 759 destitue-

194 790 240 820 re,
266 780 291 813 si
312 780 493 813 secundum
516 779 617 812 Deum
649 789 685 812 ex
717 778 824 821 aliqua
849 777 928 810 iusta

193 837 226 866 et
240 831 426 865 rationabili
444 833 539 865 causa
557 831 746 864 iudicaverit
763 830 927 874 expedire.

192 886 230 919 Et
253 886 327 919 ideo
357 884 601 919 confirmatores
626 884 851 917 communibus
877 884 928 916 lit-

193 939 270 972 teris
295 938 415 971 debent
442 947 536 981 quam
561 937 654 970 citius
677 937 844 970 commode
870 947 927 979 po-

191 996 303 1024 terunt
335 990 519 1034 significare
550 990 729 1023 reverendo
761 990 844 1033 patri
871 990 926 1022 hu-

192 1044 330 1077 iusmodi
348 1043 522 1077 electiones
543 1043 687 1086 priorum
706 1053 925 1086 quascumque

191 1107 252 1141 pro
277 1103 423 1140 tempore
437 1106 496 1140 per
513 1106 569 1129 eos
584 1095 652 1128 fieri
669 1096 856 1138 contigerit:
877 1095 926 1128 do-

190 1160 262 1183 mus
280 1154 399 1189 tamen,
416 1149 447 1182 in
466 1159 528 1193 qua
544 1148 622 1181 fient
638 1149 825 1189 electiones,
839 1149 925 1191 prio-

191 1213 259 1236 rem
278 1202 325 1235 sic
341 1202 479 1236 electum
503 1203 680 1245 reprobare
706 1212 769 1234 non
792 1203 922 1234 valebit.

233 1265 306 1289 xtv.
331 1255 432 1288 Porro
458 1255 635 1288 electiones
660 1255 780 1287 debent
812 1256 923 1288 saltem

190 1308 275 1341 intra
295 1308 507 1352 quadraginta
531 1307 598 1340 dies
623 1306 703 1340 fieri.
731 1307 821 1345 Quod
847 1308 872 1340 si
898 1318 925 1340 a·

190 1360 279 1403 liqua
315 1360 428 1393 domus
454 1360 486 1392 in
517 1360 578 1393 lioc
604 1360 701 1392 fuerit
724 1360 924 1399 inobediens,

189 1413 250 1446 nisi
275 1412 419 1455 legitimo
436 1413 669 1456 impedimento
691 1418 875 1453 excusetur,
892 1413 923 1445 in

189 1467 295 1500 futuro
319 1466 462 1510 capitulo
486 1476 625 1510 poenam
650 1466 821 1499 sustinebit
850 1476 925 1499 con-

190 1518 331 1562 dignam.
358 1518 389 1552 Si
419 1529 508 1559 vero,
535 1519 620 1561 quod
645 1519 737 1558 absit,
752 1520 836 1552 ultra
861 1524 924 1552 tres

189 1582 336 1612 menses,
373 1572 457 1604 iusto
494 1572 727 1614 impedimento
763 1577 922 1611 cessante,

189 1630 365 1657 conventus
391 1624 583 1657 electionem
608 1634 671 1657 non
699 1624 810 1657 fecerit
827 1651 834 1664 ,
867 1624 925 1657 eli-

189 1677 287 1720 gendi
318 1681 478 1720 potestate
501 1675 551 1709 'ea
580 1676 648 1709 vice
682 1676 867 1719 privabitur,
894 1682 925 1709 et

188 1729 329 1771 provisio
353 1729 393 1762 de
419 1729 528 1771 priore
561 1728 599 1761 ad
631 1729 844 1761 reverendum
868 1739 925 1772 pa-

191 1787 273 1815 trem
297 1781 487 1815 Carthusiae
513 1782 710 1821 devolvetur,
736 1782 785 1814 vel
811 1782 849 1814 ad
875 1792 924 1814 ca-

189 1834 327 1878 pitulum
351 1835 500 1877 generale
526 1835 592 1876 (“”).

32 1894 178 1944 egentia-m
233 1897 256 1921 1.
282 1888 424 1921 Primum
449 1893 480 1920 et
504 1887 684 1931 principale
714 1888 831 1930 prioris
856 1888 924 1921 offi-

0 1948 83 1975 tmum.
189 1940 274 1974 cium
298 1946 359 1981 est,
383 1950 459 1973 suae
485 1940 585 1983 ipsius
602 1946 633 1973 et
650 1941 795 1974 omnium
820 1941 924 1973 subdi-

223 2003 252 2035 ')
267 2002 422 2030 Ordinatio
444 2002 518 2028 anni
533 2007 685 2029 mncxtvtn:
703 2012 715 2026 α
733 2002 860 2029 Servetur
875 2011 923 2029 an-

188 2046 263 2082 tiqua
281 2047 447 2074 consuetudo
462 2045 570 2073 Ordinis
584 2046 617 2072 de
632 2046 747 2081 petenda
765 2047 854 2073 statim
875 2055 924 2081 per

189 2090 379 2117 conventuales
405 2098 420 2116 a
448 2089 599 2117 reverendo
625 2094 700 2124 patre
719 2091 922 2118 confirmatione

189 2134 250 2161 novi
270 2133 367 2168 prioris
381 2132 470 2167 electi,
485 2136 513 2159 et
531 2142 546 2159 a
562 2133 779 2168 praesidentibus
798 2134 855 2161 eius
871 2135 923 2162 ele-

189 2179 277 2206 ctione
296 2177 466 2210 confirmati,
488 2176 538 2204 sub
562 2179 648 2212 poena
667 2177 843 2206 infirmandae
863 2180 921 2206 ele-

188 2222 286 2250 ctionis
308 2232 332 2249 ι.

224 2267 263 2300 ’·)
288 2266 442 2294 Ordinatio
466 2266 542 2293 anni
564 2272 698 2293 Mncxxm:
725 2275 737 2291 (ι
761 2267 922 2295 Mandamus

188 2310 313 2339 omnibus
332 2310 517 2337 visitatoribus
537 2311 736 2345 provinciarum
756 2311 873 2343 Ordinis,
893 2317 920 2339 ut

189 2358 284 2382 curent
304 2355 331 2382 in
350 2355 461 2389 singulis
485 2354 612 2381 domibus
637 2355 834 2390 provinciarum
859 2366 921 2384 sua-

188 2407 247 2426 rum
263 2398 394 2434 publicari
412 2398 550 2425 decretum
570 2399 602 2425 D.
624 2398 655 2425 N.
675 2398 728 2425 ΡΡ.
744 2399 864 2434 Gregorii
879 2401 920 2427 XV

188 2443 239 2471 sub
253 2443 315 2471 data
329 2443 383 2471 diei
401 2449 472 2470 xxvu
491 2442 651 2477 septembris
665 2451 734 2470 anno
753 2450 858 2471 mncxxu
874 2454 921 2481 pro

978 203 1083 232 torum
1100 200 1195 233 saluti
1221 204 1252 232 et
1275 199 1432 243 profectui
1456 199 1614 243 spirituali
1633 201 1709 233 invi-

977 252 1091 293 gilare,
1111 262 1143 284 se
1161 251 1254 285 simul
1273 258 1305 285 et
1320 252 1479 286 creditum
1497 252 1556 285 sibi
1578 263 1708 295 gregem

976 305 1153 337 secundum
1166 305 1266 337 Deum
1281 310 1312 338 et
1325 306 1506 348 regularem
1520 305 1648 338 Ordinis
1662 306 1694 339 di

975 356 1143 400 sciplinam
1168 363 1201 390 et
1225 358 1358 391 formam
1375 364 1563 391 statutorum
1580 363 1703 391 nostro—

975 420 1043 442 rum
1068 410 1100 442 in
1125 411 1272 443 omnibus
1296 411 1380 444 bene
1405 412 1564 454 dirigere,
1587 412 1707 445 bonum

976 461 1124 494 fratribus
1150 463 1216 495 suis
1237 468 1268 495 et
1283 464 1354 496 aliis
1374 464 1413 497 de
1432 474 1464 497 se
1482 464 1552 507 ipso
1570 465 1601 497 in
1619 465 1706 498 omni

973 513 1088 547 virtute
1103 520 1135 547 et
1147 515 1349 548 observantia
1364 516 1503 558 regulari
1525 519 1706 560 exemplum

973 567 1139 609 praebere,
1158 578 1193 600 se
1210 578 1281 600 cum
1299 568 1362 601 illis
1381 569 1413 601 in
1429 569 1513 602 victu
1532 575 1563 602 et
1578 570 1706 610 vestitu,

973 619 1005 650 in
1023 620 1188 662 sequenda
1204 620 1356 660 Ecclesia,
1376 627 1407 654 et
1427 627 1494 655 toto
1512 627 1574 654 tam
1591 622 1707 657 diurno

974 681 1066 713 quam
1081 678 1239 705 nocturno
1253 673 1367 712 officio,
1383 674 1443 706 nisi
1457 675 1543 707 aliud
1558 675 1708 709 valetudo

972 730 1004 757 et
1028 725 1140 758 domus
1158 727 1291 768 negocia
1310 733 1437 769 cogant,
1454 729 1671 763 conformare.

1016 788 1050 811 11.
1089 779 1209 811 Prioris
1237 785 1284 811 cst
1309 781 1450 812 omnium
1476 781 1536 814 sibi
1562 783 1693 816 subdito

971 841 1041 862 rum
1066 831 1288 865 confessiones
1312 833 1434 873 audire,
1467 839 1521 865 aut
1546 835 1617 867 aliis
1643 836 1697 870 ido

971 884 1040 916 ucis
1076 885 1274 918 committere
1289 912 1296 924 ,
1333 885 1478 919 infirmos
1514 887 1705 930 iniungere,

970 938 1227 975 communicare.
1261 944 1303 972 et-
1327 939 1470 972 defuncti
1507 940 1637 974 missam
1674 942 1705 984 in

970 996 1127 1024 conventu
1164 992 1340 1031 celebrare,
1378 998 1479 1025 totum
1518 995 1706 1036 sepulturae

969 1043 1107 1077 officium
1134 1045 1252 1082 facere,
1272 1045 1450 1088 capitulum
1475 1046 1588 1079 diebus
1614 1047 1705 1080 festis

970 1101 1092 1135 tenere,
1126 1097 1363 1130 hebdomadam
1398 1098 1559 1138 ordinare,
1590 1099 1705 1132 missas

970 1148 1105 1190 singulis
1140 1149 1254 1181 diebus
1293 1149 1324 1181 in
1360 1156 1518 1182 conventu
1552 1151 1705 1184 dicendas

969 1202 1154 1244 disponere,
1180 1202 1339 1235 beneficia
1364 1208 1395 1235 et
1422 1204 1653 1247 eleemosynas,
1675 1211 1705 1238 et

968 1265 1031 1292 eos,
1052 1255 1105 1298 qui
1130 1266 1163 1288 se
1189 1255 1306 1288 nostris
1327 1256 1528 1289 orationibus
1544 1267 1582 1290 ex
1599 1258 1704 1301 aliqua

968 1307 1098 1349 speciali
1125 1310 1217 1339 causa
1243 1310 1560 1349 commendaverunt,
1581 1310 1705 1343 denun-

968 1360 1067 1400 ciare,
1094 1370 1259 1394 sermones
1285 1361 1317 1393 in
1344 1362 1487 1404 capitulo
1502 1363 1619 1404 facere,
1639 1369 1705 1398 aut.

968 1423 1040 1446 cum
1064 1414 1142 1453 vult,
1168 1414 1240 1446 aliis
1261 1414 1474 1447 committere.

1011 1476 1058 1500 111.
1081 1467 1199 1500 Prioris
1226 1472 1274 1500 est
1299 1466 1330 1499 in
1356 1467 1408 1499 die
1429 1467 1548 1500 Natalis
1566 1468 1703 1508 Domini,

967 1519 1020 1552 SS.
1047 1519 1190 1552 Nominis
1215 1520 1298 1559 Iesu,
1331 1519 1457 1553 Coenae
1483 1520 1622 1561 Domini,
1649 1520 1691 1553 Pa

967 1573 1064 1605 schae
1090 1577 1121 1605 et
1146 1572 1363 1612 pentecostes,
1400 1572 1552 1616 Corporis
1575 1574 1705 1614 Christi,

967 1626 997 1659 S.
1018 1626 1180 1659 Brunonis
1205 1627 1307 1669 patris
1333 1627 1446 1666 nostri,
1473 1631 1505 1659 et
1529 1627 1690 1669 professio

968 1679 1016 1711 nis
1040 1679 1247 1718 novitiorum,
1272 1679 1384 1711 missas
1409 1679 1441 1711 in
1467 1684 1628 1712 conventu
1657 1690 1692 1713 ce

967 1731 1104 1771 lebrare,
1131 1737 1163 1764 et
1188 1736 1290 1765 totum
1315 1732 1379 1765 diei
1405 1737 1437 1764 et
1460 1732 1564 1764 noctis
1590 1742 1701 1766 eorum

968 1786 1134 1825 festorum,
1161 1790 1294 1828 excepto
1320 1786 1531 1827 professionis
1558 1786 1621 1825 die,
1639 1787 1690 1819 offi

967 1839 1050 1871 cium
1069 1839 1195 1878 facere,
1215 1849 1304 1881 corp<
1320 1839 1406 1878 ralia,
1429 1844 1534 1871 vestes
1552 1840 1687 1872 sacerdo

967 1893 1056 1932 tales,
1078 1891 1187 1924 altaris
1205 1897 1402 1935 paramenta,
1421 1897 1454 1924 et
1471 1901 1584 1924 cruces
1601 1892 1698 1925 bene·

967 1945 1093 1983 dicere,
1113 1945 1152 1977 ad
1177 1944 1353 1977 lectionem
1374 1945 1554 1977 sacerdotis
1579 1945 1689 1978 hebdo

966 1997 1098 2030 madarii
1113 1997 1377 2031 benedictionem
1396 1998 1520 2041 largiri,
1539 1998 1580 2031 Te
1596 1998 1700 2031 Deum

966 2052 1130 2084 inchoare.

1008 2115 1049 2137 w.
1078 2104 1197 2137 Prioris
1223 2109 1271 2137 est
1295 2104 1459 2137 conversis
1484 2109 1516 2137 et
1540 2104 1611 2137 aliis
1636 2105 1699 2138 fra-⁸

966 2156 1067 2189 tribus
1090 2156 1123 2188 in
1144 2154 1382 2199 superioribus¹
1404 2157 1500 2189 domo
1522 2156 1698 2200 capitulum

965 2215 1086 2248 tenere,
1110 2210 1158 2241 vol
1183 2208 1302 2241 vicario
1325 2214 1381 2241 aut
1405 2209 1458 2242 alii
1476 2209 1595 2243 idoneo
1612 2220 1701 2243 com-

963 2263 1101 2295 mittere.
1128 2262 1264 2294 Eosdem
1289 2261 1384 2294 etiam
1411 2262 1495 2295 circa
1519 2263 1707 2296 orationem'

964 2315 1169 2355 dominicam,
1179 2315 1357 2357 angelicam
1371 2315 1606 2355 salutationem,
1621 2326 1700 2359 sym·

964 2369 1074 2400 bolum
1093 2368 1323 2409 apostolorum,
1343 2368 1543 2410 decalogum,
1567 2378 1700 2411 praece-

963 2425 1016 2462 pta
1042 2419 1211 2458 ecclesiae,
1229 2424 1408 2451 maternam
1427 2418 1615 2460 orationem,
1632 2431 1699 2454 mo-

189 2486 373 2523 conservando
389 2486 499 2522 antiquo
513 2495 561 2513 usu
577 2486 684 2514 Ordinis
702 2488 796 2515 tamin
812 2489 920 2517 institu-
963 2473 1037 2505 dum
1058 2471 1216 2504 serviendi
1235 2471 1342 2504 miSSiS
1359 2472 1501 2515 ΡΓῙἮΠῘΞ»
1519 2477 1551 2505 et
1566 2474 1696 2507 mOdum

189 2530 262 2559 tione
276 2531 394 2567 priorum
409 2539 488 2566 quam
504 2535 655 2558 ceterorum
670 2531 825 2560 officialium
840 2543 866 2560 ω.

280 2586 359 2613 Ruit.
378 2585 461 2614 Rom.
482 2600 516 2606 —
539 2586 598 2613 Vol.
620 2586 694 2614 XIX.
840 2586 885 2614 101

999 2534 1009 2561 t
1032 2533 1131 2561 Forsan
1150 2534 1298 2569 superiori
1316 2534 1352 2569 (R.
1375 2533 1423 2569 T.)-

1609 145 1666 176 &tlt
1718 152 1767 179 An.
1787 152 1815 179 C.
1835 153 1900 180 1688
