2111 3157
0 217 42 244 ltu.
61 215 92 243 C.
108 213 176 241 1689

72 1378 160 1398 asscita·

760 215 971 239 INNOCENTIUS
996 217 1025 240 XI
1051 217 1099 240 PP.

181 272 264 303 vum,
289 272 356 296 non
380 267 486 296 autem
510 273 743 308 suspensivum,
761 264 809 296 vel
834 262 939 309 non-1
958 263 1074 297 sectum
1104 263 1328 308 appellabileS,
1359 268 1623 298 assettamentum
1656 267 1689 299 in

182 315 243 349 nisi
269 316 352 350 sacto
377 317 538 360 deposito,
562 317 627 350 sive
653 317 710 350 sub
731 318 792 350 alia
818 318 915 350 forma

180 379 242 413 per
258 370 371 403 eadem
390 375 507 403 statuta
524 371 722 414 praescripta
741 376 772 403 et
788 371 915 403 deman-

181 421 269 462 data,
311 428 459 463 senator,
496 423 625 466 quando
660 433 725 456 non
766 423 914 456 iudicavit

180 478 344 517 tamquam
368 475 462 508 iudex
487 476 610 518 primae
634 475 816 515 instantiae,
837 481 914 508 tam-

179 537 275 570 quam
299 532 396 570 caput
420 527 598 568 tribunalis,
631 533 663 560 et
694 527 743 560 eui
768 538 826 570 per
851 533 914 560 sta-

179 583 283 611 tutum
308 579 515 612 commissum
542 590 577 613 ac
607 580 787 612 iniunctum
814 586 912 612 estut

177 630 328 664 observet
352 637 446 675 atque
464 632 503 664 ab
521 631 605 665 illis¹
626 631 793 664 observari
820 632 912 665 saciat

178 688 295 716 statuta
319 689 351 716 et
375 684 444 717 iura
468 684 660 720 communia.
686 689 776 726 gerat
801 695 911 717 omnes

176 735 249 769 illas
273 742 396 779 partes,
417 748 496 780 quas
522 737 553 769 in
579 737 732 769 tribunali
756 738 911 771 auditoris

176 787 337 830 Gamerae,
363 790 499 832 aliisque
526 789 739 823 tribunalibus
769 792 911 833 appella-

175 840 298 873 tionum
324 846 355 874 et
379 841 543 874 ulterioris
568 842 737 875 instantiae
755 849 828 884 post
852 843 912 885 pri-

176 904 261 926 mam
275 895 360 937 gerit
376 894 524 927 dominus
538 894 710 927 cardinalis
726 895 910 937 signaturae

174 945 316 979 iustitiae
340 947 521 989 praefectus
543 947 575 979 in
593 948 855 990 recognoscendo
880 954 911 981 et

175 998 372 1032 declarando
396 1009 435 1031 an
454 1009 513 1042 per
529 999 666 1033 iudicem
684 1000 911 1044 appellationis

174 1051 301 1084 admitti
339 1052 387 1084 vel
424 1052 602 1095 respective
638 1052 728 1085 reiici
765 1053 911 1086 debuerit

174 1104 364 1147 appellatio,
390 1104 454 1137 sive
476 1115 516 1137 an
534 1104 594 1137 iste
612 1105 776 1138 moderari
795 1106 844 1138 vel
865 1116 911 1138 re-

173 1157 316 1201 spective
344 1157 547 1200 reintegrare
573 1158 689 1190 debeat
712 1168 801 1190 suam
826 1158 911 1190 iuhi-

172 1209 343 1250 bitionem,
369 1209 494 1253 aliaque
531 1209 648 1243 similia
673 1220 843 1253 peragere,
871 1221 909 1244 eo

172 1263 271 1296 modo
289 1272 352 1306 quo
369 1273 430 1305 per
447 1262 566 1295 dictum
593 1263 790 1296 cardinalem
817 1274 910 1306 prae-

172 1315 291 1348 sectum
315 1314 498 1357 signaturae
531 1315 671 1348 iustitiae
703 1316 907 1358 practicatur.

171 1367 232 1401 Ubi
244 1378 321 1401 vero
338 1373 456 1411 partes,
471 1368 518 1401 vel
534 1378 644 1400 carum
659 1369 770 1408 altera,
787 1369 908 1402 iudicio

171 1420 331 1454 senatoris
357 1429 422 1452 non
447 1420 663 1463 acquiescant,
679 1425 753 1453 tunc
778 1427 909 1454 assetta-

172 1478 315 1506 mentum
346 1477 437 1515 gerat
468 1482 505 1505 ac
535 1472 668 1516 impleat
699 1473 772 1505 illas
802 1479 908 1515 partes

172 1537 272 1570 super
295 1525 493 1569 praemissis,
527 1536 607 1569 quas
633 1526 717 1568 gerit
741 1531 772 1559 et
796 1527 909 1569 implet

172 1581 269 1623 plena
293 1579 459 1621 signatura
483 1578 639 1612 iustitiae.
667 1579 699 1611 ln
735 1580 799 1612 illis
832 1590 908 1612 vero

173 1633 302 1666 casibus
318 1659 325 1671 ,
360 1631 392 1664 in
432 1631 548 1675 quibus
588 1637 720 1665 senator
758 1632 910 1665 iudicavit

173 1691 337 1728 tamquam
364 1684 458 1717 iudex
484 1684 609 1727 primae
640 1685 834 1725 instantiae,
864 1685 910 1718 di-

173 1743 262 1771 recte
287 1748 324 1770 ac
354 1737 539 1770 immediate
571 1738 695 1770 recurri
727 1739 844 1771 debeat
871 1739 909 1771 ad

175 1795 456 1830 assettameutum,
483 1791 569 1834 quod
603 1802 702 1834 super
726 1792 910 1834 praemissis

175 1845 345 1889 provideat
368 1854 404 1877 ae
428 1843 590 1883 rescribat,
610 1844 647 1876 ad
668 1845 827 1877 tollendos
847 1845 912 1877 ina-

175 1907 233 1931 nes
252 1897 404 1930 circuitus
422 1896 515 1939 sequi
533 1897 646 1930 solitos
664 1908 764 1940 super
787 1898 913 1931 electio-

176 1961 216 1984 ne
234 1949 425 1983 consultoris
441 1950 482 1982 ob
500 1950 660 1983 senatoris
684 1950 910 1994 suspicionem,

176 2008 213 2035 ut
236 2003 339 2042 citius,
366 2013 429 2045 quo
454 2001 525 2036 sieri
548 2007 666 2045 potest,
692 2003 830 2046 negocia
854 2009 914 2037 ter-

178 2055 382 2088 minarentur
394 2053 414 2086 ².

222 2107 382 2148 Secundo,
401 2112 444 2148 ut,
461 2118 521 2151 pro
543 2108 760 2144 declaratione
777 2120 832 2142 seu
851 2110 915 2142 ela-

179 2161 257 2195 riori
283 2161 489 2194 obscrvantia
514 2162 582 2194 eius
601 2163 685 2204 quod
712 2168 830 2195 statuta
853 2162 915 2195 iam

181 2214 370 2257 disponunt,
393 2218 500 2246 votum
526 2224 582 2247 seu
606 2215 758 2247 iudicium
784 2221 917 2249 assetta-

182 2267 280 2300 menti
304 2276 404 2309 super
427 2266 611 2310 praemissis
636 2278 707 2300 esse
729 2267 846 2301 debeat
861 2279 918 2302 no-

184 2330 258 2351 vum
283 2324 315 2352 et
339 2319 509 2361 integrum,
535 2320 658 2362 absque
675 2330 713 2352 eo
732 2320 818 2363 quod
839 2321 917 2354 illud

184 2372 389 2416 propalatum
428 2371 524 2404 suerit
559 2371 591 2403 in
627 2372 730 2414 prima
754 2372 918 2413 instantia,

184 2424 325 2467 ideoque
342 2423 374 2456 in
391 2424 543 2467 praefatis
566 2424 680 2465 causis,
699 2435 780 2468 quae
797 2435 863 2458 non
881 2426 920 2459 de

186 2477 235 2509 sui
261 2478 375 2510 natura
399 2477 592 2521 simpliciter
616 2478 655 2510 ad
680 2483 852 2522 utrumque
877 2479 922 2512 es-

225 2548 234 2573 1
259 2546 357 2574 Forsan
373 2548 441 2575 aliis
456 2556 504 2583 pro
519 2547 581 2575 illis
595 2547 738 2582 legendum
755 2548 793 2583 (a.
810 2548 859 2583 Τ.).

223 2587 359 2636 ΞἘΟΓΞΜ
380 2593 575 2620 terminentur
593 2593 630 2627 (R.
646 2592 694 2629 τη).

956 316 1059 360 prima
1084 316 1235 351 instantia
1259 318 1350 350 nullo
1375 323 1467 360 pacto
1492 328 1525 350 se
1551 318 1688 361 ingerat,

956 380 1112 412 suumque
1147 375 1255 403 votum
1289 380 1354 403 non
1387 375 1538 413 praestet,
1563 372 1688 405 etiamsi
1721 379 1725 384 '

956 422 1049 455 iudex
1075 428 1174 466 petat,
1209 423 1268 455 nisi
1295 429 1428 468 utraque
1452 425 1591 467 partium
1617 435 1691 458 con-

955 475 1072 508 sentiat
1107 485 1177 507 cum
1213 477 1458 510 renunciatione
1497 477 1688 522 cuicumque

955 527 1164 570 appellationi
1184 528 1231 561 vel
1254 528 1450 561 restitutioni
1472 530 1503 562 in
1527 530 1687 572 integrum

955 584 987 612 et
1021 580 1209 624 cuicumque
1245 581 1337 614 alteri
1369 583 1535 623 recursui,
1572 584 1690 616 adeout

954 633 1085 675 cupiant
1110 639 1217 676 partes
1236 633 1268 665 in
1287 634 1397 666 eadem
1416 636 1516 677 prima
1536 636 1688 669 instantia

953 695 1067 717 causae
1093 696 1164 718 cum
1191 686 1253 718 hoc
1277 692 1350 718 voto
1372 686 1470 719 finem
1496 688 1585 720 dare.

996 737 1103 770 Tertio
1128 738 1228 780 (licet
1262 749 1320 781 per
1349 741 1614 773 constitutionem
1641 742 1686 774 Pii

953 790 1011 823 ΡΙ).
1032 791 1066 822 tv
1081 791 1278 834 disponatur,
1297 793 1392 835 quod,
1411 793 1437 825 si
1463 804 1559 826 unum
1585 805 1620 826 ex
1640 795 1687 827 iu-

953 842 1078 875 dicibus
1095 843 1207 876 Curiae
1225 844 1338 876 abesse
1355 846 1405 877 vel
1423 851 1589 888 aegrotare
1610 857 1686 879 con-

952 896 1075 938 tingat,
1108 901 1161 928 aut
1194 902 1377 939 suspectum
1408 897 1525 938 iurari,
1553 905 1685 932 assetta-

952 954 1095 980 mentum
1121 958 1179 992 per
1203 949 1283 981 alios
1309 954 1372 981 tres
1397 957 1586 992 praesentes
1617 951 1685 984 sieri

952 1000 1077 1043 possit)
1099 1007 1249 1039 attamen,
1267 1002 1340 1044 quia
1362 1002 1427 1034 dari
1454 1008 1559 1045 potest
1583 1014 1684 1044 casus,

952 1053 1037 1096 quod
1062 1053 1326 1096 impedimentum
1348 1055 1395 1087 vel
1421 1055 1560 1098 suspicio
1585 1057 1686 1089 verisi-

952 1111 1042 1138 cetur
1066 1107 1098 1138 iu
1119 1107 1228 1149 aliquo
1253 1117 1288 1139 ex
1308 1107 1419 1149 tribus,
1435 1109 1484 1142 vel
1505 1109 1589 1152 quod
1607 1120 1686 1152 qua-

952 1159 1023 1192 litas
1049 1170 1163 1192 causae
1189 1159 1293 1202 exigat
1305 1159 1322 1199 ¹,
1344 1166 1398 1193 aut
1423 1166 1685 1194 assettamentum

952 1213 1095 1255 plenum,
1115 1218 1146 1245 et
1170 1223 1235 1245 non
1261 1213 1479 1246 constituatur
1495 1215 1610 1248 minori
1629 1226 1687 1247 nu-

951 1275 1038 1297 mero
1065 1270 1224 1307 quatuor:
1250 1265 1369 1298 idcirco
1402 1272 1544 1306 senator,
1571 1268 1610 1300 ad
1632 1278 1685 1300 eo-

951 1318 1096 1350 rumdem
1118 1323 1309 1350 statutorum
1328 1320 1573 1363 praescriptum,
1589 1321 1686 1353 alium

951 1381 1005 1403 scu
1032 1371 1137 1409 alios,
1164 1371 1195 1403 in
1221 1372 1325 1404 locum
1350 1371 1480 1405 illorum
1506 1374 1560 1416 qui
1587 1373 1686 1416 impe-

952 1423 1007 1456 diti
1033 1423 1106 1462 sint,
1121 1423 1299 1466 subrogare
1314 1425 1443 1467 poterit,
1462 1431 1503 1465 et,
1524 1430 1684 1468 quatenus

951 1482 1059 1520 partes
1082 1477 1131 1509 vel
1149 1486 1212 1508 una
1230 1487 1341 1510 eorum
1359 1483 1541 1521 suspectum
1567 1479 1686 1511 babeat

951 1535 1135 1561 senatorem
1150 1530 1181 1561 in
1207 1529 1266 1561 hac
1284 1530 1503 1573 deputatione,
1524 1536 1598 1563 tuuc
1615 1542 1686 1574 sup·

951 1583 1053 1625 plibit
1079 1582 1205 1615 auditor
1229 1582 1441 1616 Sanctissimi.

994 1634 1123 1673 Quat-‚to
1150 1634 1235 1677 quod
1261 1634 1293 1666 in
1330 1635 1435 1668 causis
1471 1636 1684 1669 restitutionis
1721 1644 1816 1665 noenu
1826 1651 1877 1666 src·

952 1687 983 1719 iu
1008 1688 1179 1729 integrum,
1205 1687 1269 1719 sive
1294 1687 1355 1720 ista
1379 1693 1507 1730 petatur
1538 1689 1589 1722 iuc
1594 1674 1767 1722 den-niiiiii'a
1771 1679 1866 1719 ιἰῗιυέ.

952 1745 1010 1778 ter,
1036 1740 1101 1772 sive
1126 1739 1359 1783 piincipalitcr,
1384 1742 1575 1783 pronunci.
1579 1742 1594 1774 i
1620 1753 1684 1775 non

952 1794 1057 1825 valcat
1085 1802 1144 1824 nec
1177 1792 1314 1832 debeat;
1341 1793 1398 1825 sed
1423 1794 1543 1826 servari
1569 1794 1685 1827 debeat

954 1845 984 1877 id
1010 1845 1094 1888 quod
1121 1844 1315 1887 practicatur
1347 1846 1379 1877 in
1410 1846 1562 1879 tribunali
1589 1847 1625 1879 Α.
1652 1848 1683 1880 C.

954 1898 1091 1940 aliisque
1117 1898 1332 1930 tribunalibus
1357 1897 1465 1931 Urbis:
1490 1900 1575 1942 quod
1600 1900 1686 1932 scili·

955 1956 1020 1988 cet,
1057 1950 1111 1982 ubi
1144 1950 1249 1991 agitur
1274 1950 1312 1983 de
1338 1950 1478 1984 decretis
1510 1951 1686 1985 interlocu-

957 2003 1061 2041 toriis,
1088 2013 1122 2035 ac
1147 2002 1218 2035 aliis
1243 2014 1260 2036 a
1285 2002 1402 2046 quibus
1423 2004 1537 2046 reponi
1567 2010 1686 2047 potest,

957 2057 982 2089 si
1007 2056 1100 2088 iudex
1127 2055 1230 2088 credit
1254 2065 1325 2088 esse
1350 2056 1456 2088 locum
1478 2056 1687 2098 restitutioni,

957 2113 1094 2152 reponat
1118 2118 1135 2140 a
1148 2108 1278 2141 decreto
1296 2108 1378 2141 sacto
1395 2109 1427 2141 in
1446 2110 1583 2151 negocio
1601 2110 1689 2153 prin-

958 2163 1073 2205 cipali',
1115 2161 1167 2194 ubi
1206 2171 1282 2194 vero
1317 2161 1423 2204 agitur
1455 2162 1494 2195 de
1519 2163 1690 2196 sententiis

958 2226 1020 2248 non
1047 2213 1306 2257 appellabilibus,
1324 2225 1340 2247 a
1358 2214 1473 2257 quibus
1491 2214 1604 2258 reponi
1625 2226 1691 2248 non

959 2273 1073 2312 potest,
1097 2267 1258 2299 abstineat
1281 2266 1320 2298 ab
1338 2266 1539 2306 executione,
1559 2268 1623 2301 sive
1644 2269 1692 2301 in-

960 2321 1065 2353 firmet
1089 2319 1191 2363 ipsam
1216 2318 1409 2352 sententiam
1432 2319 1546 2353 inillis
1563 2319 1691 2354 casibus

960 2373 992 2406 in
1029 2372 1144 2415 quibus
1168 2371 1329 2404 infirmare
1362 2377 1486 2415 potest;
1513 2377 1545 2405 et
1569 2383 1586 2406 e
1619 2384 1687 2406 con·

961 2436 1071 2463 verso,
1096 2424 1152 2457 ubi
1177 2425 1289 2457 credat
1318 2434 1384 2457 non
1408 2435 1478 2458 esse
1514 2425 1619 2459 locum
1646 2437 1694 2460 re-

963 2478 1131 2517 stitutioni,
1157 2477 1313 2521 procedat
1337 2478 1375 2510 ad
1392 2478 1549 2511 ulteriora
1571 2479 1602 2511 in
1621 2491 1694 2513 exe-

1001 2549 1009 2574 1
1031 2547 1139 2574 Videtur
1153 2547 1295 2581 legendum
1308 2548 1406 2583 esciyat
1417 2552 1447 2576 ut
1458 2551 1693 2578 assellamenlum

960 2593 1080 2627 plenum
1097 2600 1150 2619 non
1164 2593 1365 2626 constituatur,
1381 2596 1432 2619 etc.
1448 2594 1487 2628 (n.
1504 2595 1552 2627 τ.>.

1584 208 1647 242 933
1675 196 1741 246 ain.
1765 218 1793 246 c.
1814 219 1879 247 1689
