2111 3157
28 219 77 248 Aa.
93 217 123 246 G.
143 218 211 248 168⁴

215 267 379 301 muniatur
393 294 400 308 ,
417 273 468 309 ut,
490 269 604 303 relicta
627 269 829 302 solummodo
853 269 946 301 unica

217 320 255 354 ad
279 320 462 355 clericalem
488 321 616 355 domum
640 321 737 354 ianua
761 321 943 361 ordinaria,

215 373 320 406 omnis
345 374 514 417 utriusque
539 374 676 407 familiae
694 374 945 407 domesticorum

214 425 255 459 ad
280 425 415 459 invicem
439 437 585 460 accessus
602 431 762 470 perpetuo
787 426 946 459 discluda-

215 483 286 519 tur,
307 479 396 512 cuius
424 480 472 512 rei
493 480 610 513 melior
643 478 861 512 accomodatio
884 488 944 521 pro

212 531 358 565 locorum
395 532 623 565 constitutione
659 531 861 574 superiorum
898 530 944 562 di-

213 583 367 617 scretioni
391 584 597 628 relinquitur.
615 583 759 626 Denique
783 583 942 616 fenestrae

211 635 433 671 cubiculorum
462 641 494 669 et
517 636 615 669 totius
647 635 762 668 domus
791 635 944 668 sacerdo-

211 688 283 722 talis
305 687 389 721 bene
414 687 528 721 ferreis
562 687 696 721 clathris
720 688 890 720 obseratae
912 692 944 719 et

209 739 352 774 munitae
376 740 459 780 sint,
478 744 590 780 noctu,
607 739 743 773 occlusis
768 739 943 782 diligenter

209 793 350 833 foribus,
369 794 473 827 claves
497 793 535 826 ad
560 792 758 836 superiorem
776 793 942 835 deporten-

208 850 268 885 tur,
285 845 329 879 ita
342 850 378 878 ut
395 855 499 889 neque
520 845 670 886 intrandi,
684 855 789 889 neque
803 845 940 878 exeundi

207 899 274 932 ulla
292 897 418 931 occasio
436 908 473 931 ac
501 898 643 942 suspicio
671 908 741 931 esse
766 898 885 941 possit,
909 903 939 931 et

208 950 254 984 sic
277 955 346 984 tota
370 951 483 984 domus
508 951 540 983 in
566 950 678 984 timore
700 950 772 991 Dei,
798 956 830 984 et
853 951 938 995 apud

206 1003 382 1047 prudentes
405 1002 438 1036 in
462 1003 547 1036 bona
570 1002 794 1036 aestimatione
818 1004 926 1037 stabit.

250 1065 339 1090 Lvui.
356 1055 479 1088 Pariter
492 1056 605 1089 domus
620 1055 812 1088 clericorum
827 1056 938 1098 (etiam

205 1108 260 1142 ubi
284 1108 402 1142 familia
421 1108 540 1141 rustica
564 1119 627 1142 non
653 1110 719 1151 est)
736 1109 857 1152 ubique
874 1115 936 1142 tam

205 1161 238 1195 in
263 1161 425 1205 parochiis
457 1172 552 1205 quam
576 1162 608 1195 in
633 1163 703 1195 loco
730 1162 875 1196 decanali
907 1168 938 1196 et

206 1214 283 1248 alibi
311 1214 356 1248 sic
380 1215 617 1254 accomodetur,
641 1220 676 1247 ut
700 1215 884 1248 sacerdotes
905 1221 937 1249 et

205 1266 313 1300 clerici
338 1276 450 1299 omnes
478 1276 550 1299 cum
574 1266 740 1309 superiore
766 1267 879 1300 domus
903 1268 935 1300 in

205 1328 378 1361 congressu
414 1318 576 1350 communi
614 1318 760 1351 habitare
792 1320 934 1361 possint,

204 1370 316 1403 domus
333 1370 508 1403 universim
523 1370 605 1403 seris
621 1369 722 1403 tectis¹
741 1371 933 1412 muniantur,

204 1427 237 1456 et
258 1423 405 1456 cautelae
440 1422 644 1466 supradictae
679 1423 799 1467 ubique
834 1424 931 1457 adhi-

202 1474 353 1508 beantur.

246 1537 309 1561 le.
342 1526 504 1560 Parochus
535 1528 584 1561 vel
617 1527 828 1561 beneficiatus
861 1529 935 1570 (as-

203 1585 332 1623 sumpto
356 1580 443 1613 socio
469 1580 656 1620 sacerdote,
681 1582 746 1619 vel,
770 1581 833 1613 hoc
857 1581 935 1614 deti-

203 1631 320 1670 ciente,
345 1632 408 1664 alio
435 1631 636 1665 innocentiae
661 1642 737 1664 suae
762 1633 867 1674 teste)
895 1634 934 1666 ad

203 1684 370 1717 minimum
388 1685 488 1717 semel
506 1684 537 1717 in
556 1685 736 1728 septimana
756 1685 863 1718 visitet
880 1687 934 1719 do-

202 1746 289 1769 mum
326 1736 464 1769 familiae
495 1737 634 1769 rusticae
660 1737 769 1779 (quod
799 1737 830 1769 in
863 1739 933 1771 aliis

203 1799 330 1833 quoque
355 1789 551 1822 oeconomiis
568 1790 740 1823 universim
760 1791 935 1824 observan-

204 1842 309 1885 dum),
328 1842 496 1885 videatque
520 1853 596 1875 num
615 1853 660 1883 ea,
679 1853 761 1886 quae
786 1843 816 1875 in
839 1844 933 1877 domo

202 1895 262 1927 sub
286 1897 364 1927 cura
388 1894 582 1934 retinentur,
607 1895 720 1928 illaesa
743 1906 935 1928 conserven-

203 1951 262 1986 tur,
281 1951 313 1979 et
336 1947 419 1979 bene
444 1946 686 1989 expendantur,
704 1951 801 1989 atque
826 1948 935 1980 adver-

203 2004 307 2032 tentes
338 1999 459 2042 aliquid
495 2009 560 2032 non
585 2005 620 2032 ut
644 2005 774 2043 oportet
804 2010 935 2033 conser-

201 2052 266 2084 vari
297 2057 352 2085 aut
376 2052 535 2095 expendi,
566 2052 612 2084 sic
636 2052 819 2094 corrigant,
843 2058 878 2085 ut
902 2053 933 2085 in

202 2110 368 2148 posterum
399 2109 486 2137 recte
517 2109 549 2136 et
572 2104 674 2137 solide
705 2104 812 2137 omnia
835 2105 931 2139 fiant:

200 2157 347 2200 negociis
369 2167 441 2190 cum
467 2156 573 2189 debita
598 2156 770 2199 gravitate,
796 2157 933 2200 imperio

203 2214 235 2242 et
257 2210 414 2242 modestia
439 2209 610 2252 expeditis,
639 2209 678 2241 ad
699 2210 933 2244 sacerdotalem

204 2261 332 2294 domum
356 2265 571 2294 revertentur.

247 2323 297 2347 Lx.
323 2313 413 2352 Quod
437 2314 464 2346 si
489 2323 559 2345 cum
585 2313 719 2352 semina,
743 2313 867 2347 ratione
883 2325 935 2358 pa·

203 2366 331 2398 storalis
356 2365 450 2398 officii
470 2367 519 2399 vel
537 2366 599 2398 alia
619 2366 802 2398 rationabili
829 2369 933 2407 causa,

204 2418 383 2451 necessario
400 2418 598 2461 loquendum
624 2418 730 2458 suerit,
747 2419 779 2450 in
805 2419 933 2452 domum

205 2469 385 2502 clericalem
409 2480 475 2502 non
508 2470 762 2510 intromittatur,
788 2475 821 2503 et
851 2482 933 2513 quae

798 221 1008 246 lNNOCEN'l'IUS
1030 221 1060 245 Xl
1085 221 1131 245 PP.

987 279 1056 301 rum
1078 269 1180 312 gratia
1196 268 1285 312 loqui
1309 268 1498 312 oportuerit,
1516 268 1623 302 clerici
1643 278 1717 312 pau-

987 321 1031 353 cis
1059 331 1130 353 cum
1166 322 1319 364 gravitate
1348 326 1380 354 et
1404 321 1562 354 modestia
1587 321 1619 353 in
1644 322 1715 354 loco

986 373 1107 414 patenti
1132 373 1310 407 absolvant.
1329 373 1372 406 De
1393 379 1500 407 cetero
1517 374 1714 416 superiores,

986 425 1156 458 mulierum
1192 425 1377 466 consortia,
1403 426 1523 470 absque
1547 426 1716 470 dispensa-

986 477 1072 510 tione
1088 505 1096 518 ,
1128 479 1331 512 strictissime
1355 480 1602 522 praescindant,
1626 478 1713 513 omni

986 529 1081 562 etiam
1106 530 1161 573 pio
1185 536 1351 574 praetextu
1376 532 1512 571 excluso,
1530 531 1715 565 mulierum-

985 591 1046 625 que
1069 578 1269 617 visitationes
1286 610 1293 623 ,
1319 590 1408 617 extra
1431 595 1537 617 casum
1562 585 1714 627 gravioris

984 635 1194 677 aegritudinis
1209 663 1216 676 ,
1242 637 1323 669 nulli
1347 647 1488 681 unquam
1513 638 1711 681 permittant.

1026 697 1088 720 in.
1115 688 1155 721 Ut
1178 689 1394 723 ministerium
1423 691 1461 723 ad
1486 701 1541 723 eos
1567 691 1713 730 famulos,

983 740 1035 782 qui
1061 740 1100 773 ad
1126 741 1195 773 dies
1218 741 1300 773 vitae
1325 741 1357 774 in
1383 742 1447 774 hoc
1474 742 1620 775 instituto
1649 753 1715 776 ser-

984 791 1050 824 vire
1074 793 1196 830 volunt,
1221 793 1347 826 felicius
1371 795 1542 833 succedat,
1567 795 1715 838 superio-

982 854 1032 876 res
1058 844 1284 887 providebunt,
1309 850 1344 877 ut
1368 846 1406 878 ad
1435 846 1621 879 huiusmodi
1644 858 1714 880 mu-

982 907 1040 929 nus
1064 897 1195 929 iuvenes
1221 897 1373 940 morigeri
1400 898 1624 941 suscipiantur,
1657 902 1712 943 qui

981 955 1104 983 mature
1136 961 1154 983 a
1178 950 1299 983 mundo
1335 950 1484 984 abstracti
1520 951 1551 984 in
1587 952 1713 986 culinae

980 1002 1162 1035 ministerio
1190 1002 1325 1045 aliisque
1351 1003 1504 1046 operibus
1529 1004 1713 1038 domesticis

980 1055 1079 1097 prebe
1104 1055 1228 1098 aliquot
1252 1055 1344 1088 annis
1369 1055 1587 1097 instruantur;
1613 1057 1712 1091 hosce

981 1109 1117 1142 stimulos
1142 1108 1261 1151 pietate
1286 1109 1447 1151 pollentes
1471 1108 1651 1142 institutum
1672 1111 1711 1142 ad

980 1160 1048 1193 dies
1068 1160 1149 1192 vitae
1167 1170 1264 1193 sanos
1283 1166 1315 1193 et
1336 1165 1467 1203 vegetos
1485 1162 1659 1202 retinebit,
1681 1168 1713 1196 et

979 1212 1088 1245 omnia
1113 1214 1298 1246 necessaria
1316 1212 1394 1257 ipsis
1413 1214 1712 1256 sumministrando,

979 1274 1014 1297 ex
1040 1264 1151 1298 debito
1175 1266 1384 1308 obligationis
1416 1272 1561 1300 amanter
1585 1272 1712 1301 susten-

979 1317 1074 1349 tabit:
1099 1317 1213 1350 iisdem
1238 1317 1449 1351 nihilominus
1475 1324 1563 1352 certa
1586 1330 1710 1354 merces

977 1380 1083 1402 annua
1108 1370 1329 1410 constituetur,
1347 1375 1390 1410 ut,
1408 1371 1493 1414 quod
1514 1372 1598 1404 ultra
1620 1373 1712 1405 vesti-

978 1428 1043 1455 tum
1061 1427 1093 1456 et
1110 1422 1171 1455 alia
1195 1423 1378 1456 necessaria
1392 1423 1508 1456 exinde
1527 1429 1634 1464 restat,
1653 1435 1712 1468 pro

978 1475 1165 1508 eorumdem
1179 1475 1440 1509 substentatione
1454 1486 1471 1508 a
1485 1477 1710 1519 superioribus

977 1528 1009 1560 in
1035 1528 1126 1561 senio
1156 1530 1205 1561 vel
1231 1529 1293 1561 alia
1323 1528 1515 1562 necessitate
1548 1530 1711 1573 expenda-

978 1586 1046 1621 tur,
1072 1581 1259 1624 priusquam
1289 1582 1328 1615 ad
1363 1582 1548 1614 communia
1573 1582 1708 1615 instituti

977 1633 1063 1666 hona
1086 1643 1146 1676 pro
1172 1633 1378 1666 sublevandis
1400 1644 1510 1666 eorum
1536 1635 1710 1668 necessita-

978 1685 1061 1717 tibus
1086 1692 1280 1718 recurratur.
1308 1686 1388 1718 Casu
1414 1696 1504 1726 vero,
1525 1697 1589 1729 quo
1609 1687 1711 1720 iune-

977 1738 1156 1770 cessitatem
1175 1739 1270 1770 talem
1289 1749 1352 1770 non
1371 1738 1555 1779 inciderint,
1574 1739 1604 1771 id
1623 1740 1709 1782 quod

978 1801 1012 1822 ex
1040 1790 1225 1822 huiusmodi
1262 1791 1455 1823 famulorum
1480 1791 1632 1824 mercede
1660 1802 1711 1824 re-

977 1848 1048 1878 stat,
1068 1851 1169 1885 penes
1187 1842 1366 1875 institutum
1391 1843 1543 1883 manebit,
1563 1854 1622 1886 pro
1641 1844 1711 1878 aliis

977 1895 1135 1927 similibus
1159 1896 1382 1928 occasionibus
1406 1896 1666 1939 expendendum.

1020 1957 1094 1980 Lxu.
1122 1947 1338 1989 invigilabant
1355 1958 1482 1991 quoque
1513 1949 1709 1991 superiores,

978 2005 1011 2032 ut
1036 1999 1131 2032 etiam
1158 2000 1255 2032 ceteri
1282 2000 1405 2040 famuli,
1437 2001 1493 2044 qui
1517 2002 1556 2034 ad
1583 2007 1709 2045 tenipus

977 2058 1098 2085 tantum
1113 2052 1300 2091 inserviunt,
1318 2053 1382 2086 sint
1397 2053 1510 2086 fideles
1528 2058 1559 2086 et
1576 2055 1709 2097 experti,

977 2110 1138 2148 quatenus
1156 2105 1216 2137 liae
1237 2105 1363 2137 ratione
1384 2105 1527 2138 debitum
1546 2106 1710 2139 servitium

976 2158 1127 2191 omnibus
1151 2163 1347 2200 praestetur,
1374 2168 1410 2191 ac
1434 2159 1618 2192 necessitati
1645 2160 1711 2192 sin-

977 2212 1126 2253 gulorum
1163 2211 1359 2243 sufficienter
1392 2211 1623 2254 prospiciatur.
1662 2212 1710 2245 Ad

976 2274 1070 2297 omne
1105 2263 1286 2306 periculum
1324 2270 1386 2295 tam
1422 2263 1455 2296 iu
1488 2263 1709 2307 spiritualibus

976 2326 1070 2358 quam
1095 2316 1325 2358 temporalibus
1350 2316 1598 2355 excludendum,
1616 2326 1711 2359 paro-

976 2367 1038 2407 chi,
1064 2367 1229 2410 ceterique
1255 2367 1439 2400 beneficiati
1465 2373 1496 2400 et
1515 2368 1623 2401 clerici
1641 2368 1710 2412 qui-

976 2430 1134 2463 cumque,
1160 2420 1246 2452 circa
1276 2420 1515 2463 susceptionem
1543 2425 1575 2452 et
1598 2421 1709 2453 dimis-

975 2472 1099 2505 sionem
1124 2472 1394 2513 domesticorum,
1419 2473 1642 2516 superioribus
1668 2473 1707 2506 ad

205 2521 331 2554 consilii
356 2526 389 2554 et
412 2521 614 2555 necessitatis
637 2526 668 2554 et
687 2522 799 2555 salutis
818 2523 934 2556 anima·
975 2528 1089 2556 nutum
1114 2524 1397 2566 obtemperabunt.

241 2580 253 2608 ¹
274 2581 316 2607 An
335 2580 413 2609 lectio
431 2585 505 2610 recta
523 2581 624 2609 iudicet
642 2582 726 2610 lector
745 2583 781 2618 (n.
796 2582 835 2617 τ.)

1018 2585 1106 2608 Lx111.
1133 2575 1173 2608 Ut
1198 2575 1260 2609 hoc
1277 2576 1459 2610 institutum
1476 2577 1614 2611 feliciter
1637 2578 1708 2611 sub·
1744 2583 1773 2602 1³⁰
1786 2584 1901 2608 superinn-

1619 210 1678 245 551
1729 220 1777 246 An.
1794 220 1822 247 c.
1842 220 1907 248 1084
