2111 3157
51 198 103 226 Αιι.
115 196 145 224 C.
168 195 234 224 ¹688

70 1933 138 1955 Cnur
154 1934 197 1955 VH.

58 1959 86 1980 De
101 1961 224 1989 coquina-io

43 1986 148 2007 inferioris
189 1987 215 2008 do

43 2018 95 2033 mus.

830 198 905 224 INNO
911 199 1043 223 CENTIUS
1065 199 1096 223 XI
1122 198 1172 223 1³1⁹.

242 244 281 278 ad
299 246 481 286 matutinas,
499 245 606 280 eundo
625 251 655 280 et
672 245 840 281 adeundo
862 248 971 280 lumen

242 297 394 331 habeant.
419 299 495 332 Cum
519 300 653 343 pitantia
677 301 769 333 datur
793 301 973 339 monachis,

241 356 314 394 post
349 352 541 393 prandium,
566 354 653 396 quod
679 358 851 396 superest,
878 353 974 386 debet

241 404 445 446 recolligere.

285 466 328 489 xi.
353 457 565 501 Coquinarius
590 464 644 492 aut
668 456 874 503 dispensator
898 468 973 502 pro-

240 509 356 548 videat,
380 515 414 542 ut
438 511 538 553 panis,
569 512 622 554 qui
658 512 691 544 in
720 512 892 545 refectorio
917 522 973 554 ap-

240 562 380 605 ponitur,
397 564 534 596 mundus
548 564 596 604 sit,
614 564 696 597 idest
714 574 818 607 neque
832 570 971 603 exustus,

240 623 345 656 neque
381 624 537 655 corrosus,
577 625 683 659 neque
723 616 785 648 alia
821 616 972 649 foeditate

239 668 427 707 maculatus,
459 677 519 700 nec
550 667 672 711 aliquid
709 668 849 708 habens,
887 668 972 711 quod

240 719 492 761 abstergendum
517 719 559 752 sit
582 725 635 752 aut
651 720 842 753 radendum.
869 720 970 763 Ipsius

240 776 287 803 est
313 771 407 804 etiam
433 772 602 814 providere
622 778 657 804 ut
676 783 760 811 vasa,
787 773 904 816 quibus
929 773 971 805 ci-

239 824 298 856 bus
324 829 355 856 et
378 829 472 867 potus
498 824 690 865 inseruntur,
709 826 882 868 diligenter
906 827 971 859 lota

239 882 269 908 et
295 877 377 910 bene
403 878 441 910 de
458 878 569 910 subtus
587 884 714 911 extersa
731 880 802 918 sint,
822 889 861 911 ne
883 889 971 911 man-

240 930 315 968 tilia,
331 930 446 972 quibus
461 936 736 974 superponuntur,
754 933 967 964 maculentur.

238 981 382 1025 Scyphos
415 988 447 1015 et
470 994 544 1016 vasa
576 984 698 1016 vinaria
733 989 763 1016 et
787 984 970 1017 cochlearia

238 1035 374 1077 singulis
400 1035 519 1068 festivis
545 1036 658 1069 diebus
678 1037 851 1079 diligenter
875 1037 971 1069 debet

239 1087 404 1128 mundare,
430 1093 462 1120 et
485 1089 655 1131 providere
680 1094 714 1121 ut
743 1090 845 1122 salina
869 1094 900 1123 et
924 1091 969 1122 sal

239 1140 323 1182 quod
337 1141 514 1183 apponitur
531 1142 688 1175 mundum
705 1142 753 1182 sit,
773 1147 804 1174 et
820 1147 854 1174 ut
871 1143 970 1175 exsic-

238 1198 340 1232 cetur,
364 1202 403 1225 ne
429 1194 647 1227 humefactam
668 1194 823 1237 liquefiat.

280 1254 336 1277 ΧΠ.
365 1245 410 1277 Ad
435 1246 536 1289 ipsius
554 1257 681 1289 quoque
700 1257 810 1279 curam
828 1247 968 1290 pertinet

237 1303 272 1329 ut
295 1298 418 1331 cultelli
443 1308 507 1331 non
531 1299 749 1342 eruginentur,
770 1305 800 1331 et
817 1305 851 1332 ut
873 1300 970 1332 liebe-

238 1350 293 1382 tati
307 1356 513 1390 exacuantur,
527 1357 558 1384 et
575 1358 609 1384 ut
626 1353 657 1384 in
672 1352 854 1391 refectorio,
873 1363 970 1395 quan-

239 1403 279 1435 do
297 1403 340 1435 ibi
366 1404 508 1436 comedit
524 1409 710 1443 conventus,
727 1405 834 1437 nullus
851 1405 968 1436 tumul-

238 1462 288 1489 tus
305 1462 359 1489 aut
379 1466 437 1489 vox
455 1457 515 1489 nisi
538 1457 638 1490 solius
655 1457 791 1499 legentis
810 1457 966 1490 audiatur.

279 1519 350 1542 xm.
375 1509 453 1543 Cum
478 1516 582 1543 autem
601 1510 631 1542 in
650 1511 843 1553 quibusdam
868 1511 968 1543 domi-

236 1561 296 1594 bus
321 1567 450 1605 praeter
474 1563 698 1606 coquinarium
723 1564 764 1595 sit
790 1563 885 1595 etiam
909 1564 969 1596 dis-

238 1620 404 1657 pensator,
429 1616 467 1648 ad
492 1626 609 1659 panem
627 1621 658 1648 et
684 1616 793 1648 vinum
812 1621 843 1648 et
863 1616 967 1659 aliqua

238 1668 300 1700 alia
331 1668 548 1711 dispensanda
581 1669 775 1711 deputatus,
802 1678 881 1710 quae
916 1669 966 1701 hic

238 1720 322 1754 dicta
346 1726 420 1753 sunt
451 1721 491 1753 ad
526 1721 750 1764 coquinarium
782 1721 966 1763 pertinere,

237 1772 324 1804 iuxta
348 1773 518 1805 domorum
543 1773 822 1809 consuetudinem.
848 1773 884 1805 ad
912 1784 966 1805 co-

236 1825 419 1868 quinarium
444 1828 495 1859 vel
520 1826 557 1858 ad
595 1826 854 1869 dispensatorem
886 1827 968 1859 rese-

236 1877 338 1909 renda
361 1883 447 1911 sunt.

279 1939 301 1962 1.
327 1929 490 1973 Coquinae
522 1931 667 1965 inferiori
700 1931 850 1964 similiter
884 1942 967 1964 unus

236 1993 252 2015 e
278 1983 431 2015 fratribus
454 1984 650 2027 praesideat,
673 1984 725 2027 qui
745 1984 858 2017 solitos
876 1985 966 2017 cibos

236 2035 386 2068 fratribus
411 2041 583 2079 praeparet
608 2041 640 2070 et
663 2036 846 2079 dispenset,
880 2037 966 2069 horis

235 2089 495 2131 competentibus
531 2089 657 2131 signum
690 2090 821 2132 pulset,
849 2100 866 2122 a
902 2100 966 2132 quo

235 2141 332 2175 etiam
356 2152 485 2185 panem,
503 2142 623 2181 vinum,
643 2144 699 2180 sal,
720 2142 882 2181 cochlear,
898 2153 967 2174 scu-

235 2196 337 2236 tellaS,
363 2195 531 2235 lumbaria,
557 2205 657 2234 acum,
683 2195 771 2227 filum
804 2200 836 2227 et
859 2206 965 2228 ceram

235 2248 274 2281 ad
292 2248 465 2282 cerandum
480 2247 627 2290 accipiat.
645 2247 739 2279 Aliud
755 2252 858 2279 autem
878 2248 967 2290 quid-

234 2300 330 2344 piam,
348 2306 477 2344 praeter
495 2299 713 2343 procuratoris
728 2299 903 2338 licentiam,
921 2301 966 2333 eis

235 2354 310 2387 dare
335 2364 400 2386 non
425 2357 542 2396 potest,
567 2362 627 2384 nec
650 2351 746 2384 etiarn
772 2352 804 2384 in
827 2353 966 2395 coquina

235 2407 369 2439 frustum
393 2405 507 2438 seracii
543 2414 676 2447 ponere.
717 2403 825 2441 Qualia
860 2410 966 2437 autem

235 2459 305 2492 aliis
327 2458 499 2497 ministrat,
521 2457 595 2489 talia
613 2462 716 2489 sumat
736 2462 767 2489 et
787 2457 858 2489 sibi.

279 2521 314 2545 11.
341 2511 421 2543 Dare
446 2510 495 2542 vel
520 2509 677 2552 accipere,
694 2508 734 2541 ab
755 2508 804 2541 his
829 2509 882 2552 qui
910 2510 965 2542 da·

237 2575 306 2601 mus
331 2572 407 2598 suae
444 2573 508 2596 non
534 2571 625 2604 sunt,
651 2562 719 2596 sine
744 2563 963 2606 procuratoris

1015 252 1189 290 praecepto
1224 246 1307 280 nihil
1343 247 1474 280 audeat:
1511 247 1564 290 qui
1599 247 1625 280 si
1663 249 1743 281 sorte

1014 299 1160 340 abfuerit,
1179 304 1209 333 et
1231 300 1339 343 aliqua
1362 300 1491 333 interim
1507 301 1682 333 necessitas
1699 312 1744 333 ac-

1014 352 1136 392 ciderit,
1155 352 1198 385 ita
1215 353 1319 393 saciet,
1338 353 1608 396 quemadmodum
1629 354 1742 397 ipsum,

1014 404 1038 436 si
1064 404 1203 445 adesset,
1229 405 1392 438 facturum
1428 406 1625 446 existimarit,
1651 407 1743 440 rede-

1015 457 1147 500 untique
1173 458 1249 501 quid
1273 463 1303 491 et
1337 459 1500 502 quomodo
1537 459 1640 502 egerit
1663 460 1745 493 indi-

1014 510 1099 542 cabit

1058 571 1105 595 111.
1144 562 1289 595 Fratrum
1322 564 1464 607 aliquem
1497 565 1527 598 in
1572 566 1743 608 coquinam

1014 615 1076 647 nisi
1109 618 1207 648 causa
1238 616 1339 650 iustae
1373 618 1573 651 necessitatis
1599 619 1745 652 introdu-

1014 677 1086 700 cere
1100 678 1165 701 non
1179 674 1295 712 potest,
1312 670 1529 703 introductum
1545 682 1632 711 vero,
1648 677 1745 705 trans-

1014 722 1084 752 acta
1108 721 1313 762 necessitate,
1341 723 1447 755 statim
1473 724 1620 764 emittat,
1645 724 1746 758 invio-

1014 773 1086 813 lato,
1113 779 1266 816 quantum
1287 784 1339 807 res
1357 775 1443 815 sinit,
1467 776 1609 810 silentio.

1057 836 1098 858 Π.
1126 825 1299 859 Ecclesiam
1325 828 1495 867 custodiat,
1522 835 1634 871 portae
1652 841 1746 873 prae-

1013 878 1060 916 sit,
1077 878 1323 911 advenientibus
1338 880 1540 923 respondeat,
1554 882 1745 916 ferramenta

1013 932 1194 963 coumiunia
1231 937 1357 971 servet,
1392 933 1454 965 nisi
1488 933 1599 973 saber,
1628 936 1682 978 qui
1709 947 1745 968 ea

1012 989 1123 1023 servet,
1150 983 1293 1024 all'uerit;
1321 985 1434 1017 domus
1452 990 1482 1018 et
1503 986 1673 1019 universae
1695 998 1746 1019 su-

1012 1037 1184 1079 pellectilis
1209 1047 1319 1070 curam
1345 1044 1446 1079 gerat.
1473 1038 1515 1070 Ex
1541 1039 1655 1081 quibus
1677 1051 1746 1072 om-

1012 1090 1105 1123 nibus
1130 1091 1154 1122 si
1180 1090 1304 1133 aliquid
1337 1091 1529 1134 deperierit,
1562 1098 1743 1135 prostratus

1013 1143 1112 1182 humi,
1138 1154 1227 1176 reum
1245 1154 1278 1176 se
1297 1145 1555 1187 culpabilemque
1578 1146 1741 1180 clamabit.

1012 1196 1097 1228 Haec
1136 1197 1248 1229 eadem
1288 1202 1394 1229 servet
1429 1197 1622 1241 quicumque
1658 1199 1743 1232 vices

1012 1248 1080 1280 eius
1101 1249 1269 1291 exequitur

1054 1311 1083 1333 v.
1108 1301 1141 1333 ln
1160 1300 1274 1334 diebus
1295 1302 1504 1340 solemnibus,
1521 1304 1569 1335 vel
1592 1304 1672 1346 ipse,
1694 1306 1742 1336 vel

1012 1352 1063 1395 qui
1090 1354 1220 1396 supplet
1254 1354 1339 1386 vices
1366 1355 1455 1393 eius,
1494 1356 1743 1388 advenientibus

1012 1405 1049 1436 de
1075 1405 1218 1447 proxima
1243 1405 1317 1437 villa
1341 1406 1423 1438 nihil
1458 1407 1557 1439 habet
1593 1408 1668 1439 dare
1693 1410 1742 1440 vel

1011 1458 1228 1497 commodare,
1251 1459 1311 1490 nisi
1333 1460 1412 1491 sorte
1432 1461 1611 1502 petentium
1638 1471 1745 1493 neces-

1010 1511 1085 1543 sitas
1109 1511 1195 1544 aliud
1229 1512 1415 1554 postularet,
1452 1513 1507 1545 sed
1546 1518 1669 1545 tantum
1710 1520 1744 1546 ut

1010 1563 1164 1595 recedant
1188 1563 1316 1595 iubetur
1334 1564 1544 1606 respondere,
1561 1575 1601 1597 ne
1623 1575 1680 1607 per
1700 1571 1745 1597 ta-

1011 1616 1056 1647 les
1092 1616 1160 1647 dies
1192 1621 1378 1648 assuescant
1415 1616 1674 1659 inquietudinem
1714 1623 1745 1649 ct

1011 1668 1190 1700 molestiam
1209 1669 1313 1701 facere

1052 1730 1095 1752 Vl.
1123 1719 1334 1762 Coquinarius
1368 1721 1503 1754 inferior
1535 1722 1673 1764 primum
1702 1723 1744 1755 si-

1011 1783 1106 1814 gnum
1133 1773 1171 1805 ad
1207 1773 1380 1806 matutinas
1406 1775 1527 1817 pulset,
1561 1775 1743 1817 lampadem

1010 1827 1165 1859 accendat
1195 1827 1228 1859 in
1260 1828 1403 1865 ecelesia,
1437 1828 1522 1860 iuxta
1561 1829 1743 1870 lampadam

1010 1879 1107 1917 sedat,
1133 1878 1277 1911 infirmos
1302 1880 1460 1922 requirat,
1486 1881 1668 1923 hospitibus
1693 1892 1744 1913 re-

1010 1931 1145 1972 ligiosis,
1163 1936 1334 1974 antequam
1353 1933 1468 1974 pulset,
1490 1937 1597 1975 portet
1616 1934 1739 1966 lumen.

1011 1983 1054 2015 Ad
1082 1983 1286 2023 Benedictus,
1320 1987 1454 2016 accensa
1478 1986 1624 2025 candela,
1652 1996 1742 2027 egre-

1009 2036 1124 2075 diatur,
1151 2041 1181 2068 et
1205 2042 1303 2080 ponat
1327 2047 1396 2069 eam
1426 2037 1457 2069 in
1483 2038 1554 2070 loco
1579 2048 1739 2080 congruo,

1009 2093 1041 2120 ut
1067 2089 1181 2121 fratres
1208 2089 1410 2131 egredientes
1436 2091 1545 2123 lumen
1577 2090 1739 2131 habeant,

1009 2145 1040 2173 et
1064 2140 1203 2172 novitius
1229 2151 1298 2173 eam
1319 2142 1482 2183 extinguat

1050 2203 1105 2225 vu.
1140 2193 1352 2235 Coquinarius
1387 2204 1459 2226 cum
1497 2195 1657 2228 extrancis
1693 2197 1732 2228 lo·

1008 2250 1133 2288 quatur,
1160 2255 1230 2278 cum
1255 2246 1406 2278 fratribus
1423 2256 1498 2285 nou,
1520 2247 1581 2279 uisi
1607 2249 1741 2290 accepta

1007 2297 1156 2337 licentiis,
1183 2303 1391 2340 procuratore
1433 2304 1538 2331 tamen
1574 2301 1708 2332 absente
1729 2326 1737 2337 ,

1008 2361 1079 2382 cum
1105 2351 1220 2392 quibus
1244 2351 1391 2389 voluerit,
1416 2357 1524 2393 potest
1549 2352 1657 2394 loqui;
1685 2363 1740 2385 ne-

1007 2403 1084 2434 mini
1119 2408 1227 2445 potest
1266 2403 1341 2435 dare
1382 2403 1542 2436 licentiam
1582 2405 1737 2448 loquendi

1007 2466 1079 2488 cum
1105 2456 1223 2498 aliquo,
1242 2461 1411 2497 praesente
1433 2462 1655 2498 procuratore.
1675 2457 1738 2489 Nec

1007 2509 1114 2546 etiam,
1134 2514 1270 2550 propter
1287 2508 1355 2540 eius
1374 2510 1601 2551 praesentiam,
1620 2510 1735 2553 aliquis

1007 2571 1076 2594 cum
1102 2560 1210 2605 aliquo
1228 2561 1316 2604 loqui
1335 2561 1442 2594 debet.

1643 189 1702 224 891
1751 200 1801 227 An.
1818 200 1846 227 c.
1870 201 1935 228 ¹088
