2111 3157
2 203 50 231 ΑΒ.
70 200 100 229 C.
117 200 184 228 ¹680

455 258 649 281 DECLARATm.

226 299 264 335 (a)
289 297 397 334 Quoties
415 300 505 328 miuus
525 304 589 329 sunt
611 299 737 339 hospites,
753 302 808 329 etc.
825 298 855 329 Si
869 298 921 328 eli—

185 347 227 385 git
248 347 278 376 in
299 347 452 378 refectorio
473 357 539 378 cum
560 347 698 378 fratribus
718 347 810 386 refici,
827 347 920 385 magis

185 395 346 434 laudamus,
370 400 402 426 ut
422 405 508 435 supra
530 396 565 426 ad
587 405 650 435 cap.
672 406 704 426 11.

212 449 308 479 CAPUT
331 449 411 479 LVII.
435 466 469 470 —
492 449 532 478 De
553 449 703 488 artificibus
723 449 890 478 monasterii.

22 508 114 531 Artifices
135 508 176 529 fra·

0 539 36 557 lm
51 542 90 556 non
105 541 127 556 ω
142 541 176 556 ex·
230 503 277 545 (a)
302 502 465 542 Artifices,
493 503 518 535 si
541 507 618 535 sunt
640 502 673 535 in
697 503 914 542 monasterio,

0 563 80 585 iuuant.
98 564 119 582 οι
142 565 258 587 eo-cum
284 555 370 588 omni
394 554 573 587 humilitate
604 559 637 586 et
664 554 844 587 reverentia
873 555 917 587 sa-

0 594 38 608 rum
45 593 109 614 opera
115 593 127 608 a
136 588 175 608 side
208 607 213 612 ,

0 615 56 644 113119
67 617 88 634 et
102 615 175 635 minori
187 613 273 639 ciant
296 607 382 650 ipsas
405 612 505 645 artes,
531 607 557 638 si
583 611 689 639 tamen
713 606 845 639 iusserit
864 607 917 639 ab·

0 643 62 667 ρτυιιο
84 640 175 661 vendan-

0 670 36 688 tur.
185 658 254 691 has.
286 658 375 697 Quod
401 658 425 690 si
460 658 574 700 aliquis
600 668 638 690 ex
674 658 719 691 eis
752 658 917 691 extollitur

184 721 244 753 pro
269 710 401 743 scientia
425 710 501 743 artis
525 720 612 750 suae,
638 720 677 743 eo
701 711 790 753 quod
814 710 917 743 videa-

184 769 236 795 tur
266 763 397 806 aliquod
431 763 577 796 conferre
612 763 830 802 monasterio,
863 762 916 795 hic

183 815 257 848 talis
280 816 434 848 evellatur
458 815 496 847 ab
527 815 596 858 ipsa
630 819 707 854 arte,
742 819 775 847 et
810 815 915 848 denuo

182 877 243 910 per
266 878 336 900 eam
359 877 425 900 non
449 872 600 907 transeat,
621 866 683 899 nisi
702 866 783 899 sorte
808 867 914 899 humi-

182 919 260 952 liato
285 919 314 952 ei
339 919 456 952 iterum
493 919 590 951 abbas
622 918 742 951 iubeat.
781 918 813 951 Si
838 920 915 962 quid

182 981 258 1005 vero
282 982 319 1004 cx
351 971 503 1014 operibus
538 971 695 1004 artificum
728 972 915 1004 venundan-

183 1024 260 1056 dum
284 1029 343 1063 est,
370 1024 501 1056 videant
524 1023 583 1066 ipsi
607 1034 666 1066 per
688 1034 827 1066 quorum
851 1035 916 1056 ma-

182 1086 242 1108 nus
267 1076 472 1118 transigenda
496 1081 579 1115 sunt,
604 1086 644 1108 ne
669 1076 810 1118 aliquam
835 1076 916 1108 frau-

183 1128 256 1161 dem
290 1132 499 1171 praesumant
528 1128 661 1160 inferre.
699 1128 915 1160 Memorentnr

182 1181 325 1213 Ananiae
343 1186 375 1213 et
394 1180 588 1224 Sapphirae‚
608 1191 648 1213 ne
667 1181 749 1213 sorte
767 1186 913 1220 mortem,

183 1243 280 1275 quam
303 1233 350 1266 illi
375 1233 407 1265 in
432 1243 566 1275 corpore
589 1233 806 1275 pertulerunt,
831 1233 915 1264 hanc

182 1285 245 1325 isti,
262 1286 311 1318 vel
328 1294 438 1318 omnes
460 1284 512 1327 qui
534 1285 671 1327 aliquam
702 1284 847 1317 fraudem
874 1285 912 1317 de

181 1337 280 1369 rebus
305 1337 493 1370 monasterii
518 1337 663 1377 fecerint,
683 1336 716 1368 in
736 1338 841 1369 anima
858 1348 915 1380 pa-

182 1389 313 1421 tiantur.
357 1389 392 1421 ln
432 1389 511 1431 ipsis
548 1394 655 1422 autem
695 1389 808 1432 pretiis
848 1399 913 1421 non

181 1441 332 1484 surripiat
351 1441 501 1474 avaritiae
529 1442 670 1481 malum;
697 1441 754 1474 sed
785 1452 915 1484 semper

181 1493 415 1536 aliquantulum
439 1495 531 1527 vilius
553 1495 660 1534 detur,
687 1505 782 1537 quam
808 1505 825 1526 a
850 1504 914 1526 sae-

181 1546 343 1579 cularibus
369 1547 475 1587 datur;
500 1551 534 1579 ut
559 1546 591 1580 in
621 1547 771 1580 omnibus
796 1547 914 1590 glorifi-

181 1604 273 1631 cetur
295 1599 391 1632 Deus.

449 1656 642 1678 nacmnmro.

220 1695 264 1734 (a)
286 1696 413 1735 Artifices
433 1697 456 1726 si
477 1701 540 1725 sunl
562 1698 590 1726 in
614 1698 786 1726 monasterio.
812 1697 914 1727 Horta-

180 1753 247 1774 mur
268 1745 411 1783 praelatos
440 1755 476 1775 ne
504 1746 586 1775 facile
609 1746 737 1775 eximant
759 1756 826 1776 suos
848 1746 914 1775 sub-

179 1792 254 1822 ditos
276 1797 393 1832 propter
415 1802 516 1823 eorum
547 1798 623 1823 artes
650 1803 663 1822 a
687 1794 784 1823 divino
807 1795 911 1829 officio,

180 1849 196 1870 a
218 1841 422 1871 communibus
445 1842 601 1878 exercitiis,
625 1846 653 1871 et
673 1842 796 1871 aliorum
817 1842 914 1871 obser-

180 1889 295 1925 vantia,
320 1890 376 1919 nisi
398 1890 511 1919 animae
534 1890 578 1919 vel
600 1890 729 1928 corporis
751 1890 836 1919 saluti
865 1900 915 1919 ne-

180 1937 339 1967 cessarium
361 1948 424 1967 esse
447 1938 603 1975 duxerint,
627 1939 672 1967 vel
703 1939 797 1977 aliqua
826 1939 914 1968 inter-

179 1985 299 2015 cesserit
326 1986 500 2021 necessitas,
525 1985 560 2015 ob
589 1996 674 2025 quam
707 1987 748 2016 sic
777 1987 913 2025 expedhe

179 2033 383 2064 iudicaverint.
407 2034 483 2063 Nihil
500 2039 595 2064 autem
617 2035 651 2064 de
673 2036 774 2074 quavis
790 2040 863 2071 arte,
884 2036 912 2064 in

179 2083 359 2112 monasterio
381 2083 521 2120 exercita,
546 2083 687 2113 vendetur
708 2083 770 2113 sine
793 2084 913 2122 praelati

179 2130 309 2161 licentia.

218 2188 238 2209 1.
271 2180 393 2210 Illicitae
426 2185 521 2210 autem
549 2181 781 2219 negotiationes,
813 2185 914 2220 utpote

179 2237 283 2265 magna
307 2229 491 2267 proprietatis
513 2229 710 2266 incitamenta,
735 2230 851 2259 omuino
875 2231 915 2259 vi-

179 2280 288 2306 tentur.
312 2276 391 2312 Quod
419 2277 442 2306 si
472 2277 536 2316 quis
558 2277 625 2306 huic
647 2277 715 2306 vitio
737 2278 850 2307 deditus
873 2288 914 2307 re-

180 2325 319 2363 periatur,
336 2329 364 2354 et
379 2334 474 2354 coram
498 2325 626 2363 praelato
648 2335 699 2355 suo
722 2325 765 2355 vel
788 2326 916 2355 visitato-

180 2371 260 2402 ribus
292 2373 322 2402 in
355 2378 420 2403 actu
453 2373 626 2403 visitationis
658 2374 818 2412 (servam,
842 2383 914 2412 quae

179 2428 266 2458 supra
283 2420 317 2449 de
339 2421 550 2460 proprietariis,
574 2430 637 2459 cap.
662 2429 761 2459 xxxin,
785 2431 865 2450 num.
884 2431 912 2459 x,

180 2471 365 2508 statuuntur)
388 2471 538 2500 convictus
555 2471 640 2500 suerit
658 2480 792 2501 exercere
816 2481 866 2510 per
885 2481 915 2501 se

180 2517 225 2546 vel
248 2526 297 2556 per
319 2518 407 2556 alios,
431 2519 507 2558 quod
529 2518 615 2557 absit,
640 2519 806 2549 huiusmodi
828 2529 916 2557 nego-

180 2564 322 2601 tiationes,
346 2566 370 2596 si
392 2567 478 2597 suerit
500 2567 606 2606 abbas,
630 2567 659 2596 in
682 2567 815 2606 proxima
838 2567 915 2598 dieta

768 201 843 227 INNO
849 200 981 226 CENTIUS
1001 201 1032 225 XI
1056 201 1105 225 PP.

1589 190 1654 223 325

963 248 1179 288 suspendatur,
1203 247 1248 278 vel
1279 248 1310 279 in
1344 247 1470 287 capitulo
1496 247 1645 286 generali,
1669 247 1694 276 si

962 306 1097 327 excessus
1118 297 1148 327 id
1170 298 1276 336 exigat,
1293 297 1469 337 deponatur3
1486 296 1510 326 si
1531 300 1626 326 autem
1646 296 1695 326 ab·

961 345 1012 375 bas
1032 346 1169 384 titularis,
1183 346 1271 386 prior,
1289 349 1338 375 aut
1359 345 1495 383 decanuS‚
1511 345 1586 375 ultra
1609 345 1694 385 depo-

960 394 1111 433 sitionem,
1135 395 1324 424 detrudantur
1344 394 1373 424 in
1396 402 1560 430 carcerem3
1583 393 1611 423 in
1636 403 1692 433 quo

960 443 1084 472 maxime
1105 443 1250 472 retinendi
1272 446 1339 472 sunt
1354 441 1488 472 monachi
1509 445 1537 471 et
1558 443 1694 472 commis-

959 490 984 520 si
1007 491 1042 520 de
1063 490 1228 520 huiusmodi
1251 490 1321 519 vitio
1336 490 1476 527 convicti,
1492 499 1550 519 non
1568 489 1693 520 liberan-

958 539 987 568 di
1017 539 1075 568 nisi
1102 539 1137 569 de
1165 548 1308 569 consensu
1336 539 1522 568 definitorum
1545 539 1589 568 vel
1617 539 1692 577 regi-

958 585 1056 616 minis.
1078 586 1223 616 Pecuniae
1245 595 1330 623 vero,
1354 590 1382 615 et
1411 585 1465 614 alia
1493 595 1691 625 quaecumque

957 634 1033 664 bona
1054 634 1084 664 in
1106 634 1281 673 supradictis
1304 634 1547 672 negotiationibus
1568 635 1692 674 acquisi-

958 686 996 720 ta,
1020 683 1205 713 monasteriis
1226 692 1327 713 eorum
1359 682 1547 721 professionis
1573 692 1606 713 eo
1627 683 1690 722 ipso

957 730 1100 770 applicata
1122 734 1308 761 censeantur.

995 788 1026 808 u.
1049 778 1152 808 Nullus
1167 778 1254 808 etiam
1276 778 1380 808 audeat
1394 778 1562 817 imprimere
1578 779 1621 808 vel
1640 779 1691 809 im-

958 827 1043 866 primi
1064 827 1160 857 facere
1181 836 1255 856 nova
1280 836 1330 856 sua
1353 836 1460 866 opera,
1485 827 1530 856 vel
1558 827 1688 866 alterins,

957 876 1013 905 nisi
1035 876 1115 915 prius
1137 875 1257 905 obtenta
1279 875 1397 905 licentia
1420 884 1435 904 a
1457 875 1584 914 capitulo
1606 885 1690 913 gene-

957 924 1021 960 rali,
1045 928 1073 954 et
1087 924 1122 953 ab
1138 924 1202 953 aliis
1218 922 1430 963 superioribus,
1454 932 1486 952 ex
1511 924 1690 962 praescripto

956 971 1031 1001 sacri
1048 971 1167 1002 Concilii
1181 971 1351 1007 'ATridentini
1375 971 1555 1009 aliarumque
1577 976 1691 1010 aposto-

956 1019 1078 1049 licarum
1101 1019 1352 1049 constitutionum.
1385 1018 1438 1054 Qui
1460 1020 1687 1056 contravenerit,

956 1067 1067 1097 carceri
1089 1067 1280 1106 mancipetur,
1300 1067 1423 1097 ulterius
1441 1077 1493 1106 pro
1509 1067 1607 1097 delicti
1622 1077 1691 1106 qua-

955 1115 1036 1145 litate
1058 1114 1174 1152 gravius
1197 1115 1372 1153 puniendus.
1396 1115 1454 1144 Nec
1476 1115 1580 1144 audeat
1612 1117 1691 1154 quis-

955 1172 1041 1201 quam
1063 1172 1151 1192 novos
1174 1163 1263 1192 libros
1285 1163 1314 1192 iu
1337 1163 1546 1193 monasterium
1561 1164 1691 1193 introdu-

955 1220 1039 1247 cere,
1062 1211 1119 1240 nisi
1141 1211 1176 1241 de
1198 1211 1318 1240 licentia
1348 1211 1480 1249 abbatis,
1503 1221 1588 1250 quem
1612 1213 1691 1241 volu-

956 1268 1019 1288 mus
1041 1263 1072 1288 ut
1094 1259 1212 1288 omuino
1235 1259 1400 1288 huiusmodi
1425 1259 1515 1289 libros
1537 1260 1690 1298 diligenter

954 1307 1090 1346 inspiciat
1118 1311 1146 1336 et
1173 1307 1342 1337 consideret⁴
1364 1311 1519 1346 antequam
1542 1308 1689 1337 licentiam

955 1355 1103 1385 concedat.
1117 1354 1363 1385 Contrasacientes
1376 1355 1505 1393 graviter
1517 1356 1688 1395 puniantur,

954 1404 1082 1443 ipsisque
1103 1403 1186 1432 libris
1208 1403 1370 1442 priventur.

1700 199 1748 225 An.
1769 198 1799 226 C.
1816 198 1888 226 teg-o

955 1460 1050 1491 CAPUT
1066 1460 1160 1490 LVIII.
1180 1477 1214 1481 ——
1231 1460 1269 1490 De
1286 1461 1434 1500 disciplina
1455 1462 1689 1500 suscipiendorum

1259 1510 1392 1547 fratrum.

999 1563 1046 1605 (a)
1072 1562 1200 1595 Noviter
1224 1562 1355 1595 veniens
1389 1563 1459 1605 quis
1492 1563 1530 1596 ad
1557 1573 1690 1597 conver·
1719 1572 1884 1599 Quomodorost

955 1616 1088 1656 sionem,
1114 1626 1179 1648 non
1204 1615 1232 1647 ei
1260 1614 1358 1648 sacilIs
1385 1615 1545 1647 tribuatur
1570 1599 1882 1657 ingres-ssl'ssssssdi'ssssfa‘li

1700 1651 1840 1675 novitianum,
1863 1654 1883 1671 et

956 1679 1026 1707 sus,
1054 1668 1108 1700 sed
1141 1667 1224 1700 sicut
1249 1667 1293 1699 ait
1324 1668 1516 1710 Apostolus:
1550 1668 1719 1700 Probata„
1736 1683 1761 1697 eo
1778 1684 1814 1704 „er
1830 1680 1883 1697 mic·-

955 1720 1109 1762 spiritus,
1140 1721 1169 1752 si
1202 1730 1239 1752 etc
1268 1720 1331 1752 Deo
1362 1720 1437 1752 sinc.
1470 1719 1554 1762 Ergo
1584 1720 1608 1752 si
1639 1710 1883 1756 ve-ss‘fssilaudfl'il'fl

956 1773 1046 1804 niens
1071 1772 1325 1815 perseveraverit
1350 1773 1501 1815 pulsanS,
1529 1778 1560 1805 et
1585 1760 1732 1805 illatas¹'''

956 1878 1001 1920 (b)
1020 1882 1091 1920 post
1117 1882 1257 1920 quatuor
1279 1882 1333 1910 aut
1351 1877 1492 1921 quinque
1519 1877 1586 1910 dies
1604 1877 1689 1910 visus

956 1930 1050 1963 suerit
1074 1930 1236 1973 patienter
1272 1935 1424 1973 portare,
1451 1936 1483 1962 et
1516 1930 1689 1973 persistere

956 1983 1105 2025 petitioni
1137 1994 1229 2023 suae,
1254 1988 1415 2015 annuatur
1439 1983 1468 2015 ei
1501 1983 1688 2025 ingressus,

956 2042 987 2068 et
1011 2036 1052 2068 sit
1076 2035 1108 2068 in
1133 2037 1213 2069 cella
1238 2036 1401 2078 hospitum
1424 2035 1534 2078 paucis
1560 2035 1687 2068 diebus,

957 2089 1068 2121 Postea
1092 2088 1134 2120 sit
1159 2088 1190 2120 iu
1216 2089 1296 2120 cella
1319 2087 1522 2127 novitiorum,
1544 2087 1599 2119 ubi
1624 2097 1691 2119 me·-

956 2141 1076 2173 ditetur
1100 2146 1131 2173 et
1155 2141 1326 2173 manducet
1350 2145 1381 2171 et.
1405 2140 1555 2172 dormiat.
1582 2140 1620 2171 Et
1641 2150 1691 2172 se·

956 2195 1028 2226 nior
1052 2193 1080 2226 ei
1112 2193 1183 2225 talis
1216 2194 1404 2235 deputetur,
1438 2192 1490 2234 qui
1524 2197 1617 2234 aptus
1651 2190 1693 2224 sit

956 2247 993 2279 ad
1020 2246 1191 2278 lucrandas
1216 2245 1348 2283 animas,
1375 2250 1402 2276 et
1430 2245 1484 2287 qui
1501 2254 1600 2286 super
1616 2254 1689 2276 eum

956 2299 1088 2332 omniuo
1113 2298 1237 2330 curiose
1255 2297 1412 2337 intendat,
1432 2302 1463 2329 et
1475 2296 1632 2329 sollicitus
1651 2296 1692 2329 sit

957 2352 982 2384 si
1008 2362 1084 2384 vere
1110 2351 1208 2383 Deum
1236 2350 1385 2393 quaerit,
1417 2355 1448 2381 et
1479 2349 1505 2381 si
1532 2349 1691 2382 sollicitus

957 2409 1005 2437 est
1030 2405 1068 2437 ad
1095 2414 1173 2447 opus
1207 2403 1272 2443 Dei,
1310 2403 1348 2435 ad
1385 2401 1616 2442 obedientiam,
1652 2402 1692 2434 ad

956 2457 1142 2501 opprobria.
1170 2456 1399 2489 Praedicentur
1424 2455 1453 2488 ei
1478 2455 1586 2488 omnia
1611 2455 1694 2488 dura

958 2517 988 2544 et
1012 2521 1125 2554 aspera
1149 2520 1207 2553 per
1232 2520 1313 2552 quae
1348 2509 1412 2553 itur
1436 2509 1475 2541 ad
1504 2508 1615 2541 Deum.
1656 2507 1694 2540 Et

957 2563 981 2596 si
1007 2563 1156 2607 promisit
1181 2562 1220 2595 de
1247 2561 1427 2595 stabilitatis
1449 2572 1525 2594 suae
1550 2571 1694 2605 perseve-
