2111 3157
55 238 104 264 An.
120 235 149 261 C.
171 232 238 260 ¹686

838 230 915 256 {NNO
921 229 1052 254 CENTlUS
1072 229 1105 253 xt
1128 228 1178 253 Pr.

247 281 346 315 simos
372 281 487 314 fratres
512 281 549 314 ad
575 280 810 314 Miramolinum
843 279 979 312 destina·

246 334 300 374 vit,
319 340 361 375 ut,
385 335 451 377 ipse
476 334 626 374 Orientis,
646 334 691 366 illi
717 332 898 366 Occidentis
922 342 980 375 po-

247 388 331 431 pulis
356 388 485 421 salubre
511 387 627 419 Christi
643 385 867 429 praedicantes
888 395 979 418 evan-

247 440 376 480 gelium,
389 440 541 472 mundum
560 439 650 481 quasi
665 444 765 471 totum
783 438 821 470 ad
835 442 978 470 sanctam

247 490 344 524 sidem
369 496 602 530 converterent,
625 491 656 523 in
674 501 736 534 qua
759 489 977 523 sollicitudine

246 543 331 576 Ordo
356 549 477 583 noster,
494 550 528 575 ut
552 554 589 575 ex
615 542 863 586 quamplurimis
888 541 980 574 Sum-

247 606 371 629 morum
405 596 595 629 Pontificum
632 595 860 638 diplomatibus
886 604 980 637 appa-

247 654 309 688 ret,
331 658 390 692 per
408 650 618 682 observantes
632 647 865 687 missionariOS,
879 657 896 679 a
913 646 978 679 suis

247 701 435 744 primordiis
466 701 504 733 ad
539 711 640 743 usque
673 710 828 742 praesens
854 704 979 742 tempus

247 753 441 786 mirabiliter
458 752 593 785 ell'ulsit:
613 752 770 794 praedicti
785 751 928 784 muneris
946 751 977 783 in

247 806 415 847 seraphica
440 808 549 838 nostra
579 805 736 847 religione
762 804 980 837 conservatio-

247 859 278 891 ni
304 868 340 891 ae
364 858 501 901 praefati
527 857 670 889 exercitii
697 857 887 889 missionum
913 857 980 889 lau-

247 910 345 943 dabili
359 911 557 943 incremento
568 909 735 942 consulere
744 909 979 949 desiderantes,

246 963 535 996 consultationibus
567 962 754 995 necessariis
769 961 978 1005 praehabitis,

247 1022 370 1050 mature
388 1015 597 1054 decrevimus,
618 1015 672 1047 tibi
692 1015 890 1058 praecipere,
906 1025 981 1058 pro-

247 1075 283 1101 ut
307 1074 418 1102 tenore
443 1068 662 1112 praesentium
688 1078 759 1099 cum
790 1068 904 1100 merito
932 1078 981 1100 sa-

247 1122 361 1156 lutaris
379 1121 585 1155 obedientiae
604 1120 831 1163 praecipimus,
845 1126 888 1160 ut,
904 1126 981 1153 tam-

249 1185 342 1218 quam
364 1174 602 1208 commissarius
634 1173 671 1205 ad
699 1174 902 1216 infrascripta
927 1174 981 1206 de-

248 1229 386 1270 legatus,
403 1238 460 1271 per
477 1226 658 1270 provincias
680 1226 711 1258 in
736 1226 981 1259 ultramontanis

249 1290 423 1322 regnorum
454 1290 489 1312 ae
514 1279 690 1311 insularum
715 1279 888 1322 Hispaniae
909 1290 981 1322 par-

249 1334 332 1366 tibus
364 1339 492 1366 nostrae
517 1332 721 1366 obedientiae
747 1332 907 1365 subiectas
931 1343 981 1365 se-

249 1386 325 1419 dulo
350 1386 536 1425 circumeas,
556 1390 767 1428 sanctumque
793 1384 981 1417 missionum

248 1438 465 1472 ministerium
491 1437 522 1469 in
549 1437 743 1477 civitatibus,
770 1437 847 1470 locis
877 1443 907 1469 et
933 1448 982 1469 ca-

249 1491 350 1523 stellis
375 1490 431 1521 tibi
456 1489 614 1521 benevisis
644 1489 682 1521 de
707 1499 867 1521 consensu
892 1489 983 1521 Ordi-

249 1543 415 1576 nariorum
442 1552 601 1581 exerceas,
628 1553 664 1575 ac
688 1543 872 1585 religiosos⁷
899 1553 981 1585 quos

248 1596 282 1629 in
306 1596 461 1639 praefatis
492 1595 665 1638 provinciis
691 1596 729 1628 ad
756 1606 880 1628 sacrum
906 1595 982 1628 mis-

250 1650 376 1682 sionum
414 1648 602 1681 exercitium
639 1653 670 1681 et
705 1649 982 1682 conservationem

250 1702 382 1735 idoneos
396 1701 567 1744 repereris,
581 1701 619 1733 ad
631 1701 708 1734 illud
723 1702 982 1745 amplectendum

251 1755 417 1788 exhortari
435 1764 634 1797 monereque
660 1765 765 1793 cures,
791 1760 822 1787 et
847 1765 910 1794 eos,
929 1756 981 1798 qui

251 1807 358 1840 divina
382 1807 561 1850 inspirante
588 1806 689 1849 gratia
714 1811 828 1849 sponte
855 1807 886 1839 in
912 1818 984 1850 par-

251 1866 297 1894 tes
322 1860 482 1893 indiarum
515 1860 562 1892 ire
594 1859 770 1898 voluerint,
793 1860 981 1892 charitative
1002 1862 1005 1883 ¹

250 1913 396 1956 recipias,
419 1924 454 1945 ac
475 1913 513 1945 ad
534 1913 712 1955 praelatum
734 1912 895 1945 laudabile
917 1924 983 1945 mu·
1002 1890 1005 1938 Ι

251 1977 310 1999 nus
336 1967 438 1999 nostri
464 1965 594 1998 nomine
620 1965 781 1998 destinare
814 1966 980 2006 sollicites,

252 2019 439 2062 eisdemque
468 2028 525 2061 per
555 2016 648 2049 suas¹
675 2017 797 2050 litteras
822 2028 920 2050 unum
946 2030 981 2052 ex

252 2072 433 2104 seminariis
465 2081 520 2103 seu
560 2070 708 2111 collegiis
746 2070 778 2102 in
809 2071 982 2114 Hispaniae

251 2130 345 2168 atque
372 2124 531 2157 lndiarum
556 2123 702 2166 partibus
728 2124 845 2155 erectis
872 2130 904 2157 ct
924 2125 983 2157 cri-

252 2177 378 2221 gendis,
406 2176 492 2208 iuxta
518 2181 635 2208 statuta
661 2187 675 2207 a
701 2176 902 2209 sanctissimo
928 2178 982 2210 tlo-

251 2231 339 2264 mino
365 2235 472 2262 nostro
498 2228 685 2261 innocentio
704 2228 741 2260 XI
764 2228 814 2261 die
838 2239 882 2262 vu
907 2231 981 2262 maii

251 2293 428 2318 MDCLxxxw
454 2282 644 2325 approbata,
671 2280 832 2323 assignare
851 2283 981 2324 poteris,

253 2335 378 2380 ipsique
415 2336 446 2368 in
487 2334 566 2367 illud
598 2334 636 2366 ad
661 2334 850 2366 morandum
877 2335 982 2368 statim

252 2388 417 2433 proticisci
442 2393 624 2422 teneantur.
645 2388 692 2427 Et,
712 2398 752 2420 ne
778 2387 808 2420 in
834 2393 896 2420 tam
914 2399 985 2421 san·
1003 2370 1006 2398 Ι

253 2446 305 2475 cto
341 2452 440 2485 opere
473 2441 623 2474 meritum
648 2440 852 2473 obedientiae
878 2441 981 2482 desit,

254 2495 418 2538 omnibus,
445 2494 509 2538 qui,
535 2499 566 2526 ut
593 2494 783 2537 praefertur,
809 2503 843 2526 sc
869 2500 984 2537 sponte

254 2547 441 2587 obtulerint,
460 2553 491 2580 et
515 2547 574 2580 sul)
594 2547 696 2579 forma
713 2546 855 2589 praefata
872 2546 910 2580 ad
928 2547 985 2580 ali-

291 2609 304 2640 1
327 2608 416 2638 Potius
436 2608 493 2645 lege
515 2612 577 2638 luas
597 2609 636 2643 (n.
652 2607 701 2645 12).

1651 215 1710 249 001

1022 278 1107 322 qnod
1141 287 1178 309 ex
1212 274 1395 309 seminariis
1430 273 1605 319 praedietis
1637 273 1757 305 suerint

1022 329 1183 367 destinati,
1202 329 1241 362 ad
1267 328 1414 361 meritum
1440 326 1644 360 obedientiae
1662 326 1768 369 prae?

1021 383 1167 426 cipimus,
1185 388 1220 414 ut
1235 382 1413 426 praefatum
1432 380 1494 414 iter
1512 385 1543 413 et
1556 390 1637 423 opus
1654 389 1755 411 exem-

1021 437 1076 479 plo
1101 435 1332 478 discipulorum
1358 433 1476 468 Christi
1502 433 1640 473 Domini,
1667 432 1756 464 iuxta

1021 490 1258 532 praedictorum
1283 494 1475 522 statutorum
1506 486 1754 531 praescriptum,

1022 542 1136 575 devote
1162 546 1370 584 exequantur,
1389 551 1448 584 pro
1471 546 1558 573 certo
1577 543 1755 582 sperantes,

1023 595 1123 637 quod,
1143 594 1225 627 sicut
1243 595 1275 627 in
1297 595 1408 628 labore
1428 591 1608 626 eosimitati
1626 591 1757 631 suerint,

1023 646 1066 679 ita
1091 652 1123 679 et
1158 647 1188 679 in
1212 646 1358 689 praemio
1384 646 1429 678 eis
1453 645 1673 681 sociabuntur,
1698 653 1758 686 per

1023 699 1234 742 eamdemque
1260 697 1538 737 obedientiam‚ac
1558 697 1618 729 sub
1643 695 1757 739 poenis

1023 751 1054 783 in
1073 752 1260 783 memoratis
1279 750 1404 783 statutis
1427 761 1443 782 a
1464 750 1579 783 Sancta
1603 749 1684 782 Sede
1703 759 1758 791 ap-

1022 804 1167 848 probatis
1185 803 1359 843 contentis,
1380 803 1528 836 omnibus
1542 802 1642 835 nostri
1667 801 1758 835 Ordi-

1023 857 1072 890 nis
1097 856 1259 896 fratribus,
1274 856 1503 899 cuiuscumque
1528 855 1659 897 gradus,
1684 865 1759 887 con-

1024 909 1154 943 ditionis
1180 914 1211 941 et
1234 907 1474 941 reformationis
1498 907 1573 948 sint,
1600 906 1759 951 praecipi-

1025 973 1105 1002 mus,
1131 967 1174 997 ut,
1191 961 1248 994 sub
1274 962 1362 994 nullo
1387 966 1545 1004 pretextu,
1572 960 1678 1003 speeie
1706 965 1760 992 aut

1024 1016 1142 1055 colore,
1161 1025 1197 1047 ae
1211 1014 1268 1047 sub
1286 1015 1373 1047 nulla
1394 1014 1503 1052 forma,
1519 1013 1619 1046 dictos
1634 1013 1758 1054 fratres,

1024 1080 1040 1102 a
1062 1074 1103 1107 te,
1122 1074 1156 1100 ut
1173 1068 1366 1111 praefertur,
1384 1067 1521 1100 selectos
1540 1072 1572 1099 et
1592 1067 1758 1106 admissos,

1025 1122 1199 1161 detineant,
1221 1121 1388 1153 retrahant
1413 1131 1468 1152 seu
1495 1119 1683 1162 impediant,
1705 1118 1761 1151 sed

1025 1174 1130 1217 potius
1156 1183 1209 1206 eos
1233 1173 1337 1205 statim
1357 1173 1533 1212 licentient,
1550 1177 1582 1205 et
1606 1172 1637 1204 in
1663 1172 1761 1204 semi-

1025 1226 1113 1259 naria
1145 1225 1233 1258 abire
1266 1225 1479 1268 permittant,
1505 1236 1564 1268 pro
1598 1235 1659 1267 quo
1696 1230 1760 1256 tam

1025 1279 1176 1312 euntibus
1202 1289 1298 1321 quam
1325 1278 1599 1321 permittentibus,
1624 1277 1761 1310 suaden-

1026 1332 1131 1369 tibus,
1158 1336 1209 1362 aut
1241 1330 1493 1373 cooperantibus
1526 1330 1626 1362 sancti
1658 1329 1760 1361 Patris

1026 1383 1124 1416 nostri
1162 1383 1422 1416 benedictionem
1469 1382 1684 1414 libentissime
1723 1392 1761 1414 ex

1026 1447 1112 1469 nunc
1144 1442 1174 1468 et
1212 1446 1271 1478 pro
1307 1441 1380 1467 tunc
1413 1435 1630 1477 impartimur.
1663 1434 1761 1467 'l'uam

1027 1495 1134 1522 tamen
1160 1488 1390 1521 conscientiam
1416 1497 1585 1520 oneramus
1610 1487 1649 1519 ad
1676 1487 1756 1527 hoc,

1025 1548 1060 1574 ut
1083 1541 1251 1575 sollicitam
1281 1550 1388 1573 curam
1415 1540 1592 1579 adhibeas,
1623 1550 1661 1572 ne
1688 1540 1760 1573 reli-

1027 1595 1107 1638 giosi
1138 1595 1328 1637 incapaces,
1354 1603 1467 1636 parum
1494 1592 1620 1632 idonei,
1644 1593 1693 1625 vel
1726 1592 1758 1624 in

1027 1647 1171 1680 moribus
1189 1647 1273 1689 apud
1299 1656 1371 1678 suas
1396 1645 1574 1688 provincias
1599 1646 1681 1677 male
1707 1655 1760 1677 au-

1027 1701 1163 1740 dientes,
1178 1700 1216 1732 ad
1243 1705 1305 1731 tam
1332 1704 1475 1731 sanetum
1494 1709 1575 1741 opus
1600 1708 1759 1730 assuman—

1028 1758 1096 1793 tur;
1116 1753 1160 1785 sie
1185 1752 1270 1785 enim
1295 1752 1475 1784 animarum
1494 1751 1587 1784 saluti
1615 1753 1759 1784 eonsule-

1028 1813 1085 1846 tur,
1104 1811 1136 1838 ct
1156 1805 1304 1837 fidelibus
1330 1815 1364 1837 ac
1391 1803 1573 1837 infidelibus
1596 1804 1769 1848 scandalo-¹

1027 1870 1096 1891 rum
1130 1858 1254 1891 occasio
1279 1868 1344 1890 non
1370 1857 1682 1889 subministrabitur.
1708 1856 1756 1897 Et,

1027 1923 1066 1945 ne
1091 1911 1224 1955 praefati
1250 1911 1363 1943 fratres
1389 1920 1405 1942 a
1431 1915 1460 1942 te
1486 1909 1604 1949 selecti,
1621 1910 1694 1943 dum
1714 1915 1759 1942 te-

1026 1977 1095 1999 cum
1122 1966 1153 1997 in
1179 1964 1315 2004 itinere,
1342 1973 1378 1995 ac
1410 1968 1499 1995 extra
1523 1963 1661 2004 collegia
1685 1962 1757 1994 mis-

1026 2018 1237 2052 sionariorum
1259 2017 1291 2049 in
1310 2016 1462 2049 exercitio
1487 2016 1675 2049 missionum
1694 2026 1759 2048 mo—

1028 2072 1086 2104 rati
1113 2070 1242 2109 suerint,
1261 2070 1383 2112 absque
1402 2075 1530 2112 pastore
1556 2074 1757 2108 remaneant,

1028 2124 1082 2157 tibi
1108 2123 1336 2167 praecipimus,
1352 2127 1387 2154 ut
1406 2123 1451 2154 eis
1473 2121 1607 2164 praesis,
1626 2121 1757 2165 illisque

1027 2189 1084 2221 per
1100 2176 1316 2210 obedientiam
1331 2175 1537 2217 iniungimus,
1556 2180 1591 2207 ut
1609 2175 1664 2207 tibi
1680 2182 1754 2208 tam-

1026 2241 1120 2273 quam
1145 2239 1202 2261 suo
1227 2238 1303 2261 vero
1323 2238 1358 2260 ac
1379 2227 1524 2270 legitimo
1549 2229 1694 2271 praelato
1709 2227 1758 2261 de·

1027 2285 1133 2325 legato
1154 2281 1186 2313 in
1212 2280 1360 2313 omnibus
1386 2284 1419 2312 et
1443 2290 1501 2322 per
1525 2281 1700 2327 omnimae
1719 2290 1757 2313 eo

1027 2336 1132 2375 modo,
1148 2345 1211 2377 quo
1225 2333 1318 2365 nobis
1333 2333 1606 2376 obtemperarent,
1626 2327 1650 2365 si
1666 2343 1753 2376 prae·

1027 2393 1133 2421 sentes
1166 2397 1333 2425 essemus,
1358 2391 1493 2429 pareant
1525 2392 1556 2419 et
1590 2386 1755 2419 obediant.

1027 2442 1198 2473 Praeterea
1224 2439 1281 2472 tibi
1307 2439 1489 2471 facultatem
1516 2438 1758 2471 transmittendi

1026 2495 1057 2526 in
1083 2492 1229 2536 proprias
1253 2491 1436 2535 provincias
1473 2492 1646 2534 religiosos
1685 2492 1759 2524 illos

1029 2545 1107 2579 tam¹
1126 2551 1273 2588 receptos
1294 2550 1326 2577 et
1344 2539 1378 2577 in
1397 2545 1504 2588 aliquo
1522 2545 1661 2587 collegio
1679 2555 1764 2580 n0n-.

1064 2609 1074 2635 1
1097 2606 1210 2635 Videtur
1228 2607 1371 2643 tegendum
1391 2607 1449 2635 iam
1469 2615 1515 2644 pro
1536 2610 1596 2636 tum
1616 2607 1652 2643 (a.
1674 2606 1723 2638 1.),

1762 225 1810 250 An.
1827 208 1854 251 c.
1879 223 1941 251 test
