2111 3157
0 260 47 287 Αιι.
62 257 90 285 C.
114 256 180 283 ¹03ss

766 251 979 276 {NNOCENTtt'S
1001 251 1032 274 tx't
1057 251 1105 273 Μ’.

191 303 352 343 omnibns,
367 310 450 345 quae
468 302 506 336 ad
528 301 675 344 hospites
690 306 722 334 et
741 305 921 333 moratores

189 357 368 400 respective
393 361 539 398 spectare
566 355 805 397 dignoscuntur,
827 352 921 385 invio-

190 409 333 444 labiliter
367 408 505 451 pareatis
545 413 576 441 et
611 406 787 440 obediatis:
822 406 920 448 idque

190 461 295 505 ipsum
326 461 359 493 in
391 462 462 493 aliis
494 460 620 494 Ordinis
652 458 863 492 conventibus
888 458 919 489 in

190 514 316 556 signum
341 513 539 546 reverentiae
571 512 710 551 faciatis,
736 510 863 554 quando
888 510 920 542 in

192 567 343 601 damnum
354 566 496 599 exercitii
515 566 703 598 missionum
718 575 780 597 non
798 569 919 605 vergat,

190 628 250 654 sen
276 628 347 650 cum
379 617 434 650 illo
467 617 706 660 incompatibile
732 615 840 648 suerit.
866 615 921 648 Ce-

191 677 306 709 terum,
322 670 451 713 quando
469 681 484 702 e
503 668 674 702 seminario
695 679 751 701 seu
766 668 918 710 collegio,

189 723 222 755 in
248 733 311 766 quo
344 723 383 755 de
413 722 532 755 familia
563 733 617 755 seu
649 722 768 764 hospes
801 721 920 759 fueris,

189 775 277 808 exire
303 775 492 814 decreveris,
511 775 616 808 socios
633 785 669 807 ac
686 774 919 813 missionarios,

188 839 269 871 quos
301 828 340 863 ad
372 828 550 870 praefatum
585 827 773 860 missionum
806 837 921 858 munus

187 879 221 913 in
246 880 309 913 illis
334 880 481 923 partibus
507 879 695 920 infidelium,
714 880 746 911 in
764 890 844 922 quas
865 889 920 911 eos

188 932 388 966 necessarios
414 932 605 969 indicaveris
622 938 653 965 et
670 932 770 975 magis
785 931 920 966 idoncos

186 985 375 1026 credideris,
402 988 579 1029 spontanea
603 986 734 1019 illorum
758 985 920 1018 voluntate

187 1038 227 1072 ad
253 1039 284 1071 id
308 1038 462 1082 requisita
486 1039 712 1081 praecedente,
730 1038 768 1071 de
786 1037 920 1070 consilio

186 1091 369 1125 discretorii
395 1092 560 1125 seminarii
598 1091 756 1134 praedicti
783 1091 919 1132 seligere

188 1155 225 1178 ac
251 1150 354 1179 tecum
379 1145 463 1178 terre
488 1145 574 1178 licite
599 1145 734 1178 valebis.
761 1144 791 1177 Si
813 1149 920 1176 autem

188 1197 385 1239 guardianus
402 1207 474 1230 cum
491 1197 604 1231 maiori
630 1202 719 1240 parte
740 1196 920 1229 discretorii

187 1250 257 1291 tibi,
282 1251 385 1294 quoad
412 1250 483 1290 hoc,
498 1249 760 1290 contradixerint,
778 1249 922 1292 superio-

188 1313 258 1336 rem
283 1304 478 1346 generalem,
501 1302 560 1336 sub
581 1303 670 1336 cuius
695 1302 920 1335 iurisdictione

187 1356 369 1399 praefatum
394 1356 605 1390 seminarium
625 1355 729 1396 suerit,
751 1355 921 1389 certiorem

188 1409 297 1451 facies,
317 1420 352 1443 ac
377 1410 488 1442 habito
509 1410 595 1443 illius
613 1419 783 1448 consensu,
804 1414 837 1442 et
856 1418 919 1442 non

188 1462 290 1502 aliter,
316 1462 377 1495 nisi
402 1462 490 1505 prius
515 1463 554 1495 ad
579 1462 611 1495 id
638 1462 813 1504 legitimam
839 1461 921 1494 obti-

186 1514 311 1547 nuisses
325 1514 576 1557 delegationem,
595 1514 791 1557 guardianus
811 1519 843 1546 et
863 1514 921 1546 dis-

187 1567 268 1600 creti
294 1567 354 1600 tuis
384 1567 466 1600 votis
497 1567 705 1610 acquiescere
732 1572 918 1607 teneantur;

188 1620 308 1653 etenim
344 1621 432 1653 nulla
464 1620 544 1653 ratio
569 1620 701 1660 suadet,
729 1620 813 1663 quod
838 1621 892 1652 ille
910 1646 918 1659 ,

187 1672 242 1715 qui
260 1671 498 1705 commissarius
520 1672 709 1705 missionum
731 1672 837 1712 suerit,
860 1673 922 1705 ele-

141 1727 144 1729 ’
187 1725 329 1758 ctionem
354 1726 587 1769 operariorum,
610 1726 696 1758 iuxta
720 1726 865 1758 locorum
891 1730 922 1758 et

187 1783 344 1812 terrarum
368 1779 545 1812 infidelium
562 1778 795 1818 necessitatem,
815 1778 920 1811 facere

186 1841 253 1866 non
278 1831 392 1875 possit.
413 1831 489 1865 Post
506 1832 682 1874 praefatum
697 1831 815 1864 exitum
836 1841 919 1871 vcro,

187 1890 218 1917 et
242 1885 370 1928 quando
397 1895 455 1927 per
474 1884 676 1927 praedictas¹
697 1883 870 1927 Hispaniae
891 1888 922 1916 et

186 1936 350 1971 indiarum
368 1937 549 1980 provincias
565 1937 603 1970 de
622 1947 702 1970 novo
728 1937 918 1978 circumeas,

185 1991 235 2023 vel
265 1990 399 2034 quoties,
424 1997 460 2023 ut
491 1990 708 2033 supradictum
742 1995 813 2031 est,
839 1990 920 2023 alios

187 2043 301 2077 fratres
327 2043 365 2076 ad
399 2043 619 2086 quaerendum
644 2043 722 2076 alios
747 2043 923 2079 missione-

187 2095 261 2136 rios,
288 2105 344 2129 seu
369 2096 476 2139 aliqua
493 2096 629 2139 collegia
654 2096 844 2130 missionum
860 2098 921 2130 eri-

189 2149 295 2191 genda
320 2148 442 2189 mittas,
470 2155 523 2182 aut
548 2150 766 2192 personaliter
790 2160 858 2190 eas,
893 2156 921 2183 te

188 2208 220 2238 et
244 2201 345 2236 dictos
363 2202 477 2236 fratres
493 2205 671 2236 memorata
694 2203 921 2246 superioritate

189 2262 220 2291 et
250 2255 457 2289 facultatibus
495 2254 687 2298 supradictis
718 2256 763 2288 uti
795 2266 832 2288 ac
860 2256 921 2288 srui

188 2318 294 2354 posse,
313 2318 413 2352 aeque
439 2319 475 2341 ac
493 2314 527 2341 ut
544 2318 640 2352 supra
665 2307 841 2342 stabilitum
863 2320 922 2342 ma-

188 2368 255 2403 net,
271 2361 432 2395 sancimus
450 2367 480 2394 et
505 2362 711 2395 declaramus.
730 2362 921 2405 Eisdemque

188 2425 245 2449 vos
272 2422 303 2449 et
327 2425 438 2449 omnes
463 2413 545 2448 alios
572 2414 671 2448 nostri
696 2414 824 2449 Ordinis
849 2425 922 2448 con—

191 2469 373 2503 cionatores
398 2475 429 2502 et
461 2467 685 2508 confessarios,
711 2468 745 2501 in
769 2469 920 2512 praefatis

190 2522 383 2555 missionum
409 2521 554 2563 collegiis
590 2526 650 2554 tam
683 2521 799 2554 erectis
825 2532 920 2565 quam

192 2574 354 2616 erigendis
378 2574 609 2617 incorporatos,
637 2574 777 2617 gaudere
802 2573 920 2608 debere

228 2637 239 2664 ¹
261 2635 332 2663 Edit.
349 2635 430 2663 Main.
446 2636 511 2672 legit
522 2636 685 2672 praedictos
698 2639 734 2672 (tt.
751 2636 801 2672 Τ.).

964 296 1187 337 decernimus‚¹
1202 302 1313 330 sancto
1331 295 1521 328 missionum
1547 294 1639 337 operi
1658 304 1693 326 ac

963 350 1116 384 laudabili
1149 350 1273 383 muneri
1306 350 1395 393 ipsos
1432 348 1464 381 in
1496 348 1590 381 terris
1630 354 1693 380 tam

963 403 1106 436 fidelium
1131 414 1225 447 quam
1250 402 1429 436 infidelium
1451 412 1574 442 vacare,
1586 412 1641 436 seu
1661 402 1694 434 in

963 455 1115 497 praefatis
1146 455 1289 497 collegiis
1322 455 1499 498 applicatos
1528 465 1598 488 esse
1622 465 1694 488 con-

965 508 1082 550 tigerit.
1109 508 1285 551 Nullusque
1315 513 1567 540 memoratorum
1599 508 1695 541 colle-

964 561 1086 603 giorum
1109 562 1306 604 guardianus
1327 561 1386 593 sub
1404 561 1511 603 aliquo
1529 566 1694 604 praetextu

966 619 1050 647 tuum
1077 615 1194 647 exitum
1220 625 1236 647 e
1262 620 1422 647 conventu
1453 624 1508 646 seu
1541 615 1691 657 collegio,

964 672 1016 698 aut
1040 677 1203 709 egressum
1229 677 1245 699 e
1271 667 1351 707 loco,
1377 665 1409 698 in
1434 677 1497 709 quo
1522 667 1694 709 collegium

964 719 1068 759 suerit,
1094 719 1250 762 impedire
1276 724 1470 762 praesumat,
1492 729 1551 752 nec
1575 719 1694 753 socium

963 777 1099 813 gratum,
1117 782 1134 803 a
1152 777 1190 810 te,
1210 777 1320 804 tenore
1335 771 1563 814 praesentium,
1579 772 1696 815 eligen-

963 823 1048 864 dum,
1063 828 1105 862 et,
1119 823 1244 866 quoties
1270 830 1492 866 opportunum
1509 824 1613 865 suerit,
1629 836 1695 858 mu-

964 877 1104 916 tandum,
1123 876 1153 908 in
1180 876 1249 908 aliis
1275 876 1437 908 exercitiis
1463 886 1621 921 occupare
1645 888 1695 910 au·

963 929 1053 969 deat;
1080 929 1135 961 scd
1162 929 1268 961 statim
1285 939 1322 963 ac
1339 928 1377 960 ab
1403 928 1474 972 ipso
1499 929 1696 964 bencdictio-

963 992 1035 1014 nem
1060 986 1170 1024 petas,
1200 987 1229 1014 te
1262 991 1333 1013 cum
1359 982 1524 1024 praedicto
1550 983 1638 1015 socio
1664 983 1698 1016 li-

963 1035 1105 1067 centiare
1135 1040 1293 1075 teneatur,
1318 1040 1353 1067 ut
1383 1036 1428 1067 sic
1458 1041 1546 1068 tuum
1579 1047 1695 1070 munus

965 1093 1026 1120 tam
1050 1088 1081 1120 in
1108 1087 1201 1120 terris
1226 1087 1368 1121 fidelium
1388 1099 1481 1131 quam
1501 1088 1692 1130 infidelium,

964 1145 993 1172 et
1018 1140 1050 1172 in
1075 1140 1162 1173 omni
1194 1145 1308 1173 eventu
1341 1151 1377 1173 ac
1408 1141 1601 1174 necessitate
1627 1141 1698 1175 saci-

964 1193 1023 1226 lius
1049 1199 1080 1226 et
1104 1193 1346 1227 convenientius
1372 1194 1487 1236 exequi
1517 1195 1637 1227 valeas.
1664 1194 1696 1227 Si

964 1246 1048 1278 enim
1062 1246 1188 1287 iratres,
1205 1247 1259 1290 qni
1278 1246 1535 1287 Terraesanctae,
1552 1257 1587 1279 ac
1604 1258 1696 1290 quae-

963 1299 1112 1332 stuationi
1149 1310 1208 1342 pro
1244 1299 1299 1333 illa
1330 1300 1481 1343 applicati
1516 1306 1611 1340 sunt,
1638 1301 1698 1333 hac

963 1352 1216 1395 independentia
1252 1363 1270 1385 a
1305 1352 1526 1395 superioribus
1551 1354 1697 1386 locorum

963 1405 1128 1445 fruuntur;
1147 1404 1202 1438 illa
1227 1405 1347 1448 potiori
1370 1404 1440 1438 iure
1459 1406 1696 1438 commissarius

962 1457 1153 1490 missionum
1196 1457 1376 1491 infidelium
1416 1458 1620 1491 conversioni
1661 1469 1696 1492 ac

961 1510 1140 1543 animarum
1176 1511 1267 1544 lucro
1304 1511 1378 1544 totis
1413 1511 1532 1545 viribus
1568 1512 1696 1545 deditus

961 1563 1031 1604 srui,
1058 1564 1155 1607 potiri
1181 1569 1212 1596 et
1235 1564 1378 1607 gaudere
1404 1565 1513 1598 debet.

1005 1617 1190 1658 Praeterea,
1216 1623 1251 1650 ut
1275 1618 1390 1651 melius
1415 1617 1596 1651 infidelium
1621 1627 1891 1682 con'fflssfissffimuffl

962 1670 1102 1702 versioni
1138 1675 1169 1703 et
1207 1670 1349 1703 omnium
1385 1671 1564 1704 animarum
1600 1672 1697 1704 saluti

962 1722 1121 1756 salubrius
1136 1724 1169 1755 in
1189 1723 1360 1766 praedictis
1377 1725 1634 1757 ultramontanae
1653 1725 1698 1758 l'a·

961 1776 1067 1809 miliae
1093 1782 1123 1810 et
1146 1776 1309 1810 Indiarum
1334 1776 1506 1820 provinciis
1527 1788 1586 1821 pro
1612 1787 1697 1812 nunc

963 1836 994 1863 et
1012 1831 1043 1863 in
1061 1836 1227 1874 posterum
1253 1830 1469 1873 provideatur,
1498 1832 1646 1865 volumus
1667 1836 1699 1865 et

963 1889 1076 1916 tenore
1094 1884 1316 1926 praesentium
1338 1884 1508 1925 sancimus,
1526 1882 1607 1917 utin
1625 1893 1698 1928 qua-

962 1937 1040 1970 libet
1054 1947 1090 1970 ex
1112 1937 1203 1970 dictis
1227 1937 1410 1980 provinciis,
1429 1936 1483 1970 ubi
1505 1936 1635 1981 aliquod
1653 1948 1699 1972 se-

962 1989 1133 2023 minarium
1158 2001 1213 2023 seu
1232 1990 1404 2032 collegium
1421 1989 1697 2025 missionariorum

962 2043 1062 2076 nostri
1095 2041 1223 2076 Ordinis
1257 2043 1444 2076 auctoritate
1476 2054 1583 2077 sacrae
1615 2043 1697 2077 Con-

963 2095 1161 2139 gregationis
1181 2096 1220 2129 de
1241 2095 1451 2139 Propagandi}
1465 2094 1541 2130 Fide
1557 2107 1622 2130 non
1635 2098 1697 2131 sue-

962 2149 1003 2182 rit
1027 2154 1170 2182 erectum
1196 2153 1249 2181 aut
1272 2147 1504 2191 approbatum,
1531 2159 1590 2183 nec
1616 2149 1696 2193 erigi

963 2208 1017 2236 aut
1030 2202 1157 2236 fundari
1175 2201 1378 2245 permittatur
1390 2202 1423 2235 in
1445 2202 1594 2243 futurum,
1612 2213 1695 2236 unus

964 2267 1000 2289 ex
1027 2254 1240 2290 conventibus
1274 2254 1335 2287 iam
1367 2255 1506 2288 fundatis
1535 2255 1569 2288 in
1599 2257 1697 2289 colle-

964 2310 1053 2352 gium
1087 2315 1118 2342 et
1148 2306 1357 2341 seminarium
1392 2318 1452 2351 pro
1483 2307 1697 2343 missionariis

965 2362 1067 2396 nostri
1085 2359 1212 2396 Ordinis
1230 2361 1406 2394 educandis
1431 2361 1586 2404 erigatur·,
1606 2371 1643 2395 ac
1658 2371 1697 2396 eo

964 2415 1078 2456 modo,
1105 2419 1137 2448 et
1161 2414 1221 2447 sub
1246 2414 1300 2446 illa
1324 2413 1436 2454 forma,
1452 2413 1536 2447 dicta
1561 2412 1697 2457 collegia

963 2468 995 2500 in
1014 2467 1105 2501 dictis
1130 2465 1303 2511 provinciis
1330 2466 1391 2499 iarn
1417 2472 1523 2500 erecta
1541 2472 1572 2500 et
1591 2466 1623 2500 in
1641 2477 1698 2511 po-

963 2527 1083 2554 sterum
1097 2520 1252 2564 erigenda
1269 2520 1452 2563 gubernari,
1468 2521 1573 2564 quoad
1588 2519 1698 2554 omnia

963 2584 1045 2618 quae
1077 2573 1179 2608 dictae
1215 2582 1323 2607 sacrae
1351 2572 1617 2616 Congregationis
1644 2583 1698 2606 au—

1002 2637 1013 2666 1
1036 2635 1148 2667 Videtur
1168 2636 1263 2666 deesse
1281 2646 1350 2681 cuv}-
1367 2635 1408 2675 yel
1428 2635 1537 2672 quocies
1556 2640 1595 2671 (n.
1613 2635 1661 2674 Τ.)ἓ

1592 236 1655 269 (303
1701 245 1750 272 An.
1767 243 1795 270 c.
1818 242 1884 271 isse
