2111 3157
2 204 51 230 tm.
66 201 96 229 c.
118 199 186 228 1680

23 1099 52 1120 ne
79 1099 177 1125 honore,

0 1131 30 1153 qn·
40 1133 57 1146 m
64 1116 178 1173 ”lieret-aul

22 1154 29 1168 s
117 1159 176 1178 ιιρι-
189 1143 359 1187 disciplina
383 1150 541 1178 teneatui.
568 1146 712 1179 Iuniores
737 1156 813 1183 01οο
838 1146 919 1188 plio-

0 1185 14 1197 -Ί
35 1159 74 1198 iii-'it
97 1194 101 1201 ,

28 1211 82 1252 mur}
77 1185 177 1225 nominoi-

0 1236 23 1251 Ιιιι

776 203 988 227 INNOCENTIUS
1010 204 1041 228 XI
1067 205 1116 228 ΙΨ.

189 248 293 290 dines,
327 260 407 293 quos
440 250 655 292 constituerit,
679 251 729 284 vel
760 261 840 295 quos
864 252 921 283 ha—

188 303 319 335 buerint
352 303 413 346 ipsi
449 304 582 344 fratres,
615 304 660 337 sic
694 304 847 338 accedant
880 305 919 337 ad

188 365 308 397 pacem,
334 356 373 389 ad
398 357 665 397 communionem,
692 357 732 389 ad
760 357 918 399 psalmum

188 406 431 449 imponendum,
457 409 488 441 in
515 409 614 442 choro
638 410 804 450 standunn
830 416 862 442 et
886 409 918 441 in

188 460 338 493 omnibus
364 461 495 494 omnino
513 461 591 495 locis
617 467 702 495 aetas
718 472 783 495 non
799 462 920 495 discer-

187 518 285 545 natur
308 513 341 545 in
366 514 492 554 ordine,
518 524 579 547 nec
602 514 819 557 praeiudicet,
846 514 919 557 quia

188 564 315 598 Samuel
340 571 372 598 et
394 566 506 599 Daniel
530 566 623 609 pueri
647 567 853 610 presbyteros
873 566 919 598 iu-

189 616 383 650 dicaverunt.
409 618 502 660 Ergo,
525 619 570 661 (b)
596 619 736 661 exceptis
761 618 810 659 iis,
835 629 917 661 quos

189 669 249 711 (ut
262 669 419 713 diximus)
434 670 540 703 altiori
558 671 694 704 consilio
712 671 811 704 abbas
831 682 919 714 prae-

189 722 301 754 tulerit
333 724 383 756 vel
415 723 639 765 degradaverit
669 724 765 757 certis
790 734 826 756 ex
851 734 918 757 cau-

189 773 241 814 sis,
266 775 382 818 reliqui
407 785 527 816 omnes,
553 782 588 809 ut
612 782 856 816 convertuntur,
876 776 918 809 ita

188 826 267 867 sint,
293 833 334 868 ut,
360 829 450 861 verbi
476 829 585 871 gratia,
611 829 666 872 qni
690 830 831 862 secunda
855 829 918 862 diei

189 879 269 912 hora
292 881 416 913 venerit
432 881 464 913 in
481 882 688 923 monasterio,
706 882 863 916 iuniorem
884 893 918 914 se

188 933 314 966 noverit
337 943 407 966 esse
433 933 497 974 illo,
535 934 588 977 qui
613 934 716 977 prima
740 935 819 967 hora
856 935 918 967 diei

187 986 285 1027 venit,
317 986 488 1020 cuiuslibet
520 987 631 1020 aetatis
667 992 722 1020 aut
756 987 918 1030 dignitatis

187 1039 239 1071 sit.

231 1091 342 1124 Pueiis
377 1103 454 1126 vero
478 1103 535 1136 per
559 1093 665 1126 omnia
700 1093 739 1126 ab
771 1093 919 1126 omnibus

188 1208 237 1230 ies
262 1208 336 1230 suos
360 1199 541 1239 honoient;
568 1199 691 1242 priores
715 1210 790 1232 vero
816 1199 919 1231 iunio-

187 1259 238 1282 res
262 1250 407 1293 diligant
434 1251 468 1283 In
493 1251 561 1294 ipsa
578 1257 686 1284 autem
703 1252 918 1295 appellatione

188 1301 354 1334 nominum
378 1303 459 1335 nulli
483 1303 579 1336 liceat
594 1304 692 1336 alium
707 1314 789 1346 puro
814 1305 920 1347 appel-

188 1353 255 1386 lare
280 1354 432 1395 nomine;
466 1356 523 1387 sed
555 1356 597 1398 (c)
622 1355 746 1398 priores
778 1355 920 1387 iuniores

189 1415 264 1438 suos
288 1406 405 1448 fratres
429 1407 613 1447 nominent,
646 1407 790 1440 iuniores
815 1413 919 1440 autem

188 1458 313 1501 priores
339 1470 411 1492 suos
435 1470 558 1492 nonnos
590 1466 725 1501 vocent,
753 1461 837 1503 quod
872 1460 920 1492 in-

188 1512 346 1554 telligitur
369 1514 503 1555 paterna
527 1513 717 1546 reverentia.
744 1513 850 1546 Abbas
867 1525 921 1546 au-

189 1570 274 1606 tem,
300 1566 374 1609 quia
403 1566 486 1598 vices
511 1566 630 1599 Christi
655 1577 750 1609 agere
775 1567 918 1607 videtur,

189 1618 336 1650 dominus
361 1622 393 1650 et
416 1618 513 1651 abbas
535 1623 685 1659 vocetur;
710 1629 776 1652 non
801 1621 855 1652 sua
875 1630 921 1652 as-

189 1670 381 1713 sumptione,
397 1671 454 1703 sed
475 1671 600 1703 honore
618 1677 650 1703 et
663 1682 771 1704 amore
789 1671 917 1704 Christi.

188 1723 259 1766 Ipse
284 1728 391 1756 autem
416 1724 549 1765 cogitet,
576 1729 607 1756 et
632 1724 677 1756 sic
701 1734 734 1756 se
760 1725 918 1764 exhibeat,

188 1782 223 1807 ut
248 1776 362 1818 dignus
391 1775 431 1807 sit
455 1776 509 1808 tali
547 1776 683 1808 honore.
722 1776 918 1819 Ubicumque

190 1832 297 1860 autem
333 1827 393 1860 sibi
433 1828 564 1860 obviant
595 1828 728 1868 fratres,
764 1828 872 1860 iunior
904 1839 920 1860 a

188 1881 296 1924 priore
322 1880 369 1923 (d)
393 1881 654 1913 benedictionem
681 1886 780 1923 petat.
807 1881 921 1913 Trans-

190 1938 285 1965 eunte
310 1933 449 1972 maiore,
478 1933 584 1965 iunior
608 1938 732 1975 surgat,
759 1938 790 1966 et
815 1934 868 1971 det
892 1933 919 1965 ei

188 1985 296 2018 locum
321 1986 473 2025 sedendi;
511 1996 571 2018 nec
595 1991 779 2028 praesumat
814 1985 922 2018 iunior

190 2038 376 2078 consedere,
394 2038 455 2071 nisi
473 2038 500 2070 ei
518 2037 693 2081 praecipiat
710 2039 819 2071 senior
836 2050 920 2077 suus,

189 2097 225 2123 ut
247 2091 301 2123 liat
325 2091 412 2134 quod
439 2091 594 2133 scriptum
620 2097 688 2123 est:
721 2091 847 2124 Honore
871 2102 922 2123 m-

33 2144 287 2176 Adolescentezvioem
313 2144 563 2186 praetentenles.
597 2143 690 2176 Pueri
719 2145 841 2187 paixuli
873 2145 919 2177 101

2 2173 41 2194 sint
60 2176 98 2195 sub
118 2175 180 2195 disci

2 2200 57 2226 puna
72 2207 136 2227 usqne
151 2202 178 2222 ad
190 2196 409 2229 adolescentes
432 2195 465 2227 in
490 2195 631 2228 01at01io
649 2197 699 2228 vel
719 2197 758 2229 ad
779 2207 867 2228 mens
872 2208 919 2228 Ι1111

2 2229 79 2248 cenum
92 2230 179 2254 tempus

189 2259 259 2281 cum
284 2247 452 2290 disciplina
475 2247 604 2280 ordines
629 2258 703 2280 suos
724 2258 921 2291 consequan-

191 2306 253 2334 tur.
280 2301 369 2333 Foris
395 2306 510 2339 autem,
536 2302 585 2333 vel
610 2301 721 2332 ubiubi
743 2302 919 2333 custodiam

190 2354 331 2387 habeant
355 2358 387 2386 et
411 2353 622 2396 disciplinam,
647 2364 748 2396 usque
781 2354 856 2386 dum
881 2355 920 2386 ad

190 2406 427 2449 intelligibilem
453 2411 591 2439 aetatem
608 2406 811 2448 perveniant.

457 2477 651 2498 DECLARATIO.

230 2520 273 2559 (a)
296 2530 315 2550 1.
338 2521 490 2551 Secundum
512 2522 631 2557 ordines,
654 2531 718 2560 qnos
739 2523 918 2551 coustilucr't.

190 2567 373 2601 Declaramus
404 2570 563 2600 secundum
586 2579 694 2599 morem
717 2573 848 2599 nostrum
871 2579 920 2599 an-

962 251 1091 289 tiquum,
1125 251 1200 290 quod
1230 255 1293 291 post
1323 250 1440 281 abbates
1461 251 1612 289 regiminis
1634 251 1692 281 sint

961 299 1077 329 abbates
1099 300 1240 333 titulares,
1260 300 1363 330 deinde
1378 300 1491 338 priores
1506 300 1690 336 claustralcs3

960 352 1023 386 post
1044 348 1208 387 praedictos
1229 349 1287 379 sint
1302 349 1413 388 priores
1427 348 1570 387 titulares‚
1587 348 1692 378 deinde

961 396 1091 434 magistri
1113 397 1299 435 novitiorum,
1322 401 1418 436 postea
1440 397 1558 435 decani,
1581 397 1630 436 qui
1648 406 1692 427 se-

960 445 1087 474 cundum
1108 446 1238 476 ordinem
1253 446 1441 485 professionis
1458 448 1554 476 locum
1575 449 1693 475 teneant

959 492 1035 522 inter
1065 503 1116 530 se;
1149 497 1212 533 post
1243 494 1387 533 praefatos
1415 498 1573 534 sequantur
1604 494 1693 524 ceteri

959 541 1094 570 monachi
1125 542 1285 571 secundum
1320 543 1450 572 ordinem
1482 543 1691 582 professionis,

960 593 1073 627 praeter
1095 598 1157 624 eos,
1188 590 1238 629 qui
1265 590 1361 630 aliqua
1383 592 1418 621 de
1438 593 1522 621 causa
1544 591 1693 630 degradati

958 637 1077 667 suerint.

998 695 1029 715 11.
1051 685 1133 720 Quod
1154 690 1251 716 autem
1273 687 1376 717 attinet
1402 688 1438 717 ad
1461 688 1573 727 priores
1595 692 1622 718 et
1644 689 1693 718 de—

960 743 1046 763 canos
1074 734 1222 772 titulares,
1256 735 1330 764 tituli
1357 735 1521 765 huiusmodi
1542 737 1576 766 de
1598 741 1694 766 cetero

960 782 1043 812 facile
1064 791 1121 811 non
1144 783 1341 820 conserantur,
1365 784 1414 812 sed
1435 783 1471 812 iis
1493 788 1620 822 tantum,
1643 785 1694 823 qui

960 830 989 860 in
1012 830 1068 860 illis
1090 830 1192 860 officiis
1215 840 1244 860 se
1266 830 1451 861 laudabiliter
1476 832 1630 870 gesserint,
1653 836 1692 870 et,

961 882 1079 916 propter
1103 882 1228 908 aetatem
1259 883 1309 908 aut
1337 879 1513 910 valetudinis
1541 879 1693 909 imbecilli-

961 930 1059 964 tatem,
1082 925 1116 956 ad
1136 925 1186 955 illa
1208 926 1378 957 sustinenda
1399 926 1543 956 inhabiles
1565 931 1632 956 sunt
1655 928 1695 957 es-

961 974 1037 1003 10011.
1060 973 1152 1005 Locus
1167 978 1263 1005 autem
1280 975 1426 1014 superior,
1445 979 1476 1004 ut
1491 975 1583 1012 aiunt,
1601 985 1694 1014 neque

961 1031 976 1051 a
998 1022 1124 1061 capitulo
1146 1023 1287 1061 generali,
1311 1032 1405 1061 neque
1420 1032 1435 1052 a
1450 1023 1592 1061 regimine
1608 1024 1695 1054 alicui

961 1071 1135 1101 concedatur
1168 1080 1219 1110 per
1240 1076 1328 1101 totam
1351 1072 1621 1110 Congregafionem,
1645 1073 1694 1102 sed

961 1119 1086 1158 aliquem
1100 1120 1128 1149 in
1142 1120 1252 1159 privato
1269 1121 1442 1150 monasterio
1455 1121 1519 1150 aliis
1535 1122 1693 1160 praeferre,

960 1168 990 1197 in
1012 1168 1132 1197 arbitrio
1148 1169 1185 1198 sit
1203 1168 1314 1198 abbatis
1330 1169 1408 1199 iuxta
1424 1170 1551 1207 regulam
1568 1179 1631 1208 cap.
1646 1179 1693 1200 Lx.

1000 1224 1040 1245 111.
1063 1215 1117 1251 Qui
1143 1216 1178 1245 ad
1211 1217 1420 1255 sacerdotium,
1444 1217 1646 1254 diaconatum,
1667 1222 1696 1248 et

961 1263 1218 1302 subdiaconatum,
1241 1265 1355 1303 expleto
1377 1266 1535 1295 secundum
1557 1267 1696 1296 constitu-

961 1312 1053 1341 tiones
1071 1316 1184 1341 nostras
1200 1316 1339 1351 tempore,
1364 1322 1421 1342 non
1444 1313 1552 1343 suerint
1570 1314 1696 1343 ordinati

961 1369 1143 1399 quacumque
1165 1361 1199 1390 de
1221 1363 1309 1391 causti
1330 1361 1486 1400 culpabili,
1518 1366 1634 1392 teneant
1655 1363 1697 1392 lo-

961 1418 1027 1438 cum
1048 1409 1077 1438 in
1101 1409 1284 1448 praecedenti
1307 1410 1400 1449 capite
1422 1409 1478 1439 sibi
1500 1411 1694 1449 assignatum,

962 1460 1026 1495 post
1048 1461 1193 1495 promotos
1214 1458 1325 1487 scilicet
1347 1457 1381 1487 ad
1404 1467 1470 1487 eum
1493 1459 1637 1495 ordinem,
1661 1459 1696 1488 ad

962 1515 1045 1544 quem
1068 1506 1123 1545 ipsi
1145 1507 1238 1536 adhuc
1266 1507 1430 1546 promoveri
1460 1516 1516 1537 non
1540 1511 1697 1546 potuerunt

961 1558 1106 1584 transacto
1128 1555 1193 1585 talis
1216 1556 1408 1594 promotionis
1435 1560 1575 1595 tempore.

1000 1611 1038 1632 iv.
1062 1603 1098 1633 Ut
1119 1607 1214 1633 autem
1234 1604 1398 1642 praedictus
1422 1604 1492 1633 ordo
1511 1604 1614 1634 melius
1636 1613 1696 1634 ser-

963 1651 1022 1680 vari
1045 1651 1145 1689 possit,
1169 1651 1309 1681 habeatur
1331 1652 1359 1681 in
1375 1651 1498 1689 singulis
1514 1652 1696 1681 monasteriis

962 1699 1108 1736 catalogus
1126 1700 1254 1728 omnium
1272 1700 1478 1729 monachorum
1494 1704 1609 1729 nostrae
1625 1700 1697 1729 Con-

962 1747 1136 1784 grcgatiouis
1148 1748 1353 1786 professorum,
1367 1748 1396 1777 in
1410 1757 1466 1786 quo
1481 1748 1603 1785 singulis
1612 1748 1696 1777 annis

962 1795 1128 1825 scribantur
1149 1796 1197 1834 qui
1221 1796 1429 1835 professionem
1452 1796 1623 1832 emiserunt,
1647 1806 1697 1835 ap-

963 1844 1055 1882 posito
1076 1844 1122 1873 die
1144 1848 1171 1873 et
1193 1853 1280 1873 auno.

1002 1892 1042 1930 (b)
1065 1901 1091 1921 v.
1115 1893 1249 1930 Exceptis
1270 1894 1317 1928 iis,
1340 1903 1413 1931 qnos,
1443 1897 1472 1922 ut
1497 1894 1628 1923 (lisimas.
1653 1890 1695 1923 Ad

963 1949 1076 1969 omnem
1109 1939 1325 1978 ambiguitatem
1355 1941 1512 1970 tollendam
1539 1941 1568 1970 in
1596 1943 1697 1970 nostra.

963 1988 1187 2026 Congregatione
1215 1988 1291 2017 circa
1318 1989 1383 2018 illos
1405 1998 1477 2028 quos
1506 1989 1601 2018 altiori
1628 1999 1696 2018 con-

963 2036 1027 2066 silio
1044 2036 1178 2066 duximus
1195 2037 1412 2075 praeferendo&
1432 2037 1600 2067 ordinamus
1619 2038 1695 2076 quod

964 2090 1044 2124 pater
1067 2086 1234 2124 praesidens
1256 2086 1334 2115 omni
1357 2090 1485 2125 tempore
1508 2087 1633 2125 primum
1655 2087 1697 2116 lo·-

963 2144 1026 2163 cum
1056 2135 1133 2164 inter
1155 2139 1250 2173 patres
1272 2134 1525 2172 congregationis,
1548 2139 1576 2164 et
1597 2135 1695 2165 sedem

963 2182 1074 2212 abbatis
1100 2183 1129 2212 in
1155 2184 1260 2219 choro,
1293 2184 1316 2213 si
1346 2193 1484 2222 praesens
1514 2184 1621 2220 suerit,
1654 2188 1696 2213 te-

964 2236 1029 2260 neat
1045 2231 1073 2260 in
1091 2241 1273 2270 quocumque
1292 2232 1477 2261 monasterio.
1501 2232 1561 2267 Quo
1577 2232 1695 2262 absente

963 2288 976 2307 a
1000 2280 1104 2315 choro,
1129 2280 1213 2309 liceat
1235 2280 1331 2309 abbati
1361 2284 1458 2309 tenere
1480 2281 1576 2309 sedem
1600 2289 1693 2309 suam.

965 2328 1202 2357 Benedictionem
1231 2333 1258 2357 et
1287 2329 1383 2357 omnia
1410 2329 1492 2366 signa
1520 2333 1577 2358 tam
1607 2329 1696 2368 parti-

962 2377 1069 2405 cularia
1102 2385 1187 2415 quam
1211 2376 1358 2414 generalia
1388 2376 1490 2414 saciat,
1520 2376 1628 2416 ubique
1650 2378 1694 2407 in-

962 2425 1049 2464 cipiat
1084 2425 1118 2453 Te
1139 2424 1225 2454 Deum
1257 2425 1415 2460 leitilamma,
1446 2429 1541 2455 cantet
1572 2435 1696 2464 evange—

961 2473 1031 2502 lium
1054 2473 1089 2502 ad
1111 2473 1296 2511 matutinum,
1316 2477 1343 2502 et
1360 2473 1533 2512 antiphonas
1549 2474 1692 2511 duplices.

1000 2530 1037 2551 vr.
1072 2521 1102 2551 ld
1134 2521 1228 2560 ipsum
1261 2521 1447 2551 concedimus
1479 2522 1693 2559 visitatoribus,

962 2579 1026 2600 cum
1049 2569 1076 2600 in
1096 2573 1160 2600 actu
1183 2569 1357 2600 visitationis
1376 2569 1493 2600 absente
1513 2571 1694 2610 praesidente

1591 195 1655 229 333
1699 204 1749 232 An.
1765 204 1793 233 0.
1816 205 1884 232 lesa
