2111 3157
842 152 937 175 innax
964 152 1067 176 nanum
1616 145 1675 177 991

943 256 962 287 S

186 359 421 392 Sacramentum
446 359 659 392 Eucharistiae
676 360 827 402 peculiari
845 360 1009 392 devotione
1027 370 1153 402 semper
1170 360 1299 393 Galliam
1326 361 1459 393 coluisse
1484 366 1624 401 testatur,
1649 361 1690 393 29
1708 362 1724 392 b

273 417 303 444 et
327 422 408 454 seq.;
430 422 539 444 manus
564 411 731 454 sacrilegas
749 411 934 452 iniieientes,
959 412 1054 444 veluti
1080 412 1132 454 qui
1157 412 1291 444 hostiam
1317 416 1530 446 consecratam
1561 413 1725 456 surripue-

273 464 346 504 rint,
372 464 464 498 eertis
489 465 599 507 poenis
616 463 748 497 subiecit
765 463 914 505 Pontifex,
931 464 968 496 41
994 465 1026 503 b,
1048 470 1279 497 sacramentum
1297 465 1493 507 praedictum
1518 466 1556 498 ad
1580 466 1724 499 infirmos

273 515 408 549 delatum
427 516 648 549 comitantibus
668 516 878 558 indulgentias
895 516 1058 557 concessit,
1080 516 1192 556 104113
1214 523 1383 560 perpetuae
1404 518 1578 552 adorationi
1597 518 1649 551 SS.
1669 518 1723 551 Sa-

273 569 424 601 cramenti
449 569 592 602 addictae
616 568 778 607 moniales,
802 569 872 601 vide
892 569 1050 602 Moniales.

183 620 352 653 Salvatoris
377 621 435 663 (S.)
460 621 602 661 ecclesia,
627 620 825 653 Brasiliensis
849 621 1011 661 dioecesis,
1028 621 1060 653 in
1085 622 1359 664 metropolitanam
1386 623 1530 664 erigitur,
1548 623 1567 655 5
1584 624 1600 654 b
1617 628 1647 656 et
1662 635 1722 667 seq.

182 671 369 705 Sanctorum
395 673 598 706 canonizatio.
623 672 703 711 Quid
727 672 759 706 in
784 673 965 705 huiusmodi
990 673 1092 706 causis
1117 674 1307 706 servandum
1333 674 1382 713 sit,
1407 674 1471 707 2123
1496 686 1515 707 a
1541 681 1571 707 et
1594 686 1654 718 seq.

183 724 280 757 Savus
296 725 554 768 archiepiscopus
567 725 777 758 Caesariensis
793 725 876 768 apud
889 725 1112 767 Hispaniarum
1131 735 1239 767 regem
1257 725 1390 758 nuncius
1407 727 1677 769 apostolicusslss‘l
1695 728 1719 759 b.

182 776 357 809 Sebastiam
382 777 439 819 (S.)
464 776 616 820 oppidum
642 776 837 810 Brasiliensis
862 777 1018 810 dioecesis
1043 777 1073 808 in
1098 777 1253 810 civitatem
1280 777 1425 819 erigitur,
1456 778 1587 822 eiusque
1619 780 1721 813 eccle-

271 829 317 861 sia
340 829 371 861 in
396 829 627 870 cathedralem,
652 829 694 861 ¹1⁹2
720 830 737 862 b
762 834 791 863 et
815 841 876 873 seq.

181 880 348 913 Secretarii
368 881 542 924 apostolici,
559 882 630 914 vide
654 881 830 924 Collegium
856 881 1102 914 secretariorum
1129 881 1388 924 apostolicorum.

181 932 359 976 Sepultura,
384 934 454 966 vide
479 934 664 968 Carmelitae
687 934 880 975 Disealeeati,
900 936 973 968 item
997 935 1067 967 vide
1087 935 1222 966 Minores
1247 934 1428 966 Reformati,

181 984 367 1025 Silvestrini,
390 986 460 1019 vide
476 986 619 1019 Monachi
641 986 899 1029 Congregationis
919 986 1187 1019 Silvestrinorum.

179 1038 317 1071 Societas
342 1039 422 1079 Iesu,
445 1040 517 1072 vide
540 1040 738 1073 Missionarii.

181 1089 380 1123 Sublacensis
404 1091 540 1132 abbatia,
567 1093 639 1125 vide
663 1092 765 1124 Abbas
789 1092 1076 1124 commendatarius
1100 1092 1308 1125 Sublacensis.

180 1143 401 1176 Successiones
424 1145 463 1176 ab
489 1145 634 1177 intestato
659 1145 781 1187 agnatis
806 1145 973 1183 masculis,
1005 1144 1141 1178 exclusis
1176 1144 1300 1177 feminis
1334 1146 1465 1188 aliisque
1499 1154 1557 1187 per
1588 1154 1639 1177 eas
1671 1156 1719 1178 co-

268 1196 381 1238 gnatis,
406 1196 487 1229 intra
512 1202 615 1229 certos
640 1196 813 1239 respective
836 1196 962 1238 gradus,
981 1196 1011 1228 in
1029 1202 1093 1229 toto
1108 1198 1192 1229 Statu
1211 1197 1430 1230 Ecclesiastico
1449 1197 1564 1229 deferri
1583 1197 1719 1237 mandat,

270 1248 334 1281 ⁶273
358 1259 378 1281 a
404 1254 434 1281 et
459 1249 490 1288 h3
516 1249 592 1292 quid
616 1253 720 1282 autem
738 1249 796 1281 hac
814 1249 845 1280 in
864 1259 897 1281 re
914 1249 1033 1281 servari
1051 1250 1174 1289 debeat,
1196 1250 1262 1282 274
1286 1262 1306 1282 ιι>
1331 1257 1362 1283 et
1387 1252 1412 1282 l).

180 1301 306 1345 Syndici
331 1301 456 1334 Ordinis
481 1301 579 1334 sancti
606 1301 764 1334 Francisci
781 1301 819 1333 de
836 1301 1041 1334 Observantia
1061 1312 1077 1334 a
1094 1302 1242 1334 Romanis
1261 1303 1465 1336 Pontificibus
1483 1302 1618 1336 instituti
1634 1309 1716 1343 sunt,

267 1359 298 1387 et
321 1354 493 1397 unicuique
514 1354 667 1387 coenobio
692 1354 766 1387 dicti
791 1354 916 1387 Ordinis
934 1364 1015 1386 unus
1031 1354 1219 1396 assignatus,
1237 1355 1301 1387 686
1322 1367 1340 1388 α
1360 1362 1391 1388 et
1412 1357 1447 1394 b;
1474 1355 1620 1399 syndicus
1645 1355 1720 1388 dieti

268 1406 393 1439 Ordinis
417 1416 434 1438 a
459 1406 618 1440 Clemente
643 1406 693 1438 Vll
718 1412 882 1449 exemptus
906 1407 963 1438 fuit
987 1417 1004 1438 a
1028 1406 1096 1438 foro
1122 1407 1284 1448 saeculari,
1306 1407 1387 1447 ibid,
1412 1417 1470 1450 pro
1496 1407 1614 1451 syndici
1641 1407 1720 1440 eius-

265 1460 337 1492 dem
355 1469 372 1491 a
396 1460 465 1492 foro
482 1460 634 1492 saeculari
650 1460 848 1503 exemptione
872 1459 998 1492 decreta
1014 1459 1165 1491 nonnulla
1187 1459 1474 1502 Congregationum
1494 1460 1719 1503 episcoporum

268 1517 298 1543 et
318 1511 512 1553 regularium
538 1521 660 1544 necnon
685 1512 905 1551 lmmunitatis‚
930 1518 964 1544 ut
988 1512 1191 1554 exequutioni
1216 1512 1419 1545 mandaretur
1443 1513 1625 1546 constitutio
1649 1512 1718 1546 Cle-

268 1563 380 1596 mentis
400 1564 460 1603 Vll,
478 1570 675 1603 emanarunt,
698 1574 778 1606 quae
804 1566 1042 1605 confirmantur,
1068 1565 1131 1597 ⁴587
1157 1566 1184 1596 b.

941 1704 962 1734 ,Γ

180 1824 293 1856 Taxam
319 1823 377 1856 fori
403 1823 606 1856 ecclesiastici
631 1824 786 1866 approbat
806 1824 956 1864 Pontifex,
982 1824 1045 1857 '105
1071 1825 1087 1856 b
1113 1830 1142 1856 et
1166 1835 1228 1867 seq.

177 1876 277 1909 Taxae
302 1876 490 1908 thesaurarii
514 1886 572 1918 pro
596 1876 679 1909 bono
704 1877 848 1909 locorum
873 1877 1027 1910 montium
1053 1878 1217 1919 regimine,
1241 1876 1313 1910 vide
1337 1879 1417 1911 Loca
1441 1878 1601 1910 Montium.

178 1930 294 1962 Terrae
318 1934 443 1962 sanctae
467 1930 544 1962 loeis
568 1930 733 1973 privilegia
757 1930 874 1970 onmia,
899 1930 1109 1972 indulgentias
1130 1935 1159 1962 et
1183 1930 1299 1972 gratias
1315 1941 1532 1974 quascumque
1549 1931 1624 1964 alias
1642 1942 1716 1965 eon-

267 1991 369 2014 eessas
394 1982 560 2015 confirmat
584 1982 734 2021 Pontifex,
759 1982 823 2015 58⁸
848 1982 884 2021 (1,
908 1983 978 2015 vide
1001 1983 1137 2015 Minores
1160 1982 1198 2014 de
1222 1982 1435 2015 Observantia.

180 2034 325 2067 Tertiarii
350 2034 380 2066 B.
407 2035 443 2066 M.
469 2035 507 2067 de
531 2035 672 2068 Mercede
694 2035 931 2078 Redemptionis
955 2034 1169 2078 Captivorum,
1193 2036 1257 2068 3268
1283 2037 1315 2075 b,
1340 2036 1416 2079 ipsis
1441 2036 1582 2069 habitum
1607 2047 1717 2070 conce-

267 2086 360 2119 dendi
384 2087 514 2119 facultas
538 2097 599 2119 non
625 2092 728 2130 potest
752 2097 768 2119 a
793 2087 1012 2130 superioribus
1036 2088 1128 2120 alicui
1153 2088 1303 2130 delegari,
1322 2089 1413 2127 ibid,
1436 2089 1511 2132 ipsis
1531 2090 1613 2122 intra
1630 2091 1716 2123 clau-

267 2145 332 2172 stra
364 2139 539 2172 viventibus
573 2139 782 2182 indulgentias
806 2150 936 2180 omnes,
961 2141 1075 2183 quibus
1109 2142 1245 2183 gaudent
1276 2142 1388 2175 fratres
1409 2143 1548 2176 eiusdem
1580 2143 1715 2184 Ordinis,

268 2192 422 2224 concessit
447 2192 603 2232 Pontifex,
627 2192 692 2224 400
717 2193 733 2223 b
762 2197 793 2226 et
823 2204 901 2236 seq.;
928 2193 1076 2226 tertiariis
1100 2194 1268 2226 memorati
1293 2194 1439 2235 Ordinis,
1464 2201 1553 2228 extra
1578 2196 1715 2229 claustra

267 2244 453 2283 viventibus,
475 2244 685 2286 indulgentias
709 2245 1000 2278 confraternitatum
1020 2246 1159 2279 eiusdem
1177 2246 1301 2279 Ordinis
1318 2247 1467 2287 decrevit,
1484 2248 1543 2281 401
1569 2249 1585 2281 b
1603 2254 1633 2281 et
1651 2260 1714 2293 seq.

178 2296 274 2329 Tertii
301 2296 426 2329 Ordinis
451 2297 479 2329 S.
506 2297 663 2329 Francisci
690 2297 759 2330 laici
785 2308 823 2330 ne
848 2298 1038 2341 praecedant
1055 2299 1197 2339 elericos,
1215 2299 1278 2332 '178
1296 2300 1312 2330 Ι]
1332 2305 1362 2331 et
1378 2310 1455 2344 seq.;
1482 2301 1593 2333 fratres
1615 2302 1713 2335 oblati

267 2359 321 2381 seu
353 2349 524 2381 servientes
556 2350 814 2391 Congregationis
846 2350 1022 2383 Gallicanae
1047 2351 1167 2393 possint
1195 2351 1317 2384 admitti
1342 2352 1379 2384 ad
1405 2358 1520 2385 statum
1546 2354 1689 2386 laicalem
1706 2382 1713 2395 ,

267 2401 331 2434 585
356 2402 383 2441 b,
408 2401 471 2434 586
497 2412 534 2440 a,
560 2402 634 2444 quid
660 2402 847 2435 servandum
875 2403 904 2434 in
931 2409 1031 2435 morte
1057 2404 1191 2435 ministri
1214 2404 1426 2446 provincialis,
1445 2404 1508 2437 587
1533 2417 1554 2439 α
1579 2411 1607 2438 et
1633 2417 1712 2450 seq.;

267 2454 393 2494 iterum,
421 2454 483 2486 786
508 2465 528 2486 α
553 2460 582 2486 et
607 2455 633 2495 h,
658 2455 729 2487 ‘vide
753 2455 888 2488 Minores
912 2456 1006 2488 Tertii
1032 2456 1166 2489 Ordinis.

178 2505 377 2539 Thesaurarii
399 2507 612 2539 ordinationes
632 2518 690 2550 pro
716 2508 798 2540 bono
823 2508 965 2541 locorum
993 2509 1145 2542 montium
1171 2511 1335 2552 regimine,
1353 2511 1422 2543 victe
1444 2511 1524 2544 Loca
1546 2513 1708 2544 montium.
