2111 3157
74 245 124 270 An.
142 242 170 269 C.
195 241 259 269 taso

90 1667 101 1695 ᾖ
118 1669 136 1689 l.
152 1668 181 1689 De
198 1669 246 1689 cibo

65 1697 86 1716 et
100 1702 186 1716 teian-0.

844 243 1057 269 TNNOCENTIUS
1079 245 1110 269 XI
1135 243 1182 268 PP.

265 290 401 324 honesta
426 292 582 325 recreatio
608 292 808 333 conceditur,
825 292 868 325 ita
892 298 997 326 tamen

265 347 300 375 ut
319 348 381 376 tam
401 344 616 377 relaxationes
629 345 880 387 pomeridianae,
903 355 996 388 quam

264 396 427 439 colloquia
443 402 516 439 post
535 397 724 431 collationes
745 398 905 431 serotinas
931 408 996 430 non

264 449 493 491 permittantur
517 450 549 482 in
574 450 662 484 feriis
695 452 791 484 sextis
815 451 998 492 Quadrage-

264 501 375 541 simae,
401 512 461 535 nec
486 512 545 545 per
569 507 668 535 totam
693 503 849 536 maiorem
873 503 997 535 hebdo-

263 554 411 594 madam,
436 564 538 598 usque
575 555 614 588 ad
650 556 818 588 sabbatum
850 560 995 588 sanctum

264 608 436 640 exclusive.

307 659 413 693 Tertio
437 660 614 703 quadrante
644 665 717 694 ante
742 661 911 703 septimam
936 671 996 704 per

262 721 361 745 unum
379 712 533 745 lectorem
554 723 589 745 cx
615 713 845 746 collationibus
866 714 995 746 Sancto-

262 775 332 797 rum
351 764 489 804 Patrum,
508 766 556 798 vel
581 765 652 798 aliis
677 765 769 798 libris
794 766 925 807 devotis,
950 767 996 800 le-

261 817 399 859 gendum
418 828 477 861 per
490 818 701 861 quadrantem
720 819 850 852 circiter
870 820 992 853 horae:

261 870 520 913 subiungendum
541 881 613 904 mox
644 871 725 905 hora
752 873 890 916 septima
909 882 995 905 com-

259 923 445 966 pletorium.

303 975 446 1020 Denique
461 987 532 1010 cum
549 977 779 1012 recollectione
795 979 992 1022 vespertina,

260 1038 316 1061 seu
335 1029 480 1062 examine
499 1030 724 1071 conscientiae,
743 1036 817 1073 etc.,
836 1032 904 1065 dies
919 1043 994 1064 con-

260 1082 439 1122 cludenda,
473 1082 556 1115 itaut
585 1083 665 1117 hora
689 1086 799 1117 octava
824 1095 934 1117 omnes
960 1084 992 1116 in

262 1135 372 1177 quiete
397 1140 428 1167 et
452 1135 484 1168 in
510 1137 600 1169 cellis
624 1137 699 1169 sint.

305 1187 395 1220 Circa
438 1187 525 1222 bunc
559 1189 707 1222 ordinem
743 1190 807 1223 diei
843 1190 992 1223 limitatio

261 1240 428 1283 quaedam,
448 1247 579 1284 excepto
598 1247 703 1274 tamen
722 1243 832 1283 choro,
851 1243 920 1276 fieri
939 1254 993 1286 po-

261 1293 336 1325 terit
360 1294 399 1326 ab
425 1294 553 1333 abbate,
573 1295 658 1327 iuxta
685 1296 743 1336 rei,
765 1306 991 1339 personarum,

260 1345 437 1389 praecipue
471 1347 624 1379 lectorum
662 1352 692 1380 et
727 1348 992 1381 scholasticorum

261 1403 292 1429 et
316 1398 471 1441 temporis
495 1398 700 1441 exigentiam,
719 1400 745 1432 si
770 1401 811 1434 ob
836 1406 939 1434 certas
963 1406 994 1433 et

258 1451 466 1494 particulares
487 1462 600 1485 causas
628 1463 693 1486 non
712 1463 841 1498 semper
859 1455 902 1486 ita
923 1465 992 1487 exa·

258 1508 306 1536 cte
333 1503 364 1536 in
390 1504 540 1537 omnibus
566 1506 733 1538 observari
759 1508 872 1550 possit.

257 1555 359 1590 CAPUT
371 1556 431 1589 Vll.
451 1576 494 1581 —
511 1557 556 1590 De
578 1559 670 1597 victu,
684 1559 807 1591 ieiunio
825 1563 853 1591 et
869 1559 990 1591 amictu

315 1609 358 1642 ad
372 1612 597 1649 necessilatem,
616 1612 685 1644 sine
701 1613 933 1655 superfluitate.

301 1663 491 1696 Ordinamus
517 1670 552 1696 ut
572 1675 607 1697 ex
628 1665 761 1697 arbitrio
786 1677 845 1708 per
870 1677 990 1698 sacram

249 1717 403 1758 ‘regulam
427 1716 596 1750 abbatibus
622 1717 707 1757 dato,
728 1719 814 1761 quod
836 1719 991 1751 hactenus

258 1770 382 1803 ratione
400 1771 502 1803 victus
522 1771 725 1804 observatum
746 1772 813 1811 suit,
836 1773 867 1805 in
886 1778 992 1816 poste-

257 1833 327 1855 rum
348 1822 380 1855 in
401 1823 535 1866 singulis
560 1824 764 1857 monasteriis
791 1825 988 1858 observetur.

300 1874 389 1908 Ultra
406 1874 525 1908 ieiunia
549 1877 767 1910 ecclesiastica
788 1877 819 1909 in
843 1878 991 1910 omnibus

257 1928 476 1968 monasteriis,
506 1929 662 1962 ulteriora
688 1930 735 1961 vel
761 1931 921 1972 regularia
946 1930 991 1962 ie-

257 1980 345 2013 iunia
368 1981 568 2014 observanda
599 1987 684 2014 sunt.
711 1981 747 2014 Et
772 1982 901 2025 quidem
934 1992 991 2025 per

257 2037 359 2066 totum
383 2044 501 2065 annum
534 2033 668 2076 singulis
702 2033 814 2067 diebus
840 2035 989 2067 mercurii

258 2091 290 2117 et
312 2086 439 2118 veneris
464 2087 633 2129 (tempore
652 2086 799 2119 Paschali
824 2092 855 2119 et
875 2086 991 2119 Natali-

258 2139 302 2172 tio
327 2149 430 2182 usque
456 2139 495 2172 ad
520 2145 662 2172 octavam
679 2139 833 2173 inclusive
850 2139 990 2183 Epipha-

256 2192 329 2225 niae
355 2192 513 2235 excepto)
534 2197 596 2224 tam
614 2203 631 2224 a
651 2192 809 2233 carnibus,
829 2203 923 2236 quam
945 2194 990 2225 al-

256 2247 325 2278 tera
349 2244 526 2277 resectione
551 2244 788 2276 abstinendum.

299 2298 334 2331 ln
348 2299 496 2331 Adventu
511 2308 570 2340 per
588 2303 690 2330 totum
709 2297 915 2331 ieiunandum
931 2304 987 2338 est,

255 2351 334 2384 itaut
358 2351 398 2384 ab
422 2352 523 2384 altera
554 2350 730 2382 resectione
763 2351 986 2391 abstineatur,

255 2404 323 2437 sola
347 2400 572 2436 collatiuncula
597 2404 751 2436 consueta
775 2404 847 2436 loco
868 2413 986 2437 coenae

254 2458 417 2489 concessa.

297 2509 332 2542 In
359 2509 561 2543 hebdomada
584 2519 662 2542 vero
680 2509 804 2553 integra
827 2515 899 2544 ante
925 2510 987 2544 Ad-

254 2568 393 2603 ventum,
414 2569 445 2596 et
465 2574 523 2606 per
547 2563 658 2596 decem
684 2563 751 2596 dies
777 2568 849 2596 ante
874 2563 985 2597 seriam

238 2614 417 2663 ¹Cinerum,
437 2616 565 2661 dempta
582 2618 671 2650 sexta
688 2615 766 2650 scria
787 2622 819 2650 et
835 2617 983 2659 sabbato,

1039 297 1093 324 aut
1117 291 1237 325 ieiunio
1262 291 1432 332 Ecclesiae,
1452 291 1606 325 ieiunium
1623 294 1655 324 et
1672 291 1770 324 absti-

1038 344 1180 377 nentiam
1204 344 1243 376 ab
1269 354 1324 377 esu
1343 344 1445 377 carnis
1462 345 1651 383 relaxamus,
1673 348 1714 383 et,
1735 348 1771 376 ut

1039 397 1168 440 aliquod
1195 397 1364 430 obsonium
1389 397 1421 429 in
1446 396 1582 440 prandio
1613 401 1645 429 et
1668 398 1770 429 coena

1038 451 1182 490 addatur,
1202 451 1419 494 indulgemus.

1082 502 1114 534 ln
1141 503 1297 536 honorem
1318 504 1433 536 Beatae
1458 503 1595 545 Virginis
1613 503 1769 536 ieiunium

1037 555 1185 596 regulare
1213 556 1393 588 servabitur
1410 556 1441 588 in
1458 556 1575 599 vigiliis
1592 555 1769 588 Nativitatis

1038 613 1069 639 et
1082 607 1316 641 Purificationis
1331 609 1495 642 eiusdem:
1512 619 1625 642 omnes
1639 619 1769 652 quoque

1037 659 1230 693 ieiunabunt
1254 661 1285 693 in
1310 661 1418 704 vigilia
1443 662 1622 695 festivitatis
1646 667 1770 695 sancto-

1036 723 1105 744 rum
1132 714 1327 756 Angelorum
1353 714 1540 747 Custodum.

1079 765 1166 798 lnter
1190 766 1436 809 principaliora,
1458 778 1539 810 quae
1563 768 1595 800 in
1613 769 1770 801 visitatio-

1665 233 1729 266 659
1777 243 1826 269 An.
1843 242 1870 268 c.
1895 242 1961 268 isac

1807 776 1849 803 §2
1872 776 1901 797 De
1924 777 1964 797 lia-

1734 822 1740 827 ,
1781 804 1825 823 bitu
1836 807 1856 824 et
1869 806 1962 824 tonsura.

1036 818 1129 850 nibus
1156 819 1331 859 observari,
1358 824 1398 859 et,
1423 819 1478 851 ubi
1503 830 1636 853 necesse
1662 821 1767 861 suerit,

1036 871 1202 903 reformari
1222 871 1352 912 debent,
1369 872 1400 904 id
1416 872 1486 912 erit,
1501 877 1535 904 ut
1552 877 1613 906 tam
1635 883 1770 906 conven-

1036 924 1139 956 tuales
1176 933 1311 964 omnes,
1342 934 1436 967 quam
1469 925 1649 968 respective
1675 926 1770 959 etiam

1036 976 1166 1009 abbates
1185 976 1296 1009 habitu
1315 982 1346 1009 et
1363 979 1496 1010 tonsura
1516 977 1643 1010 decenti
1662 984 1693 1011 et
1713 979 1770 1011 lio-

1035 1034 1140 1069 nesto,
1168 1030 1328 1073 simulque
1354 1030 1514 1070 modesto,
1535 1030 1604 1063 sine
1624 1032 1771 1064 vanitati-

1035 1083 1093 1114 bus
1118 1083 1348 1123 saecularibus,
1375 1083 1478 1116 vestiti
1504 1083 1666 1124 incedant,
1685 1084 1770 1116 intra

1036 1141 1068 1167 et
1085 1140 1173 1168 extra
1192 1135 1434 1176 monasterium,
1452 1137 1543 1169 nullo
1561 1137 1655 1169 etiam
1675 1137 1769 1170 modo

1035 1188 1234 1221 vestimentis
1260 1189 1372 1221 sericis
1397 1193 1540 1221 utantur.

1078 1240 1111 1273 ln
1138 1242 1244 1284 specie
1263 1242 1372 1275 omnia
1392 1242 1583 1275 vestimenta
1597 1243 1768 1283 exteriora,

1035 1294 1130 1327 etiam
1155 1294 1287 1334 tibialia,
1307 1305 1372 1327 non
1398 1295 1542 1335 alterius,
1566 1306 1660 1339 quam
1686 1296 1770 1338 nigri

1035 1347 1152 1379 coloris
1177 1347 1249 1386 sint,
1269 1358 1370 1390 eaque
1395 1349 1488 1381 lanea
1513 1354 1566 1380 aut
1590 1349 1686 1381 linea.

1077 1399 1199 1433 Deinde
1219 1400 1249 1432 in
1268 1400 1523 1443 Congregatione
1540 1404 1648 1434 nostra
1666 1402 1770 1435 omni-

1034 1453 1128 1485 modo
1165 1453 1270 1495 quoad
1306 1453 1571 1486 vestimentorum
1608 1454 1767 1494 sormam,

1035 1504 1131 1536 etiam
1158 1505 1265 1547 quoad
1297 1505 1484 1545 materiam,
1509 1506 1713 1548 aequalitatis
1739 1511 1771 1539 et

1034 1557 1297 1600 parisormitatis¹
1324 1558 1581 1591 introducantur.
1610 1558 1699 1597 Quod
1721 1569 1771 1591 so—

1035 1611 1145 1642 lertiae
1171 1611 1377 1643 dominorum
1401 1611 1598 1644 visitatorum
1624 1612 1771 1644 commit-

1035 1663 1131 1701 titur,
1156 1669 1189 1695 nt
1215 1669 1363 1706 tempore
1389 1664 1581 1697 visitationis
1607 1665 1691 1697 circa
1716 1675 1771 1708 pa-

1034 1717 1198 1749 risormem
1225 1717 1371 1749 habitum
1398 1722 1429 1749 et
1446 1723 1612 1750 tonsuram
1638 1718 1769 1750 interim

1035 1769 1093 1812 ipsi
1120 1774 1253 1802 eatenus
1278 1781 1345 1802 rem
1370 1776 1582 1813 componant,
1610 1776 1769 1814 quatenus

1035 1822 1072 1854 ad
1099 1832 1209 1855 eorum
1236 1823 1427 1855 relationem
1453 1823 1484 1855 in
1510 1824 1655 1866 proximo
1681 1824 1768 1866 capi-

1035 1876 1101 1907 tulo
1117 1875 1258 1917 generali
1273 1876 1418 1908 ultimate
1444 1876 1539 1907 statui
1564 1876 1768 1918 possitquod

1034 1928 1260 1960 decentissime
1286 1928 1457 1961 videbitur.

1077 1980 1110 2012 ln
1130 1981 1388 2013 consideratione
1417 1981 1511 2014 huius
1532 1982 1767 2015 conformitatis

1034 2034 1136 2076 quoad
1163 2034 1290 2066 indusia
1314 2039 1345 2066 et
1369 2035 1566 2067 lectisternia
1590 2035 1671 2068 nihil
1698 2036 1768 2078 qui-

1034 2087 1105 2119 dem
1131 2093 1283 2127 mutetur,
1309 2088 1415 2130 quoad
1441 2098 1503 2128 eos,
1530 2089 1583 2131 qui
1608 2089 1670 2121 iam
1695 2099 1768 2131 pro-

1034 2139 1106 2172 fessi
1132 2145 1215 2179 sunt,
1240 2139 1300 2171 nisi
1326 2141 1411 2172 ultro
1437 2141 1499 2183 ipsi
1525 2141 1641 2183 pietate
1668 2142 1766 2181 ducti,

1033 2192 1075 2224 ita
1101 2192 1217 2232 velint,
1236 2192 1359 2225 ratione
1384 2203 1461 2225 vero
1487 2193 1633 2235 aliorum,
1654 2194 1706 2237 qui
1733 2194 1765 2226 in

1032 2250 1199 2288 posterum
1224 2246 1460 2288 professionem
1483 2247 1637 2287 emittent,
1658 2247 1766 2280 statui-

1031 2309 1101 2330 mus
1118 2302 1151 2331 ut
1176 2298 1368 2331 observetur
1392 2299 1549 2342 quidquid
1567 2299 1600 2332 in
1617 2300 1763 2343 proximo

1031 2351 1171 2393 capitulo
1197 2352 1340 2393 generali
1361 2352 1636 2385 determinabitur.

1052 2404 1152 2437 CAPUT
1178 2404 1252 2436 Vlll.
1271 2424 1314 2428 —
1333 2404 1378 2437 De
1401 2405 1544 2447 infirmis
1567 2401 1744 2448 fratribus.'

1073 2456 1151 2494 Quia
1175 2463 1305 2490 sanctus
1341 2463 1434 2500 pater
1465 2458 1658 2491 Benedictus
1689 2458 1763 2491 atl'e-

1030 2514 1081 2542 ctu
1106 2520 1181 2542 vere
1205 2515 1340 2553 paterno
1365 2509 1498 2543 infirmis
1522 2510 1704 2554 prospexit,
1731 2516 1762 2543 et

1066 2581 1075 2607 ¹
1099 2581 1210 2608 Videtur
1229 2580 1372 2616 legendum
1391 2581 1553 2617 aequalitas
1578 2583 1605 2609 et
1627 2581 1768 2623 pariforjfr

1028 2626 1114 2653 milas
1135 2626 1171 2661 (a.
1187 2627 1234 2659 τ.).

1800 2464 1810 2490 5
1828 2464 1844 2484 t.
1867 2463 1896 2484 n»
1917 2463 1957 2484 rra-

1774 2492 1839 2511 tribus
1856 2491 1948 2511 iulii-mis.
