<?xml version="1.0" encoding="UTF-8"?>
<!DOCTYPE html PUBLIC "-//W3C//DTD XHTML 1.0 Transitional//EN"
    "http://www.w3.org/TR/xhtml1/DTD/xhtml1-transitional.dtd">
<html xmlns="http://www.w3.org/1999/xhtml" xml:lang="en" lang="en">
 <head>
  <title>
</title>
<meta http-equiv="Content-Type" content="text/html;charset=utf-8" />
  <meta name='ocr-system' content='tesseract 3.04.00' />
  <meta name='ocr-capabilities' content='ocr_page ocr_carea ocr_par ocr_line ocrx_word'/>
</head>
<body>
  <div class='ocr_page' id='page_1' title='image "./bullarumdiplomat19cath_0832.png"; bbox 0 0 2111 3157; ppageno 0'>
   <div class='ocr_carea' id='block_1_1' title="bbox 74 250 110 276">
    <p class='ocr_par' dir='ltr' id='par_1_1' title="bbox 74 250 110 276">
     <span class='ocr_line' id='line_1_1' title="bbox 74 250 110 276; baseline 0 0"><span class='ocrx_word' id='word_1_1' title='bbox 74 250 110 276; x_wconf 65' lang='lat'>52</span> 
     </span>
    </p>
   </div>
   <div class='ocr_carea' id='block_1_2' title="bbox 141 190 324 217">
    <p class='ocr_par' dir='ltr' id='par_1_2' title="bbox 141 190 324 217">
     <span class='ocr_line' id='line_1_2' title="bbox 141 190 324 217; baseline 0 0"><span class='ocrx_word' id='word_1_2' title='bbox 141 194 189 217; x_wconf 69' lang='lat' dir='ltr'>An.</span> <span class='ocrx_word' id='word_1_3' title='bbox 207 190 235 217; x_wconf 88' lang='lat' dir='ltr'>C.</span> <span class='ocrx_word' id='word_1_4' title='bbox 258 190 324 217; x_wconf 75' lang='lat'>1083</span> 
     </span>
    </p>
   </div>
   <div class='ocr_carea' id='block_1_3' title="bbox 327 180 1074 2620">
    <p class='ocr_par' dir='ltr' id='par_1_3' title="bbox 333 180 1071 438">
     <span class='ocr_line' id='line_1_3' title="bbox 373 180 436 215; baseline -0.016 0"><span class='ocrx_word' id='word_1_5' title='bbox 373 180 436 215; x_wconf 68' lang='lat'>796</span> 
     </span>
     <span class='ocr_line' id='line_1_4' title="bbox 336 234 1071 283; baseline -0.008 -11"><span class='ocrx_word' id='word_1_6' title='bbox 336 250 388 272; x_wconf 87' lang='lat' dir='ltr'>res</span> <span class='ocrx_word' id='word_1_7' title='bbox 406 238 590 283; x_wconf 78' lang='lat' dir='ltr'>prurientes</span> <span class='ocrx_word' id='word_1_8' title='bbox 615 236 758 276; x_wconf 84' lang='lat' dir='ltr'>auribus,</span> <span class='ocrx_word' id='word_1_9' title='bbox 779 240 810 268; x_wconf 93' lang='lat' dir='ltr'>et</span> <span class='ocrx_word' id='word_1_10' title='bbox 827 234 880 278; x_wconf 87' lang='lat' dir='ltr'>qui</span> <span class='ocrx_word' id='word_1_11' title='bbox 898 240 972 267; x_wconf 85' lang='lat' dir='ltr'>sunt</span> <span class='ocrx_word' id='word_1_12' title='bbox 988 234 1071 266; x_wconf 74' lang='lat' dir='ltr'>vitae</span> 
     </span>
     <span class='ocr_line' id='line_1_5' title="bbox 334 287 1071 337; baseline -0.011 -10"><span class='ocrx_word' id='word_1_13' title='bbox 334 293 444 337; x_wconf 86' lang='lat' dir='ltr'>largae</span> <span class='ocrx_word' id='word_1_14' title='bbox 470 298 500 326; x_wconf 89' lang='lat' dir='ltr'>et</span> <span class='ocrx_word' id='word_1_15' title='bbox 527 293 667 329; x_wconf 78' lang='lat' dir='ltr'>laxatae,</span> <span class='ocrx_word' id='word_1_16' title='bbox 695 289 746 322; x_wconf 86' lang='lat' dir='ltr'>isti</span> <span class='ocrx_word' id='word_1_17' title='bbox 780 287 975 330; x_wconf 81' lang='lat' dir='ltr'>interrogari</span> <span class='ocrx_word' id='word_1_18' title='bbox 1006 297 1071 320; x_wconf 91' lang='lat' dir='ltr'>non</span> 
     </span>
     <span class='ocr_line' id='line_1_6' title="bbox 335 341 1071 389; baseline -0.011 -8"><span class='ocrx_word' id='word_1_19' title='bbox 335 347 473 381; x_wconf 87' lang='lat' dir='ltr'>debent:</span> <span class='ocrx_word' id='word_1_20' title='bbox 507 345 581 389; x_wconf 85' lang='lat' dir='ltr'>quia</span> <span class='ocrx_word' id='word_1_21' title='bbox 612 344 718 387; x_wconf 88' lang='lat' dir='ltr'>potius</span> <span class='ocrx_word' id='word_1_22' title='bbox 755 343 868 376; x_wconf 87' lang='lat' dir='ltr'>darent</span> <span class='ocrx_word' id='word_1_23' title='bbox 900 341 1071 374; x_wconf 89' lang='lat' dir='ltr'>consilium</span> 
     </span>
     <span class='ocr_line' id='line_1_7' title="bbox 333 394 1033 438; baseline -0.011 -4"><span class='ocrx_word' id='word_1_24' title='bbox 333 401 499 434; x_wconf 73' lang='lat' dir='ltr'>conforme</span> <span class='ocrx_word' id='word_1_25' title='bbox 524 408 600 431; x_wconf 82' lang='lat' dir='ltr'>suae</span> <span class='ocrx_word' id='word_1_26' title='bbox 625 396 827 430; x_wconf 72' lang='lat' dir='ltr'>inordinatae</span> <span class='ocrx_word' id='word_1_27' title='bbox 853 394 1033 438; x_wconf 77' lang='lat' dir='ltr'>cupiditati.</span> 
     </span>
    </p>

    <p class='ocr_par' dir='ltr' id='par_1_4' title="bbox 327 449 1073 1289">
     <span class='ocr_line' id='line_1_8' title="bbox 375 449 1073 492; baseline -0.01 -5"><span class='ocrx_word' id='word_1_28' title='bbox 375 464 440 487; x_wconf 82' lang='lat' dir='ltr'>xv1.</span> <span class='ocrx_word' id='word_1_29' title='bbox 467 453 554 485; x_wconf 88' lang='lat' dir='ltr'>Sicut</span> <span class='ocrx_word' id='word_1_30' title='bbox 577 456 684 483; x_wconf 84' lang='lat' dir='ltr'>autem</span> <span class='ocrx_word' id='word_1_31' title='bbox 710 449 884 492; x_wconf 81' lang='lat' dir='ltr'>plurimum</span> <span class='ocrx_word' id='word_1_32' title='bbox 909 457 1073 481; x_wconf 89' lang='lat' dir='ltr'>commen-</span> 
     </span>
     <span class='ocr_line' id='line_1_9' title="bbox 333 501 1071 548; baseline -0.011 -7"><span class='ocrx_word' id='word_1_33' title='bbox 333 506 429 541; x_wconf 85' lang='lat' dir='ltr'>dandi</span> <span class='ocrx_word' id='word_1_34' title='bbox 455 511 529 539; x_wconf 89' lang='lat' dir='ltr'>sunt</span> <span class='ocrx_word' id='word_1_35' title='bbox 549 504 602 548; x_wconf 75' lang='lat' dir='ltr'>qni</span> <span class='ocrx_word' id='word_1_36' title='bbox 624 503 707 547; x_wconf 84' lang='lat' dir='ltr'>piam</span> <span class='ocrx_word' id='word_1_37' title='bbox 735 501 989 535; x_wconf 87' lang='lat' dir='ltr'>sollicitudinem</span> <span class='ocrx_word' id='word_1_38' title='bbox 1011 511 1071 544; x_wconf 88' lang='lat' dir='ltr'>pro</span> 
     </span>
     <span class='ocr_line' id='line_1_10' title="bbox 331 555 1068 601; baseline -0.008 -9"><span class='ocrx_word' id='word_1_39' title='bbox 331 559 492 592; x_wconf 90' lang='lat' dir='ltr'>bonorum</span> <span class='ocrx_word' id='word_1_40' title='bbox 533 562 697 601; x_wconf 84' lang='lat' dir='ltr'>pastorum</span> <span class='ocrx_word' id='word_1_41' title='bbox 738 555 899 588; x_wconf 75' lang='lat' dir='ltr'>electione</span> <span class='ocrx_word' id='word_1_42' title='bbox 940 560 1068 596; x_wconf 79' lang='lat' dir='ltr'>gerunt,</span> 
     </span>
     <span class='ocr_line' id='line_1_11' title="bbox 330 608 1070 653; baseline -0.007 -7"><span class='ocrx_word' id='word_1_43' title='bbox 330 613 374 646; x_wconf 84' lang='lat' dir='ltr'>ita</span> <span class='ocrx_word' id='word_1_44' title='bbox 407 612 452 646; x_wconf 92' lang='lat' dir='ltr'>illi</span> <span class='ocrx_word' id='word_1_45' title='bbox 485 617 560 644; x_wconf 91' lang='lat' dir='ltr'>sunt</span> <span class='ocrx_word' id='word_1_46' title='bbox 594 619 792 653; x_wconf 74' lang='lat' dir='ltr'>magnopere</span> <span class='ocrx_word' id='word_1_47' title='bbox 828 608 980 651; x_wconf 85' lang='lat' dir='ltr'>culpandi</span> <span class='ocrx_word' id='word_1_48' title='bbox 1017 608 1070 651; x_wconf 88' lang='lat' dir='ltr'>qui</span> 
     </span>
     <span class='ocr_line' id='line_1_12' title="bbox 330 661 1072 711; baseline -0.009 -11"><span class='ocrx_word' id='word_1_49' title='bbox 330 676 390 711; x_wconf 90' lang='lat' dir='ltr'>pro</span> <span class='ocrx_word' id='word_1_50' title='bbox 416 664 574 708; x_wconf 79' lang='lat' dir='ltr'>eligendis</span> <span class='ocrx_word' id='word_1_51' title='bbox 602 662 820 696; x_wconf 81' lang='lat' dir='ltr'>deterioribus</span> <span class='ocrx_word' id='word_1_52' title='bbox 856 661 960 694; x_wconf 84' lang='lat' dir='ltr'>statim</span> <span class='ocrx_word' id='word_1_53' title='bbox 987 661 1072 695; x_wconf 88' lang='lat' dir='ltr'>inter</span> 
     </span>
     <span class='ocr_line' id='line_1_13' title="bbox 329 714 1072 754; baseline -0.008 -2"><span class='ocrx_word' id='word_1_54' title='bbox 329 729 364 752; x_wconf 80' lang='lat' dir='ltr'>se</span> <span class='ocrx_word' id='word_1_55' title='bbox 400 723 524 751; x_wconf 86' lang='lat' dir='ltr'>secreta</span> <span class='ocrx_word' id='word_1_56' title='bbox 557 715 782 750; x_wconf 77' lang='lat' dir='ltr'>conventicula</span> <span class='ocrx_word' id='word_1_57' title='bbox 807 714 935 754; x_wconf 81' lang='lat' dir='ltr'>faciunt,</span> <span class='ocrx_word' id='word_1_58' title='bbox 971 719 1010 754; x_wconf 89' lang='lat' dir='ltr'>et,</span> <span class='ocrx_word' id='word_1_59' title='bbox 1037 720 1072 747; x_wconf 90' lang='lat' dir='ltr'>ut</span> 
     </span>
     <span class='ocr_line' id='line_1_14' title="bbox 331 769 1070 813; baseline -0.008 -7"><span class='ocrx_word' id='word_1_60' title='bbox 331 782 447 806; x_wconf 87' lang='lat' dir='ltr'>omnes</span> <span class='ocrx_word' id='word_1_61' title='bbox 480 771 519 804; x_wconf 85' lang='lat' dir='ltr'>ad</span> <span class='ocrx_word' id='word_1_62' title='bbox 556 780 645 803; x_wconf 85' lang='lat' dir='ltr'>suam</span> <span class='ocrx_word' id='word_1_63' title='bbox 684 769 896 813; x_wconf 78' lang='lat' dir='ltr'>cupiditatem</span> <span class='ocrx_word' id='word_1_64' title='bbox 930 769 1070 806; x_wconf 75' lang='lat' dir='ltr'>trahant,</span> 
     </span>
     <span class='ocr_line' id='line_1_15' title="bbox 329 826 1072 866; baseline -0.005 -9"><span class='ocrx_word' id='word_1_65' title='bbox 329 830 509 863; x_wconf 86' lang='lat' dir='ltr'>conantur,</span> <span class='ocrx_word' id='word_1_66' title='bbox 536 828 688 866; x_wconf 84' lang='lat' dir='ltr'>quantum</span> <span class='ocrx_word' id='word_1_67' title='bbox 715 826 870 865; x_wconf 81' lang='lat' dir='ltr'>possunt,</span> <span class='ocrx_word' id='word_1_68' title='bbox 897 831 956 864; x_wconf 87' lang='lat' dir='ltr'>per</span> <span class='ocrx_word' id='word_1_69' title='bbox 982 831 1016 853; x_wconf 87' lang='lat' dir='ltr'>se</span> <span class='ocrx_word' id='word_1_70' title='bbox 1042 826 1072 853; x_wconf 88' lang='lat' dir='ltr'>et</span> 
     </span>
     <span class='ocr_line' id='line_1_16' title="bbox 327 874 1070 922; baseline -0.007 -11"><span class='ocrx_word' id='word_1_71' title='bbox 327 889 388 922; x_wconf 90' lang='lat' dir='ltr'>per</span> <span class='ocrx_word' id='word_1_72' title='bbox 413 877 623 921; x_wconf 82' lang='lat' dir='ltr'>interpositas</span> <span class='ocrx_word' id='word_1_73' title='bbox 648 885 817 919; x_wconf 81' lang='lat' dir='ltr'>personas,</span> <span class='ocrx_word' id='word_1_74' title='bbox 836 884 900 908; x_wconf 90' lang='lat' dir='ltr'>non</span> <span class='ocrx_word' id='word_1_75' title='bbox 918 874 1070 918; x_wconf 86' lang='lat' dir='ltr'>precibus</span> 
     </span>
     <span class='ocr_line' id='line_1_17' title="bbox 330 927 1071 970; baseline -0.009 -4"><span class='ocrx_word' id='word_1_76' title='bbox 330 932 439 969; x_wconf 82' lang='lat' dir='ltr'>modo,</span> <span class='ocrx_word' id='word_1_77' title='bbox 466 931 522 964; x_wconf 91' lang='lat' dir='ltr'>sed</span> <span class='ocrx_word' id='word_1_78' title='bbox 556 929 717 963; x_wconf 88' lang='lat' dir='ltr'>interdum</span> <span class='ocrx_word' id='word_1_79' title='bbox 754 928 860 966; x_wconf 83' lang='lat' dir='ltr'>etiarn,</span> <span class='ocrx_word' id='word_1_80' title='bbox 902 927 989 970; x_wconf 86' lang='lat' dir='ltr'>quod</span> <span class='ocrx_word' id='word_1_81' title='bbox 1023 933 1071 960; x_wconf 86' lang='lat' dir='ltr'>est</span> 
     </span>
     <span class='ocr_line' id='line_1_18' title="bbox 329 980 1070 1025; baseline -0.007 -8"><span class='ocrx_word' id='word_1_82' title='bbox 329 984 483 1023; x_wconf 77' lang='lat' dir='ltr'>deterius,</span> <span class='ocrx_word' id='word_1_83' title='bbox 506 982 706 1018; x_wconf 80' lang='lat' dir='ltr'>muneribus,</span> <span class='ocrx_word' id='word_1_84' title='bbox 721 980 995 1025; x_wconf 76' lang='lat' dir='ltr'>promissionibus</span> <span class='ocrx_word' id='word_1_85' title='bbox 1013 981 1070 1013; x_wconf 89' lang='lat' dir='ltr'>bo-</span> 
     </span>
     <span class='ocr_line' id='line_1_19' title="bbox 328 1033 1070 1076; baseline -0.005 -6"><span class='ocrx_word' id='word_1_86' title='bbox 328 1047 455 1076; x_wconf 89' lang='lat' dir='ltr'>norum,</span> <span class='ocrx_word' id='word_1_87' title='bbox 486 1035 723 1069; x_wconf 64' lang='lat' dir='ltr'>maledicendis</span> <span class='ocrx_word' id='word_1_88' title='bbox 757 1039 789 1067; x_wconf 88' lang='lat' dir='ltr'>et</span> <span class='ocrx_word' id='word_1_89' title='bbox 815 1033 1070 1066; x_wconf 74' lang='lat' dir='ltr'>detractionibus</span> 
     </span>
     <span class='ocr_line' id='line_1_20' title="bbox 328 1085 1069 1130; baseline -0.004 -8"><span class='ocrx_word' id='word_1_90' title='bbox 328 1090 437 1123; x_wconf 87' lang='lat' dir='ltr'>multis</span> <span class='ocrx_word' id='word_1_91' title='bbox 458 1116 465 1129; x_wconf 92' lang='lat'>,</span> <span class='ocrx_word' id='word_1_92' title='bbox 499 1089 648 1122; x_wconf 89' lang='lat' dir='ltr'>obtinere</span> <span class='ocrx_word' id='word_1_93' title='bbox 685 1087 771 1130; x_wconf 87' lang='lat' dir='ltr'>quod</span> <span class='ocrx_word' id='word_1_94' title='bbox 818 1088 941 1119; x_wconf 89' lang='lat' dir='ltr'>volunt.</span> <span class='ocrx_word' id='word_1_95' title='bbox 969 1085 1069 1124; x_wconf 80' lang='lat' dir='ltr'>Quam</span> 
     </span>
     <span class='ocr_line' id='line_1_21' title="bbox 328 1139 1070 1185; baseline -0.005 -10"><span class='ocrx_word' id='word_1_96' title='bbox 328 1142 509 1185; x_wconf 88' lang='lat' dir='ltr'>perniciem</span> <span class='ocrx_word' id='word_1_97' title='bbox 542 1147 577 1174; x_wconf 90' lang='lat' dir='ltr'>ut</span> <span class='ocrx_word' id='word_1_98' title='bbox 606 1150 719 1173; x_wconf 88' lang='lat' dir='ltr'>omnes</span> <span class='ocrx_word' id='word_1_99' title='bbox 745 1139 995 1182; x_wconf 83' lang='lat' dir='ltr'>diligentissime</span> <span class='ocrx_word' id='word_1_100' title='bbox 1021 1150 1070 1172; x_wconf 85' lang='lat' dir='ltr'>ca-</span> 
     </span>
     <span class='ocr_line' id='line_1_22' title="bbox 327 1192 1069 1237; baseline -0.005 -9"><span class='ocrx_word' id='word_1_101' title='bbox 327 1201 431 1233; x_wconf 79' lang='lat' dir='ltr'>veant,</span> <span class='ocrx_word' id='word_1_102' title='bbox 464 1195 601 1227; x_wconf 66' lang='lat' dir='ltr'>vicarius</span> <span class='ocrx_word' id='word_1_103' title='bbox 640 1196 760 1237; x_wconf 73' lang='lat' dir='ltr'>quanta</span> <span class='ocrx_word' id='word_1_104' title='bbox 796 1193 918 1236; x_wconf 88' lang='lat' dir='ltr'>poterit</span> <span class='ocrx_word' id='word_1_105' title='bbox 957 1192 1069 1225; x_wconf 88' lang='lat' dir='ltr'>maiori</span> 
     </span>
     <span class='ocr_line' id='line_1_23' title="bbox 328 1245 1069 1289; baseline -0.003 -8"><span class='ocrx_word' id='word_1_106' title='bbox 328 1248 469 1281; x_wconf 73' lang='lat' dir='ltr'>efficacia</span> <span class='ocrx_word' id='word_1_107' title='bbox 510 1247 642 1281; x_wconf 78' lang='lat' dir='ltr'>debebit</span> <span class='ocrx_word' id='word_1_108' title='bbox 675 1246 825 1279; x_wconf 89' lang='lat' dir='ltr'>omnibus</span> <span class='ocrx_word' id='word_1_109' title='bbox 857 1245 1069 1289; x_wconf 85' lang='lat' dir='ltr'>persuadere.</span> 
     </span>
    </p>

    <p class='ocr_par' dir='ltr' id='par_1_5' title="bbox 328 1299 1073 1715">
     <span class='ocr_line' id='line_1_24' title="bbox 371 1299 1073 1344; baseline -0.004 -10"><span class='ocrx_word' id='word_1_110' title='bbox 371 1311 447 1334; x_wconf 79' lang='lat' dir='ltr'>xvu.</span> <span class='ocrx_word' id='word_1_111' title='bbox 470 1300 548 1333; x_wconf 76' lang='lat' dir='ltr'>Nam</span> <span class='ocrx_word' id='word_1_112' title='bbox 566 1301 619 1344; x_wconf 81' lang='lat' dir='ltr'>qni</span> <span class='ocrx_word' id='word_1_113' title='bbox 641 1301 758 1333; x_wconf 86' lang='lat' dir='ltr'>talibus</span> <span class='ocrx_word' id='word_1_114' title='bbox 776 1299 893 1332; x_wconf 84' lang='lat' dir='ltr'>mediis</span> <span class='ocrx_word' id='word_1_115' title='bbox 915 1299 1073 1332; x_wconf 87' lang='lat' dir='ltr'>inducunt</span> 
     </span>
     <span class='ocr_line' id='line_1_25' title="bbox 328 1352 1071 1388; baseline -0.003 -1"><span class='ocrx_word' id='word_1_116' title='bbox 328 1361 383 1387; x_wconf 83' lang='lat' dir='ltr'>aut</span> <span class='ocrx_word' id='word_1_117' title='bbox 401 1355 601 1388; x_wconf 77' lang='lat' dir='ltr'>inducuntur</span> <span class='ocrx_word' id='word_1_118' title='bbox 618 1354 658 1386; x_wconf 89' lang='lat' dir='ltr'>ad</span> <span class='ocrx_word' id='word_1_119' title='bbox 676 1352 948 1386; x_wconf 84' lang='lat' dir='ltr'>consentiendum</span> <span class='ocrx_word' id='word_1_120' title='bbox 972 1353 1071 1385; x_wconf 81' lang='lat' dir='ltr'>scien-</span> 
     </span>
     <span class='ocr_line' id='line_1_26' title="bbox 328 1406 1070 1450; baseline -0.003 -10"><span class='ocrx_word' id='word_1_121' title='bbox 328 1414 377 1440; x_wconf 94' lang='lat' dir='ltr'>ter</span> <span class='ocrx_word' id='word_1_122' title='bbox 402 1409 433 1440; x_wconf 92' lang='lat' dir='ltr'>in</span> <span class='ocrx_word' id='word_1_123' title='bbox 460 1418 616 1450; x_wconf 75' lang='lat' dir='ltr'>personas</span> <span class='ocrx_word' id='word_1_124' title='bbox 641 1417 706 1439; x_wconf 87' lang='lat' dir='ltr'>non</span> <span class='ocrx_word' id='word_1_125' title='bbox 745 1408 833 1445; x_wconf 83' lang='lat' dir='ltr'>tales,</span> <span class='ocrx_word' id='word_1_126' title='bbox 871 1407 982 1449; x_wconf 82' lang='lat' dir='ltr'>quales</span> <span class='ocrx_word' id='word_1_127' title='bbox 1022 1406 1070 1438; x_wconf 90' lang='lat' dir='ltr'>ius</span> 
     </span>
     <span class='ocr_line' id='line_1_27' title="bbox 329 1459 1069 1494; baseline -0.004 0"><span class='ocrx_word' id='word_1_128' title='bbox 329 1472 500 1494; x_wconf 88' lang='lat' dir='ltr'>commune</span> <span class='ocrx_word' id='word_1_129' title='bbox 526 1466 556 1493; x_wconf 85' lang='lat' dir='ltr'>et</span> <span class='ocrx_word' id='word_1_130' title='bbox 582 1466 691 1492; x_wconf 89' lang='lat' dir='ltr'>nostra</span> <span class='ocrx_word' id='word_1_131' title='bbox 716 1460 859 1492; x_wconf 84' lang='lat' dir='ltr'>instituta</span> <span class='ocrx_word' id='word_1_132' title='bbox 884 1459 1069 1492; x_wconf 83' lang='lat' dir='ltr'>necessario</span> 
     </span>
     <span class='ocr_line' id='line_1_28' title="bbox 329 1512 1069 1556; baseline -0.003 -10"><span class='ocrx_word' id='word_1_133' title='bbox 329 1514 510 1556; x_wconf 85' lang='lat' dir='ltr'>requirunt,</span> <span class='ocrx_word' id='word_1_134' title='bbox 537 1513 718 1546; x_wconf 78' lang='lat' dir='ltr'>mortaliter</span> <span class='ocrx_word' id='word_1_135' title='bbox 742 1517 889 1555; x_wconf 84' lang='lat' dir='ltr'>peccant,</span> <span class='ocrx_word' id='word_1_136' title='bbox 907 1517 938 1544; x_wconf 86' lang='lat' dir='ltr'>et</span> <span class='ocrx_word' id='word_1_137' title='bbox 958 1512 1069 1544; x_wconf 82' lang='lat' dir='ltr'>vitium</span> 
     </span>
     <span class='ocr_line' id='line_1_29' title="bbox 330 1565 1066 1604; baseline -0.004 -4"><span class='ocrx_word' id='word_1_138' title='bbox 330 1568 488 1600; x_wconf 76' lang='lat' dir='ltr'>simoniae</span> <span class='ocrx_word' id='word_1_139' title='bbox 516 1567 636 1603; x_wconf 76' lang='lat' dir='ltr'>realis,</span> <span class='ocrx_word' id='word_1_140' title='bbox 664 1568 712 1599; x_wconf 79' lang='lat' dir='ltr'>vel</span> <span class='ocrx_word' id='word_1_141' title='bbox 750 1568 863 1598; x_wconf 84' lang='lat' dir='ltr'>saltem</span> <span class='ocrx_word' id='word_1_142' title='bbox 895 1565 1066 1604; x_wconf 76' lang='lat' dir='ltr'>mentalis,</span> 
     </span>
     <span class='ocr_line' id='line_1_30' title="bbox 331 1619 1067 1662; baseline 0 -10"><span class='ocrx_word' id='word_1_143' title='bbox 331 1622 547 1659; x_wconf 75' lang='lat' dir='ltr'>comuiituint,</span> <span class='ocrx_word' id='word_1_144' title='bbox 565 1626 596 1653; x_wconf 85' lang='lat' dir='ltr'>et</span> <span class='ocrx_word' id='word_1_145' title='bbox 619 1620 772 1662; x_wconf 83' lang='lat' dir='ltr'>Spiritum</span> <span class='ocrx_word' id='word_1_146' title='bbox 799 1619 950 1651; x_wconf 73' lang='lat' dir='ltr'>Sanctum</span> <span class='ocrx_word' id='word_1_147' title='bbox 976 1630 993 1652; x_wconf 83' lang='lat' dir='ltr'>a</span> <span class='ocrx_word' id='word_1_148' title='bbox 1016 1619 1067 1652; x_wconf 89' lang='lat' dir='ltr'>tali</span> 
     </span>
     <span class='ocr_line' id='line_1_31' title="bbox 331 1673 994 1715; baseline -0.003 -9"><span class='ocrx_word' id='word_1_149' title='bbox 331 1674 489 1706; x_wconf 72' lang='lat' dir='ltr'>eloctione</span> <span class='ocrx_word' id='word_1_150' title='bbox 516 1679 547 1705; x_wconf 87' lang='lat' dir='ltr'>et</span> <span class='ocrx_word' id='word_1_151' title='bbox 571 1684 586 1705; x_wconf 87' lang='lat' dir='ltr'>a</span> <span class='ocrx_word' id='word_1_152' title='bbox 613 1673 707 1705; x_wconf 84' lang='lat' dir='ltr'>domo</span> <span class='ocrx_word' id='word_1_153' title='bbox 733 1675 791 1705; x_wconf 73' lang='lat' dir='ltr'>sud</span> <span class='ocrx_word' id='word_1_154' title='bbox 816 1674 994 1715; x_wconf 47' lang='lat' dir='ltr'>expellunt.</span> 
     </span>
    </p>

    <p class='ocr_par' dir='ltr' id='par_1_6' title="bbox 330 1725 1071 2139">
     <span class='ocr_line' id='line_1_32' title="bbox 373 1725 1069 1760; baseline -0.003 -1"><span class='ocrx_word' id='word_1_155' title='bbox 373 1737 461 1760; x_wconf 75' lang='lat' dir='ltr'>xviii.</span> <span class='ocrx_word' id='word_1_156' title='bbox 488 1726 627 1759; x_wconf 83' lang='lat' dir='ltr'>Omnino</span> <span class='ocrx_word' id='word_1_157' title='bbox 652 1731 757 1758; x_wconf 85' lang='lat' dir='ltr'>autem</span> <span class='ocrx_word' id='word_1_158' title='bbox 784 1725 822 1757; x_wconf 86' lang='lat' dir='ltr'>ab</span> <span class='ocrx_word' id='word_1_159' title='bbox 844 1725 995 1757; x_wconf 87' lang='lat' dir='ltr'>omnibus</span> <span class='ocrx_word' id='word_1_160' title='bbox 1019 1736 1069 1757; x_wconf 86' lang='lat' dir='ltr'>ca-</span> 
     </span>
     <span class='ocr_line' id='line_1_33' title="bbox 330 1778 1070 1821; baseline -0.003 -10"><span class='ocrx_word' id='word_1_161' title='bbox 330 1787 443 1812; x_wconf 79' lang='lat' dir='ltr'>veatur</span> <span class='ocrx_word' id='word_1_162' title='bbox 462 1791 499 1812; x_wconf 91' lang='lat' dir='ltr'>ne</span> <span class='ocrx_word' id='word_1_163' title='bbox 522 1781 605 1812; x_wconf 77' lang='lat' dir='ltr'>ullus</span> <span class='ocrx_word' id='word_1_164' title='bbox 628 1779 660 1812; x_wconf 90' lang='lat' dir='ltr'>in</span> <span class='ocrx_word' id='word_1_165' title='bbox 684 1779 834 1812; x_wconf 82' lang='lat' dir='ltr'>domibus</span> <span class='ocrx_word' id='word_1_166' title='bbox 852 1778 972 1811; x_wconf 85' lang='lat' dir='ltr'>nostris</span> <span class='ocrx_word' id='word_1_167' title='bbox 992 1789 1070 1821; x_wconf 84' lang='lat' dir='ltr'>qua-</span> 
     </span>
     <span class='ocr_line' id='line_1_34' title="bbox 331 1832 1068 1874; baseline -0.003 -9"><span class='ocrx_word' id='word_1_168' title='bbox 331 1834 410 1865; x_wconf 80' lang='lat' dir='ltr'>libet.</span> <span class='ocrx_word' id='word_1_169' title='bbox 441 1833 555 1865; x_wconf 72' lang='lat' dir='ltr'>astutia</span> <span class='ocrx_word' id='word_1_170' title='bbox 587 1843 641 1865; x_wconf 85' lang='lat' dir='ltr'>seu</span> <span class='ocrx_word' id='word_1_171' title='bbox 676 1832 828 1864; x_wconf 73' lang='lat' dir='ltr'>violentia</span> <span class='ocrx_word' id='word_1_172' title='bbox 859 1832 891 1864; x_wconf 90' lang='lat' dir='ltr'>in</span> <span class='ocrx_word' id='word_1_173' title='bbox 928 1832 1068 1874; x_wconf 81' lang='lat' dir='ltr'>priorem</span> 
     </span>
     <span class='ocr_line' id='line_1_35' title="bbox 332 1885 1070 1929; baseline 0 -12"><span class='ocrx_word' id='word_1_174' title='bbox 332 1885 556 1929; x_wconf 66' lang='lat' dir='ltr'>praeficiatur,</span> <span class='ocrx_word' id='word_1_175' title='bbox 586 1885 647 1918; x_wconf 89' lang='lat' dir='ltr'>nisi</span> <span class='ocrx_word' id='word_1_176' title='bbox 675 1896 770 1929; x_wconf 82' lang='lat' dir='ltr'>quem</span> <span class='ocrx_word' id='word_1_177' title='bbox 797 1885 948 1918; x_wconf 78' lang='lat' dir='ltr'>monaehi</span> <span class='ocrx_word' id='word_1_178' title='bbox 982 1895 1070 1918; x_wconf 85' lang='lat' dir='ltr'>com-</span> 
     </span>
     <span class='ocr_line' id='line_1_36' title="bbox 332 1939 1068 1972; baseline -0.001 -1"><span class='ocrx_word' id='word_1_179' title='bbox 332 1940 419 1971; x_wconf 86' lang='lat' dir='ltr'>muni</span> <span class='ocrx_word' id='word_1_180' title='bbox 439 1950 600 1972; x_wconf 79' lang='lat' dir='ltr'>consensu</span> <span class='ocrx_word' id='word_1_181' title='bbox 621 1940 670 1971; x_wconf 78' lang='lat' dir='ltr'>vel</span> <span class='ocrx_word' id='word_1_182' title='bbox 696 1939 933 1971; x_wconf 81' lang='lat' dir='ltr'>monachorum</span> <span class='ocrx_word' id='word_1_183' title='bbox 958 1948 1068 1970; x_wconf 85' lang='lat' dir='ltr'>vocem</span> 
     </span>
     <span class='ocr_line' id='line_1_37' title="bbox 334 1992 1069 2035; baseline -0.001 -11"><span class='ocrx_word' id='word_1_184' title='bbox 334 1992 522 2024; x_wconf 77' lang='lat' dir='ltr'>habentium</span> <span class='ocrx_word' id='word_1_185' title='bbox 549 1992 651 2024; x_wconf 84' lang='lat' dir='ltr'>maior</span> <span class='ocrx_word' id='word_1_186' title='bbox 668 2003 741 2035; x_wconf 87' lang='lat' dir='ltr'>pars</span> <span class='ocrx_word' id='word_1_187' title='bbox 767 1993 946 2025; x_wconf 86' lang='lat' dir='ltr'>secundum</span> <span class='ocrx_word' id='word_1_188' title='bbox 971 1992 1069 2024; x_wconf 87' lang='lat' dir='ltr'>Deum</span> 
     </span>
     <span class='ocr_line' id='line_1_38' title="bbox 334 2044 1071 2087; baseline -0.001 -10"><span class='ocrx_word' id='word_1_189' title='bbox 334 2050 366 2077; x_wconf 87' lang='lat' dir='ltr'>et</span> <span class='ocrx_word' id='word_1_190' title='bbox 384 2045 563 2087; x_wconf 78' lang='lat' dir='ltr'>approbata</span> <span class='ocrx_word' id='word_1_191' title='bbox 580 2044 681 2077; x_wconf 74' lang='lat' dir='ltr'>nostri</span> <span class='ocrx_word' id='word_1_192' title='bbox 693 2044 821 2077; x_wconf 87' lang='lat' dir='ltr'>Ordinis</span> <span class='ocrx_word' id='word_1_193' title='bbox 836 2044 983 2077; x_wconf 82' lang='lat' dir='ltr'>instituta</span> <span class='ocrx_word' id='word_1_194' title='bbox 997 2054 1071 2087; x_wconf 90' lang='lat' dir='ltr'>pro-</span> 
     </span>
     <span class='ocr_line' id='line_1_39' title="bbox 334 2098 697 2139; baseline 0 -9"><span class='ocrx_word' id='word_1_195' title='bbox 334 2098 474 2130; x_wconf 86' lang='lat' dir='ltr'>viderint</span> <span class='ocrx_word' id='word_1_196' title='bbox 499 2098 697 2139; x_wconf 69' lang='lat' dir='ltr'>eligendum.</span> 
     </span>
    </p>

    <p class='ocr_par' dir='ltr' id='par_1_7' title="bbox 334 2150 1074 2620">
     <span class='ocr_line' id='line_1_40' title="bbox 380 2150 1069 2194; baseline 0 -12"><span class='ocrx_word' id='word_1_197' title='bbox 380 2162 441 2184; x_wconf 78' lang='lat' dir='ltr'>xlx.</span> <span class='ocrx_word' id='word_1_198' title='bbox 470 2151 524 2183; x_wconf 89' lang='lat' dir='ltr'>llis</span> <span class='ocrx_word' id='word_1_199' title='bbox 550 2151 647 2193; x_wconf 67' lang='lat' dir='ltr'>igitur</span> <span class='ocrx_word' id='word_1_200' title='bbox 665 2151 814 2184; x_wconf 88' lang='lat' dir='ltr'>omnibus</span> <span class='ocrx_word' id='word_1_201' title='bbox 838 2162 897 2194; x_wconf 89' lang='lat' dir='ltr'>per</span> <span class='ocrx_word' id='word_1_202' title='bbox 918 2150 1069 2183; x_wconf 80' lang='lat' dir='ltr'>vicarium</span> 
     </span>
     <span class='ocr_line' id='line_1_41' title="bbox 334 2203 1071 2246; baseline 0.001 -11"><span class='ocrx_word' id='word_1_203' title='bbox 334 2203 520 2246; x_wconf 77' lang='lat' dir='ltr'>propositis,</span> <span class='ocrx_word' id='word_1_204' title='bbox 534 2204 715 2236; x_wconf 82' lang='lat' dir='ltr'>triduanum</span> <span class='ocrx_word' id='word_1_205' title='bbox 734 2204 930 2242; x_wconf 88' lang='lat' dir='ltr'>continuum,</span> <span class='ocrx_word' id='word_1_206' title='bbox 945 2204 1008 2236; x_wconf 88' lang='lat' dir='ltr'>nisi</span> <span class='ocrx_word' id='word_1_207' title='bbox 1027 2204 1071 2236; x_wconf 81' lang='lat' dir='ltr'>se-</span> 
     </span>
     <span class='ocr_line' id='line_1_42' title="bbox 336 2256 1070 2299; baseline -0.001 -11"><span class='ocrx_word' id='word_1_208' title='bbox 336 2262 419 2288; x_wconf 88' lang='lat' dir='ltr'>stum</span> <span class='ocrx_word' id='word_1_209' title='bbox 446 2256 577 2299; x_wconf 87' lang='lat' dir='ltr'>capituli</span> <span class='ocrx_word' id='word_1_210' title='bbox 604 2257 743 2296; x_wconf 84' lang='lat' dir='ltr'>intersit,</span> <span class='ocrx_word' id='word_1_211' title='bbox 767 2257 890 2289; x_wconf 86' lang='lat' dir='ltr'>cunctis</span> <span class='ocrx_word' id='word_1_212' title='bbox 918 2257 1070 2289; x_wconf 80' lang='lat' dir='ltr'>fratribus</span> 
     </span>
     <span class='ocr_line' id='line_1_43' title="bbox 337 2308 1070 2353; baseline 0.003 -14"><span class='ocrx_word' id='word_1_213' title='bbox 337 2308 489 2341; x_wconf 71' lang='lat' dir='ltr'>indicitur</span> <span class='ocrx_word' id='word_1_214' title='bbox 507 2309 672 2342; x_wconf 82' lang='lat' dir='ltr'>ieiunium:</span> <span class='ocrx_word' id='word_1_215' title='bbox 691 2316 911 2353; x_wconf 76' lang='lat' dir='ltr'>et,quousque</span> <span class='ocrx_word' id='word_1_216' title='bbox 928 2310 1070 2353; x_wconf 84' lang='lat' dir='ltr'>priorem</span> 
     </span>
     <span class='ocr_line' id='line_1_44' title="bbox 337 2362 1073 2406; baseline 0.001 -12"><span class='ocrx_word' id='word_1_217' title='bbox 337 2362 488 2396; x_wconf 67' lang='lat' dir='ltr'>habeant=</span> <span class='ocrx_word' id='word_1_218' title='bbox 500 2368 574 2404; x_wconf 85' lang='lat' dir='ltr'>post</span> <span class='ocrx_word' id='word_1_219' title='bbox 588 2363 697 2395; x_wconf 83' lang='lat' dir='ltr'>laudes</span> <span class='ocrx_word' id='word_1_220' title='bbox 713 2369 743 2395; x_wconf 87' lang='lat' dir='ltr'>et</span> <span class='ocrx_word' id='word_1_221' title='bbox 759 2374 912 2406; x_wconf 79' lang='lat' dir='ltr'>vesperas</span> <span class='ocrx_word' id='word_1_222' title='bbox 928 2374 986 2406; x_wconf 90' lang='lat' dir='ltr'>pro</span> <span class='ocrx_word' id='word_1_223' title='bbox 1001 2373 1073 2395; x_wconf 83' lang='lat' dir='ltr'>con-</span> 
     </span>
     <span class='ocr_line' id='line_1_45' title="bbox 337 2415 1071 2459; baseline 0.001 -13"><span class='ocrx_word' id='word_1_224' title='bbox 337 2415 483 2447; x_wconf 88' lang='lat' dir='ltr'>ventibus</span> <span class='ocrx_word' id='word_1_225' title='bbox 509 2416 660 2448; x_wconf 82' lang='lat' dir='ltr'>omnibus</span> <span class='ocrx_word' id='word_1_226' title='bbox 679 2427 777 2459; x_wconf 89' lang='lat' dir='ltr'>super</span> <span class='ocrx_word' id='word_1_227' title='bbox 799 2418 928 2456; x_wconf 81' lang='lat' dir='ltr'>formas,</span> <span class='ocrx_word' id='word_1_228' title='bbox 946 2416 1071 2449; x_wconf 80' lang='lat' dir='ltr'>etiamsi</span> 
     </span>
     <span class='ocr_line' id='line_1_46' title="bbox 339 2468 1074 2510; baseline 0.003 -10"><span class='ocrx_word' id='word_1_229' title='bbox 339 2468 378 2500; x_wconf 86' lang='lat' dir='ltr'>sit</span> <span class='ocrx_word' id='word_1_230' title='bbox 397 2468 512 2500; x_wconf 75' lang='lat' dir='ltr'>festum</span> <span class='ocrx_word' id='word_1_231' title='bbox 534 2469 704 2501; x_wconf 80' lang='lat' dir='ltr'>duodecim</span> <span class='ocrx_word' id='word_1_232' title='bbox 720 2470 908 2510; x_wconf 84' lang='lat' dir='ltr'>lectionum,</span> <span class='ocrx_word' id='word_1_233' title='bbox 923 2471 971 2503; x_wconf 85' lang='lat' dir='ltr'>vel</span> <span class='ocrx_word' id='word_1_234' title='bbox 995 2475 1074 2502; x_wconf 89' lang='lat' dir='ltr'>tem-</span> 
     </span>
     <span class='ocr_line' id='line_1_47' title="bbox 340 2522 1072 2564; baseline 0.003 -13"><span class='ocrx_word' id='word_1_235' title='bbox 340 2531 399 2564; x_wconf 86' lang='lat' dir='ltr'>pus</span> <span class='ocrx_word' id='word_1_236' title='bbox 424 2522 565 2563; x_wconf 86' lang='lat' dir='ltr'>aliquod,</span> <span class='ocrx_word' id='word_1_237' title='bbox 586 2522 616 2553; x_wconf 91' lang='lat' dir='ltr'>in</span> <span class='ocrx_word' id='word_1_238' title='bbox 639 2533 703 2564; x_wconf 80' lang='lat' dir='ltr'>quo</span> <span class='ocrx_word' id='word_1_239' title='bbox 724 2523 817 2555; x_wconf 76' lang='lat' dir='ltr'>venia</span> <span class='ocrx_word' id='word_1_240' title='bbox 843 2534 907 2555; x_wconf 91' lang='lat' dir='ltr'>non</span> <span class='ocrx_word' id='word_1_241' title='bbox 929 2523 1072 2561; x_wconf 75' lang='lat' dir='ltr'>sumitur,</span> 
     </span>
     <span class='ocr_line' id='line_1_48' title="bbox 339 2575 1073 2620; baseline 0.003 -13"><span class='ocrx_word' id='word_1_242' title='bbox 339 2575 481 2619; x_wconf 86' lang='lat' dir='ltr'>psalmus</span> <span class='ocrx_word' id='word_1_243' title='bbox 497 2575 550 2608; x_wconf 68' lang='lat' dir='ltr'>Act</span> <span class='ocrx_word' id='word_1_244' title='bbox 569 2580 594 2607; x_wconf 83' lang='lat' dir='ltr'>te.</span> <span class='ocrx_word' id='word_1_245' title='bbox 616 2575 727 2617; x_wconf 60' lang='lat' dir='ltr'>tecam,</span> <span class='ocrx_word' id='word_1_246' title='bbox 749 2577 877 2610; x_wconf 78' lang='lat' dir='ltr'>nudatis</span> <span class='ocrx_word' id='word_1_247' title='bbox 906 2577 1073 2620; x_wconf 80' lang='lat' dir='ltr'>capitibus,</span> 
     </span>
    </p>
   </div>
   <div class='ocr_carea' id='block_1_4' title="bbox 1091 235 1095 847">
    <p class='ocr_par' dir='ltr' id='par_1_8' title="bbox 1091 235 1095 847">
     <span class='ocr_line' id='line_1_49' title="bbox 1091 235 1095 847; baseline 0 0"><span class='ocrx_word' id='word_1_248' title='bbox 1091 235 1095 847; x_wconf 95' lang='lat' dir='ltr'> </span> 
     </span>
    </p>
   </div>
   <div class='ocr_carea' id='block_1_5' title="bbox 1089 1301 1095 2232">
    <p class='ocr_par' dir='ltr' id='par_1_9' title="bbox 1089 1301 1095 2232">
     <span class='ocr_line' id='line_1_50' title="bbox 1089 1301 1095 2232; baseline 0 0"><span class='ocrx_word' id='word_1_249' title='bbox 1089 1301 1095 2232; x_wconf 95' lang='lat' dir='ltr'> </span> 
     </span>
    </p>
   </div>
   <div class='ocr_carea' id='block_1_6' title="bbox 920 186 1275 210">
    <p class='ocr_par' dir='ltr' id='par_1_10' title="bbox 920 186 1275 210">
     <span class='ocr_line' id='line_1_51' title="bbox 920 186 1275 210; baseline 0 0"><span class='ocrx_word' id='word_1_250' title='bbox 920 187 1100 210; x_wconf 71' lang='lat' dir='ltr'>BULLARIUM</span> <span class='ocrx_word' id='word_1_251' title='bbox 1123 186 1275 210; x_wconf 56' lang='lat' dir='ltr'>nonaum!</span> 
     </span>
    </p>
   </div>
   <div class='ocr_carea' id='block_1_7' title="bbox 1112 232 1854 2622">
    <p class='ocr_par' dir='ltr' id='par_1_11' title="bbox 1115 232 1853 384">
     <span class='ocr_line' id='line_1_52' title="bbox 1115 232 1853 276; baseline -0.001 -9"><span class='ocrx_word' id='word_1_252' title='bbox 1115 233 1277 267; x_wconf 84' lang='lat' dir='ltr'>communi</span> <span class='ocrx_word' id='word_1_253' title='bbox 1297 232 1467 266; x_wconf 84' lang='lat' dir='ltr'>devotione</span> <span class='ocrx_word' id='word_1_254' title='bbox 1488 237 1644 272; x_wconf 82' lang='lat' dir='ltr'>cantatur,</span> <span class='ocrx_word' id='word_1_255' title='bbox 1665 232 1853 276; x_wconf 85' lang='lat' dir='ltr'>incipiendo</span> 
     </span>
     <span class='ocr_line' id='line_1_53' title="bbox 1115 285 1851 326; baseline 0 -6"><span class='ocrx_word' id='word_1_256' title='bbox 1115 287 1147 320; x_wconf 92' lang='lat' dir='ltr'>in</span> <span class='ocrx_word' id='word_1_257' title='bbox 1163 287 1266 320; x_wconf 85' lang='lat' dir='ltr'>choro</span> <span class='ocrx_word' id='word_1_258' title='bbox 1277 285 1419 320; x_wconf 84' lang='lat' dir='ltr'>cantoris</span> <span class='ocrx_word' id='word_1_259' title='bbox 1432 285 1687 326; x_wconf 80' lang='lat' dir='ltr'>hebdomadarii,</span> <span class='ocrx_word' id='word_1_260' title='bbox 1699 296 1768 319; x_wconf 85' lang='lat' dir='ltr'>cum</span> <span class='ocrx_word' id='word_1_261' title='bbox 1780 286 1851 320; x_wconf 87' lang='lat' dir='ltr'>aliis</span> 
     </span>
     <span class='ocr_line' id='line_1_54' title="bbox 1115 339 1850 384; baseline 0 -11"><span class='ocrx_word' id='word_1_262' title='bbox 1115 340 1265 384; x_wconf 81' lang='lat' dir='ltr'>precibus</span> <span class='ocrx_word' id='word_1_263' title='bbox 1300 340 1390 372; x_wconf 90' lang='lat' dir='ltr'>utin</span> <span class='ocrx_word' id='word_1_264' title='bbox 1424 339 1529 384; x_wconf 74' lang='lat' dir='ltr'>prima</span> <span class='ocrx_word' id='word_1_265' title='bbox 1558 345 1649 383; x_wconf 87' lang='lat' dir='ltr'>parte</span> <span class='ocrx_word' id='word_1_266' title='bbox 1675 339 1850 373; x_wconf 83' lang='lat' dir='ltr'>hahentur.</span> 
     </span>
    </p>

    <p class='ocr_par' dir='ltr' id='par_1_12' title="bbox 1114 391 1853 1021">
     <span class='ocr_line' id='line_1_55' title="bbox 1158 391 1852 436; baseline 0 -10"><span class='ocrx_word' id='word_1_267' title='bbox 1158 403 1208 426; x_wconf 67' lang='lat' dir='ltr'>xx.</span> <span class='ocrx_word' id='word_1_268' title='bbox 1232 393 1368 433; x_wconf 81' lang='lat' dir='ltr'>Interea,</span> <span class='ocrx_word' id='word_1_269' title='bbox 1383 393 1573 436; x_wconf 82' lang='lat' dir='ltr'>quamcitius</span> <span class='ocrx_word' id='word_1_270' title='bbox 1591 393 1763 426; x_wconf 89' lang='lat' dir='ltr'>commode</span> <span class='ocrx_word' id='word_1_271' title='bbox 1781 391 1852 426; x_wconf 82' lang='lat' dir='ltr'>fieri</span> 
     </span>
     <span class='ocr_line' id='line_1_56' title="bbox 1116 439 1852 489; baseline 0 -11"><span class='ocrx_word' id='word_1_272' title='bbox 1116 446 1254 489; x_wconf 83' lang='lat' dir='ltr'>poterit,</span> <span class='ocrx_word' id='word_1_273' title='bbox 1280 439 1481 479; x_wconf 83' lang='lat' dir='ltr'>vocabuntur</span> <span class='ocrx_word' id='word_1_274' title='bbox 1505 444 1750 478; x_wconf 82' lang='lat' dir='ltr'>confirmatores</span> <span class='ocrx_word' id='word_1_275' title='bbox 1765 472 1772 484; x_wconf 81' lang='grc'>,</span> <span class='ocrx_word' id='word_1_276' title='bbox 1797 445 1852 489; x_wconf 90' lang='lat' dir='ltr'>qui</span> 
     </span>
     <span class='ocr_line' id='line_1_57' title="bbox 1116 498 1850 542; baseline 0.001 -10"><span class='ocrx_word' id='word_1_277' title='bbox 1116 499 1259 542; x_wconf 81' lang='lat' dir='ltr'>praesint</span> <span class='ocrx_word' id='word_1_278' title='bbox 1284 499 1407 532; x_wconf 86' lang='lat' dir='ltr'>suturae</span> <span class='ocrx_word' id='word_1_279' title='bbox 1443 499 1594 533; x_wconf 88' lang='lat' dir='ltr'>electioni</span> <span class='ocrx_word' id='word_1_280' title='bbox 1619 499 1691 531; x_wconf 91' lang='lat' dir='ltr'>novi</span> <span class='ocrx_word' id='word_1_281' title='bbox 1717 498 1850 542; x_wconf 89' lang='lat' dir='ltr'>prioris.</span> 
     </span>
     <span class='ocr_line' id='line_1_58' title="bbox 1115 551 1852 595; baseline 0.001 -10"><span class='ocrx_word' id='word_1_282' title='bbox 1115 553 1195 585; x_wconf 86' lang='lat' dir='ltr'>Sunt</span> <span class='ocrx_word' id='word_1_283' title='bbox 1218 558 1325 585; x_wconf 78' lang='lat' dir='ltr'>autem</span> <span class='ocrx_word' id='word_1_284' title='bbox 1352 551 1485 585; x_wconf 85' lang='lat' dir='ltr'>vocandi</span> <span class='ocrx_word' id='word_1_285' title='bbox 1511 553 1574 585; x_wconf 90' lang='lat' dir='ltr'>duo</span> <span class='ocrx_word' id='word_1_286' title='bbox 1598 552 1725 595; x_wconf 89' lang='lat' dir='ltr'>priores</span> <span class='ocrx_word' id='word_1_287' title='bbox 1749 553 1852 586; x_wconf 80' lang='lat' dir='ltr'>nostri</span> 
     </span>
     <span class='ocr_line' id='line_1_59' title="bbox 1114 605 1853 639; baseline -0.001 0"><span class='ocrx_word' id='word_1_288' title='bbox 1114 605 1242 639; x_wconf 85' lang='lat' dir='ltr'>Ordinis</span> <span class='ocrx_word' id='word_1_289' title='bbox 1273 606 1312 639; x_wconf 90' lang='lat' dir='ltr'>de</span> <span class='ocrx_word' id='word_1_290' title='bbox 1342 606 1555 639; x_wconf 86' lang='lat' dir='ltr'>vicinioribus</span> <span class='ocrx_word' id='word_1_291' title='bbox 1585 611 1617 639; x_wconf 91' lang='lat' dir='ltr'>et</span> <span class='ocrx_word' id='word_1_292' title='bbox 1651 606 1853 639; x_wconf 83' lang='lat' dir='ltr'>discretiori·</span> 
     </span>
     <span class='ocr_line' id='line_1_60' title="bbox 1115 658 1852 703; baseline 0.001 -12"><span class='ocrx_word' id='word_1_293' title='bbox 1115 659 1173 691; x_wconf 92' lang='lat' dir='ltr'>bus</span> <span class='ocrx_word' id='word_1_294' title='bbox 1195 659 1388 703; x_wconf 82' lang='lat' dir='ltr'>provinciae,</span> <span class='ocrx_word' id='word_1_295' title='bbox 1409 664 1465 692; x_wconf 84' lang='lat' dir='ltr'>aut</span> <span class='ocrx_word' id='word_1_296' title='bbox 1485 669 1565 692; x_wconf 88' lang='lat' dir='ltr'>unus</span> <span class='ocrx_word' id='word_1_297' title='bbox 1583 670 1652 692; x_wconf 90' lang='lat' dir='ltr'>cum</span> <span class='ocrx_word' id='word_1_298' title='bbox 1670 658 1852 703; x_wconf 82' lang='lat' dir='ltr'>antiquiore</span> 
     </span>
     <span class='ocr_line' id='line_1_61' title="bbox 1115 712 1853 755; baseline 0 -10"><span class='ocrx_word' id='word_1_299' title='bbox 1115 712 1230 745; x_wconf 85' lang='lat' dir='ltr'>domus</span> <span class='ocrx_word' id='word_1_300' title='bbox 1256 712 1407 755; x_wconf 83' lang='lat' dir='ltr'>eligentis</span> <span class='ocrx_word' id='word_1_301' title='bbox 1424 739 1431 753; x_wconf 92' lang='lat'>‚</span> <span class='ocrx_word' id='word_1_302' title='bbox 1466 712 1491 745; x_wconf 90' lang='lat' dir='ltr'>si</span> <span class='ocrx_word' id='word_1_303' title='bbox 1524 712 1587 746; x_wconf 93' lang='lat' dir='ltr'>duo</span> <span class='ocrx_word' id='word_1_304' title='bbox 1612 712 1738 755; x_wconf 86' lang='lat' dir='ltr'>priores</span> <span class='ocrx_word' id='word_1_305' title='bbox 1764 722 1853 745; x_wconf 86' lang='lat' dir='ltr'>com·</span> 
     </span>
     <span class='ocr_line' id='line_1_62' title="bbox 1114 765 1851 810; baseline 0 -12"><span class='ocrx_word' id='word_1_306' title='bbox 1114 765 1209 799; x_wconf 90' lang='lat' dir='ltr'>mode</span> <span class='ocrx_word' id='word_1_307' title='bbox 1245 765 1359 799; x_wconf 86' lang='lat' dir='ltr'>haberi</span> <span class='ocrx_word' id='word_1_308' title='bbox 1395 776 1460 800; x_wconf 91' lang='lat' dir='ltr'>non</span> <span class='ocrx_word' id='word_1_309' title='bbox 1495 770 1674 810; x_wconf 87' lang='lat' dir='ltr'>poterunt:</span> <span class='ocrx_word' id='word_1_310' title='bbox 1713 775 1851 809; x_wconf 91' lang='lat' dir='ltr'>quorum</span> 
     </span>
     <span class='ocr_line' id='line_1_63' title="bbox 1114 818 1853 863; baseline 0 -12"><span class='ocrx_word' id='word_1_311' title='bbox 1114 829 1214 859; x_wconf 89' lang='lat' dir='ltr'>unus,</span> <span class='ocrx_word' id='word_1_312' title='bbox 1240 820 1265 852; x_wconf 91' lang='lat' dir='ltr'>si</span> <span class='ocrx_word' id='word_1_313' title='bbox 1291 819 1462 853; x_wconf 90' lang='lat' dir='ltr'>commode</span> <span class='ocrx_word' id='word_1_314' title='bbox 1496 818 1562 852; x_wconf 79' lang='lat' dir='ltr'>lieri</span> <span class='ocrx_word' id='word_1_315' title='bbox 1589 818 1728 863; x_wconf 86' lang='lat' dir='ltr'>poterit,</span> <span class='ocrx_word' id='word_1_316' title='bbox 1757 818 1853 852; x_wconf 87' lang='lat' dir='ltr'>debet</span> 
     </span>
     <span class='ocr_line' id='line_1_64' title="bbox 1115 871 1852 916; baseline 0.001 -12"><span class='ocrx_word' id='word_1_317' title='bbox 1115 882 1185 905; x_wconf 86' lang='lat' dir='ltr'>esse</span> <span class='ocrx_word' id='word_1_318' title='bbox 1210 871 1356 905; x_wconf 85' lang='lat' dir='ltr'>visitator</span> <span class='ocrx_word' id='word_1_319' title='bbox 1390 872 1602 916; x_wconf 82' lang='lat' dir='ltr'>principalis,</span> <span class='ocrx_word' id='word_1_320' title='bbox 1635 877 1712 911; x_wconf 89' lang='lat' dir='ltr'>aut,</span> <span class='ocrx_word' id='word_1_321' title='bbox 1745 871 1770 904; x_wconf 90' lang='lat' dir='ltr'>si</span> <span class='ocrx_word' id='word_1_322' title='bbox 1797 871 1852 905; x_wconf 84' lang='lat' dir='ltr'>itte</span> 
     </span>
     <span class='ocr_line' id='line_1_65' title="bbox 1114 925 1853 969; baseline 0 -11"><span class='ocrx_word' id='word_1_323' title='bbox 1114 936 1179 958; x_wconf 88' lang='lat' dir='ltr'>non</span> <span class='ocrx_word' id='word_1_324' title='bbox 1204 931 1314 969; x_wconf 87' lang='lat' dir='ltr'>potest</span> <span class='ocrx_word' id='word_1_325' title='bbox 1342 931 1397 959; x_wconf 89' lang='lat' dir='ltr'>aut</span> <span class='ocrx_word' id='word_1_326' title='bbox 1421 935 1485 959; x_wconf 90' lang='lat' dir='ltr'>non</span> <span class='ocrx_word' id='word_1_327' title='bbox 1509 927 1611 967; x_wconf 84' lang='lat' dir='ltr'>valet,</span> <span class='ocrx_word' id='word_1_328' title='bbox 1641 925 1853 959; x_wconf 79' lang='lat' dir='ltr'>convisitator</span> 
     </span>
     <span class='ocr_line' id='line_1_66' title="bbox 1114 978 1329 1021; baseline 0.009 -11"><span class='ocrx_word' id='word_1_329' title='bbox 1114 978 1329 1021; x_wconf 79' lang='lat' dir='ltr'>provinciae..</span> 
     </span>
    </p>

    <p class='ocr_par' dir='ltr' id='par_1_13' title="bbox 1113 1031 1853 1449">
     <span class='ocr_line' id='line_1_67' title="bbox 1156 1031 1850 1066; baseline 0.001 -1"><span class='ocrx_word' id='word_1_330' title='bbox 1156 1042 1220 1065; x_wconf 79' lang='lat' dir='ltr'>xxi.</span> <span class='ocrx_word' id='word_1_331' title='bbox 1244 1031 1346 1064; x_wconf 83' lang='lat' dir='ltr'>Porro</span> <span class='ocrx_word' id='word_1_332' title='bbox 1366 1032 1468 1065; x_wconf 83' lang='lat' dir='ltr'>vocati</span> <span class='ocrx_word' id='word_1_333' title='bbox 1486 1032 1524 1065; x_wconf 85' lang='lat' dir='ltr'>ad</span> <span class='ocrx_word' id='word_1_334' title='bbox 1551 1032 1767 1066; x_wconf 86' lang='lat' dir='ltr'>assistendum</span> <span class='ocrx_word' id='word_1_335' title='bbox 1786 1033 1850 1066; x_wconf 84' lang='lat' dir='ltr'>ele-</span> 
     </span>
     <span class='ocr_line' id='line_1_68' title="bbox 1114 1084 1850 1127; baseline 0.004 -10"><span class='ocrx_word' id='word_1_336' title='bbox 1114 1084 1212 1118; x_wconf 87' lang='lat' dir='ltr'>ctioni</span> <span class='ocrx_word' id='word_1_337' title='bbox 1232 1086 1357 1119; x_wconf 91' lang='lat' dir='ltr'>nullum</span> <span class='ocrx_word' id='word_1_338' title='bbox 1384 1085 1516 1119; x_wconf 87' lang='lat' dir='ltr'>omnino</span> <span class='ocrx_word' id='word_1_339' title='bbox 1542 1087 1718 1120; x_wconf 89' lang='lat' dir='ltr'>electorum</span> <span class='ocrx_word' id='word_1_340' title='bbox 1736 1087 1850 1127; x_wconf 83' lang='lat' dir='ltr'>verbo,</span> 
     </span>
     <span class='ocr_line' id='line_1_69' title="bbox 1113 1137 1851 1183; baseline 0.004 -14"><span class='ocrx_word' id='word_1_341' title='bbox 1113 1137 1243 1180; x_wconf 86' lang='lat' dir='ltr'>scripto,</span> <span class='ocrx_word' id='word_1_342' title='bbox 1263 1144 1353 1177; x_wconf 88' lang='lat' dir='ltr'>nutu,</span> <span class='ocrx_word' id='word_1_343' title='bbox 1371 1138 1485 1180; x_wconf 68' lang='lat' dir='ltr'>signis,</span> <span class='ocrx_word' id='word_1_344' title='bbox 1506 1139 1706 1180; x_wconf 89' lang='lat' dir='ltr'>muneribus,</span> <span class='ocrx_word' id='word_1_345' title='bbox 1732 1150 1792 1183; x_wconf 87' lang='lat' dir='ltr'>per</span> <span class='ocrx_word' id='word_1_346' title='bbox 1816 1150 1851 1172; x_wconf 86' lang='lat' dir='ltr'>se</span> 
     </span>
     <span class='ocr_line' id='line_1_70' title="bbox 1113 1191 1851 1235; baseline 0.004 -13"><span class='ocrx_word' id='word_1_347' title='bbox 1113 1191 1162 1223; x_wconf 87' lang='lat' dir='ltr'>vel</span> <span class='ocrx_word' id='word_1_348' title='bbox 1187 1201 1245 1233; x_wconf 87' lang='lat' dir='ltr'>per</span> <span class='ocrx_word' id='word_1_349' title='bbox 1266 1191 1494 1234; x_wconf 83' lang='lat' dir='ltr'>interpositam</span> <span class='ocrx_word' id='word_1_350' title='bbox 1520 1203 1704 1235; x_wconf 84' lang='lat' dir='ltr'>personam,</span> <span class='ocrx_word' id='word_1_351' title='bbox 1724 1192 1851 1225; x_wconf 85' lang='lat' dir='ltr'>directe</span> 
     </span>
     <span class='ocr_line' id='line_1_71' title="bbox 1114 1244 1853 1289; baseline 0.003 -13"><span class='ocrx_word' id='word_1_352' title='bbox 1114 1245 1162 1276; x_wconf 77' lang='lat' dir='ltr'>vel</span> <span class='ocrx_word' id='word_1_353' title='bbox 1181 1244 1350 1283; x_wconf 88' lang='lat' dir='ltr'>indirecte,</span> <span class='ocrx_word' id='word_1_354' title='bbox 1370 1245 1548 1278; x_wconf 84' lang='lat' dir='ltr'>sollicitent</span> <span class='ocrx_word' id='word_1_355' title='bbox 1568 1246 1607 1279; x_wconf 91' lang='lat' dir='ltr'>de</span> <span class='ocrx_word' id='word_1_356' title='bbox 1629 1246 1735 1289; x_wconf 71' lang='lat' dir='ltr'>aliqua</span> <span class='ocrx_word' id='word_1_357' title='bbox 1752 1245 1853 1289; x_wconf 86' lang='lat' dir='ltr'>parti-</span> 
     </span>
     <span class='ocr_line' id='line_1_72' title="bbox 1114 1296 1851 1342; baseline 0.005 -14"><span class='ocrx_word' id='word_1_358' title='bbox 1114 1296 1214 1330; x_wconf 88' lang='lat' dir='ltr'>culari</span> <span class='ocrx_word' id='word_1_359' title='bbox 1233 1301 1371 1340; x_wconf 73' lang='lat' dir='ltr'>persona</span> <span class='ocrx_word' id='word_1_360' title='bbox 1392 1298 1542 1341; x_wconf 70' lang='lat' dir='ltr'>eligenda</span> <span class='ocrx_word' id='word_1_361' title='bbox 1565 1304 1618 1331; x_wconf 84' lang='lat' dir='ltr'>aut</span> <span class='ocrx_word' id='word_1_362' title='bbox 1640 1298 1851 1342; x_wconf 64' lang='lat' dir='ltr'>postulando:</span> 
     </span>
     <span class='ocr_line' id='line_1_73' title="bbox 1114 1350 1852 1396; baseline 0.005 -15"><span class='ocrx_word' id='word_1_363' title='bbox 1114 1351 1169 1383; x_wconf 85' lang='lat' dir='ltr'>sed</span> <span class='ocrx_word' id='word_1_364' title='bbox 1197 1350 1385 1393; x_wconf 79' lang='lat' dir='ltr'>eligentium</span> <span class='ocrx_word' id='word_1_365' title='bbox 1411 1358 1482 1384; x_wconf 86' lang='lat' dir='ltr'>vota</span> <span class='ocrx_word' id='word_1_366' title='bbox 1500 1362 1580 1394; x_wconf 88' lang='lat' dir='ltr'>pure</span> <span class='ocrx_word' id='word_1_367' title='bbox 1606 1358 1638 1384; x_wconf 89' lang='lat' dir='ltr'>et</span> <span class='ocrx_word' id='word_1_368' title='bbox 1662 1352 1852 1396; x_wconf 88' lang='lat' dir='ltr'>simpliciter</span> 
     </span>
     <span class='ocr_line' id='line_1_74' title="bbox 1113 1404 1756 1449; baseline 0.006 -15"><span class='ocrx_word' id='word_1_369' title='bbox 1113 1408 1144 1435; x_wconf 87' lang='lat' dir='ltr'>et</span> <span class='ocrx_word' id='word_1_370' title='bbox 1165 1413 1235 1435; x_wconf 89' lang='lat' dir='ltr'>cum</span> <span class='ocrx_word' id='word_1_371' title='bbox 1262 1404 1348 1436; x_wconf 88' lang='lat' dir='ltr'>omni</span> <span class='ocrx_word' id='word_1_372' title='bbox 1374 1404 1560 1447; x_wconf 79' lang='lat' dir='ltr'>integritate</span> <span class='ocrx_word' id='word_1_373' title='bbox 1585 1405 1756 1449; x_wconf 85' lang='lat' dir='ltr'>recipiant.</span> 
     </span>
    </p>

    <p class='ocr_par' dir='ltr' id='par_1_14' title="bbox 1112 1456 1853 2138">
     <span class='ocr_line' id='line_1_75' title="bbox 1156 1456 1851 1500; baseline 0.001 -11"><span class='ocrx_word' id='word_1_374' title='bbox 1156 1466 1231 1490; x_wconf 74' lang='lat' dir='ltr'>xxu.</span> <span class='ocrx_word' id='word_1_375' title='bbox 1260 1456 1336 1490; x_wconf 80' lang='lat' dir='ltr'>Post</span> <span class='ocrx_word' id='word_1_376' title='bbox 1371 1459 1534 1500; x_wconf 61' lang='lat' dir='ltr'>expletum</span> <span class='ocrx_word' id='word_1_377' title='bbox 1560 1458 1744 1491; x_wconf 89' lang='lat' dir='ltr'>triduanum</span> <span class='ocrx_word' id='word_1_378' title='bbox 1771 1458 1851 1491; x_wconf 87' lang='lat' dir='ltr'>ieiu-</span> 
     </span>
     <span class='ocr_line' id='line_1_76' title="bbox 1114 1509 1853 1555; baseline 0.005 -15"><span class='ocrx_word' id='word_1_379' title='bbox 1114 1509 1214 1548; x_wconf 85' lang='lat' dir='ltr'>nium,</span> <span class='ocrx_word' id='word_1_380' title='bbox 1240 1515 1272 1542; x_wconf 85' lang='lat' dir='ltr'>et</span> <span class='ocrx_word' id='word_1_381' title='bbox 1296 1511 1522 1553; x_wconf 79' lang='lat' dir='ltr'>praesentibus</span> <span class='ocrx_word' id='word_1_382' title='bbox 1547 1511 1626 1555; x_wconf 87' lang='lat' dir='ltr'>ipsis</span> <span class='ocrx_word' id='word_1_383' title='bbox 1651 1512 1853 1544; x_wconf 75' lang='lat' dir='ltr'>confirmato-</span> 
     </span>
     <span class='ocr_line' id='line_1_77' title="bbox 1113 1562 1852 1608; baseline 0.004 -15"><span class='ocrx_word' id='word_1_384' title='bbox 1113 1562 1212 1602; x_wconf 85' lang='lat' dir='ltr'>ribus,</span> <span class='ocrx_word' id='word_1_385' title='bbox 1240 1563 1354 1596; x_wconf 88' lang='lat' dir='ltr'>devote</span> <span class='ocrx_word' id='word_1_386' title='bbox 1381 1569 1529 1597; x_wconf 85' lang='lat' dir='ltr'>cantatur</span> <span class='ocrx_word' id='word_1_387' title='bbox 1548 1565 1644 1598; x_wconf 81' lang='lat' dir='ltr'>missa</span> <span class='ocrx_word' id='word_1_388' title='bbox 1669 1565 1707 1598; x_wconf 88' lang='lat' dir='ltr'>de</span> <span class='ocrx_word' id='word_1_389' title='bbox 1731 1564 1852 1608; x_wconf 88' lang='lat' dir='ltr'>Spiritu</span> 
     </span>
     <span class='ocr_line' id='line_1_78' title="bbox 1112 1615 1853 1660; baseline 0.007 -14"><span class='ocrx_word' id='word_1_390' title='bbox 1112 1615 1237 1654; x_wconf 84' lang='lat' dir='ltr'>Sancto,</span> <span class='ocrx_word' id='word_1_391' title='bbox 1264 1621 1331 1649; x_wconf 89' lang='lat' dir='ltr'>toto</span> <span class='ocrx_word' id='word_1_392' title='bbox 1356 1622 1528 1660; x_wconf 86' lang='lat' dir='ltr'>praesente</span> <span class='ocrx_word' id='word_1_393' title='bbox 1552 1623 1723 1657; x_wconf 85' lang='lat' dir='ltr'>conventu,</span> <span class='ocrx_word' id='word_1_394' title='bbox 1742 1619 1781 1650; x_wconf 79' lang='lat' dir='ltr'>ab</span> <span class='ocrx_word' id='word_1_395' title='bbox 1806 1618 1853 1651; x_wconf 87' lang='lat' dir='ltr'>al-</span> 
     </span>
     <span class='ocr_line' id='line_1_79' title="bbox 1115 1668 1852 1715; baseline 0.005 -15"><span class='ocrx_word' id='word_1_396' title='bbox 1115 1674 1182 1701; x_wconf 90' lang='lat' dir='ltr'>tero</span> <span class='ocrx_word' id='word_1_397' title='bbox 1208 1668 1482 1711; x_wconf 79' lang='lat' dir='ltr'>confirmatorum,</span> <span class='ocrx_word' id='word_1_398' title='bbox 1506 1672 1567 1709; x_wconf 88' lang='lat' dir='ltr'>vel,</span> <span class='ocrx_word' id='word_1_399' title='bbox 1592 1671 1617 1704; x_wconf 88' lang='lat' dir='ltr'>si</span> <span class='ocrx_word' id='word_1_400' title='bbox 1644 1671 1704 1715; x_wconf 90' lang='lat' dir='ltr'>ipsi</span> <span class='ocrx_word' id='word_1_401' title='bbox 1730 1671 1773 1704; x_wconf 86' lang='lat' dir='ltr'>ita</span> <span class='ocrx_word' id='word_1_402' title='bbox 1798 1682 1852 1704; x_wconf 90' lang='lat' dir='ltr'>vo-</span> 
     </span>
     <span class='ocr_line' id='line_1_80' title="bbox 1114 1723 1853 1764; baseline 0.003 -9"><span class='ocrx_word' id='word_1_403' title='bbox 1114 1723 1240 1761; x_wconf 86' lang='lat' dir='ltr'>luerint,</span> <span class='ocrx_word' id='word_1_404' title='bbox 1267 1734 1284 1755; x_wconf 83' lang='lat' dir='ltr'>a</span> <span class='ocrx_word' id='word_1_405' title='bbox 1308 1723 1448 1764; x_wconf 86' lang='lat' dir='ltr'>vicario;</span> <span class='ocrx_word' id='word_1_406' title='bbox 1476 1725 1608 1758; x_wconf 84' lang='lat' dir='ltr'>debebit</span> <span class='ocrx_word' id='word_1_407' title='bbox 1628 1730 1735 1758; x_wconf 81' lang='lat' dir='ltr'>autem</span> <span class='ocrx_word' id='word_1_408' title='bbox 1763 1730 1853 1757; x_wconf 88' lang='lat' dir='ltr'>ante-</span> 
     </span>
     <span class='ocr_line' id='line_1_81' title="bbox 1113 1776 1851 1821; baseline 0.005 -15"><span class='ocrx_word' id='word_1_409' title='bbox 1113 1786 1206 1818; x_wconf 80' lang='lat' dir='ltr'>quam</span> <span class='ocrx_word' id='word_1_410' title='bbox 1225 1776 1321 1809; x_wconf 81' lang='lat' dir='ltr'>missa</span> <span class='ocrx_word' id='word_1_411' title='bbox 1342 1777 1518 1820; x_wconf 74' lang='lat' dir='ltr'>incipiatur</span> <span class='ocrx_word' id='word_1_412' title='bbox 1538 1778 1725 1821; x_wconf 78' lang='lat' dir='ltr'>praeparari</span> <span class='ocrx_word' id='word_1_413' title='bbox 1744 1779 1851 1821; x_wconf 82' lang='lat' dir='ltr'>aliqua</span> 
     </span>
     <span class='ocr_line' id='line_1_82' title="bbox 1113 1831 1851 1874; baseline 0.005 -14"><span class='ocrx_word' id='word_1_414' title='bbox 1113 1840 1221 1861; x_wconf 81' lang='lat' dir='ltr'>mensa</span> <span class='ocrx_word' id='word_1_415' title='bbox 1247 1836 1319 1863; x_wconf 86' lang='lat' dir='ltr'>ante</span> <span class='ocrx_word' id='word_1_416' title='bbox 1337 1832 1438 1863; x_wconf 89' lang='lat' dir='ltr'>altare</span> <span class='ocrx_word' id='word_1_417' title='bbox 1455 1831 1585 1873; x_wconf 81' lang='lat' dir='ltr'>capituti</span> <span class='ocrx_word' id='word_1_418' title='bbox 1611 1842 1682 1864; x_wconf 88' lang='lat' dir='ltr'>cum</span> <span class='ocrx_word' id='word_1_419' title='bbox 1709 1831 1851 1874; x_wconf 80' lang='lat' dir='ltr'>quinque</span> 
     </span>
     <span class='ocr_line' id='line_1_83' title="bbox 1114 1882 1851 1927; baseline 0.005 -14"><span class='ocrx_word' id='word_1_420' title='bbox 1114 1882 1255 1921; x_wconf 76' lang='lat' dir='ltr'>sedibus,</span> <span class='ocrx_word' id='word_1_421' title='bbox 1272 1894 1370 1926; x_wconf 88' lang='lat' dir='ltr'>super</span> <span class='ocrx_word' id='word_1_422' title='bbox 1388 1894 1484 1927; x_wconf 81' lang='lat' dir='ltr'>quam</span> <span class='ocrx_word' id='word_1_423' title='bbox 1506 1884 1582 1926; x_wconf 88' lang='lat' dir='ltr'>poni</span> <span class='ocrx_word' id='word_1_424' title='bbox 1601 1884 1722 1917; x_wconf 86' lang='lat' dir='ltr'>debent</span> <span class='ocrx_word' id='word_1_425' title='bbox 1744 1883 1851 1917; x_wconf 86' lang='lat' dir='ltr'>omnia</span> 
     </span>
     <span class='ocr_line' id='line_1_84' title="bbox 1114 1935 1852 1981; baseline 0.005 -15"><span class='ocrx_word' id='word_1_426' title='bbox 1114 1935 1326 1968; x_wconf 85' lang='lat' dir='ltr'>instrumenta</span> <span class='ocrx_word' id='word_1_427' title='bbox 1352 1936 1543 1978; x_wconf 85' lang='lat' dir='ltr'>scriptoria,</span> <span class='ocrx_word' id='word_1_428' title='bbox 1572 1947 1643 1969; x_wconf 90' lang='lat' dir='ltr'>cum</span> <span class='ocrx_word' id='word_1_429' title='bbox 1669 1947 1793 1981; x_wconf 78' lang='lat' dir='ltr'>papyro</span> <span class='ocrx_word' id='word_1_430' title='bbox 1819 1941 1852 1970; x_wconf 85' lang='lat' dir='ltr'>et.</span> 
     </span>
     <span class='ocr_line' id='line_1_85' title="bbox 1113 1990 1852 2032; baseline 0.004 -12"><span class='ocrx_word' id='word_1_431' title='bbox 1113 1999 1185 2021; x_wconf 87' lang='lat' dir='ltr'>vase</span> <span class='ocrx_word' id='word_1_432' title='bbox 1199 1994 1284 2031; x_wconf 86' lang='lat' dir='ltr'>apto,</span> <span class='ocrx_word' id='word_1_433' title='bbox 1305 1990 1391 2032; x_wconf 87' lang='lat' dir='ltr'>quod</span> <span class='ocrx_word' id='word_1_434' title='bbox 1409 1996 1514 2023; x_wconf 85' lang='lat' dir='ltr'>tamen</span> <span class='ocrx_word' id='word_1_435' title='bbox 1536 2001 1599 2023; x_wconf 90' lang='lat' dir='ltr'>non</span> <span class='ocrx_word' id='word_1_436' title='bbox 1617 1991 1659 2023; x_wconf 90' lang='lat' dir='ltr'>sit</span> <span class='ocrx_word' id='word_1_437' title='bbox 1675 1990 1754 2024; x_wconf 80' lang='lat' dir='ltr'>calix</span> <span class='ocrx_word' id='word_1_438' title='bbox 1775 2000 1852 2023; x_wconf 91' lang='lat' dir='ltr'>con-</span> 
     </span>
     <span class='ocr_line' id='line_1_86' title="bbox 1114 2042 1852 2086; baseline 0.004 -12"><span class='ocrx_word' id='word_1_439' title='bbox 1114 2047 1266 2081; x_wconf 81' lang='lat' dir='ltr'>secratus,</span> <span class='ocrx_word' id='word_1_440' title='bbox 1287 2042 1319 2075; x_wconf 92' lang='lat' dir='ltr'>in</span> <span class='ocrx_word' id='word_1_441' title='bbox 1345 2044 1431 2086; x_wconf 82' lang='lat' dir='ltr'>quot]</span> <span class='ocrx_word' id='word_1_442' title='bbox 1458 2054 1572 2076; x_wconf 91' lang='lat' dir='ltr'>omnes</span> <span class='ocrx_word' id='word_1_443' title='bbox 1597 2044 1774 2077; x_wconf 86' lang='lat' dir='ltr'>schedulae</span> <span class='ocrx_word' id='word_1_444' title='bbox 1798 2053 1852 2077; x_wconf 92' lang='lat' dir='ltr'>vo-</span> 
     </span>
     <span class='ocr_line' id='line_1_87' title="bbox 1115 2096 1685 2138; baseline 0.004 -10"><span class='ocrx_word' id='word_1_445' title='bbox 1115 2102 1220 2129; x_wconf 88' lang='lat' dir='ltr'>torum</span> <span class='ocrx_word' id='word_1_446' title='bbox 1246 2096 1435 2138; x_wconf 79' lang='lat' dir='ltr'>eligentium</span> <span class='ocrx_word' id='word_1_447' title='bbox 1461 2098 1685 2130; x_wconf 84' lang='lat' dir='ltr'>immittantur.</span> 
     </span>
    </p>

    <p class='ocr_par' dir='ltr' id='par_1_15' title="bbox 1114 2149 1854 2622">
     <span class='ocr_line' id='line_1_88' title="bbox 1158 2149 1851 2193; baseline 0.004 -11"><span class='ocrx_word' id='word_1_448' title='bbox 1158 2160 1247 2183; x_wconf 74' lang='lat' dir='ltr'>xxiu.</span> <span class='ocrx_word' id='word_1_449' title='bbox 1289 2149 1477 2193; x_wconf 79' lang='lat' dir='ltr'>praeparari</span> <span class='ocrx_word' id='word_1_450' title='bbox 1515 2151 1611 2184; x_wconf 83' lang='lat' dir='ltr'>etiam</span> <span class='ocrx_word' id='word_1_451' title='bbox 1648 2151 1746 2184; x_wconf 86' lang='lat' dir='ltr'>debet</span> <span class='ocrx_word' id='word_1_452' title='bbox 1787 2150 1851 2185; x_wconf 83' lang='lat' dir='ltr'>alia</span> 
     </span>
     <span class='ocr_line' id='line_1_89' title="bbox 1114 2203 1852 2248; baseline 0.003 -12"><span class='ocrx_word' id='word_1_453' title='bbox 1114 2214 1225 2236; x_wconf 82' lang='lat' dir='ltr'>mensa</span> <span class='ocrx_word' id='word_1_454' title='bbox 1251 2203 1281 2235; x_wconf 91' lang='lat' dir='ltr'>in</span> <span class='ocrx_word' id='word_1_455' title='bbox 1308 2203 1417 2247; x_wconf 80' lang='lat' dir='ltr'>aliquo</span> <span class='ocrx_word' id='word_1_456' title='bbox 1442 2206 1558 2247; x_wconf 82' lang='lat' dir='ltr'>angulo</span> <span class='ocrx_word' id='word_1_457' title='bbox 1583 2204 1725 2248; x_wconf 85' lang='lat' dir='ltr'>capituli,</span> <span class='ocrx_word' id='word_1_458' title='bbox 1751 2204 1777 2238; x_wconf 90' lang='lat' dir='ltr'>si</span> <span class='ocrx_word' id='word_1_459' title='bbox 1802 2215 1852 2238; x_wconf 85' lang='lat' dir='ltr'>ca-</span> 
     </span>
     <span class='ocr_line' id='line_1_90' title="bbox 1116 2256 1850 2300; baseline 0.004 -12"><span class='ocrx_word' id='word_1_460' title='bbox 1116 2256 1251 2299; x_wconf 86' lang='lat' dir='ltr'>pitulum</span> <span class='ocrx_word' id='word_1_461' title='bbox 1288 2257 1330 2289; x_wconf 88' lang='lat' dir='ltr'>sit</span> <span class='ocrx_word' id='word_1_462' title='bbox 1365 2259 1533 2300; x_wconf 89' lang='lat' dir='ltr'>amplum,</span> <span class='ocrx_word' id='word_1_463' title='bbox 1560 2258 1604 2290; x_wconf 81' lang='lat' dir='ltr'>ita</span> <span class='ocrx_word' id='word_1_464' title='bbox 1639 2258 1727 2300; x_wconf 87' lang='lat' dir='ltr'>quod</span> <span class='ocrx_word' id='word_1_465' title='bbox 1752 2268 1850 2291; x_wconf 89' lang='lat' dir='ltr'>nemo</span> 
     </span>
     <span class='ocr_line' id='line_1_91' title="bbox 1115 2310 1851 2356; baseline 0.005 -15"><span class='ocrx_word' id='word_1_466' title='bbox 1115 2310 1334 2353; x_wconf 82' lang='lat' dir='ltr'>praesentium</span> <span class='ocrx_word' id='word_1_467' title='bbox 1360 2311 1461 2353; x_wconf 83' lang='lat' dir='ltr'>possit</span> <span class='ocrx_word' id='word_1_468' title='bbox 1478 2311 1588 2344; x_wconf 87' lang='lat' dir='ltr'>videre</span> <span class='ocrx_word' id='word_1_469' title='bbox 1613 2312 1689 2355; x_wconf 91' lang='lat' dir='ltr'>quid</span> <span class='ocrx_word' id='word_1_470' title='bbox 1715 2312 1851 2356; x_wconf 85' lang='lat' dir='ltr'>quisque</span> 
     </span>
     <span class='ocr_line' id='line_1_92' title="bbox 1116 2363 1852 2408; baseline 0.005 -14"><span class='ocrx_word' id='word_1_471' title='bbox 1116 2363 1245 2402; x_wconf 86' lang='lat' dir='ltr'>scribat,</span> <span class='ocrx_word' id='word_1_472' title='bbox 1267 2368 1322 2395; x_wconf 86' lang='lat' dir='ltr'>aut</span> <span class='ocrx_word' id='word_1_473' title='bbox 1342 2363 1375 2396; x_wconf 89' lang='lat' dir='ltr'>in</span> <span class='ocrx_word' id='word_1_474' title='bbox 1396 2363 1505 2407; x_wconf 85' lang='lat' dir='ltr'>aliquo</span> <span class='ocrx_word' id='word_1_475' title='bbox 1525 2364 1589 2397; x_wconf 78' lang='lat' dir='ltr'>alio</span> <span class='ocrx_word' id='word_1_476' title='bbox 1611 2365 1682 2398; x_wconf 90' lang='lat' dir='ltr'>loco</span> <span class='ocrx_word' id='word_1_477' title='bbox 1700 2366 1852 2408; x_wconf 83' lang='lat' dir='ltr'>contiguo</span> 
     </span>
     <span class='ocr_line' id='line_1_93' title="bbox 1116 2416 1854 2462; baseline 0.007 -15"><span class='ocrx_word' id='word_1_478' title='bbox 1116 2416 1178 2459; x_wconf 78' lang='lat' dir='ltr'>ipsi</span> <span class='ocrx_word' id='word_1_479' title='bbox 1204 2416 1360 2459; x_wconf 85' lang='lat' dir='ltr'>capitulo,</span> <span class='ocrx_word' id='word_1_480' title='bbox 1388 2427 1483 2460; x_wconf 91' lang='lat' dir='ltr'>super</span> <span class='ocrx_word' id='word_1_481' title='bbox 1507 2428 1601 2461; x_wconf 85' lang='lat' dir='ltr'>quam</span> <span class='ocrx_word' id='word_1_482' title='bbox 1628 2428 1772 2451; x_wconf 81' lang='lat' dir='ltr'>mensam</span> <span class='ocrx_word' id='word_1_483' title='bbox 1798 2429 1854 2462; x_wconf 85' lang='lat' dir='ltr'>pa-</span> 
     </span>
     <span class='ocr_line' id='line_1_94' title="bbox 1117 2469 1853 2515; baseline 0.007 -14"><span class='ocrx_word' id='word_1_484' title='bbox 1117 2475 1185 2501; x_wconf 81' lang='lat' dir='ltr'>rata</span> <span class='ocrx_word' id='word_1_485' title='bbox 1210 2469 1273 2501; x_wconf 82' lang='lat' dir='ltr'>sint</span> <span class='ocrx_word' id='word_1_486' title='bbox 1297 2471 1406 2503; x_wconf 81' lang='lat' dir='ltr'>omnia</span> <span class='ocrx_word' id='word_1_487' title='bbox 1437 2471 1651 2505; x_wconf 81' lang='lat' dir='ltr'>instrumenta</span> <span class='ocrx_word' id='word_1_488' title='bbox 1682 2472 1853 2515; x_wconf 84' lang='lat' dir='ltr'>scriptoria</span> 
     </span>
     <span class='ocr_line' id='line_1_95' title="bbox 1117 2524 1854 2566; baseline 0.009 -13"><span class='ocrx_word' id='word_1_489' title='bbox 1117 2534 1186 2555; x_wconf 84' lang='lat' dir='ltr'>cum</span> <span class='ocrx_word' id='word_1_490' title='bbox 1213 2533 1352 2566; x_wconf 69' lang='lat' dir='ltr'>papyro,</span> <span class='ocrx_word' id='word_1_491' title='bbox 1380 2526 1454 2557; x_wconf 68' lang='lat' dir='ltr'>cera</span> <span class='ocrx_word' id='word_1_492' title='bbox 1479 2532 1510 2557; x_wconf 89' lang='lat' dir='ltr'>et</span> <span class='ocrx_word' id='word_1_493' title='bbox 1535 2525 1604 2564; x_wconf 57' lang='lat' dir='ltr'>tito,</span> <span class='ocrx_word' id='word_1_494' title='bbox 1630 2530 1665 2557; x_wconf 94' lang='lat' dir='ltr'>ut</span> <span class='ocrx_word' id='word_1_495' title='bbox 1688 2524 1809 2558; x_wconf 88' lang='lat' dir='ltr'>ibidem</span> <span class='ocrx_word' id='word_1_496' title='bbox 1835 2536 1854 2560; x_wconf 89' lang='lat' dir='ltr'>a</span> 
     </span>
     <span class='ocr_line' id='line_1_96' title="bbox 1119 2575 1854 2622; baseline 0.005 -14"><span class='ocrx_word' id='word_1_497' title='bbox 1119 2575 1253 2618; x_wconf 74' lang='lat' dir='ltr'>siugulis</span> <span class='ocrx_word' id='word_1_498' title='bbox 1278 2587 1336 2620; x_wconf 85' lang='lat' dir='ltr'>per</span> <span class='ocrx_word' id='word_1_499' title='bbox 1361 2587 1393 2610; x_wconf 89' lang='lat' dir='ltr'>se</span> <span class='ocrx_word' id='word_1_500' title='bbox 1419 2583 1451 2610; x_wconf 88' lang='lat' dir='ltr'>et</span> <span class='ocrx_word' id='word_1_501' title='bbox 1474 2577 1647 2622; x_wconf 81' lang='lat' dir='ltr'>separatim</span> <span class='ocrx_word' id='word_1_502' title='bbox 1673 2578 1854 2612; x_wconf 86' lang='lat' dir='ltr'>scribantur</span> 
     </span>
    </p>
   </div>
   <div class='ocr_carea' id='block_1_8' title="bbox 1858 183 2043 213">
    <p class='ocr_par' dir='ltr' id='par_1_16' title="bbox 1858 183 2043 213">
     <span class='ocr_line' id='line_1_97' title="bbox 1858 183 2043 213; baseline -0.016 -2"><span class='ocrx_word' id='word_1_503' title='bbox 1858 183 1910 211; x_wconf 73' lang='lat' dir='ltr'>An.</span> <span class='ocrx_word' id='word_1_504' title='bbox 1929 183 1960 211; x_wconf 88' lang='lat' dir='ltr'>C.</span> <span class='ocrx_word' id='word_1_505' title='bbox 1977 184 2043 213; x_wconf 59' lang='grc'>1689</span> 
     </span>
    </p>
   </div>
  </div>
 </body>
</html>
