2111 3157
113 217 162 243 ιη.
185 216 214 243 c.
236 215 302 243 1679
352 206 411 240 160

143 1117 170 1137 Du*
183 1117 297 1137 reclaman-

115 1143 169 1162 ntum
226 1149 296 1163 eorum

115 1170 248 1196 professmni.

307 265 418 303 latos),
449 270 523 297 tuuc
549 273 661 296 omnes
696 266 727 294 et
761 261 907 303 singulos
932 263 1041 302 patres

307 318 508 351 consiliarios
531 322 604 349 vota
629 315 766 348 decisiva
792 314 912 346 habere
935 313 1041 344 derla-

306 378 435 411 rantes,
463 370 666 404 decernimus
692 368 779 411 quod
805 367 830 399 si
857 366 974 408 aliquis
990 376 1040 397 eo-

306 436 377 457 rum
394 434 453 467 pro
470 422 698 464 suffragatione
717 421 839 453 secreta
854 418 1039 451 instantiam
1061 435 1062 454 ι

1061 468 1184 499 'causis
1209 467 1355 500 civilibus
1381 469 1429 500 vel
1455 467 1677 500 criminalibus
1703 477 1816 511 proce·
1827 481 1965 506 gruum-mus.

308 477 440 515 fecerit,
465 485 524 518 per
548 473 717 506 ballotulas
742 477 882 504 secretas
907 471 1039 503 omnino

307 529 368 569 fiat,
396 534 428 561 et
451 528 483 560 in
508 527 597 560 omni
622 531 748 563 eventu,
763 525 823 557 nisi
845 534 958 557 eorum
975 534 1040 555 rna-

307 583 356 615 ior
373 592 445 624 pars
465 584 635 613 concurrat
649 583 679 611 et
699 577 887 616 consentiat,
910 581 1041 609 sentcn-

308 635 350 667 tia
373 635 423 667 vel
448 633 603 665 resolutio
628 633 718 664 nullo
743 630 839 663 modo
864 630 905 661 sit
936 639 1039 671 neque

306 686 506 728 intelligatur
542 685 646 723 facta,
688 682 835 725 superior
859 692 946 721 vero,
982 681 1040 713 sub

305 738 421 782 poenis
455 737 644 780 privationis
676 735 843 777 utriusque
876 734 960 767 vocis
985 745 1042 776 per

307 791 565 834 quinquennium
598 794 629 821 et
661 787 817 821 nullitatis
842 787 1040 829 agendorum

306 844 378 886 ipso
412 844 493 875 fat-to
526 841 750 880 incurrendis,
777 850 880 881 neque
905 839 1040 872 liberam

306 902 431 939 patrum
457 894 718 937 suffragationem
744 892 906 935 publicam
923 893 972 924 vel
994 901 1041 923 se-

307 954 426 981 cretam
458 949 562 980 valeat
598 945 710 989 quovis
736 945 833 977 modo
864 945 1040 987 impedire,

307 1011 412 1044 neque
438 1000 629 1033 eorumdem
654 1003 725 1031 vota
754 998 793 1030 ad
819 997 886 1029 eius
912 1008 1040 1030 sensum

308 1058 515 1095 extorquere.

352 1116 442 1138 xxm.
462 1105 492 1137 Si
508 1105 577 1147 quis
591 1104 622 1136 in
641 1108 806 1146 posterum
824 1106 938 1135 contra
951 1112 1040 1134 suam

308 1158 545 1201 professionem
588 1156 781 1188 iudicialiter
805 1154 1038 1191 reclamaverit,

307 1213 356 1244 vel
382 1212 420 1243 de
447 1211 515 1243 eius
541 1210 686 1242 nullitate
709 1208 836 1247 dixerit,
855 1218 871 1241 a
889 1218 1042 1250 quocum-

307 1274 367 1306 que
386 1263 505 1303 officio,
522 1263 608 1305 quod
627 1272 685 1305 pro
704 1267 780 1294 tunc
798 1260 958 1297 habuerit,
972 1260 1040 1302 ipso

308 1317 389 1349 facto
416 1317 457 1348 sit
481 1317 650 1349 absolutus
677 1321 708 1347 et
732 1315 891 1358 privatus,
918 1314 1040 1356 liteque

307 1379 362 1401 seu
406 1368 636 1401 reclai‘natione
668 1368 805 1400 durante
843 1377 904 1399 nec
932 1376 1042 1398 vocem

307 1423 439 1454 activam
458 1433 518 1455 nec
537 1422 694 1464 passivam
711 1422 777 1453 ullo
795 1421 892 1453 modo
911 1420 1040 1459 habeat,

309 1480 348 1513 et,
375 1475 411 1513 si,
437 1475 467 1507 in
494 1485 697 1517 quocumque
724 1479 807 1506 statu
833 1483 967 1511 causae,
995 1473 1042 1504 vel

276 1544 281 1553 ·
309 1533 382 1570 post
413 1527 607 1560 sententiam
641 1526 855 1566 definitivam,
882 1526 977 1558 etiam
1011 1525 1043 1557 in

309 1579 486 1613 iudicatum
512 1580 709 1619 translatam,
727 1579 765 1611 ad
790 1584 925 1611 matrem
951 1588 1042 1609 suam

309 1633 500 1675 religionem
525 1632 632 1665 redire
658 1631 743 1671 velit,
770 1631 956 1664 charitative
975 1630 1046 1674 qui-

310 1686 382 1717 dem
403 1685 597 1728 recipiatur,
624 1685 667 1717 ita
691 1690 800 1719 tamen
825 1689 870 1724 ut,
893 1684 932 1725 si,
960 1684 1044 1717 facto

309 1747 461 1780 processu
497 1738 536 1770 ad
570 1738 806 1780 praescriptum
840 1737 961 1770 decreti
986 1738 1044 1770 sub

310 1801 397 1822 num.
420 1801 490 1823 xxlv
516 1790 600 1822 infra
624 1790 731 1832 positi,
759 1790 902 1831 legitime
928 1790 1046 1823 consti-

310 1843 385 1875 terit
409 1843 552 1876 indebite
588 1854 624 1875 ac
656 1843 876 1881 malitiose,et
900 1852 1045 1885 praeser-

309 1897 366 1928 tim
391 1896 430 1929 ad
456 1906 488 1928 se
516 1896 774 1929 subtrahendum
800 1906 816 1927 a
842 1896 1045 1928 correctione

309 1949 497 1992 superiori&
524 1954 639 1982 contra
674 1948 912 1991 professionem
944 1949 1046 1982 recla-

308 2012 424 2040 masse,
449 2003 499 2034 vel
521 2002 559 2034 dc
585 2001 652 2034 eius
681 2001 828 2033 nullitate
848 2001 966 2034 dlxisse
984 2028 991 2041 ‚
1019 2001 1044 2033 si

310 2056 484 2097 graduatus
503 2057 550 2088 vel
571 2055 721 2088 sacerdos
742 2060 863 2087 tautum
881 2055 984 2094 fuerit,
1005 2055 1047 2086 lo-

310 2119 383 2140 cum
416 2108 622 2141 novissimum
659 2108 743 2140 inter
783 2108 956 2149 graduatos
997 2108 1045 2140 vcl

310 2162 495 2203 sacerdotes
510 2172 570 2204 per
587 2171 707 2193 annum
723 2160 902 2203 respective
917 2160 1045 2200 habeat,

310 2219 342 2247 et
365 2217 499 2257 atriique
534 2224 611 2246 voce
646 2218 754 2246 careat
779 2223 837 2255 per
862 2213 1044 2252 biennium,

311 2267 336 2299 si
362 2277 435 2299 vero
460 2277 524 2299 non
550 2267 701 2299 sacerdos
728 2266 793 2298 sive
819 2266 986 2305 ehorista,
1013 2271 1048 2297 ut

310 2324 443 2359 vocant,
472 2319 576 2358 fuerit,
596 2329 735 2361 poenam
757 2318 914 2361 gravioris
932 2319 1046 2361 eulpae

311 2383 478 2415 perunum
493 2382 637 2404 mensem
654 2372 821 2411 sustineat,
836 2377 868 2404 et
885 2372 924 2404 ad
939 2382 1047 2404 sacros

312 2426 452 2463 ordines,
479 2424 601 2457 etiamsi
639 2424 671 2456 in
697 2425 743 2457 eis
770 2425 912 2457 initiatus
939 2425 1044 2465 fuerit,

313 2488 372 2520 per
391 2477 566 2509 triennium
586 2478 675 2509 nullo
694 2478 790 2510 inodo
804 2484 1045 2521 promoveatur,

313 2536 352 2569 et,
368 2530 393 2562 si
412 2530 541 2562 tandem
560 2530 659 2562 laicus
680 2531 783 2567 fuerit,
805 2531 952 2562 eamdem
970 2541 1047 2573 poc-

312 2594 385 2616 nain
403 2583 559 2625 gravioris
578 2584 690 2625 culpae
708 2594 766 2625 per
785 2594 883 2617 unuin
903 2594 1046 2615 inensem

890 211 1027 235 Bt'ttfux
1049 209 1069 233 M
1093 208 1244 233 ROMANt'M

1084 256 1204 296 subeat,
1221 260 1252 288 et
1275 255 1381 288 locum
1405 253 1610 287 novissimum
1637 258 1743 287 teneat
1759 265 1811 298 pei

1082 308 1261 342 biennium.

1127 372 1210 394 xxiv.
1244 361 1320 394 Cum
1346 366 1438 404 pater
1462 360 1668 404 provincialis
1685 389 1693 402 ,
1721 362 1817 395 etiam

1081 420 1228 457 tempore
1262 414 1473 453 visitationis,
1498 414 1531 446 in
1560 414 1815 457 quibuscumque

1083 520 1129 552 dit
1153 530 1209 552 seu
1236 520 1414 562 procedere
1431 520 1572 553 intendit
1588 520 1628 552 ad
1645 520 1817 563 imponen-

1061 575 1063 586 '
1083 572 1166 610 dum,
1180 572 1277 603 etiam
1287 581 1345 614 per
1359 572 1552 605 sententiam
1562 573 1815 613 declaratoriam,

1083 635 1221 667 poenam
1238 626 1288 657 vel
1306 635 1426 667 poenas
1446 625 1607 668 graviores
1625 626 1814 667 ordinarias,

1083 677 1206 710 scilicet
1230 678 1419 720 privationis
1443 679 1528 711 vocis
1549 678 1669 711 activae
1687 680 1735 712 vel
1749 689 1818 722 pas-

1083 730 1185 769 sivae,
1211 731 1389 773 dignitatis,
1416 732 1598 775 prioratus,
1625 732 1815 774 magisterii,

1083 788 1344 824 praesentaturae
1365 783 1462 816 officii
1481 794 1593 817 vocem
1611 784 1746 816 activam
1766 786 1817 818 vel

1084 846 1193 867 curam
1219 835 1396 868 animarum
1421 837 1582 877 habentis,
1609 837 1817 879 gravissimae

1085 888 1207 929 culpae,
1223 887 1409 928 triremium,
1429 889 1514 921 exilii
1532 900 1549 921 a
1567 889 1739 932 provincia,
1755 895 1818 922 tor-

1085 944 1183 977 turae,
1198 939 1358 980 infamiae,
1378 941 1569 983 apostasiae,
1589 941 1816 984 conspirantis,

1085 992 1198 1034 capitis
1240 993 1430 1033 factionum,
1455 994 1759 1037 incorrigibilitatis,
1786 998 1819 1027 et

1085 1046 1218 1078 aliarum
1243 1047 1407 1087 similium,
1434 1048 1483 1080 vel
1508 1047 1817 1087 formidabiliorum,

1085 1103 1139 1129 aut
1158 1098 1319 1130 infamiam
1346 1110 1515 1142 personae,
1534 1105 1717 1139 conventus,
1743 1110 1819 1143 pro-

1085 1150 1205 1183 vinciae
1235 1152 1284 1183 vel
1311 1152 1478 1193 religionis
1504 1152 1744 1193 inducentium,
1772 1153 1820 1185 in-

1084 1214 1183 1246 super
1207 1203 1236 1235 in
1263 1204 1327 1236 illis
1352 1205 1455 1237 causis
1482 1205 1513 1237 in
1531 1205 1648 1248 quibus
1666 1210 1820 1238 tractatur

1085 1257 1124 1288 de
1150 1257 1333 1289 exclusione
1351 1258 1402 1290 vel
1423 1257 1629 1298 admissione,
1654 1257 1820 1290 validitate

1085 1309 1134 1341 vel
1161 1308 1361 1342 invaliditate
1398 1310 1533 1343 alicuius
1561 1310 1739 1353 magisterii
1770 1311 1820 1344 vel

1086 1366 1358 1404 praesentaturae,
1379 1362 1425 1396 et¹
1447 1364 1479 1395 in
1500 1364 1571 1396 aliis
1590 1364 1749 1396 similibus
1770 1365 1819 1397 vel

1086 1418 1294 1459 gravioribus,
1308 1423 1380 1450 tune
1393 1416 1577 1460 praedictus
1590 1422 1683 1459 pater
1696 1417 1821 1460 provin-

1086 1471 1186 1511 cialis,
1208 1481 1273 1503 non
1299 1476 1461 1513 tamquam
1486 1470 1651 1511 visitator,
1678 1480 1738 1502 nec
1761 1471 1820 1502 sub

1085 1524 1209 1556 ratione
1235 1528 1266 1556 et
1296 1523 1491 1555 formalitate
1516 1522 1711 1555 visitationis
1737 1522 1821 1565 (etsi

1086 1586 1123 1609 ea
1147 1577 1179 1608 in
1205 1582 1277 1608 actu
1302 1576 1430 1619 suerit),
1457 1576 1513 1608 sed
1539 1580 1700 1618 tamquam
1726 1576 1822 1609 iudex

1086 1628 1357 1672 (praesuppositis
1383 1633 1489 1661 tamen
1516 1628 1554 1660 de
1572 1628 1642 1660 iure
1667 1638 1824 1671 praesup-

1086 1681 1261 1725 ponendis)
1287 1680 1482 1714 iudicialiter
1501 1686 1533 1714 et
1561 1681 1734 1724 compilato
1752 1691 1824 1724 pro-

1086 1745 1201 1774 cessu,
1228 1735 1427 1777 servatisque
1453 1733 1604 1766 omnibus
1635 1739 1666 1767 et
1689 1734 1823 1776 singulis

1087 1788 1348 1821 substantialibus
1368 1787 1494 1819 iudiciis
1520 1786 1700 1828 ordinariis,
1721 1787 1752 1819 in
1771 1797 1825 1820 ea-

1086 1851 1157 1872 rum
1175 1840 1452 1879 substantiatione‚
1471 1839 1657 1882 cognitione
1673 1845 1705 1872 et
1722 1840 1825 1872 deter-

1088 1894 1264 1927 minatione
1290 1892 1421 1925 omnino
1448 1892 1628 1935 procedere
1655 1897 1822 1933 teneatur;

1088 1948 1166 1979 itaut
1185 1956 1271 1978 reum
1291 1956 1348 1978 seu
1365 1956 1447 1985 reos,
1466 1951 1564 1988 prout
1577 1945 1616 1978 de
1632 1945 1709 1986 iure,
1728 1945 1825 1978 etiarn

1086 2000 1127 2033 ad
1153 1999 1348 2031 sent‹1=1itia1n
1375 1999 1469 2037 citet,
1492 2008 1546 2030 eos
1568 1998 1600 2030 in
1626 1998 1778 2031 omnibus
1794 2003 1827 2031 et

1089 2052 1225 2094 singulis
1243 2052 1308 2083 suis
1325 2050 1478 2093 legitimis
1498 2050 1752 2092 defensionibus,
1774 2061 1827 2083 ex-

1088 2104 1307 2137 cusationibus
1325 2109 1357 2137 et
1374 2104 1628 2147 exceptionibus,
1645 2104 1741 2137 etiam
1755 2115 1828 2137 con-

1090 2163 1136 2190 tra
1161 2157 1303 2190 iudicem
1329 2158 1378 2189 vel
1403 2157 1535 2196 iudices,
1561 2162 1674 2191 testem
1699 2159 1749 2190 vel
1781 2163 1828 2190 te-

1088 2216 1162 2250 stes,
1184 2215 1283 2253 prout
1299 2210 1338 2243 de
1356 2210 1435 2249 iure,
1460 2210 1588 2250 audiat;
1608 2209 1654 2243 eis
1669 2210 1828 2253 integram

1090 2264 1215 2306 copiam
1252 2273 1448 2305 processus,
1475 2263 1607 2295 nomina
1640 2262 1770 2295 testium
1796 2267 1829 2295 et

1090 2317 1273 2350 consultum
1308 2316 1428 2349 habere
1465 2326 1537 2348 cum
1575 2315 1735 2349 advocatis
1769 2325 1828 2348 seu

1090 2369 1296 2412 iurisperitis,
1314 2369 1410 2401 etiam
1435 2368 1662 2409 saecularibus,
1682 2367 1708 2401 si
1729 2368 1829 2412 petie-

1091 2423 1173 2462 rint,
1202 2422 1419 2465 terminosque
1446 2421 1638 2454 sussicientes
1669 2431 1730 2465 pro
1762 2421 1828 2454 suis

1091 2475 1334 2508 defensionibus
1350 2475 1517 2516 concedat,
1533 2474 1719 2508 coniudices
1729 2474 1828 2508 verbo

1127 2593 1136 2616 l
1156 2590 1294 2617 Coniunct.
1313 2593 1339 2617 ct
1354 2598 1402 2617 nos
1418 2589 1540 2616 addimus
1560 2589 1598 2626 (n.
1611 2589 1660 2624 τ.).

1827 207 1875 233 Au.
1894 208 1920 234 C.
1946 208 2009 237 1070

1888 375 1917 396 De
1943 376 2008 398 foi-ini

1827 406 1889 426 (luam
1926 408 2008 427 pruvin-

1827 428 1886 448 cialis
1924 435 2008 449 sei-»are

1828 454 1888 480 pebet
1904 455 1924 475 in
1940 456 2008 476 causis
