2111 3157
168 200 218 226 An.
240 199 269 225 C.
289 199 356 225 1086

402 190 465 223 710

360 247 548 281 Pontificum
593 247 878 289 praedecessorum
915 250 1097 277 nostrorum

362 301 623 338 constitutiones,
644 305 673 331 et
695 299 866 341 praecipue
890 308 949 340 per
974 297 1097 329 litteras

362 354 465 386 feliris
492 352 724 386 reeordationis
750 352 923 384 Clementis
941 350 1003 382 VIII
1024 350 1098 382 inci-

363 407 488 448 pientes
526 407 620 438 Ratio
658 404 859 448 pastoralis,
886 409 946 436 etc.
968 430 975 444 ‚
1012 413 1097 434 anno

361 470 467 492 isioxcv
493 458 666 501 expeditas,
695 469 729 489 ac
755 457 843 489 Pauli
862 457 895 496 V,
913 468 994 500 quae
1020 455 1098 488 inei-

361 512 454 554 piunt
479 511 627 543 Im‘uncle’
650 511 750 549 nubis,
778 515 858 548 eto,
886 520 971 542 anno
996 518 1095 542 nncix

362 574 554 603 roni-essars,
583 568 614 596 ct
640 562 759 595 Urbani
785 562 857 602 wll,
879 562 1096 594 Romanorum

362 616 552 649 Pontitlcuin
581 615 866 658 praedecessorum
900 615 1022 657 pariter
1042 625 1099 646 no-

362 676 509 709 strorum,
522 669 713 712 incipientes
725 668 763 701 In
776 667 1025 711 plrniludincm,
1039 672 1097 699 etc.

364 722 460 755 tertio
494 722 566 754 idus
599 722 672 754 niaii
705 731 830 754 iincxxv
863 721 963 760 datas,
984 719 1099 752 confir-

362 781 447 807 mata
476 780 507 807 et
535 774 593 807 sub
619 774 782 817 aliquibus
807 772 1099 806 modificationibus

362 828 514 861 innovata
533 827 674 860 fuerunt.
698 827 787 859 Unde
806 826 969 869 praefatae
988 826 1100 858 utrius-

364 893 425 924 que
443 892 535 914 sexus
560 890 721 923 personae
746 879 950 913 obedientiae
971 890 1027 912 seu
1046 879 1100 911 de-

362 935 484 967 votioni
503 933 580 967 dicti
602 932 738 965 ministri
753 933 912 976 generalis
926 932 1099 971 subiectae,

363 989 481 1032 quibus
505 993 681 1020 memorata
707 986 952 1020 communicatio
976 985 1101 1029 privile-

363 1041 510 1084 giorum,
540 1041 816 1083 indulgentiarum
850 1045 880 1072 et
911 1039 1097 1072 concessio-

362 1105 450 1133 num,
478 1101 539 1126 tam
565 1093 649 1126 inter
674 1104 706 1126 se
734 1105 827 1136 quam
854 1104 924 1125 eum
951 1093 1021 1125 aliis
1046 1092 1101 1124 Or-

363 1147 502 1187 dinibus,
534 1147 841 1190 congregationibus
875 1152 906 1180 et
938 1146 1100 1179 societati-

362 1199 441 1240 bus,
470 1201 565 1233 ctiam
591 1200 687 1239 lesu,
721 1212 755 1233 ac
781 1200 1100 1233 confraternitatibus

363 1264 515 1286 concessa
541 1254 599 1285 fuit
618 1280 625 1294 ,
662 1253 747 1286 iuxta
772 1255 929 1287 clausulas
955 1258 987 1285 et
1010 1263 1102 1296 prae-

363 1307 520 1350 scriptum
547 1307 702 1339 dictarum
740 1307 989 1349 apostolicarum
1016 1306 1101 1338 litte-

362 1369 492 1399 rarum,
519 1364 551 1392 et
576 1370 647 1391 eum
686 1359 946 1392 restrictionibus
972 1359 1003 1390 in
1036 1359 1100 1391 illis

364 1412 530 1455 appositis,
551 1418 582 1444 et
598 1423 662 1444 non
680 1412 784 1452 aliter,
800 1412 845 1445 eis
862 1423 937 1444 usae
956 1412 1098 1445 fuerunt.

364 1624 552 1657 Franciscus
584 1625 825 1657 commissarius
857 1625 1017 1667 generalis
1043 1624 1100 1657 Cu-

364 1677 450 1717 riae,
477 1678 659 1720 praedictas
689 1677 863 1710 Clementis
889 1689 923 1710 ac
956 1678 1044 1710 Pauli
1071 1684 1100 1711 et

364 1731 654 1773 praedecessorum
681 1731 818 1771 litteras,
852 1742 922 1764 cum
948 1732 1099 1764 clausulis

364 1782 396 1815 in
423 1783 547 1816 eisdem
573 1784 745 1823 contentis,
773 1795 788 1816 a
814 1784 908 1816 nobis
933 1784 1098 1823 innovari⁷

364 1842 394 1868 et
420 1847 531 1869 omnes
558 1837 696 1869 aliorum
728 1837 944 1869 Romanorum
972 1837 1100 1870 Pontin-

365 1901 436 1923 cum
463 1901 685 1923 suceessorum
712 1891 941 1923 concessiones
961 1890 998 1922 ad
1022 1891 1100 1923 favo-

365 1952 433 1976 rem
474 1943 631 1976 dictorum
667 1943 842 1983 Ordinum,
869 1944 1097 1986 congregatio-

360 2006 452 2036 num,
479 1996 787 2035 confraternitatum,
814 1997 977 2036 locorum,
1002 1997 1101 2028 liene-

363 2050 542 2090 factorum,
569 2056 600 2082 et
633 2049 766 2082 aliarum
810 2050 975 2092 utriusque
1007 2060 1099 2082 sexus

363 2112 576 2145 personarum
602 2102 787 2145 praedictae
813 2102 1019 2135 obedientiae
1045 2113 1099 2134 sen

366 2155 763 2189 directionisubiectarum
783 2155 957 2198 expeditas,
977 2160 1091 2198 aposto

364 2208 445 2241 licae
469 2208 720 2241 confirmationis
759 2214 887 2241 nostrae
921 2208 1100 2251 patrocinio

366 2262 556 2294 communiri
597 2262 771 2304 plurimum
797 2261 986 2294 desideret:
1015 2271 1099 2301 nos,

365 2314 466 2356 ipsius
498 2315 658 2347 Francisei
694 2314 904 2347 commissarii
942 2314 1101 2357 generalis

367 2367 474 2399 euriae
500 2367 580 2400 votis
606 2368 665 2399 liae
697 2367 729 2399 in
755 2378 812 2406 re,
845 2373 999 2410 quantum
1031 2378 1101 2399 cum

366 2419 504 2452 Domino
524 2431 706 2462 possuu‘ius,
725 2420 838 2453 Rusora'
858 2421 943 2453 iliter
959 2430 1100 2452 annuere

366 2473 535 2512 volentes,
562 2484 698 2516 euinque
732 2485 747 2506 a
778 2474 944 2517 (piilnisvis
978 2484 1102 2506 excom-

368 2524 607 2565 municationis,
624 2527 845 2569 suspensionis
871 2532 902 2559 et
924 2526 1101 2566 interdicti,

357 2578 505 2626 *aliisque
531 2579 780 2621 ecclesiasticis,
808 2580 1002 2623 sententiis,
1030 2590 1100 2613 cen·

943 196 1121 220 nummum
1146 195 1296 221 ROMANUM

1139 244 1222 276 suris
1248 249 1280 276 et
1304 244 1431 287 poenis,
1459 255 1476 276 a
1499 244 1568 277 iure
1594 245 1643 277 vel
1665 245 1704 277 ab
1728 245 1872 285 homine,

1140 296 1250 339 quavis
1277 297 1445 329 occasione
1462 298 1511 330 vel
1529 299 1625 330 causa
1649 297 1733 338 latis,
1752 298 1778 330 si
1804 297 1873 341 qui-

1140 350 1199 381 bus
1224 349 1472 400 quomodolibet
1494 350 1666 382 innodatus
1693 350 1809 391 existit,
1836 350 1875 383 ad

1141 403 1289 436 elfectu'm
1314 403 1534 446 praesentium
1566 403 1731 436 dumtaxat
1766 413 1877 436 conse-

1141 456 1326 498 quendum,
1354 457 1467 488 harum
1504 455 1586 489 serie
1621 456 1821 489 absolventes
1845 461 1878 490 et

1140 509 1321 541 absolutum
1347 509 1413 541 fore
1448 514 1642 549 censentes,
1668 509 1877 552 supplicatio-

1141 561 1236 594 nibus
1263 561 1331 594 eius
1357 562 1487 594 nomine
1510 561 1602 594 nobis
1629 572 1727 604 super
1743 562 1804 595 hoc
1821 561 1879 594 hu-

1141 615 1262 648 militer
1285 615 1446 658 porrectis
1470 615 1625 654 inclinati,
1651 615 1690 647 de
1710 615 1879 648 venerabi-

1142 667 1218 700 lium
1238 668 1369 700 fratrum
1395 672 1580 700 nostrorum
1605 667 1636 700 S.
1660 667 1696 700 R.
1719 668 1754 700 E.
1777 667 1879 701 cardi-

1142 721 1264 753 nalium
1289 721 1428 763 negotiis
1453 726 1484 753 et
1508 720 1798 753 consultationibus
1815 719 1880 763 epi-

1142 784 1313 817 scoporum
1339 781 1369 807 et
1394 774 1591 816 regularium
1615 773 1879 817 praepositorum

1143 827 1293 869 consilio,
1318 832 1349 861 et
1374 830 1496 860 attenta
1520 827 1689 867 relatione,
1707 836 1802 869 quam
1827 836 1880 858 ve-

1143 880 1300 913 nerabilis
1327 880 1422 913 etiam
1447 881 1546 913 frater
1570 886 1680 913 noster
1700 880 1880 913 Alderanus

1144 934 1315 977 episcopus
1341 934 1526 967 portuensis
1544 933 1575 966 S.
1596 934 1632 967 R.
1652 933 1686 966 E.
1705 933 1878 967 cardinalis

1144 986 1228 1029 Cybo
1246 992 1460 1030 nuncupatus,
1480 987 1556 1019 dicti
1574 986 1702 1020 Ordinis
1719 986 1802 1030 apud
1820 996 1880 1032 nos

1145 1045 1176 1072 et
1200 1040 1348 1072 Sanctam
1380 1040 1495 1072 Sedem
1533 1043 1720 1082 protector,
1757 1039 1881 1072 eisdem

1144 1092 1361 1125 cardinalibus
1375 1103 1473 1135 super
1486 1092 1671 1135 praemissis
1685 1092 1772 1131 fecit,
1792 1101 1882 1135 prae-

1145 1145 1244 1178 dictas
1276 1145 1450 1179 Clementis
1482 1145 1674 1188 incipientes
1699 1145 1795 1179 Ratio
1817 1144 1881 1178 Pa-

1143 1198 1286 1239 storcrlis,
1308 1204 1384 1238 etc„
1403 1209 1439 1231 ac
1463 1198 1566 1238 Pauli,
1593 1208 1729 1241 quarum
1754 1197 1883 1231 initium

1144 1252 1294 1284 Im'unclz'
1317 1252 1419 1291 nobis,
1448 1256 1521 1291 etc„
1544 1256 1576 1283 et
1600 1250 1719 1284 Urbani
1745 1251 1882 1294 praede-

1144 1315 1323 1344 cessorum,
1349 1315 1430 1348 quae
1457 1304 1615 1347 incipiunt
1638 1304 1679 1337 In
1701 1304 1883 1347 plenitudi-

1144 1368 1227 1398 nem,
1252 1363 1324 1398 ete,
1343 1359 1546 1401 aliorumque
1564 1358 1782 1391 Romanorum
1794 1355 1883 1390 Pon-

1145 1411 1262 1443 tificum
1277 1410 1519 1444 suceessorum¹
1534 1411 1655 1444 litteras
1672 1421 1772 1454 super
1797 1419 1895 1457 prae·

219 1474 353 1504 cnm-mano
409 1466 423 1507 ξ
448 1464 479 1497 9.
507 1465 582 1498 Cum
610 1471 725 1505 autem,
751 1466 833 1497 sieut
865 1465 977 1497 eadem
1004 1476 1100 1508 expo·
1144 1465 1248 1497 missis
1273 1465 1454 1507 respective
1489 1469 1671 1504 emanatas,
1706 1463 1881 1497 dummodo

170 1502 439 1563 ffff'‘'l.¹.⁴?','''},'={.'2'-'sitio
464 1518 692 1559 subiungebat,
721 1523 753 1549 ut,
777 1518 955 1560 praemissa
979 1517 1100 1550 firmius
1145 1523 1251 1549 tamen
1277 1518 1341 1549 sint
1366 1517 1397 1549 in
1423 1527 1499 1557 usu,
1526 1527 1586 1549 nec
1610 1517 1674 1549 sint
1697 1522 1881 1556 revocatae,

171 1560 287 1608 3.‚'‡fi,¹lli}m.
300 1560 354 1575 ’Μ’
365 1570 542 1603 subsistant
577 1576 607 1602 et
643 1576 899 1611 conserventur,
937 1571 1099 1614 praefatus
1144 1576 1197 1603 aut
1221 1570 1279 1603 sub
1305 1570 1413 1613 aliqua
1434 1569 1640 1603 revocatione
1665 1570 1882 1613 comprehen-

1144 1635 1207 1663 sae,
1224 1623 1388 1666 sacrisque
1406 1623 1597 1663 canonibus,
1616 1628 1648 1656 et
1665 1622 1799 1655 Concilii
1816 1621 1883 1655 Tri-

1145 1677 1268 1710 dentini
1295 1676 1441 1711 decretis.
1462 1687 1496 1709 ae
1515 1676 1747 1720 posterioribus
1767 1675 1883 1708 consti-

1145 1730 1321 1762 tutionibus
1344 1735 1374 1762 et
1400 1729 1658 1762 ordinationibus
1685 1728 1880 1772 apostolicis,

1144 1782 1411 1825 regularibusque
1443 1782 1571 1815 Ordinis
1602 1782 1761 1825 praedicti
1793 1781 1883 1814 insti-

1145 1836 1221 1868 tutis
1247 1847 1310 1869 non
1336 1836 1558 1875 adversentur,
1584 1835 1773 1868 auctoritate
1805 1845 1880 1878 apo·

1145 1889 1277 1929 stolica,
1305 1894 1416 1921 tenore
1448 1888 1683 1932 praesentium,
1717 1888 1873 1921 confirma

1144 1953 1214 1975 mus
1244 1947 1276 1974 et
1301 1942 1528 1984 approbamus,
1554 1941 1685 1984 illisque
1710 1941 1867 1974 inviolabi

1144 1995 1183 2027 lis
1199 1994 1392 2037 apostolicae
1411 1993 1571 2026 firmitatis
1589 1994 1691 2026 robur
1705 1993 1880 2035 adiicimus;

1144 2048 1230 2080 salva
1256 2052 1361 2079 tamen
1394 2058 1523 2091 semper
1547 2047 1579 2079 in
1604 2047 1789 2090 praemissis
1824 2056 1880 2079 au-

1144 2101 1292 2133 ctoritate
1318 2101 1583 2144 Congregationis
1612 2100 1833 2133 cardinalium.

1227 2153 1257 2187 3.
1285 2154 1504 2188 Decernentcs
1534 2154 1664 2187 easdem
1690 2158 1880 2197 praesentes

1144 2207 1270 2240 litteras
1289 2218 1417 2251 semper
1439 2207 1555 2248 sirmas,
1580 2207 1702 2240 validas
1721 2212 1754 2239 et
1777 2206 1882 2240 effica-

1145 2271 1196 2293 ces
1218 2261 1358 2293 existere
1385 2266 1417 2293 et
1440 2261 1523 2302 fore,
1551 2270 1691 2303 suosque
1715 2259 1879 2303 plenarios

1145 2319 1176 2346 et
1199 2313 1344 2356 integros
1367 2313 1500 2347 effectus
1528 2313 1636 2347 sortiri
1657 2318 1688 2346 et
1716 2313 1877 2354 obtinere,

1145 2377 1180 2399 ac
1204 2366 1290 2406 illis,
1325 2367 1363 2399 ad
1390 2377 1471 2410 quos
1496 2371 1623 2410 spectat
1653 2371 1686 2399 et
1714 2377 1775 2410 pro
1801 2373 1880 2400 tem-

1145 2430 1224 2462 pore
1258 2420 1435 2463 spectabit,
1466 2420 1655 2463 plenissime
1688 2418 1878 2462 suffragari,

1145 2473 1254 2516 sicque
1288 2474 1319 2505 in
1349 2473 1534 2516 praemissis
1566 2483 1625 2517 per
1657 2482 1879 2516 quoscumque

1143 2525 1265 2559 iudices
1289 2526 1470 2560 ordinarios
1508 2532 1540 2559 et
1579 2526 1757 2569 delegatos,
1784 2525 1880 2559 etiam

1180 2590 1189 2615 1
1213 2588 1325 2616 Videtur
1346 2588 1489 2626 legendam
1507 2588 1756 2627 praedecessorum
1777 2587 1814 2627 (R.
1829 2587 1879 2625 T.)-

1882 196 1931 223 Αη.
1947 196 1975 224 C.
1997 198 2062 227 168⁶

1918 2158 2039 2185 Clausulas.
