2111 3157
186 223 236 250 An.
258 222 286 250 c.
307 222 376 250 isso
420 214 484 248 356

375 272 522 305 licentias
546 277 708 317 praestet,
743 275 878 314 excepto
904 270 990 314 quod
1014 269 1113 302 licen-

376 326 452 358 tiam
473 327 569 359 eundi
587 332 674 359 extra
693 324 926 358 monasterium
951 325 1046 357 causa
1066 334 1112 356 re-

375 379 547 412 creationis
574 380 648 412 dare
684 389 750 412 non
784 378 910 421 possit,
937 387 1018 420 quae
1051 377 1110 410 soli

374 432 572 475 praesidenti
597 437 789 465 reservatur.

208 495 363 542 sssspffistldka.
418 495 440 518 1.
468 485 507 517 Ut
531 490 637 527 patres
664 483 864 524 definitores,
891 483 1008 526 quibus
1026 492 1111 525 prae-

180 548 219 567 ιω
253 540 362 568 caum-im
374 537 466 580 cipue
493 537 650 569 incumbit
674 537 759 570 circa
783 536 1055 569 monasteriorum
1081 541 1111 568 et

180 576 296 625 tssssilfdssssf
311 577 362 594 Μ’
373 588 640 631 Congregationis
654 589 901 621 reformationes
918 593 948 621 et
964 588 1111 621 directio-

374 651 447 673 nem
484 641 665 681 intendere,
702 641 787 673 curis
823 640 1054 684 temporalibus
1080 645 1111 672 et

373 705 539 727 causarum
570 695 760 727 tumultibus
784 704 849 727 non
875 694 1108 733 distrahantur,

373 758 537 790 oneraque
562 747 683 791 partita
708 748 830 780 facilius
856 753 1037 790 portentur,
1061 757 1110 779 or-

373 800 523 833 dinamus
548 801 633 843 quod
663 811 720 844 per
745 799 896 843 suffragia
919 810 937 832 a
964 798 1110 832 definito-

372 852 461 885 ribus
488 853 647 895 eligantur
672 857 810 896 quatuor
834 863 871 885 ex
896 851 1051 895 praelatis
1069 851 1107 884 de

373 905 526 948 capitulo,
546 906 599 949 qui
621 916 686 938 non
706 905 769 938 sint
793 905 992 944 definitores,
1012 903 1109 943 docti,

373 958 503 991 discreti
522 963 552 992 et
570 959 679 992 idonei
696 959 736 991 ad
754 957 1040 991 administrandam
1065 957 1109 988 iu-

372 1011 491 1044 stitiam
517 1022 613 1054 super
636 1012 740 1044 causis
766 1017 798 1044 et
818 1010 1010 1044 differentiis
1027 1020 1108 1052 quae

372 1065 576 1097 solummodo
602 1075 660 1107 pro
692 1065 789 1096 rebus
821 1062 1053 1106 temporalibus
1079 1072 1109 1094 e-

371 1117 547 1149 merserint
574 1116 660 1149 inter
677 1116 967 1159 Congrcgationem
992 1119 1023 1147 et
1040 1114 1107 1147 eius

371 1170 548 1202 monachos
573 1180 630 1202 seu
654 1169 859 1210 monasteria,
877 1178 1004 1201 necnon
1024 1167 1109 1199 inter

371 1233 590 1265 quascumque
609 1233 766 1265 personas
792 1221 889 1254 etlam
915 1221 1012 1254 laicas
1036 1231 1107 1252 cum

371 1276 575 1308 monasteriis
610 1275 729 1308 nostris
767 1279 820 1308 aut
848 1273 1108 1317 Congregatione

370 1331 492 1368 nostra,
517 1329 543 1361 si
569 1329 608 1361 ad
635 1329 799 1361 auditores
825 1328 912 1371 ipsos
940 1337 1108 1360 recursum

371 1381 557 1414 habuerint.
583 1382 728 1424 Eligatur
761 1386 792 1413 ct
822 1391 907 1413 unus
940 1380 1045 1412 scriba
1070 1390 1107 1412 ex

371 1433 538 1466 monachis
557 1434 757 1473 monasterii,
778 1434 828 1466 vel
846 1444 882 1466 ex
904 1433 942 1465 iis
964 1432 1018 1475 qui
1036 1442 1107 1464 cum

372 1486 521 1520 facultate
547 1487 586 1519 ad
612 1487 789 1530 capitulum
813 1491 1036 1525 accesserunt·y
1064 1491 1109 1518 ta-

370 1540 476 1583 lisque
502 1541 610 1574 scriba
634 1552 692 1584 pro
719 1541 832 1584 quinto
853 1540 894 1572 sit
918 1538 1107 1572 inferendo¹

370 1593 500 1634 iudicio,
528 1593 656 1637 quotics
682 1593 839 1636 praedicti
866 1603 931 1625 non
955 1592 1109 1625 conveni-

371 1651 464 1687 rent,
485 1647 535 1679 cui
561 1657 621 1690 per
639 1646 828 1679 definitores
849 1646 968 1678 dentur
985 1645 1110 1678 coadiu-

373 1703 459 1732 tores
477 1699 551 1738 duo,
569 1705 630 1731 tam
649 1709 706 1742 pro
721 1704 866 1741 regestro
881 1702 1107 1737 conventuum,

372 1763 465 1795 quam
484 1762 542 1794 pro
560 1751 700 1784 licentiis
716 1751 948 1784 alienationum
967 1751 1004 1783 de
1023 1761 1109 1783 more

373 1803 640 1837 transcribendis.
658 1804 744 1842 Quae
763 1804 910 1836 licentiae
927 1815 1039 1836 omnes
1052 1813 1111 1846 per

371 1855 462 1899 ipsos
489 1857 761 1895 transcribantur,
789 1857 867 1889 alias
892 1867 949 1899 per
973 1856 1110 1888 scribam

373 1909 582 1943 definitorum
608 1920 672 1942 non
698 1909 962 1942 subscribantur.
983 1909 1015 1940 ln
1035 1920 1112 1952 qua-

372 1973 443 1995 rum
466 1962 527 1995 fine
552 1969 709 2006 ponatur:
738 1962 970 1995 Praesentibus
995 1961 1112 1993 litteris

375 2020 500 2049 tantum
527 2026 584 2060 per
608 2017 799 2048 sexenuium.
825 2015 989 2047 ralituris.
1009 2014 1111 2057 Hique

375 2075 511 2112 quatuor
550 2075 658 2112 patres
698 2070 907 2112 appellentur
946 2067 1111 2099 auditores

375 2133 556 2162 cansarum,
573 2132 679 2154 rerum
698 2127 729 2153 et
746 2122 864 2153 iurium
882 2120 1111 2163 temporalium

374 2175 646 2207 monasteriorum
673 2180 703 2207 ct
720 2173 1003 2216 CongregationiS.

420 2238 453 2260 Η.
482 2228 527 2260 Ad
565 2238 703 2270 quorum
740 2227 882 2260 officium
918 2231 949 2258 et
980 2236 1112 2258 examen

376 2281 484 2312 onmia
510 2280 640 2322 negotia
666 2280 870 2322 temporalia,
892 2279 965 2312 lites
992 2284 1113 2311 etcon-

377 2333 552 2365 troversiae
576 2333 848 2365 moinisteriorum
874 2338 905 2365 ct
930 2332 1113 2374 Congrega-

377 2386 473 2417 tionis
501 2386 700 2418 deferantur.
729 2384 803 2425 Qui,
830 2386 876 2417 sic
902 2385 1015 2424 electi,
1043 2384 1112 2427 ipso

378 2439 459 2471 sacto
478 2439 617 2470 habs-ant
635 2449 764 2470 omnem
781 2444 975 2481 potestatem
995 2447 1114 2479 cogno-

377 2492 487 2524 scendi
514 2496 544 2521 et
570 2491 759 2523 terminandi
791 2502 902 2523 causas
928 2490 1113 2534 praedictas

378 2546 446 2577 sine
468 2544 612 2587 apicibus
632 2544 722 2582 iuris,
740 2545 912 2577 summarie
935 2549 967 2576 ct
988 2544 1025 2577 dc
1045 2544 1114 2586 pla-

415 2609 423 2633 1
448 2606 546 2634 Forsan
568 2607 734 2640 inserendus
753 2608 791 2640 (n.
809 2608 857 2641 T.)-

962 219 1142 245 BULLARIUM
1167 218 1319 244 ROMANUM

1154 278 1205 308 no,
1224 278 1260 300 ac
1278 268 1346 301 sola
1364 267 1436 301 facti
1454 267 1588 301 veritate
1606 255 1763 312 inspecta,
1781 265 1887 301 termi-

1154 324 1311 364 natasque
1333 320 1516 354 executioni
1533 321 1707 361 mandare3
1730 325 1776 361 et,
1799 320 1886 364 quod

1153 385 1189 407 ex
1215 374 1326 417 inopia
1351 374 1531 407 debitorum
1548 374 1609 417 ipsi
1626 374 1790 407 auditores
1815 384 1887 407 exe-

1153 425 1208 469 qui
1230 426 1442 469 nequiverint,
1461 426 1606 468 regimen
1620 431 1676 459 aut
1693 425 1884 468 visitatores,

1153 479 1190 511 ad
1217 489 1298 522 quos
1324 479 1410 512 illius
1435 478 1618 521 provinciae
1648 478 1788 512 visitatio
1812 489 1886 522 spe-

1152 537 1226 572 etet⁷
1244 542 1315 565 cum
1332 531 1479 575 requisiti
1496 531 1627 571 fuerint,
1644 530 1758 574 exequi
1775 530 1886 565 sedulo

1152 591 1327 628 procurent
1345 597 1352 626 ;
1375 595 1511 628 quorum
1533 584 1702 618 sententiis
1727 589 1759 617 et
1781 585 1888 618 termi-

1152 638 1336 671 nationibus
1360 649 1474 671 omncs
1500 638 1538 671 de
1563 637 1830 680 Congregatione,
1846 637 1887 670 si-

1152 701 1187 723 ve
1213 691 1374 732 definitor,
1394 691 1460 724 sive
1487 691 1756 734 praesidens,aut
1779 690 1887 724 visita-

1152 748 1203 776 tor
1223 744 1327 785 fuerit,
1347 749 1521 777 teneantur
1537 743 1681 776 obedire.

1195 806 1243 829 111.
1269 796 1460 829 Examinent
1484 796 1580 829 etiam
1606 801 1638 828 et
1654 795 1738 839 apud
1763 805 1795 828 se
1820 805 1886 828 ma-

1153 853 1221 881 ture
1247 850 1421 882 consulant
1445 849 1561 892 quibus
1586 853 1634 881 est
1655 848 1786 881 licentia
1809 858 1886 881 con-

1151 901 1297 934 cedenda
1332 901 1445 944 quovis
1478 902 1569 933 titulo
1602 901 1764 934 alienandi
1798 901 1886 933 bona

1151 953 1279 985 stabilia
1299 953 1583 993 monasteriorum,
1601 957 1631 985 ct
1647 952 1830 985 huiusmodi
1848 952 1886 984 li-

1151 1005 1273 1037 centias
1290 1005 1328 1038 de
1347 1016 1461 1038 eorum
1479 1004 1615 1038 consilio
1639 1006 1689 1038 vel
1706 1004 1886 1038 concedant

1152 1057 1338 1091 definitores
1363 1059 1412 1091 vel
1437 1063 1569 1101 negent.
1593 1058 1683 1096 Quod
1708 1058 1732 1090 si
1756 1058 1810 1101 qui
1835 1068 1886 1101 pe-

1152 1115 1218 1143 tere
1243 1111 1406 1144 voluerint
1430 1122 1446 1143 a
1472 1111 1615 1154 capitulo
1640 1111 1785 1153 generali
1810 1121 1886 1143 con-

1151 1163 1364 1197 firmationem
1382 1164 1563 1207 aliquorum
1581 1169 1818 1203 contractuum,
1835 1164 1887 1196 de-

1151 1217 1255 1250 ferant
1271 1218 1309 1250 ad
1324 1217 1410 1250 idem
1425 1218 1602 1261 capitulum
1617 1217 1742 1260 copiam
1756 1217 1887 1250 authen-

1153 1269 1245 1302 ticam
1258 1270 1549 1303 instrumentorum
1562 1280 1661 1313 super
1670 1270 1708 1302 iis
1720 1270 1884 1309 factorum,

1151 1322 1244 1355 aliter
1268 1334 1333 1356 non
1358 1323 1547 1364 audiantur;
1574 1323 1709 1356 servatis
1734 1322 1773 1355 iis
1803 1333 1885 1366 quae

1151 1376 1235 1408 dicta
1253 1376 1383 1409 suntad
1406 1387 1477 1419 cap.
1500 1387 1537 1409 111
1562 1377 1703 1419 regulae.

1194 1440 1235 1462 IV.
1258 1429 1448 1472 Catalogum
1472 1430 1568 1463 etiam
1593 1430 1659 1462 sive
1684 1429 1886 1462 matriculam

1150 1481 1334 1522 conficiant,
1357 1482 1388 1514 in
1414 1492 1477 1525 qua
1493 1482 1625 1515 nomina
1640 1482 1885 1522 monachorum,

1151 1535 1205 1579 qui
1223 1536 1279 1568 illo
1298 1535 1438 1568 triennio
1456 1536 1694 1578 professionem
1709 1535 1886 1576 emiserint,

1151 1588 1303 1621 scribant.
1318 1588 1436 1621 Notent
1448 1594 1619 1631 praetcrea
1633 1587 1821 1630 singillatim
1835 1599 1889 1621 no-

1151 1641 1237 1674 mina
1257 1646 1289 1674 et
1308 1642 1380 1674 loca
1406 1640 1584 1674 eiectorum
1610 1646 1641 1673 et
1665 1641 1885 1683 fugitivorum,

1152 1699 1187 1725 ut
1200 1705 1257 1736 per
1271 1694 1408 1726 scribam
1423 1694 1553 1736 capituli
1568 1693 1757 1736 singillatim
1771 1694 1802 1726 in
1816 1704 1889 1726 con-

1152 1758 1241 1780 sessu
1261 1753 1387 1790 patrum
1405 1746 1611 1790 pronunciari
1631 1747 1774 1786 valeant3
1796 1756 1889 1788 rege-

1154 1806 1254 1833 strum
1280 1812 1407 1844 quoque
1441 1805 1658 1833 conventuum
1690 1799 1890 1842 singulorum

1153 1855 1424 1887 monasteriorum
1465 1853 1641 1886 secundum
1677 1853 1812 1895 gradum
1852 1862 1889 1885 ac

1154 1907 1292 1939 osticium
1312 1906 1494 1945 cuiuslibet,
1514 1906 1708 1950 apponendo
1725 1905 1820 1938 etiam
1834 1916 1890 1938 an-

1155 1970 1242 1997 num,
1269 1958 1352 1991 diem
1378 1969 1413 1990 ac
1438 1960 1544 1991 locum
1572 1968 1635 2001 quo
1661 1963 1692 1991 et
1714 1957 1768 1990 ubi
1794 1957 1891 2000 quili-

1154 2012 1208 2044 bet
1232 2011 1471 2054 professionem
1495 2011 1658 2052 emiserit3
1684 2016 1716 2043 et
1739 2011 1771 2043 in
1804 2010 1889 2043 dicto

1155 2071 1301 2108 regestro
1328 2071 1503 2098 conventus
1527 2066 1617 2108 ipsos
1642 2076 1680 2098 eo
1706 2065 1820 2098 ordine
1844 2064 1892 2097 di*-

1155 2124 1279 2162 gerant,
1304 2130 1367 2162 quo
1404 2119 1693 2151 examinandorum
1729 2122 1892 2150 monaste-

1155 2172 1276 2204 riorum
1302 2172 1456 2204 schedula
1490 2182 1548 2214 per
1578 2171 1764 2204 definitores
1788 2170 1893 2214 publi-

1155 2226 1256 2257 canda
1281 2224 1458 2267 digeretur.
1486 2224 1620 2267 Propter
1636 2233 1717 2266 quae
1735 2223 1893 2256 servanda

1155 2278 1343 2310 mandamus
1362 2278 1512 2310 omnibus
1537 2282 1569 2310 et
1592 2276 1730 2319 singulis
1755 2285 1893 2308 conven-

1157 2332 1240 2363 tibus
1266 2337 1298 2364 et
1322 2331 1490 2364 monachis
1515 2335 1647 2364 nostrae
1666 2328 1894 2371 Congregatio·

1156 2385 1213 2424 nis,
1241 2390 1276 2416 ut
1303 2386 1340 2418 dc
1364 2390 1472 2417 cetero
1494 2384 1619 2417 litteras
1644 2387 1676 2415 et
1699 2382 1892 2422 schedulas,

1158 2437 1231 2469 talia
1257 2437 1476 2476 continentes
1493 2437 1532 2469 ad
1558 2435 1745 2469 huiusmodi
1770 2434 1895 2467 audito-

1156 2501 1207 2522 res
1232 2490 1406 2533 separatim
1432 2490 1471 2522 ab
1496 2489 1566 2522 aliis
1585 2488 1692 2527 rebus,
1712 2488 1751 2520 de
1777 2487 1895 2531 quibus

1157 2544 1300 2577 scribere
1326 2543 1553 2577 definitoribus
1578 2541 1761 2583 voluerint,
1790 2546 1895 2574 trans-

1157 2601 1297 2629 mittant.

1894 216 1943 244 An.
1964 214 1996 245 C.
2011 213 2081 243 1680
