2111 3157
155 208 206 236 An.
223 208 251 236 C.
275 208 342 236 1682
386 201 450 235 426

663 256 762 290 CXIV.

350 331 571 373 Confirmatio·
588 328 746 361 decretum
765 324 905 369 capituli
921 322 1083 366 gyencralz's

391 383 526 417 Ordinis
553 379 803 417 Caersiensis,
823 387 884 421 quo
908 376 1081 414 statuitur,

390 447 429 468 ue
460 436 535 478 quis
570 438 686 465 ulatur
715 430 904 474 privileqiis
939 429 1084 461 aliorum

390 486 596 530 montorium
620 486 655 517 in
673 483 847 516 nonnullis
867 481 995 514 casibus
1015 481 1084 513 sine

389 549 542 573 consensu
566 537 733 571 reverendi
764 535 888 580 μαινίς,
913 538 971 568 aut
1002 534 1085 577 capi-

391 593 454 626 tuti
476 590 670 636 petieratis&

531 670 726 700 Innocentius
746 670 826 703 Papa
845 668 899 700 XI,

490 717 526 744 ad
546 716 678 743 futuram
697 714 742 742 rei
762 712 943 741 memoriam.

196 797 263 817 Causa
288 796 338 816 dicti

156 822 234 843 dmm
272 824 339 843 emm
393 791 407 833 ἓ
428 789 454 822 l.
475 787 598 832 Exponi
616 785 709 819 nobis
726 794 829 827 nuper
854 783 930 816 fecit
949 782 1084 815 dilectus

156 850 236 899 {2333
255 840 434 895 {gflgstssgfilisss
460 846 654 886 procurator
680 837 842 881 generalis
859 835 987 869 Ordinis
1012 835 1086 868 Car-

156 901 265 948 gggggrffi'
290 895 548 935 cun·tl1usiensis‚
574 893 684 936 quod,
711 901 783 923 cum
815 889 918 923 felicis
942 889 1087 921 recorda-

264 943 268 948 ’
351 949 448 982 tionis
473 946 648 989 Gregorius
674 945 731 977 PP.
761 943 828 983 XV,
852 942 1087 986 praedecessor

351 1007 469 1039 noster,
490 1000 594 1033 cidem
615 997 726 1030 Ordini
752 995 923 1039 privilegia
946 994 1017 1027 aliis
1042 1004 1087 1026 rc-

351 1055 516 1098 gularibus
534 1062 687 1085 concessa
706 1050 845 1093 gratiose
872 1047 1087 1081 communica-

350 1107 448 1145 verit,
475 1106 648 1149 capitulum
681 1103 832 1145 generale
858 1100 934 1134 dicti
958 1099 1086 1132 Ordinis

351 1171 435 1193 anuo
467 1169 627 1193 MDctxxix
659 1156 880 1193 celebratum,
906 1158 939 1185 ut
971 1158 1086 1185 statuta

351 1214 453 1257 ipsius
479 1212 616 1249 Ordinis,
642 1220 733 1253 quae,
760 1207 935 1251 praecipue
954 1206 994 1239 ob
1017 1204 1087 1238 soli-

352 1268 496 1300 tudinem
522 1271 553 1299 et
577 1263 755 1301 silentium,
781 1261 932 1304 specialia
957 1265 989 1292 et
1013 1258 1087 1291 stri-

352 1321 451 1353 ctiora
469 1329 564 1362 quam
582 1318 718 1350 aliorum
735 1314 890 1347 Ordinum
912 1316 1002 1351 sunt,
1022 1311 1085 1343 illi-

352 1374 426 1405 bata
450 1375 590 1404 servaret
615 1367 858 1411 (considerans,
884 1375 920 1397 ex
946 1373 1087 1396 commu-

352 1425 516 1458 nicatione
549 1421 794 1466 privilegiorum
819 1416 1007 1450 huiusmodi
1031 1416 1088 1449 ali-

353 1489 433 1522 quos
464 1477 606 1510 eiusdem
638 1473 767 1507 Ordinis
795 1471 974 1504 monachos
1005 1469 1089 1501 inve-

354 1531 427 1570 niri,
455 1529 510 1573 qui
534 1529 594 1561 sibi
622 1526 783 1571 placentia
808 1525 907 1557 licere
926 1526 1086 1566 putarent,

354 1590 384 1617 ct
394 1587 560 1627 praetextu
573 1581 762 1624 opinionum
776 1576 988 1621 quorumdam
1002 1576 1089 1607 theo-

353 1637 459 1679 logiae
485 1634 616 1667 moralis
642 1634 810 1665 doctorum
836 1630 875 1662 dc
901 1627 1087 1661 huiusmodi

353 1689 529 1733 privilegiis
546 1687 639 1720 nimis
654 1688 743 1728 large
762 1683 981 1721 sentientium,
993 1688 1088 1724 atque

354 1742 449 1774 etiam
482 1739 694 1784 quorumdam
733 1738 905 1770 verborum
942 1736 974 1767 in
1011 1734 1088 1777 ipsis

355 1794 468 1827 litteris
484 1793 667 1837 apostolicis
682 1796 918 1827 contentorum,
935 1798 1017 1831 quae
1029 1798 1088 1830 pro

355 1859 413 1881 suo
428 1853 524 1891 captu
540 1844 988 1888 interpretabantur),statuta
1003 1850 1090 1884 prae-

356 1901 440 1933 dicta
465 1898 593 1943 penitus
619 1902 764 1930 evertere
791 1900 997 1933 conarentur,
1019 1894 1090 1925 illa-

356 1964 417 1995 que
443 1963 500 1995 per
524 1951 693 1994 privilegia
726 1948 910 1981 huiusmodi
936 1948 1091 1988 abrogata

357 2017 426 2038 esse
452 2010 631 2043 censentes,
650 2014 681 2036 se
703 2003 818 2035 iisdem
837 2000 1012 2044 privilegiis
1031 1999 1090 2031 frui

358 2060 477 2091 debere
503 2057 710 2101 pertinaciter
735 2059 928 2094 assererent,
949 2053 987 2085 ad
1005 2063 1092 2096 prae-

358 2113 547 2145 cludendam
570 2116 614 2143 tot
635 2109 799 2143 erroribus
823 2108 918 2148 viam,
944 2115 1092 2149 praever-

396 2193 404 2217 1
429 2191 572 2225 Privilegia
591 2190 705 2217 aliorum
726 2187 891 2223 regularium
912 2186 983 2213 dicto
999 2185 1092 2212 Ordini

359 2244 486 2263 concessa
506 2235 613 2261 suerunt
631 2243 646 2260 a
666 2233 796 2268 Gregorio
812 2231 852 2257 XV
873 2232 898 2257 in
915 2235 1001 2257 const.
1023 2230 1094 2256 edita

359 2286 491 2313 noemin,
513 2279 555 2305 die
579 2279 594 2305 3
619 2277 756 2310 februarii,
778 2280 850 2311 pont.
872 2282 906 2307 113
928 2274 961 2300 ab
981 2275 1094 2300 Alexan-

360 2324 407 2350 dro
424 2324 456 2349 lll
477 2324 650 2349 confirmatus
670 2322 718 2348 fuit
738 2320 807 2347 Ordo
828 2328 875 2354 per
895 2322 979 2345 const.
996 2318 1093 2344 editam

360 2374 491 2399 Mctxxu,
508 2366 550 2393 die
565 2367 581 2392 2
596 2365 766 2401 septembris,
782 2366 856 2398 pont.
875 2369 944 2395 xvir,
960 2366 986 2388 et
1001 2361 1034 2388 ab
1050 2362 1095 2387 In-

360 2413 483 2440 nocentio
496 2412 528 2438 Xl
546 2412 692 2446 approbata
708 2412 780 2437 suere
796 2409 866 2436 illius
877 2416 945 2435 nova
956 2410 1053 2434 statuta
1069 2407 1093 2432 in

360 2462 444 2485 const.
458 2457 528 2483 edita
543 2462 725 2487 moctxxxrui,
738 2454 779 2481 die
795 2454 827 2480 27
840 2453 939 2484 martii,
956 2455 1030 2487 pont.
1043 2458 1094 2483 xu,

360 2502 425 2530 item
446 2505 516 2528 extat
534 2499 699 2527 confirmatio
726 2498 837 2525 alterius
860 2496 961 2524 decreti
986 2494 1095 2530 capituli

360 2555 407 2582 pro
427 2545 541 2581 quadam
563 2546 621 2570 taxa
641 2543 666 2570 in
686 2546 771 2570 const.
793 2541 864 2570 edita
882 2546 1032 2574 mnctxxxu,
1053 2539 1095 2566 die

360 2592 394 2620 24
413 2590 537 2627 augusti,
560 2593 632 2625 pont.
654 2594 689 2616 vt.

939 204 1058 229 nutem
1065 203 1116 226 tmtt
1143 203 1203 227 not!
1213 203 1291 226 tNUM

1870 199 1919 229 An.
1935 199 1964 228 c.
1985 199 2065 235 1682,-

1126 252 1319 293 tendamque
1355 249 1534 283 animarum
1565 249 1745 293 perniciem
1777 258 1861 293 quae

1125 304 1199 337 inde
1220 304 1379 347 potuisset
1395 303 1525 343 exoriri,
1547 304 1714 336 decretum
1728 313 1784 336 seu
1798 307 1862 335 sta-

1127 362 1228 389 tutum
1253 357 1356 389 edidit
1376 356 1500 389 tenoris
1522 356 1576 399 qui
1601 356 1759 399 sequitur,
1780 355 1862 388 vide-

1126 409 1219 442 licet:
1253 421 1265 440 α
1291 409 1333 441 Ex
1365 408 1458 441 Sedis
1489 408 1620 451 quidem
1655 408 1862 451 Apostolicae
1898 417 2009 440 Decretum
2023 423 2054 441 re-

1127 462 1230 504 gratia
1247 462 1333 494 Ordo
1352 461 1471 504 gaudet
1487 461 1781 494 communicatione
1799 461 1863 504 pri·
1873 444 1945 466 renus.

1128 515 1320 557 vilegiorum
1336 515 1474 547 aliorum
1488 515 1685 557 regularium
1698 514 1862 555 Ordinum,

1127 572 1162 599 ut
1185 572 1274 610 patet
1290 577 1326 599 ex
1345 567 1435 600 Bulla
1452 566 1599 609 Gregorii
1615 567 1674 599 PP.
1698 567 1768 607 XV3
1791 567 1861 607 sed,

1128 631 1167 653 ne
1191 621 1275 653 ullus
1292 630 1435 663 unquam
1453 620 1573 652 abusus
1598 630 1634 652 ex
1660 625 1724 652 tam
1749 620 1864 663 amplis

1128 673 1303 716 privilegiis
1320 672 1442 715 irrepat
1459 673 1545 705 inter
1562 683 1620 705 nos
1645 677 1757 705 contra
1773 683 1865 705 rnen-

1129 730 1191 758 tem
1209 725 1337 758 Ordinis
1362 730 1394 757 et
1418 725 1520 768 ipsius
1540 724 1633 757 Sedis
1655 725 1864 768 Apostolieae

1128 788 1211 821 quae
1238 777 1323 809 iuxta
1348 776 1542 820 exigentiam
1563 783 1742 820 temporum
1768 777 1865 820 privi-

1128 831 1213 873 legia
1238 831 1306 874 ipsa
1328 830 1468 873 explicat
1484 835 1540 862 aut
1557 829 1731 872 restringit,
1758 830 1867 862 statui-

1128 894 1196 917 mus
1222 889 1254 916 et
1278 883 1474 923 ordinamus,
1494 893 1535 915 ne
1560 883 1626 915 ulla
1646 892 1785 924 persona
1809 883 1866 915 Or-

1129 937 1212 970 dinis
1238 936 1344 980 possit
1367 936 1413 968 uti
1437 935 1616 978 privilegiis
1640 934 1710 968 aliis
1738 936 1866 978 regula-

1129 991 1217 1022 ribus
1243 988 1408 1022 concessis
1434 989 1519 1021 circa
1544 998 1646 1028 casus,
1661 997 1815 1021 censuras
1833 993 1865 1021 et

1129 1042 1401 1086 dispensationes,
1427 1051 1509 1084 quae
1535 1041 1568 1073 in
1592 1041 1712 1074 nostris
1737 1040 1864 1074 statutis

1129 1105 1280 1138 expressa
1304 1105 1369 1127 non
1394 1095 1570 1133 habentur,
1591 1094 1714 1136 absque
1733 1093 1814 1126 scitu
1833 1099 1865 1126 et

1129 1158 1290 1180 consensu
1316 1146 1487 1179 reverendi
1513 1146 1615 1189 patris
1647 1150 1702 1178 aut
1731 1146 1864 1188 capituli

1130 1200 1308 1243 generalis,
1333 1200 1372 1232 ad
1404 1199 1488 1242 quod
1513 1198 1656 1241 pertinet
1681 1197 1866 1241 privilegio-

1129 1263 1198 1284 rum
1223 1252 1357 1284 istorum
1376 1249 1575 1293 dispensatio
1594 1262 1625 1282 ).

1173 1305 1187 1347 g
1205 1304 1236 1336 9„
1256 1304 1332 1336 Cum
1351 1308 1466 1341 autem,
1485 1302 1566 1335 sicut
1581 1302 1694 1335 eadem
1708 1302 1866 1346 expositio

1129 1357 1353 1399 subiungebat,
1373 1356 1478 1388 dictus
1496 1360 1687 1398 procurator
1706 1355 1867 1398 generalis

1129 1414 1283 1442 statutum
1307 1419 1363 1441 seu
1389 1408 1554 1441 decretum
1579 1407 1783 1448 huiusmodi,
1803 1418 1866 1452 quo

1130 1462 1253 1494 firmius
1267 1461 1419 1494 subsistat
1429 1465 1461 1493 et
1474 1465 1618 1493 servetur
1628 1460 1780 1500 exactius,
1795 1471 1869 1503 apo-

1130 1515 1262 1547 stolicae
1276 1512 1530 1546 confirmationis
1546 1517 1674 1545 nostrae
1689 1512 1867 1555 patrocinio

1130 1566 1318 1600 communiri
1335 1574 1539 1608 summopere
1565 1565 1744 1598 desideret:
1772 1565 1866 1598 nobis

1130 1625 1301 1664 propterea
1316 1618 1425 1652 dilecti
1443 1618 1539 1651 etiam
1553 1617 1609 1650 tilii
1624 1617 1801 1660 superioris
1818 1628 1868 1660 ge-

1131 1674 1249 1706 neralis
1268 1673 1343 1706 dicti
1357 1672 1485 1705 Ordinis
1502 1682 1539 1704 ac
1557 1671 1689 1714 capituli
1707 1671 1868 1713 generalis

1131 1726 1289 1769 praedicti
1303 1725 1435 1758 nominc
1450 1724 1617 1757 humiliter
1631 1723 1810 1766 supplicari
1828 1723 1869 1756 se-

1131 1780 1181 1819 cit,
1196 1784 1229 1811 ut
1246 1779 1278 1811 in
1295 1777 1478 1820 praemissis
1497 1781 1680 1819 opportune
1699 1776 1869 1818 providere

1132 1833 1171 1865 dc
1196 1831 1396 1874 benignitate
1421 1829 1598 1872 apostolica
1623 1829 1843 1871 dignaremur.

1177 1885 1191 1927 ἓ
1207 1883 1239 1918 3.
1256 1883 1320 1916 Nos
1334 1882 1443 1925 igitur,
1461 1882 1664 1924 superiorem
1683 1882 1869 1924 generalem
1929 1887 2062 1918 confirm-vio

1134 1943 1165 1970 et
1200 1941 1444 1980 procuratorem
1485 1934 1672 1976 generalem
1707 1933 1869 1976 praefatos
1880 1920 1943 1962 {iiiii
1958 1915 2019 1936 κω
2030 1915 2063 1935 ‘¹⁰'

1133 1989 1327 2033 specialibus
1344 1987 1507 2020 t'avoribus
1525 1991 1556 2020 et
1580 1986 1690 2029 gratiis
1715 1986 1870 2030 prosequi

1133 2044 1287 2080 volentes,
1306 2046 1337 2073 et
1354 2050 1464 2073 corum
1485 2039 1665 2081 singulares
1682 2048 1836 2082 personas
1854 2048 1872 2071 a

1134 2094 1297 2139 quibusvis
1316 2091 1667 2132 excommunicationis
1687 2091 1872 2135 suspensio-

1136 2149 1184 2182 nis
1209 2153 1240 2180 et
1264 2146 1441 2186 interdicti,
1468 2145 1606 2188 aliisque
1640 2144 1871 2178 ecclesiasticis

1136 2201 1319 2240 sententiis,
1347 2199 1493 2232 censuris
1511 2204 1542 2231 et
1559 2198 1683 2241 poenis,
1702 2208 1719 2230 a
1736 2197 1804 2230 iure
1823 2199 1871 2231 vel

1136 2255 1175 2287 ab
1194 2253 1335 2293 homine,
1361 2252 1472 2296 quavis
1497 2251 1670 2284 occasione
1702 2251 1749 2284 vel
1777 2252 1872 2283 causa

1137 2309 1220 2347 latis,
1247 2307 1272 2339 si
1292 2306 1408 2350 quibus
1427 2303 1675 2348 quomodolibet
1698 2303 1872 2337 innodatae

1137 2362 1281 2400 existant,
1301 2360 1340 2392 ad
1365 2358 1514 2391 effectum
1538 2356 1759 2400 praesentium
1784 2357 1874 2390 dum-

1138 2419 1222 2446 taxat
1242 2411 1519 2455 consequendum,
1535 2410 1649 2442 harum
1670 2409 1754 2442 serie
1773 2409 1874 2442 absol-

1137 2471 1246 2499 ventes
1260 2471 1292 2498 et
1305 2465 1468 2497 absolutas
1486 2463 1554 2496 fore
1569 2466 1751 2502 censentes,
1768 2461 1874 2494 huius-

1137 2520 1222 2553 modi
1242 2516 1534 2562 supplicationibus
1548 2515 1703 2554 inclinati,
1724 2515 1762 2547 de
1781 2525 1875 2548 vene-

1139 2573 1287 2606 rabilium
1301 2572 1434 2604 fratrum
1452 2575 1636 2603 nostrorum
1656 2568 1686 2602 S.
1702 2568 1738 2600 [t.
1753 2568 1787 2601 E.
1808 2578 1875 2601 car-

1916 1309 1996 1331 Patitur
2010 1315 2059 1331 con-

1878 1336 1977 1359 firmatio.
