2111 3157
16 169 60 198 An.
73 167 101 196 C.
123 165 185 193 ¹681

34 856 132 887 Redditur
146 860 185 885 au-

10 884 92 933 aaa
100 887 184 910 ΜΨ·

794 164 1005 189 INNOCENTIUS
1028 167 1056 190 XI
1083 167 1129 190 PF.

197 214 379 258 periculum
398 213 438 261 sit
462 218 620 254 exortum,
640 223 699 247 nec
723 214 828 246 minus
847 224 934 256 prac-

197 266 353 299 iudicium
379 267 543 299 animabus
569 273 600 300 et
622 266 814 310 corporibus
840 268 954 298 mise-,

197 320 348 353 rabilium
374 320 516 359 illorum,
543 321 598 363 qui
615 320 648 352 in
674 319 856 352 carceribus
879 319 954 351 tri-›

196 372 322 406 bunalis
350 372 505 415 praedicti
535 372 731 410 detinentur,
754 372 932 404 resultave-

196 425 250 465 rit,
273 426 408 458 moleste
441 425 473 457 id
504 424 598 457 etiam
623 424 801 456 serentibus
826 423 931 456 Veris-

196 478 278 510 simo
311 477 558 520 archiepiscopo
592 476 758 518 generali,
793 475 929 517 aliisque

195 529 440 573 inquisitoribus
460 529 646 572 praedictis,
666 539 701 561 ac
719 528 849 560 illorum
868 527 932 560 osti-

195 581 329 615 cialibus
355 587 387 614 et
409 581 577 621 ministris,
600 581 654 623 qui
681 580 784 622 (sicut
807 579 930 622 accepi-

195 635 286 677 mus)
312 634 431 667 nostris
452 639 484 666 et
501 633 705 676 Apostolicae
725 633 815 665 Sedis
837 643 931 676 prae-

196 688 298 721 dictae
323 686 480 720 mandatis
506 685 597 719 filiali
622 686 813 729 sinceroque
840 686 930 718 obse-

195 740 273 784 quio
289 745 438 783 prompte
456 749 580 772 morem
597 738 630 771 in
647 738 795 771 omnibus
814 748 928 781 gerere

194 794 298 838 parati
324 797 419 826 sunt:

238 846 297 890 54.
310 846 391 878 Hinc
405 846 550 888 estquod
565 855 633 885 nos,
647 845 840 878 christianae
855 846 929 878 reli-

195 898 300 943 gionis
321 898 565 941 catholicaeque
583 897 658 930 fidei
679 897 926 937 conservationi,

194 956 349 996 quantum
366 951 458 984 nobis
472 961 508 983 ex
524 951 587 984 alto
603 950 799 989 conceditur,
815 960 928 983 consu-

192 1005 271 1045 lere,
285 1015 322 1038 ac
333 1003 409 1037 dicti
421 1004 591 1037 tribunalis
604 1003 757 1046 illiusque
772 1002 929 1035 ministro-

192 1067 262 1091 rum
284 1062 316 1090 et
340 1056 525 1090 officialium
550 1056 647 1089 statui
672 1061 704 1088 et
732 1055 816 1088 felici
843 1055 928 1087 dire-

193 1109 306 1150 ctioni,
332 1119 459 1142 necnon
487 1109 742 1142 Christianorum
766 1108 927 1140 Novorum

192 1162 432 1207 praedictorum
466 1161 681 1195 consolationi
712 1160 927 1204 publicaeque

193 1216 338 1250 omnium
355 1215 485 1249 utilitati
501 1217 633 1259 paterna
650 1214 805 1247 charitate
824 1214 928 1256 provi-

193 1269 270 1302 dere
287 1267 473 1312 cupientes,
498 1267 606 1300 habita
625 1277 721 1310 super
742 1267 927 1310 praemissis
947 1279 949 1296 ¹·

193 1332 264 1356 cum
279 1320 466 1354 memoratis
486 1320 705 1353 cardinalibus
721 1319 927 1362 generalibus

192 1373 436 1417 inquisitoribus
461 1373 695 1405 deliberatione
722 1374 857 1411 matura,
879 1383 928 1404 ex·
947 1390 948 1409 ;

193 1427 383 1471 quisitisque
402 1431 433 1459 et
449 1426 563 1459 auditis
588 1426 717 1459 illorum
743 1425 923 1465 sententiis,
946 1438 948 1443 ·

192 1485 279 1514 motu
303 1479 436 1523 proprio
455 1485 486 1513 et
506 1490 542 1511 ex
561 1480 649 1511 certa
674 1479 795 1511 scienta
813 1483 843 1510 et
861 1488 927 1510 ma-

192 1535 264 1566 tura
281 1532 513 1566 deliberatione
530 1532 659 1571 nostris,
678 1531 781 1574 deque
800 1536 926 1573 aposto-

192 1585 271 1620 licae
304 1585 474 1629 potestatis
509 1585 729 1628 plenitudine,
754 1584 947 1616 verissimo:

192 1637 447 1681 archiepiscopo,
473 1638 549 1670 olim
575 1637 727 1680 generali,
745 1636 924 1680 ceterisque
946 1640 947 1655 ³

193 1690 268 1723 olim
294 1689 540 1733 inquisitoribus
563 1689 760 1733 praedictis,
793 1700 926 1732 suspcn-
946 1716 947 1727 ,

192 1742 315 1776 sionem
332 1753 350 1775 a
375 1743 537 1785 generalis
562 1742 763 1786 inquisitoris
791 1743 924 1785 aliisque
945 1755 947 1792 ζ

192 1794 257 1827 suis
274 1794 452 1838 respective
477 1794 675 1835 muneribus,
696 1795 848 1838 omnique
867 1806 925 1838 po·
945 1795 946 1805 ¹

192 1851 303 1880 testate
321 1847 437 1889 agendi
463 1857 518 1880 seu
543 1847 755 1890 procedendi,
773 1853 825 1880 aut
846 1848 924 1879 alias
945 1846 946 1851 ’

192 1899 435 1943 quomodolibet
459 1910 491 1933 se
516 1900 685 1943 ingerendi
710 1900 743 1933 in
764 1901 867 1934 causis
886 1901 923 1933 ad
945 1888 946 1921 ἶ

191 1958 334 1985 sanctum
357 1953 579 1996 inquisitionis
599 1953 740 1987 officium
760 1954 793 1986 in
813 1954 925 1988 Portu—
944 1949 946 1973 ³

193 2005 287 2047 gallia
311 2010 343 2038 et
366 2006 592 2048 Algarbiorum
614 2006 723 2048 regnis
748 2007 923 2050 praedictis

192 2057 303 2099 quovis
319 2058 415 2091 modo
433 2059 659 2101 spectantibus
675 2059 706 2091 in
722 2070 777 2092 eos
795 2071 812 2092 a
829 2060 923 2093 nobis

192 2110 288 2142 latam
307 2115 338 2144 et.
358 2111 561 2150 declaratam,
578 2116 613 2143 ut
633 2112 827 2154 praefertur,
846 2113 925 2145 itaut

192 2161 255 2205 ipsi
272 2162 310 2195 de
336 2168 444 2196 cetero
470 2173 604 2196 munera
628 2174 683 2196 sua
709 2174 870 2206 exercere,
890 2176 925 2197 ac

192 2214 391 2247 facultatibus
416 2215 476 2248 sibi
503 2217 681 2258 respective
706 2217 866 2250 attributis
895 2223 926 2251 et

193 2268 450 2311 competentibus
467 2269 525 2309 uti,
540 2269 600 2301 frui
618 2274 649 2302 et
667 2270 806 2312 gaudere
823 2271 924 2305 libere

193 2324 223 2352 et
238 2319 324 2353 licite
340 2321 468 2364 possint
488 2327 518 2354 et
535 2323 662 2355 valeant
678 2323 710 2354 in
728 2323 878 2357 omnibus
896 2329 926 2357 et

193 2381 251 2414 per
275 2373 400 2413 omnia,
427 2379 524 2416 prout
548 2379 699 2417 poterant
724 2381 755 2408 et
777 2377 927 2410 valebant

194 2429 366 2468 antequam
391 2427 638 2469 suspensionem
663 2428 858 2471 praedictam
884 2432 926 2462 in-

194 2483 357 2510 currerent
381 2478 539 2520 (servatis
573 2484 678 2512 tamen
710 2480 924 2525 infrascriptis

193 2527 318 2571 legibus
335 2534 366 2562 et
382 2530 678 2575 ordinationibus),
699 2538 810 2566 tenore
834 2545 927 2576 prae-

304 2591 382 2620 Buzl.
396 2592 480 2621 Rom.
492 2608 525 2613 -
545 2594 605 2621 Vol.
622 2594 697 2622 XIX.
857 2595 890 2623 52

1609 159 1625 189 Α
1633 157 1649 185 (¹¹
1654 158 1671 188 sl

977 214 1114 246 sentium
1141 214 1178 247 de
1204 214 1334 257 speciali
1354 215 1439 247 dono
1454 215 1573 256 gratiae
1593 216 1712 247 relaxa-

976 278 1058 300 mus:
1078 268 1261 300 facultatem
1279 278 1353 301 vcro
1368 267 1544 311 praedictis
1561 268 1709 301 locorum

974 319 1150 352 Ordinariis
1183 321 1319 353 durante
1351 321 1563 363 suspensione
1598 321 1709 353 huius-

974 372 1062 404 modi
1087 373 1303 414 cognoscendi
1324 384 1433 405 causas
1453 374 1490 405 ad
1510 374 1709 416 praedictum

973 424 1195 466 inquisitionis
1213 424 1358 457 Officium
1373 425 1620 468 quomodolibet
1637 437 1709 469 spe-

973 481 1105 515 ctanteS,
1121 476 1153 508 in
1171 476 1280 519 eisque
1295 477 1503 519 procedendi,
1517 488 1534 510 a
1548 478 1651 518 nobis,
1668 479 1709 511 si-

973 533 1025 560 cut
1041 528 1269 571 praemittitur,
1288 538 1485 569 concessam,
1506 540 1541 562 ex
1560 541 1644 563 nunc
1662 542 1708 564 rc-

972 592 1121 614 vocamus
1150 581 1312 614 irritamus
1338 587 1370 614 et
1394 583 1605 623 annullamus,
1635 584 1708 616 viri-

972 635 1098 677 busque
1117 639 1148 667 et
1164 633 1276 667 effectu
1298 634 1426 676 penitus
1448 640 1478 667 et
1502 636 1634 668 omnino
1652 647 1706 669 va·

973 697 1117 728 cuamus3
1132 687 1288 730 ipsosque
1303 686 1492 719 Ordinarios
1507 688 1652 720 locorum
1666 689 1705 720 iis

972 745 1095 773 tantum
1109 728 1322 779 facultatibus,
1338 740 1454 782 quibus
1469 745 1542 772 ante
1560 742 1707 774 eamdem

971 793 1217 835 suspensionem
1237 792 1407 825 utebantur
1426 798 1457 824 et
1477 792 1523 824 uti
1545 798 1705 836 poterant,

971 846 1009 878 de
1024 851 1131 878 cetero
1149 845 1192 877 uti
1211 855 1305 888 posse
1331 845 1532 877 decernimus
1554 851 1585 877 et
1602 846 1707 879 decla-

971 909 1086 931 ramus.
1114 899 1157 931 Ac
1181 897 1386 931 Verissimum
1412 898 1705 941 archiepiscopum,

971 957 1160 994 ceterosque
1192 950 1399 992 inquisitores
1432 949 1640 992 praedictos,
1669 962 1705 984 ac

970 1005 1100 1037 illorum
1117 1003 1294 1046 respective
1321 1003 1473 1035 officiales
1495 1008 1526 1035 et
1541 1003 1706 1036 ministros

971 1066 1190 1099 quoscumque
1209 1056 1359 1088 adversus
1377 1055 1553 1098 praemissa
1567 1061 1598 1087 et
1614 1066 1706 1098 prae-

970 1109 1131 1142 iudicialia
1155 1118 1374 1152 quaecumque
1408 1109 1453 1141 eis
1478 1109 1593 1141 exinde
1626 1120 1705 1152 quo-

970 1163 1151 1196 modolibet
1175 1168 1270 1194 enata
1293 1162 1326 1194 in
1352 1162 1512 1204 integrum
1541 1168 1571 1194 et
1595 1161 1705 1204 pristi-

970 1226 1044 1248 num
1066 1221 1097 1249 et
1113 1225 1198 1255 cum,
1215 1215 1247 1248 in
1265 1225 1329 1258 quo
1348 1220 1517 1257 antequam
1532 1215 1703 1258 suspensio

969 1268 1152 1302 huiusmodi
1183 1272 1347 1301 emanaret
1380 1268 1622 1310 quomodolibet
1646 1278 1700 1300 re«

969 1322 1110 1364 spective
1136 1326 1238 1360 erant,
1267 1325 1385 1353 statum
1410 1321 1626 1359 restituimus,
1653 1331 1705 1354 re-

969 1374 1118 1416 ponimus
1136 1378 1166 1406 et
1183 1373 1327 1416 plenarie
1348 1373 1601 1416 reintegramus;
1622 1373 1704 1406 illos-

970 1437 1030 1470 que
1055 1432 1086 1460 et
1117 1435 1226 1459 eorum
1259 1426 1437 1469 quemlibet
1461 1436 1478 1458 a
1502 1426 1646 1458 censuris
1673 1432 1704 1458 et

968 1480 1084 1523 poenis
1098 1479 1325 1512 ecclesiasticis
1340 1479 1606 1522 quibuscumque,
1626 1490 1703 1522 quas

969 1538 1104 1576 propter
1121 1532 1301 1575 praemissa
1318 1543 1374 1565 seu
1391 1532 1520 1565 illorum
1534 1532 1703 1565 occasione

969 1586 1076 1619 forsan
1109 1585 1223 1628 quovis
1257 1585 1354 1617 modo
1391 1585 1618 1625 incurrerunt,
1645 1596 1702 1618 scu

968 1638 1142 1671 incurrisse
1157 1638 1228 1676 dici,
1247 1638 1385 1676 censeri,
1402 1638 1539 1680 intelligi
1554 1639 1603 1670 rel
1617 1648 1703 1680 prae-

970 1691 1056 1723 tendi
1082 1698 1225 1734 possent,
1243 1690 1431 1723 auctoritate
1445 1691 1628 1733 apostolica,
1648 1691 1704 1723 ha-

969 1755 1039 1776 rum
1065 1745 1149 1777 serie
1188 1742 1221 1774 in
1253 1749 1389 1787 utroque
1414 1744 1484 1776 soro
1510 1743 1701 1777 absolvimus

969 1802 1000 1829 et
1022 1796 1163 1829 totaliter
1187 1796 1371 1835 liberamus,
1392 1796 1556 1839 dictasque
1578 1807 1702 1838 poenas

968 1850 1014 1882 eis
1047 1855 1077 1881 et
1107 1859 1218 1881 eorum
1243 1849 1376 1882 cuilibet
1400 1849 1540 1891 gratiose
1566 1849 1703 1882 remitti-

967 1913 1036 1934 mus
1062 1907 1093 1934 et
1110 1901 1348 1940 condonamus;
1375 1912 1502 1934 necnon
1528 1912 1599 1934 cum
1625 1902 1703 1945 ipsis

967 1955 1113 1987 omnibus
1131 1959 1162 1986 et
1187 1954 1322 1996 singulis
1341 1964 1439 1997 super
1464 1954 1703 1996 irregularitate

967 2019 1026 2051 pcr
1041 2017 1105 2046 eos,
1116 2006 1199 2049 quia,
1211 2006 1353 2039 censuris
1369 2007 1552 2040 huiusmodi
1566 2012 1704 2050 propter

967 2059 1147 2103 praemissa
1164 2059 1271 2091 forsan
1287 2059 1442 2099 innodati,
1461 2065 1703 2093 sacrosanctum

967 2112 1083 2144 missae
1109 2111 1299 2144 sacrificium
1324 2116 1356 2144 et
1379 2111 1442 2144 alia
1467 2112 1573 2145 divina
1597 2113 1704 2147 officia

969 2165 1055 2207 (non
1082 2169 1189 2197 tamen
1222 2164 1255 2195 in
1287 2169 1507 2207 contemptum
1540 2165 1702 2209 clavium)

967 2217 1180 2257 celebrarunt,
1199 2227 1256 2250 seu
1271 2216 1348 2250 alias
1366 2216 1481 2251 divinis
1508 2228 1577 2251 sese
1595 2219 1704 2263 inges-

961 2267 1090 2310 serunt,
1109 2276 1164 2304 aut
1183 2271 1216 2303 in
1240 2271 1408 2304 ordinibus
1433 2272 1498 2305 suis
1523 2274 1704 2316 quomodo-

968 2325 1047 2358 libet
1060 2324 1292 2364 ministrarunt‚
1315 2334 1373 2357 seu
1390 2324 1468 2358 alias
1481 2327 1593 2369 quovis
1608 2328 1704 2361 modo

968 2378 1155 2411 eorumdem
1172 2376 1426 2421 praemissorum
1441 2379 1610 2413 occasione
1630 2391 1706 2414 con-

968 2432 1078 2469 tracta,
1097 2430 1136 2462 ad
1161 2440 1395 2474 quemcumque
1421 2429 1577 2472 effectum,
1608 2433 1705 2466 etiarn

946 2499 947 2518 ᾖ
968 2482 1117 2526 specifica
1134 2487 1165 2515 et
1180 2482 1343 2516 individua
1366 2484 1531 2517 mentione
1558 2485 1703 2528 dignum,

970 2541 1002 2569 et
1025 2536 1064 2569 de
1088 2536 1280 2570 necessitate
1310 2537 1499 2581 specialiter
1524 2539 1708 2581 exprimen-

1719 168 1766 194 Διὶ.
1789 166 1815 194 C.
1837 166 1900 194 λζ’-81
