2111 3157
138 192 187 220 An.
205 192 233 220 C.
255 192 325 221 1680
371 184 433 218 ⁶2:⁷18

170 626 287 649 clausulae.

151 1360 261 1382 obstantia
271 1360 331 1381 tollit.

178 1677 250 1697 Fidem
276 1676 334 1696 addit

152 1705 294 1730 transumptis.

333 244 400 276 ciae
434 254 491 286 pro
521 248 667 286 tempore
704 243 914 283 existentem,
942 244 980 276 ad
1008 244 1069 276 hoc

333 302 368 329 ut
386 297 564 329 defensioni
583 297 680 340 ipsius
698 297 881 339 provinciae
899 298 1068 329 consulere

332 351 456 382 valeat:
484 349 570 392 quod
596 349 620 380 si
647 349 820 391 quiequam
846 360 936 382 secus
953 350 1001 392 agi
1021 351 1069 382 vel

335 402 484 434 attentari
514 406 567 433 aut
591 401 686 433 etiam
711 401 850 434 obtineri
875 402 1067 444 contigerit,

334 455 367 487 id
393 460 494 487 totum
520 455 643 486 nullum
669 459 701 486 et
725 454 967 497 subreptitium,
1001 456 1072 487 11111-

336 508 460 550 liusque
487 506 614 539 roboris
635 510 666 538 et
690 506 845 539 momenti
867 507 993 547 existat,
1013 517 1071 539 nec

337 561 487 603 cuiquam
514 558 717 601 suffragetur.

381 614 395 655 ξ
420 613 451 645 li.
479 613 697 644 Deeernentes
729 613 859 645 easdem
886 618 1073 655 praesentes

336 667 460 699 litteras
486 665 615 704 firmas,
640 665 762 698 validas
789 670 821 698 et
850 666 994 698 efficaces
1019 677 1072 709 pa-

336 719 416 751 riter
440 718 579 751 existere
601 724 632 751 et
657 719 736 757 fore,
751 729 888 762 suosque
908 719 1073 762 plenarios

337 777 367 804 et
392 771 535 813 integros
562 770 693 803 effectus
719 771 826 803 sortiri
854 776 885 804 et
912 771 1071 811 obtinere,

338 835 373 856 ac
402 823 585 866 provinciae
614 824 785 866 praefatae,
812 824 946 866 eiusque
975 835 1073 868 supe-

338 877 481 909 rioribus
507 882 537 908 et
563 877 714 909 fratribus
736 876 942 919 quibuslibet,
958 878 989 909 in
1008 888 1074 910 om-

339 930 434 962 uibus
461 934 489 961 et
517 939 575 971 per
609 928 717 961 omnia
749 928 938 971 plenissime
963 928 1075 961 sutfra-

341 981 417 1024 gari,
436 982 543 1024 sieque
565 981 596 1013 in
615 981 801 1023 praemissis
825 992 885 1024 per
910 992 1075 1024 quoscum-

342 1045 403 1077 que
419 1034 540 1066 iudices
553 1033 735 1066 ordinarios
748 1034 965 1076 etdelegatos‚
981 1034 1075 1066 etiam

341 1097 506 1119 causarum
538 1086 649 1130 palatii
682 1087 851 1129 apostolici
887 1087 1075 1126 auditores,

342 1140 476 1172 iudicari
503 1145 535 1171 et
559 1139 686 1171 definiri
719 1140 839 1172 debere
856 1167 863 1179 ,
890 1150 926 1172 ac
950 1139 1076 1172 irritum

343 1198 374 1226 et
394 1193 489 1224 inane
509 1192 534 1224 si
553 1202 644 1224 secus
669 1202 765 1234 super
790 1192 840 1224 liis
866 1203 883 1225 a
903 1203 1077 1235 quoquam,

343 1246 452 1289 quavis
479 1245 681 1285 auctoritate,
701 1245 843 1278 scienter
860 1246 908 1279 vel
926 1245 1079 1288 ignoran-

343 1304 402 1339 ter,
417 1299 588 1341 eontigerit
608 1299 769 1331 attentari.

388 1353 402 1395 ἓ
427 1352 457 1385 5.
480 1352 549 1385 Non
570 1352 775 1385 obstantibus
797 1351 1080 1385 constitutionibus

345 1412 376 1439 et
409 1405 666 1438 ordinationibus
703 1405 888 1448 apostolicis
909 1432 916 1445 ‚
952 1416 1080 1438 necnon

344 1458 494 1492 omnibus
520 1463 551 1490 et
575 1458 712 1499 singulis
736 1457 810 1497 illis,
831 1468 912 1500 quae
937 1457 969 1489 111
995 1457 1081 1490 litte-

345 1511 389 1544 ris
414 1510 625 1554 praeinsertis
657 1520 809 1542 concessa
834 1515 907 1542 sunt
931 1520 995 1542 non
1025 1510 1082 1542 ob-

346 1570 448 1604 stare,
477 1563 655 1605 ceterisque
681 1563 850 1595 contrariis
875 1563 1081 1605 quibuscum-

346 1628 421 1659 que,

390 1670 404 1712 ἓ
438 1669 468 1701 6.
504 1670 654 1702 Volumus
691 1673 797 1701 autem
833 1674 868 1701 ut
896 1669 1081 1702 earumdem

345 1722 566 1764 praesentium
586 1721 765 1754 litterarum
788 1722 1005 1764 transumptis,
1027 1732 1081 1753 seu

347 1774 512 1817 exemplis,
525 1774 621 1806 etiam
640 1774 814 1816 impressis,
836 1785 933 1807 manu
950 1774 1082 1807 alieuius

347 1827 465 1859 notarii
484 1827 605 1869 publici
624 1827 822 1869 subscriptis,
845 1832 876 1859 et
893 1827 997 1868 sigillo
1015 1838 1083 1870 per·

349 1889 447 1911 sonae
474 1878 507 1910 in
533 1879 751 1911 ecclesiastiea
783 1879 939 1921 dignitate
966 1880 1083 1912 consti-

349 1937 435 1963 tutae
462 1931 600 1971 munitis,
621 1932 731 1963 eadem
756 1942 888 1974 prorsus
912 1932 994 1965 fides
1020 1938 1083 1965 tam

348 1984 381 2016 in
406 1983 523 2016 iudicio
549 1994 641 2026 quam
672 1989 759 2016 extra
784 1984 864 2016 illud
901 1985 1083 2024 habeatur,

351 2047 432 2079 quae
451 2036 625 2068 baberetur
649 2037 725 2078 ipsis
749 2037 978 2079 praesentibus
999 2038 1024 2069 si
1043 2038 1084 2070 fo-

349 2093 420 2120 rent
446 2088 609 2121 exhibitae
634 2090 683 2121 vel
708 2094 870 2121 ostensae.

393 2141 505 2172 Datum
532 2141 661 2179 Rornae,
688 2141 773 2183 apud
799 2141 829 2173 S.
856 2141 997 2181 Petrum,
1025 2142 1083 2174 sub

328 2190 469 2225 ‘annulo
494 2193 676 2232 piscatoris,
693 2193 743 2225 die
764 2204 807 2226 x11
830 2193 909 2226 iunii
927 2204 1081 2235 meaux,

345 2245 555 2288 pontificatus
577 2245 677 2277 nostri
704 2256 788 2278 anno
815 2256 857 2279 1v.

383 2306 442 2333 Dat.
459 2306 502 2334 die
520 2307 551 2333 12
565 2307 631 2333 iunii
650 2307 727 2339 1680,
745 2307 844 2341 pontif.
866 2315 937 2335 anno
952 2314 988 2335 lv.

631 2438 800 2471 Lxxxvtt.

351 2507 567 2550 confirmatur
601 2507 761 2540 decretum
798 2508 1080 2551 Conqregyalionis,

391 2572 456 2605 quo
477 2561 644 2604 definitum
667 2561 732 2603 [11ιί
757 2561 861 2593 solum
876 2562 1020 2605 priorem
1035 2572 1083 2605 ye-

909 195 1088 219 BULIARIUM
1114 196 1264 223 ROMNUM

1156 246 1295 278 noralem
1313 246 1533 281 Eremitarum
1549 250 1846 292 sancliAuquslim‘

1157 299 1273 332 habere
1303 300 1355 331 ius
1379 301 1582 344 aqqreqczndi
1606 302 1648 334 ad
1671 303 1841 335 archican-

1154 352 1393 394 fraternitatem
1412 353 1694 395 Cincturatormn;
1708 352 1846 388 vicarios

1156 415 1227 437 vero
1251 406 1416 447 qenerales
1431 406 1708 439 Disealeeatorum
1726 408 1847 450 eripere

1154 468 1244 500 posse
1257 459 1535 501 confraternitates
1555 459 1811 503 Corriyiatorum
1823 458 1843 494 ¹.

1298 547 1494 574 Innocentius
1515 549 1595 582 Papa
1613 548 1663 581 XI,

1255 591 1292 618 ad
1308 591 1441 618 futuram
1460 592 1505 619 rei
1525 592 1707 620 memoriam.

1159 670 1173 713 ξ
1192 670 1220 702 1.
1241 670 1362 713 Exponi
1381 671 1475 704 nobis
1494 682 1598 714 nuper
1618 672 1694 705 feeit
1713 672 1847 706 dilectus

1116 722 1199 755 [ilius
1224 723 1409 756 Dominicus
1434 724 1654 765 Valvasorius,
1681 726 1771 768 prior
1794 736 1849 768 ge-

1117 775 1233 808 neralis
1283 776 1410 809 Ordinis
1456 777 1589 810 fratrum
1635 778 1849 811 Eremitarum

1117 828 1218 860 saneti
1243 829 1423 871 Augustini,
1441 830 1528 872 quod
1550 830 1641 871 (lieet
1661 831 1781 864 dudum
1807 832 1852 864 fe-

1118 880 1186 912 licis
1212 881 1449 914 reeordationis
1479 882 1654 924 Gregorius
1680 883 1763 926 Papa
1786 883 1852 916 XIII

1118 934 1352 975 praedeeessor
1391 940 1501 967 noster
1542 935 1665 967 litteras
1701 941 1852 979 patentes

1118 985 1273 1018 unionum
1298 991 1329 1018 et
1349 987 1616 1028 aggregationum
1642 988 1855 1021 confraterni-

1120 1044 1217 1071 tatum
1254 1048 1310 1071 seu
1351 1039 1543 1072 societatum
1574 1040 1853 1083 Cincturatorum,

1120 1102 1200 1133 quae
1234 1091 1272 1124 de
1305 1096 1415 1124 cetero
1451 1091 1565 1125 fierent
1599 1093 1855 1126 confraternitati

1121 1144 1151 1176 S.
1164 1144 1269 1177 Iaeobi
1288 1144 1423 1177 civitatis
1440 1150 1581 1185 nostrae,
1602 1150 1676 1179 tune
1691 1157 1778 1186 suae,
1796 1147 1857 1180 Bo-

1122 1197 1299 1237 noniensis,
1320 1198 1379 1230 sub
1397 1197 1529 1230 nomine
1555 1198 1672 1241 prioris
1694 1201 1855 1241 generalis

1123 1250 1197 1282 dicti
1222 1250 1350 1283 Ordinis
1368 1256 1492 1284 tantum
1518 1251 1663 1294 expediri
1688 1253 1858 1285 mandave-

1123 1302 1183 1345 rit)
1209 1303 1422 1336 nibilominus
1447 1303 1613 1337 nonnullis
1640 1304 1678 1336 ab
1704 1304 1780 1337 hinc
1805 1315 1858 1337 an-

1124 1355 1172 1386 nis
1208 1354 1317 1387 vicarii
1362 1357 1530 1397 generales
1568 1356 1858 1398 congregationum

1124 1407 1240 1446 Italiae,
1260 1407 1446 1447 Galliarum,
1464 1408 1691 1450 Hispaniarum
1716 1413 1747 1441 et
1771 1409 1860 1441 Lusi-

1124 1460 1228 1492 taniae
1260 1460 1392 1492 fratrum
1427 1460 1700 1493 Disealeeatorum
1732 1460 1859 1493 Ordinis

1124 1513 1279 1555 praedicti
1294 1513 1343 1545 ius
1363 1513 1561 1556 aggregandi
1580 1513 1766 1547 huiusmodi
1784 1524 1859 1547 con-

1126 1565 1339 1598 fraternitates
1383 1566 1421 1598 ad
1468 1566 1860 1599 archiconfraternitatem

1125 1617 1380 1650 Cincturatorum
1396 1618 1428 1650 in
1443 1619 1580 1651 eeclesia
1599 1618 1744 1651 eiusdem
1762 1618 1793 1651 S.
1812 1619 1860 1651 Ia-

1126 1671 1197 1703 cobi
1234 1670 1447 1703 Bononiensis
1483 1670 1682 1710 institutam,
1706 1681 1771 1704 non
1803 1671 1860 1704 oh-

1127 1725 1213 1755 tenta
1237 1734 1334 1766 super
1359 1723 1420 1756 hoe
1437 1734 1453 1755 a
1469 1723 1579 1767 priore
1605 1725 1749 1765 generali
1775 1724 1860 1757 eius-

1127 1776 1198 1808 dem
1223 1774 1352 1807 Ordinis
1377 1775 1546 1816 facultate,
1579 1776 1639 1808 sibi
1673 1781 1860 1819 competere

1126 1828 1401 1870 praetenderunt·,
1423 1830 1560 1871 ortaque
1585 1833 1617 1861 et
1637 1828 1691 1861 diu
1708 1828 1862 1861 ventilata

1127 1891 1224 1922 super
1241 1880 1426 1922 praemissis
1440 1880 1509 1919 lite,
1531 1880 1746 1923 Congregatio
1768 1891 1862 1913 vene-

1127 1932 1277 1964 rabilium
1308 1933 1442 1964 fratrum
1466 1932 1496 1964 S.
1524 1932 1561 1964 R.
1588 1932 1621 1965 E.
1650 1932 1860 1965 cardinalium

1127 1985 1266 2027 negotiis
1283 1990 1315 2017 et
1327 1985 1616 2018 consultationibus
1631 1985 1861 2028 episcoporum

1127 2044 1155 2070 et
1184 2037 1381 2079 regularium
1406 2038 1590 2080 praeposita
1614 2038 1780 2070 decretum
1805 2038 1861 2070 de-

1127 2101 1225 2133 super
1249 2090 1350 2123 edidit
1375 2090 1497 2123 tenoris
1526 2091 1578 2133 qui
1599 2090 1754 2134 sequitur,
1773 2090 1862 2124 vide-

1127 2143 1200 2175 licet
1220 2152 1226 2174 z

1176 2207 1188 2225 <a
1214 2195 1248 2227 lu
1273 2196 1367 2227 eausa
1392 2195 1698 2237 Augustinianorum
1723 2195 1861 2229 vertenti

1127 2248 1212 2280 inter
1237 2253 1362 2290 patrem
1387 2250 1573 2289 generalem
1605 2248 1702 2281 totius
1730 2248 1860 2281 Ordinis

1128 2301 1227 2332 sancti
1253 2300 1424 2342 Augustini
1456 2311 1493 2334 ex
1521 2303 1603 2342 una,
1630 2306 1661 2334 et
1684 2307 1793 2344 patres
1818 2302 1863 2334 vi-

1127 2352 1228 2385 carios
1263 2354 1433 2394 generales
1469 2353 1744 2386 Disealceatorum
1778 2363 1859 2386 eon-

1128 2404 1351 2447 gregationum
1377 2405 1502 2446 ltaliae,
1534 2404 1715 2445 Galliarum,
1746 2405 1862 2449 Hispa-

1162 2484 1173 2509 1
1197 2483 1277 2509 Aliud
1298 2483 1437 2510 consimile
1462 2483 1603 2510 decretum
1622 2483 1709 2511 dietae
1729 2484 1861 2520 Congreg.

1127 2527 1316 2561 episcoporum
1345 2532 1371 2554 et
1399 2527 1564 2562 regularium
1597 2529 1785 2555 confirmatum
1813 2528 1863 2556 sui!

1127 2571 1237 2598 constit.
1259 2571 1339 2599 Alitis
1359 2572 1505 2601 emanavit
1524 2572 1616 2611 (supra
1636 2580 1695 2608 pag.
1718 2573 1789 2609 189).

1852 209 1900 228 1111.
1918 201 1946 228 C.
1966 201 2035 229 1680

1885 683 2023 706 Facultatum.
2030 686 2043 703 a

1859 710 1961 735 Gregorio
1997 709 2044 730 xm

1860 737 1923 762 prim-1
1950 736 2043 759 generati

1861 768 1989 785 concessam,
2002 763 2043 782 sibi

1862 789 1993 808 vindicarunt
2009 789 2043 808 vi-

1861 815 1912 835 caru
1927 815 2043 840 generatus.

1943 2201 2054 2222 Decretum

1872 2228 1896 2258 SA.
1907 2227 2054 2254 congregatio·

1871 2260 1912 2276 ms.
