2111 3157
18 166 66 196 An.
83 165 113 195 C.
135 165 202 194 1678

34 541 116 562 Causae
125 541 198 562 harum

17 567 160 590 decretorum.

39 1797 70 1819 De
85 1798 139 1818 actis
160 1802 197 1817 au-

13 1827 111 1845 ctoritzte
142 1824 198 1844 ordi·

13 1852 74 1872 naria
87 1850 195 1871 faciundis.

789 168 1003 194 INNOCENTIIJS
1024 170 1055 194 XI
1079 169 1129 194 PP.

518 216 619 250 XLVI.

210 295 344 328 Decreta
367 295 399 329 S.
426 296 563 329 Riluum
597 296 877 339 Conqreyationis,
903 296 941 328 de

254 347 296 380 iis
316 359 398 391 quae
426 349 461 381 ιή
487 350 594 381 causis
615 349 887 390 beatificatiommn
912 352 941 380 et

253 401 539 433 canonizationum
566 401 757 433 Sanctorum
782 401 941 433 servanda

253 457 340 493 sunt,
358 453 588 496 approbantur.

253 530 480 563 Sanctissimus
513 530 660 563 dominus
701 536 810 563 noster
846 530 940 562 Inno-

210 582 335 615 centius
366 582 423 622 xl,
456 583 589 625 provide
619 582 828 615 considerans
853 583 938 624 qnod

210 635 243 667 in
261 636 328 667 tota
343 634 504 667 Ecclesiae
522 635 758 677 gubernatione
776 634 857 667 nihil
875 645 939 666 ma-

208 687 258 719 ius
281 692 334 719 aut
358 687 483 729 gravius
518 688 558 720 sit
593 698 686 730 quam
711 688 859 720 homines
884 688 939 719 de-

211 739 324 771 clarari
348 749 408 781 pro
433 739 562 779 Sanctis,
582 750 703 782 eosque
722 740 768 771 uti
795 741 874 772 tales
891 749 939 771 co-

208 792 324 824 lendos
342 796 373 823 et
389 792 590 824 venerandos
616 793 802 831 decernere,
821 797 853 824 et
868 802 939 834 per-

208 843 353 887 pendens
370 844 456 886 quod
474 843 563 886 (licet
583 844 685 877 seticis
705 845 938 877 recordationis

208 896 356 928 Urbanus
392 895 455 928 t’lll
496 897 534 928 de
574 897 712 929 consilio
751 896 936 939 congrega-

208 949 303 982 tionis
326 948 378 981 SS.
405 948 624 991 Inquisitionis
651 951 808 983 nonnulla
843 960 940 993 super

208 1002 272 1034 hoc
297 1002 438 1034 ediderit
461 1002 598 1041 decreta,
625 1002 830 1045 subindeque
851 1012 940 1035 sacra

207 1053 336 1087 Rituum
370 1054 584 1096 Congregatio
609 1055 687 1087 alias
720 1054 941 1087 ordinationes

207 1106 320 1138 fecerit
344 1107 519 1139 secundum
545 1117 675 1139 casuum
701 1107 939 1149 contingentias

208 1168 226 1190 a
249 1157 386 1190 Summis
417 1159 624 1191 Pontificibus
656 1159 866 1202 approbatas)
892 1159 939 1191 ni>

208 1211 387 1243 hilominus
411 1212 611 1254 experientia
636 1211 746 1244 docuit
774 1212 860 1254 quod
886 1211 941 1243 ad-

207 1264 271 1296 huc
295 1265 451 1296 nonnulla
476 1264 702 1297 desiderantur
726 1275 785 1308 pro
810 1265 939 1297 meliori

208 1327 375 1349 cansarum
399 1317 587 1349 huiusmodi
608 1317 800 1357 directione;
820 1317 939 1350 idcirco

208 1369 297 1401 iussit
318 1369 483 1402 materiam
509 1370 684 1412 diligenter
708 1369 842 1409 discuti,
868 1369 941 1412 pri-

207 1432 295 1454 mum
313 1421 344 1453 in
359 1422 667 1464 congregationibus
683 1422 940 1465 particularibus,

209 1474 326 1507 deinde
339 1484 414 1507 vero
431 1475 462 1507 in
481 1475 697 1517 generalibus,
712 1480 808 1518 prout
824 1475 940 1508 sactum

207 1527 280 1566 ruit,
294 1532 325 1560 et
349 1527 410 1559 sub
435 1527 548 1560 diebus
566 1538 597 1560 ix
620 1528 688 1561 iulii
714 1534 745 1560 et
761 1538 791 1561 vi
812 1529 940 1570 augusti

208 1589 393 1613 MDCLxxvui
425 1587 615 1613 emanarunt
645 1581 863 1613 resolutiones
893 1590 941 1613 se-

209 1638 357 1675 quentes,
390 1632 415 1665 si
439 1632 545 1666 eidem
571 1632 779 1666 Sanctissimo
803 1634 938 1676 placue-

207 1684 249 1717 rit
272 1685 508 1728 publicandae:

286 1743 302 1778 ξ
327 1743 352 1769 1.
373 1740 557 1771 Resolutiones
577 1742 606 1772 S.
629 1742 860 1780 Congreyatiom’s.

251 1799 274 1822 1.
301 1789 568 1823 Animadvertens
602 1791 714 1823 eadem
742 1801 833 1822 sacra
857 1790 940 1823 Con-

209 1842 354 1884 gregatio
379 1843 465 1885 quod
490 1843 710 1875 necessarium
744 1843 786 1875 sit
809 1847 844 1874 ut
872 1853 941 1885 pro-

208 1904 328 1934 cessus,
355 1894 545 1927 auctoritate
571 1895 733 1928 ordinaria
747 1895 938 1936 fabricandi,

207 1947 419 1979 conficiantur
432 1957 504 1980 cum
520 1947 657 1979 maxima
675 1947 848 1989 diligentia,
867 1958 942 1980 cen-

207 1999 269 2032 suit
293 1998 436 2031 mandari
460 1999 635 2031 Ordinariis
653 2000 811 2038 locorum,
832 2004 876 2039 ut,
895 2001 942 2032 ul-

208 2059 257 2085 tra
288 2057 387 2084 testes
425 2052 573 2084 inductos
613 2063 630 2084 a
664 2052 940 2095 postulatoribus,

207 2110 380 2138 teneantur
396 2104 456 2147 ipsi
475 2115 604 2147 quoque
622 2105 787 2148 inquirere
812 2117 848 2138 ac
870 2116 942 2138 exa-

208 2158 333 2191 minare
358 2157 438 2189 alios
464 2162 562 2189 testes
588 2158 670 2189 bene
695 2157 871 2191 instructos
895 2169 942 2191 su-

209 2220 269 2253 per
291 2210 354 2241 vita
378 2215 410 2241 et
434 2209 578 2241 moribus
601 2209 683 2241 servi
703 2210 770 2250 Dei,
790 2211 859 2243 etsi
887 2211 943 2244 ali-

211 2262 289 2305 quid
300 2261 484 2304 repererint
496 2261 529 2293 in
544 2262 750 2301 contrarium,
763 2264 846 2305 quod
865 2263 942 2306 ipsis

210 2314 358 2347 videatur
370 2314 530 2353 relevans,
548 2314 781 2356 supersedeant
801 2314 848 2346 in¹
863 2317 944 2348 ulte-

211 2366 289 2399 riori
313 2365 539 2409 inquisitione,
565 2366 668 2398 douec
692 2376 783 2398 sacra
807 2366 946 2409 Congre-

213 2419 309 2460 gatio,
327 2418 365 2450 ab
383 2418 428 2450 eis
441 2418 613 2450 certiorate
630 2428 689 2460 per
705 2419 837 2459 litteras,
856 2430 945 2452 man-

214 2471 269 2504 det
293 2471 370 2513 quid
394 2471 554 2513 agendum
579 2471 631 2503 sit.

250 2532 261 2559 1
284 2530 384 2558 Forsan
403 2531 437 2559 ab
458 2539 505 2566 pro
527 2532 555 2558 in
576 2531 718 2566 legendum
737 2533 779 2563 (n.
794 2531 845 2567 τ.).

1612 154 1676 190 ‘1023
1721 151 1814 191 Anjc.
1835 162 1905 190 1678

1026 228 1062 250 11.
1087 216 1278 250 Huiusmodi
1297 214 1480 258 diligentias
1506 214 1626 247 servari
1648 214 1715 246 vult
1750 224 1840 252 uem-«u
1859 224 1907 259 um

983 270 1078 302 etiam
1095 269 1127 301 in
1145 268 1350 312 processibus
1371 266 1560 300 auctoritate
1586 252 1908 308 aposto-§stiii'ziimw‘m'

982 321 1043 353 lica
1068 321 1222 354 faciendis
1240 332 1257 354 a
1274 320 1434 353 iudicibus
1461 318 1627 361 delegatis,
1647 318 1715 360 qui-

982 373 1040 406 bus
1058 385 1116 416 per
1135 375 1257 407 litteras
1275 373 1484 416 particulares
1506 381 1614 404 sacrae
1633 370 1715 402 Con-

983 427 1178 468 gregationis
1210 426 1302 459 enixe
1328 424 1548 458 commendari
1574 424 1712 462 debeat;

983 484 1014 511 et
1036 479 1122 512 idem
1147 479 1242 511 saciat
1264 484 1431 521 promotor
1447 477 1521 510 fidei
1546 477 1578 509 in
1596 476 1714 509 litteris

982 531 1160 563 scribendis
1185 530 1500 573 subpromotoribus.

1026 594 1073 616 111.
1096 584 1134 616 Et
1156 594 1215 626 pro
1240 583 1351 616 maiori
1382 584 1506 616 cautela
1537 581 1714 625 praescribi

982 636 1100 669 debeat
1124 637 1155 668 in
1180 636 1294 669 litteris
1319 636 1603 675 remissorialibus,
1628 635 1713 677 quod
1727 669 1763 688 mh
1791 674 1908 687 nmmum-

982 699 1046 721 non
1057 690 1160 721 solum
1170 688 1421 730 interrogatoria
1431 688 1629 720 retineantur
1639 698 1714 719 sem-
1726 686 1839 741 &anonis
1858 700 1908 719 νυο-

982 752 1038 784 per
1053 743 1162 774 clausa
1176 747 1207 774 et
1223 741 1363 784 sigillata
1380 751 1449 773 cum
1465 741 1579 782 sigillis
1591 751 1715 772 eorum-

982 793 1053 825 dem
1078 793 1241 832 iudicum,
1277 804 1342 825 nou
1375 793 1550 835 aperienda
1585 792 1646 823 nisi
1682 793 1715 824 in

982 852 1053 878 actu
1078 846 1231 878 examinis
1256 852 1287 879 et
1308 846 1486 879 claudenda
1511 845 1543 877 in
1568 845 1639 882 sine,
1658 845 1716 876 sed

981 899 1116 931 ulterius
1148 899 1368 941 depositiones
1403 899 1511 941 ipsae,
1543 902 1716 939 antequam

982 961 1155 993 processus
1179 951 1219 982 sit
1243 950 1420 989 absolutus,
1440 950 1473 982 in
1498 949 1560 982 fine
1585 949 1717 981 cuiusli-

982 1004 1039 1035 bet
1063 1003 1215 1035 sessionis
1239 1002 1344 1035 claudi
1376 1008 1407 1035 et
1430 1002 1550 1044 signari
1576 1001 1718 1034 debeant

984 1066 1053 1087 cum
1067 1055 1180 1097 sigillis
1195 1055 1344 1095 iudicum,
1362 1065 1423 1087 nec
1444 1055 1572 1097 possint
1595 1053 1716 1096 aperiri

984 1108 1044 1139 nisi
1069 1107 1100 1139 in
1126 1107 1310 1150 praesentia
1326 1107 1472 1150 ipsorum
1498 1107 1528 1138 in
1554 1105 1716 1148 principio

983 1159 1157 1192 cuiuslibet
1180 1159 1334 1191 examinis
1359 1164 1390 1191 et
1413 1158 1574 1197 sessionis,
1601 1168 1637 1190 ae
1657 1158 1718 1189 hu-

984 1211 1119 1244 iusmodi
1145 1211 1331 1253 diligentiae
1365 1211 1433 1243 fieri
1458 1211 1597 1243 debeant
1620 1209 1717 1241 etiam

983 1264 1014 1295 iu
1039 1263 1242 1306 processibus
1267 1263 1460 1296 fabricandis
1489 1263 1521 1295 in
1546 1262 1651 1295 Curia.
1678 1262 1718 1293 Ii-

984 1316 1119 1358 demque
1138 1316 1267 1355 iudices,
1285 1321 1382 1358 prout
1406 1315 1501 1348 etiam
1527 1316 1718 1357 subpromo-

984 1373 1069 1400 tores
1096 1373 1127 1400 et
1150 1368 1285 1405 notarii,
1310 1374 1373 1400 tam
1397 1368 1429 1400 in
1452 1366 1597 1410 partibus
1621 1376 1717 1408 quam

983 1421 1015 1452 in
1040 1420 1154 1460 Curia,
1181 1431 1217 1453 ac
1248 1426 1362 1460 testes,
1383 1426 1415 1453 et
1439 1420 1471 1452 in
1504 1419 1597 1452 Curia
1621 1418 1717 1451 etiam

983 1473 1241 1515 protonotarius,
1267 1473 1407 1506 debeant
1438 1478 1511 1505 ante
1536 1471 1718 1504 inchoatio-

984 1537 1056 1558 nem
1073 1536 1288 1569 processuum
1312 1531 1479 1569 praestare
1502 1525 1718 1557 iuramentum

984 1579 1022 1611 de
1034 1579 1193 1611 servando
1208 1578 1383 1611 secretum¹
1399 1578 1562 1620 religiose,
1573 1576 1631 1609 sub
1643 1586 1719 1619 poe-

984 1634 1024 1664 na
1047 1631 1387 1664 excommunicationis
1405 1631 1476 1674 ipso
1501 1631 1585 1663 sacto
1610 1629 1643 1661 in
1667 1639 1719 1660 ca-

984 1695 1053 1716 sum
1081 1683 1354 1716 contraventionis
1379 1683 1606 1721 incurrendae,
1634 1681 1719 1713 iuxta

984 1736 1155 1769 formulam
1180 1736 1323 1768 eiusdem
1341 1735 1513 1767 iuramenti
1534 1734 1720 1777 imprimen-

985 1789 1056 1821 dam
1082 1788 1114 1820 in
1138 1787 1201 1820 fine
1227 1788 1434 1820 decretorum
1469 1792 1501 1820 et
1525 1797 1585 1829 pro
1611 1785 1718 1818 omni-

984 1841 1078 1874 moda
1103 1840 1308 1873 observantia
1331 1839 1610 1872 transmittendam
1636 1837 1719 1870 iudi-

986 1894 1075 1926 cibus
1102 1894 1260 1935 delegatis
1277 1893 1306 1925 in
1331 1893 1408 1935 ipsis
1433 1892 1548 1925 litteris
1574 1890 1719 1923 remisso-

983 1946 1118 1978 rialibus
1151 1950 1183 1978 et
1207 1944 1510 1988 subpromotoribus
1542 1944 1575 1976 in
1602 1943 1719 1976 litteris

984 1999 1190 2041 promotoris.

1029 2061 1072 2084 1v.
1091 2050 1308 2083 Considerans
1325 2060 1456 2093 quoque
1475 2060 1564 2082 sacra
1581 2048 1913 2098 C0ngl'ss·a,.{]‚²„,⁵,¹‡,'⁰j¹3s§ff3

986 2103 1070 2146 gatio
1095 2104 1182 2145 quod
1208 2103 1389 2146 principale
1416 2103 1657 2135 fundamentum
1687 2100 1719 2133 in
1730 2106 1913 2125 sem-nouare

985 2156 1090 2188 causis
1104 2155 1378 2188 beatificationum
1393 2160 1424 2187 et
1438 2153 1719 2187 canonizationum
1732 2164 1772 2184 [μω
1795 2164 1913 2178 wrm-mm

1766 589 1795 609 De
1815 591 1908 609 actorum

1726 616 1821 635 custodia
1838 619 1856 635 ut
1877 622 1908 635 se-

1727 645 1784 662 creto
1805 642 1908 661 scrutinio

1731 2133 1812 2157 ptoruu·
1831 2132 1914 2151 burum-

1731 2187 1883 2205 exminuatoru.
1916 2198 1920 2201 ‹

986 2209 1134 2241 constitui
1159 2208 1298 2241 debent‘z
1315 2208 1347 2240 in
1368 2208 1453 2241 fideli
1479 2207 1721 2250 interpretatio-

987 2272 1026 2293 ne
1051 2271 1259 2303 processuum
1286 2266 1394 2293 extero
1427 2260 1580 2293 idiomate
1611 2259 1722 2292 conse-

987 2319 1123 2352 ctorum,
1143 2318 1175 2346 et
1199 2313 1296 2356 quod,
1323 2313 1400 2346 licet
1423 2323 1460 2345 ex
1484 2312 1638 2345 laudabili
1664 2312 1722 2344 ob-

988 2366 1147 2398 servantia
1161 2366 1322 2408 interpres
1341 2376 1468 2408 semper
1485 2365 1581 2397 suerit
1599 2366 1722 2397 electus

987 2419 1026 2451 ab
1043 2418 1299 2451 eminentissimo
1321 2423 1474 2461 ponente,
1496 2418 1592 2451 citato
1618 2422 1650 2450 et
1669 2427 1729 2464 auj-

1023 2489 1032 2514 1
1055 2488 1147 2523 inepte
1166 2487 1209 2515 ed.
1230 2488 1312 2514 Main.
1330 2488 1394 2523 legit
1408 2491 1550 2515 servatum
1564 2488 1602 2522 (n.
1618 2487 1668 2521 τ.).

1021 2531 1037 2558 2
1058 2531 1103 2558 Vel
1123 2531 1221 2559 debeat
1240 2531 1281 2559 vel
1302 2532 1378 2559 debet
1398 2531 1541 2567 legendum
1561 2533 1601 2565 (B.
1618 2530 1667 2565 T.)-
