2111 3157
139 172 187 196 Λη.
205 169 233 196 C.
254 169 324 197 teat

153 657 297 677 confirmatur,

369 162 434 196 588

329 275 522 315 guardianus
547 274 690 307 actualis.
729 274 780 306 Sic
816 278 924 306 autem
962 273 1064 316 quiris

327 327 519 369 subrogatus
543 327 692 359 ultimum
725 328 831 359 locum
852 326 883 358 in
910 336 1062 358 consessu

326 380 444 412 habeat
475 380 561 412 inter
596 379 743 422 reliquos
782 378 990 412 definitores:
1029 379 1063 412 in

324 433 466 475 capitulo
491 432 638 475 proxime
671 433 819 475 sequenti
847 432 887 464 ad
912 431 1063 464 definito-

322 485 405 516 rium
431 485 561 517 minime
587 485 703 517 assumi
739 486 850 524 valeat,
878 485 903 518 si
928 485 1061 517 biennio

322 537 449 579 integro
475 537 668 577 exercuerit,
696 538 743 569 sin
762 543 869 570 autem
888 538 1003 578 minus,
1022 539 1060 571 ad

320 590 427 622 onmia
453 590 558 622 officia
582 591 702 633 poterit
727 591 892 623 assumi».

364 644 378 684 g'
405 643 435 675 2.
464 643 540 675 Cum
565 649 681 682 autem,
697 644 780 675 sicut
801 645 913 676 cadem
936 644 1059 687 exposi-

320 696 364 728 tio
391 696 616 738 subiungebat,
636 696 740 729 dictus
767 697 962 729 Benedictus
988 708 1060 739 pro-

319 755 448 782 curator
461 755 613 782 statutum
633 750 829 789 huiusmodi,
850 761 914 793 quo
934 749 1057 783 firmius

320 802 475 835 subsistat
511 808 542 836 et
579 808 728 835 servetur
752 803 901 842 exactius,
927 810 1058 846 aposto-

318 855 400 888 licae
426 856 680 889 confirmationis
718 861 847 889 nostrae
877 856 1057 899 patrocinio

319 909 514 941 communiri
550 910 722 952 plurimum
763 911 943 943 desideret:
978 920 1056 949 nos,

318 962 424 1004 ipsum
441 963 650 995 Benedictum
670 969 914 1005 procuratorem
940 963 1057 1005 specia-

318 1014 358 1046 lis
384 1015 490 1047 favore
516 1016 637 1057 gratiae
663 1017 817 1059 prosequi
843 1017 999 1054 volentes,
1027 1021 1058 1048 et

320 1077 337 1098 a
359 1067 524 1109 quibusvis
545 1068 902 1107 excommunicationis,
923 1078 1057 1110 suspen-

321 1119 421 1151 sionis
447 1126 479 1152 et
503 1120 679 1159 interdicti,
704 1121 843 1164 aliisque
858 1121 1057 1154 ecclesiasti-

319 1173 364 1205 cis
383 1174 562 1213 sententiis,
588 1175 731 1207 censuris
756 1181 787 1207 et
804 1175 929 1217 poenis,
949 1185 966 1207 a
986 1174 1055 1207 iure

319 1227 368 1258 vel
394 1226 433 1258 ab
471 1226 613 1267 bomine,
650 1228 762 1270 quavis
803 1228 973 1260 occasione
1006 1229 1055 1260 rel

319 1281 413 1311 eausa
438 1280 523 1319 latis,
553 1280 580 1312 si
606 1280 723 1323 quibus
741 1281 990 1324 quomodolibet
1008 1281 1056 1313 in-

318 1332 456 1364 nodatus
491 1333 617 1372 existit,
649 1334 689 1365 ad
722 1333 869 1366 ctl'ectum
905 1343 1057 1376 praesen-

318 1384 396 1416 tium
424 1385 589 1418 dumtaxat
617 1387 903 1429 consequendum,
940 1386 1055 1419 harum

318 1437 403 1469 serie
429 1439 635 1471 absolventes
654 1445 686 1471 et
706 1440 871 1472 absolutas
897 1440 965 1472 sore
983 1450 1057 1472 ecn-

318 1496 438 1529 sentes,
481 1492 777 1534 supplicationibus
817 1493 885 1525 eius
924 1493 1055 1526 nomine

318 1543 413 1575 nobis
439 1554 535 1586 super
561 1545 623 1577 1100
648 1546 816 1578 humiliter
834 1546 992 1588 porrectis
1014 1546 1057 1578 in-

320 1596 443 1636 clinati,
472 1597 510 1629 de
531 1599 765 1631 venerabilium
785 1600 915 1631 fratrum
935 1606 1057 1632 nostro-

319 1660 390 1681 rum
417 1650 447 1682 S.
477 1651 511 1682 R.
540 1651 574 1683 E.
610 1651 821 1684 cardinalium
859 1653 999 1694 negotiis
1026 1658 1056 1685 et

320 1703 615 1736 consultationibus
651 1704 878 1747 episcoporum
907 1711 938 1737 et
962 1716 1057 1748 regu-

319 1756 435 1787 larium
460 1757 719 1799 praepositortun
757 1757 904 1797 consilio,
930 1759 1058 1801 praein-

320 1815 441 1840 sertum
468 1815 634 1849 statutum,
654 1811 846 1843 auctoritate
869 1812 1056 1854 apostolita,

319 1868 433 1895 tenore
458 1864 688 1905 praesentium,
704 1864 930 1897 confirmamus
957 1871 987 1897 et,
1004 1876 1058 1908 ap-

319 1916 508 1956 probamus,
523 1916 669 1959 illisque¹
685 1917 881 1950 inviolabilis
907 1919 1057 1960 apostoli-

320 1978 375 2000 cae
402 1968 561 2001 firmitatis
588 1970 687 2001 robur
719 1970 901 2009 adiieiinus,
930 1982 965 2003 ae
991 1982 1058 2004 om-

319 2031 376 2053 nes
401 2027 433 2053 et
457 2022 603 2064 singulos
634 2023 714 2054 iuris
741 2028 771 2055 et
797 2023 867 2055 sacti
901 2024 1057 2065 desectus,

290 2092 292 2094 -
321 2074 345 2106 si
371 2074 425 2116 qui
452 2075 593 2117 desuper
612 2076 859 2118 quomodolibet
880 2076 1059 2109 intervene-

154 2186 270 2206 clausulae.

320 2127 394 2165 rint,
416 2130 617 2170 supplemus.

364 2181 378 2222 ᾗ
402 2181 433 2213 3.
462 2181 677 2214 [tet-eruentes
710 2183 839 2215 easdem
869 2188 1059 2225 praesentes

322 2233 443 2266 litteras
466 2245 592 2277 semper
613 2236 731 2275 sirmas,
751 2237 870 2269 validas
896 2242 927 2269 et
952 2236 1058 2269 effica-
1078 2263 1080 2266 .

323 2297 375 2319 ces
400 2289 536 2320 existere
564 2294 595 2320 et
620 2290 701 2329 sure,
727 2301 867 2333 suosque
893 2290 1058 2333 plenarios

323 2346 354 2373 et
379 2341 523 2383 integros
549 2342 681 2375 etl'ectus
706 2344 814 2375 sortiri
840 2350 871 2376 et
896 2343 1056 2383 obtinere,

324 2405 359 2426 ae
385 2394 460 2432 illis,
475 2396 511 2426 1111
535 2406 614 2437 quos
639 2402 763 2438 spectat
781 2402 811 2428 et
829 2407 888 2439 pro
909 2401 1056 2439 tempore

324 2447 496 2489 spru-tabit,
522 2448 710 2489 plenissime
747 2449 914 2491 sutl‘ragari
957 2454 988 2481 et
1019 2451 1080 2482 ab¹

325 2500 370 2531 eis
397 2500 578 2542 respevtire
610 2501 840 2534 inviolabiliter
879 2502 1056 2542 observari,

362 2564 370 2588 1
396 2561 485 2588 Potius
505 2562 563 2597 tege
582 2563 680 2598 illique
698 2565 726 2598 (11
753 2566 800 2599 1.).

912 172 1092 197 BULLAMUM
1115 173 1266 197 ROMANUM

328 220 402 259 rint,
429 220 621 263 suffragetur
646 221 807 263 antiquior
838 230 871 252 in
904 219 1086 262 religione*¹

1107 221 1217 263 sicque
1243 222 1276 253 in
1302 221 1489 263 praemissis
1522 232 1582 265 per
1617 233 1841 267 quoscumque

1106 272 1229 306 iudices
1268 274 1453 307 ordinarios
1480 280 1512 307 et
1540 276 1716 318 delegatos,
1746 278 1842 311 etiarn

1105 335 1272 358 causarum
1290 326 1398 368 palatii
1416 327 1588 370 apostolici
1606 329 1779 370 auditores,
1796 330 1843 363 iu-

1106 379 1204 411 dicari
1231 384 1262 411 et
1287 379 1413 411 deliniri
1439 380 1576 421 debere,
1601 391 1636 413 ac
1660 381 1786 415 irritum
1811 388 1843 416 et

1104 430 1200 464 inane
1226 431 1250 463 si
1285 442 1378 464 secus
1411 443 1510 475 super
1535 434 1585 466 his
1620 444 1638 466 a
1666 444 1840 478 quoquam,

1104 483 1216 526 quavis
1240 484 1443 524 auctoritate,
1461 486 1669 527 scienterhvel
1687 486 1843 530 ignoran-

1104 541 1165 576 ter,
1192 537 1366 579 contigerit
1391 538 1553 571 attentari.

1147 590 1160 632 ᾖ
1185 589 1221 621 47
1243 590 1314 623 Non
1339 591 1544 623 obstantibus
1575 593 1778 635 praemissis,
1803 604 1841 628 ac

1102 643 1384 676 constitutionibus
1416 649 1448 676 et
1478 645 1738 679 ordinationibus
1763 657 1841 690 apo-

1102 696 1245 736 stolicis,
1276 706 1321 733 ac,
1343 702 1502 740 quatenus
1527 709 1609 741 opus
1636 699 1688 740 sit,
1713 700 1842 743 praedi-

1101 753 1225 781 ctorum
1250 748 1377 781 Ordinis
1401 755 1432 782 et
1455 751 1651 793 provinciae,
1673 753 1770 786 etiam
1798 752 1831 785 iu

1099 807 1256 841 ramento,
1283 803 1529 836 confirmatione
1561 805 1754 848 apostolica,
1789 807 1840 839 vel

1100 854 1211 896 quavis
1236 854 1384 887 firmitate
1417 855 1479 888 alia
1506 857 1677 897 roboratis,
1712 859 1841 892 statutis

1100 912 1132 938 et
1155 907 1457 947 consuetudinibus,
1494 909 1672 952 privilegiis
1697 921 1839 955 quoque,

1099 960 1234 992 indultis
1252 965 1284 992 et
1304 961 1419 993 litteris
1440 962 1630 1004 apostolicis
1651 963 1684 995 in
1713 969 1841 997 contra-

1098 1012 1182 1044 rium
1202 1013 1458 1055 praemissorum
1484 1016 1733 1057 quomodolibet
1763 1028 1842 1051 0011·

1099 1066 1210 1105 005515,
1235 1066 1431 1099 confirmans
1463 1073 1495 1100 et
1518 1068 1695 1110 innovatis;
1723 1070 1839 1113 quibus

1099 1118 1250 1151 omnibus
1291 1124 1323 1151 et
1355 1119 1506 1162 singulis,
1538 1121 1671 1154 illorum
1709 1127 1840 1156 tenores

1099 1171 1323 1214 praesentibus
1359 1183 1419 1215 pro
1450 1174 1548 1216 plene
1573 1179 1605 1206 et
1639 1175 1842 1209 sufficienter

1099 1225 1262 1267 expressis
1287 1236 1324 1257 ac
1345 1226 1383 1258 de
1409 1227 1508 1259 verbo
1526 1227 1716 1260 adverbum
1740 1227 1840 1262 inser-

1099 1278 1139 1310 tis
1168 1278 1335 1318 babentes,
1370 1279 1436 1311 illis
1469 1279 1547 1313 alias
1573 1281 1605 1312 in
1641 1290 1698 1314 suo
1720 1282 1839 1315 robore

1098 1331 1332 1373 permansuris,
1349 1332 1387 1364 ad
1406 1333 1658 1375 praemissorum
1674 1333 1838 1374 effectum,

1099 1384 1160 1415 hac
1173 1383 1242 1416 vice
1265 1384 1440 1423 dumtaxat,
1457 1386 1642 1427 specialiter
1663 1392 1839 1429 010511105-

1099 1448 1131 1470 se
1149 1437 1360 1479 derogamus3
1380 1439 1562 1481 ceterisque
1580 1439 1752 1472 contrariis
1770 1439 1840 1482 qui-

1098 1490 1308 1534 buscumque.

1143 1543 1254 1575 Datum
1281 1543 1413 1584 Romae,
1439 1545 1525 1587 apud
1551 1544 1582 1578 S.
1611 1545 1756 1585 Petrum,
1776 1545 1837 1578 suh

1099 1598 1219 1629 annulo
1229 1597 1416 1637 piscatoris,
1433 1598 1483 1631 (110
1494 1608 1537 1631 xtt
1556 1598 1633 1630 iunii
1649 1607 1837 1640 iiDCLxxxm

1099 1650 1305 1692 pontificatus
1330 1651 1433 1683 nostri
1459 1661 1543 1683 anno
1561 1661 1631 1684 viu.

1135 1711 1196 1737 Dat.
1219 1711 1263 1738 die
1286 1712 1316 1737 1⁹2
1336 1712 1403 1738 iunii
1425 1713 1505 1745 1084,
1527 1712 1624 1747 pontif.
1646 1720 1718 1740 anno
1739 1718 1794 1739 vtu.

1410 1829 1523 1862 CXLII.

1101 1900 1343 1941 Confirmmztztr
1365 1901 1788 1945 privileqv'a,indulyenliae
1811 1905 1841 1934 et

1143 1954 1271 1995 qrczlz‘tze
1307 1954 1383 1986 Iocis
1412 1955 1659 1987 Teiwcescmctae
1682 1965 1837 1995 concessa,

1144 2011 1172 2038 el
1195 2007 1354 2048 fratribus
1386 2007 1568 2039 illinoribus
1600 2008 1707 2040 sancti
1730 2008 1839 2040 Fran-

1144 2060 1220 2091 cisci
1243 2059 1281 2091 cle
1306 2059 1515 2104 Observantizi
1540 2061 1771 2103 interpretibus
1791 2061 1840 2093 in-

1144 2113 1313 2155 dulgentia
1336 2112 1490 2155 plenaria
1507 2114 1705 2147 conceditur.

1285 2184 1480 2211 Innocentius
1502 2186 1580 2219 Papa
1599 2185 1647 2214 XI⁷

1221 2229 1257 2255 ad
1278 2232 1453 2262 perpetuam
1474 2229 1518 2256 rei
1538 2228 1718 2256 memoriam.

1144 2290 1208 2322 riis
1233 2290 1495 2323 cbristit‘idelium
1521 2290 1614 2330 votis,
1650 2301 1686 2323 ex
1722 2290 1839 2334 quibus

1101 2354 1266 2375 sacrorum
1292 2344 1438 2375 locorum
1463 2343 1706 2376 venerationem
1725 2349 1756 2376 et
1773 2343 1841 2376 ani-

1100 2407 1224 2428 marum
1250 2398 1385 2429 salutem
1412 2396 1583 2439 provenire
1609 2396 1840 2440 conspicimus,

1100 2449 1242 2481 libenter
1266 2449 1445 2489 annuimus,
1472 2455 1503 2482 et
1526 2449 1590 2488 illa,
1607 2454 1760 2492 quantum
1785 2460 1842 2482 no-

1099 2502 1148 2535 bis
1172 2513 1208 2535 ex
1229 2504 1293 2535 alto
1319 2503 1514 2544 conceditur,
1536 2503 1696 2536 favoribus
1714 2507 1842 2546 aposto-

1099 2555 1170 2588 licis
1196 2556 1417 2589 confovemus.

1847 176 1899 203 An.
1916 177 1945 204 C.
1968 178 2033 205 inst

1922 607 2036 630 Doromtto

1852 635 1965 655 couti-artui
1972 640 2012 654 uni.

1875 2295 1997 2317 Exordium.
