2111 3157
65 190 112 216 An.
133 186 163 214 C.
180 185 247 214 “83

100 1512 246 1539 Trunnimpto·

65 1545 110 1560 rum
125 1540 184 1560 tides.

107 2197 250 2219 praesentium

68 2224 191 2249 publicati&

833 181 907 206 tNNO
914 179 1045 205 CENTIUS
1067 179 1096 202 xl
1122 178 1170 201 ΓΡ.

256 242 479 277 compescere,
506 242 618 267 omnes
650 236 681 265 et
711 231 855 274 singulos
884 229 988 262 cuius-

256 298 394 331 cumque
409 286 583 330 dignitatis‚
598 291 709 325 statuS,
724 284 852 327 gradus,
867 281 988 315 ordinis

255 340 305 372 vel
331 339 571 373 consuetudinis
596 338 730 375 suerint,
752 335 875 369 etiamsi
907 345 989 377 pon-

255 392 366 425 tificali
392 392 547 435 dignitate
572 391 746 434 potiantur,
775 389 828 432 qui
854 389 892 420 de
929 388 988 419 hu-

256 444 394 478 iusmodi
421 444 587 487 exigendis
609 442 740 476 decimis
761 440 883 483 aliquid
900 449 988 472 usur-

256 508 333 542 pare
359 508 416 531 seu
448 497 661 535 subtrahere,
687 499 740 528 aut
768 494 828 527 sibi
862 493 987 525 ratione

257 551 473 590 ecclesiarum,
498 549 789 587 monasteriorum,
814 546 988 580 beneficio-

256 614 326 636 rum
343 613 399 636 seu
413 604 604 646 pensionum
622 611 680 644 per
695 610 751 633 eos
769 601 986 638 obtentorum,

257 661 292 688 ut
304 655 497 699 praefertur,
511 654 664 693 retinere,
675 658 729 685 aut
738 652 809 685 illas
819 651 986 694 exigendo,

257 708 440 751 colligendo
456 708 507 740 vel
529 706 750 740 conservando
775 705 920 737 fraudem
937 705 987 737 vel

257 761 481 804 deceptionem
506 761 645 803 aliquam
670 758 872 792 committere
898 757 989 790 mali-

257 814 338 847 tiose
356 812 643 857 praesumpserint,
658 811 900 854 suspendimus;
914 821 989 843 nec-

256 876 322 899 non
353 866 575 899 interdicimus
600 875 616 898 a
642 865 757 898 divinis
790 875 826 897 ac
859 863 989 896 maioris

258 918 597 952 excommunicationis
618 945 625 959 ‚
663 917 759 950 etiam
799 917 988 960 privationis

256 971 485 1011 ecclesiarum,
519 970 791 1004 monasteriorum
827 974 859 1002 et
889 969 990 1003 benc-

256 1024 401 1058 ficiorum
441 1035 522 1068 quae
554 1024 703 1057 obtinent
732 1028 764 1056 et
797 1023 988 1066 pensionum

256 1087 335 1119 quas
359 1077 553 1121 percipiunt,
566 1086 694 1110 necnon
719 1075 933 1108 inhabilitatis
949 1075 987 1109 ad

256 1130 312 1164 itta
337 1135 369 1163 et
393 1130 455 1164 alia
472 1131 505 1163 in
523 1135 689 1174 posterum
710 1129 899 1169 obtinenda,
922 1138 989 1161 sen-

257 1183 387 1224 tentiaS,
414 1194 564 1216 censuras
600 1188 630 1216 ct
664 1192 787 1226 poenas
822 1182 988 1214 incurrere

256 1237 403 1269 volumus
429 1236 500 1280 ipso
519 1236 619 1269 sacto:
643 1236 724 1267 itaut
747 1235 785 1267 ab
810 1235 922 1268 eadem
941 1245 989 1266 ex-

257 1289 548 1322 communicatione
571 1289 610 1321 ab
635 1289 698 1322 alio
724 1298 819 1331 quam
844 1287 988 1320 Romano

258 1341 432 1382 Pontifice,
463 1346 691 1385 praeterquam
717 1341 748 1373 in
774 1341 888 1374 mortis
913 1340 989 1373 arti-

258 1395 340 1435 culo,
369 1394 581 1428 absolutionis
611 1394 802 1427 beneficium
828 1399 990 1437 nequeant

256 1447 415 1481 obtinere.

300 1500 353 1533 11.
369 1499 448 1538 Quia
462 1510 536 1533 vero
551 1500 679 1533 difficile
693 1500 789 1533 nimis
803 1504 889 1533 esset
901 1510 989 1543 prae-

257 1558 364 1586 sentes
388 1553 513 1586 litteras
538 1554 576 1586 ad
602 1554 727 1596 singula
752 1564 898 1597 quaeque
918 1555 988 1586 loca

258 1610 290 1639 et
306 1616 509 1650 quocumque
534 1607 598 1639 illis
615 1617 694 1650 opus
711 1607 806 1640 suerit
829 1607 987 1651 perferre,

257 1660 404 1693 volumus
428 1665 463 1692 ut
479 1660 607 1693 illarum
633 1661 797 1705 exemplis,
816 1662 911 1694 etiam
932 1662 990 1694 im-

258 1712 391 1755 pressiS,
408 1717 440 1745 et
463 1713 580 1746 notarii
600 1713 720 1756 publici
739 1724 833 1747 manu
854 1714 990 1746 subscri-

258 1765 332 1808 ptis,
350 1770 381 1798 et
396 1765 511 1798 Palutii
528 1767 700 1800 cardinalis
718 1767 883 1800 camerarii
902 1777 990 1810 prae

259 1818 313 1850 sati
338 1829 394 1851 seu
420 1819 553 1852 alterius
573 1819 612 1852 ab
637 1820 750 1853 eodem
769 1820 912 1863 deputati
930 1821 991 1852 col-

259 1870 400 1911 lectoris,
427 1881 483 1904 seu
507 1872 642 1914 praelati
667 1872 884 1911 ecclesiastici,
908 1872 989 1905 cius-

260 1933 322 1966 que
336 1924 442 1957 curiae
456 1924 564 1967 sigillo
579 1925 765 1968 obsignatis,
778 1925 889 1958 cadem
903 1936 992 1968 pror-

259 1986 313 2009 sus
337 1977 416 2010 fides
441 1977 474 2009 in
497 1977 617 2010 iudicio
643 1982 676 2010 et
700 1982 790 2010 extra
814 1978 893 2011 illud
921 1978 991 2010 ubi-

259 2040 323 2074 que
336 2031 480 2063 locorum
494 2031 695 2071 adhibeatur,
711 2041 790 2074 quae
808 2031 886 2074 ipsis
904 2041 992 2074 prac-

259 2083 405 2117 sentibus
424 2085 630 2118 adhiberetur
648 2085 674 2118 si
696 2090 806 2118 essent
829 2085 991 2119 exhibitae

259 2137 310 2170 vel
334 2142 492 2171 ostensae.

303 2190 357 2223 w.
383 2190 424 2223 Ut
447 2196 552 2224 autem
576 2196 763 2235 praesentes
789 2191 827 2224 ad
853 2201 993 2225 commu-

260 2253 335 2276 nem
359 2244 506 2277 notitiam
531 2245 740 2285 deducantur,
757 2255 810 2277 eas
828 2244 926 2277 valvis
944 2255 994 2276 cc-

262 2297 379 2331 clesiae
403 2297 434 2330 S.
461 2297 590 2331 Ioannis
615 2297 839 2331 Lateranensis
854 2324 861 2337 ,
884 2298 994 2330 basili-

262 2361 371 2384 carum
395 2350 553 2394 Principis
577 2350 804 2393 Apostolorum
831 2356 862 2383 et
882 2350 913 2383 S.
932 2350 994 2383 Ma-

263 2404 330 2437 riae
361 2403 489 2437 Maioris
514 2403 554 2436 de
578 2402 664 2436 Urbe
680 2430 688 2444 ‚
716 2408 748 2436 et
778 2402 994 2436 Cancellariae

264 2455 468 2499 Apostolicae
491 2456 575 2499 affigi
593 2466 648 2488 seu
673 2454 814 2498 appendi
834 2455 995 2496 faciemus,

265 2519 347 2552 quae
373 2520 406 2542 se
431 2520 486 2542 suo
511 2509 603 2552 quasi
629 2518 748 2541 sonoro
773 2508 948 2551 praeconio
967 2513 997 2541 et

264 2562 374 2606 patulo
398 2562 518 2596 iudicio
543 2561 773 2605 publicabunt,
795 2565 828 2593 ut
853 2561 894 2601 ii,
916 2571 997 2604 quos

1029 225 1204 269 praemissa
1222 223 1420 266 contingunt,
1440 223 1524 265 quod
1544 222 1580 253 :ul
1597 222 1682 263 ipsos
1696 230 1760 251 non

1030 277 1235 321 pervenerint
1259 282 1312 309 aut
1337 287 1371 309 ea
1391 275 1619 318 ignoraverint,
1640 274 1761 305 nullam

1030 331 1156 373 possint
1186 330 1424 363 excusationem
1460 327 1673 372 praetendere
1704 335 1760 357 scu

1031 383 1247 425 ignorantiam
1273 384 1436 425 allegare:
1464 392 1533 414 cum
1558 391 1623 413 non
1649 379 1687 411 sit
1710 388 1763 410 ro-

1031 435 1165 468 risimile
1191 436 1297 478 quoad
1319 435 1407 479 ipsos
1424 443 1594 467 remanere
1620 431 1764 473 incogni-

1030 493 1106 528 tum,
1125 489 1209 532 quod
1227 493 1290 521 tam
1315 493 1466 532 patenter
1489 487 1641 521 omnibus·
1657 484 1764 529 publi-

1030 546 1129 573 catur.

1074 594 1088 636 ἓ
1113 593 1166 627 13.
1204 594 1289 627 Nulli
1322 604 1401 636 ergo
1437 593 1569 626 omnino
1594 591 1886 649 lioinintiiiinas3111-110
1907 606 1956 627 μη»

1030 645 1125 678 liceat
1153 647 1237 679 hanc
1267 647 1418 690 paginam
1450 645 1678 684 indictionum,
1705 645 1763 677 ini-

1031 698 1226 741 positionum
1243 726 1250 739 ,
1286 698 1531 742 suspensionis,
1558 697 1760 741 suppositio-

1031 750 1091 789 nis,
1116 751 1345 791 innodationis,
1368 751 1501 790 decreti,
1521 750 1760 788 concessionis,

1033 803 1273 846 impartitionis,
1290 803 1542 847 prorogationis,
1562 803 1764 835 constitutio-

1031 855 1091 895 nis,
1121 855 1363 899 deputationis,
1391 855 1596 895 tributionis,
1622 855 1763 887 declara-

1033 907 1142 948 tionis,
1160 908 1332 940 voluntatis
1350 913 1380 941 et
1396 907 1561 951 praecepti
1583 911 1762 939 nostrorum

1031 960 1218 1002 infringere,
1239 961 1287 993 vel
1319 961 1348 993 ei
1383 970 1460 993 ausu
1491 959 1663 992 temerario
1687 969 1763 991 con—

1031 1013 1143 1052 traire3
1159 1013 1183 1045 si
1203 1013 1274 1056 quis
1291 1017 1396 1046 autem
1414 1013 1477 1045 hoc
1495 1017 1654 1044 attentare
1672 1022 1764 1054 prae-

1030 1066 1224 1109 sumpserit,
1251 1066 1507 1109 indignationem
1533 1064 1763 1108 omnipotentis

1032 1119 1087 1152 Dei
1113 1129 1149 1151 ac
1173 1119 1341 1151 beatorum
1362 1119 1448 1151 Petri
1466 1123 1497 1151 et
1520 1118 1610 1150 Pauli
1636 1122 1764 1160 aposto-

1031 1172 1133 1203 lorum
1159 1182 1193 1204 se
1216 1171 1342 1204 noverit
1364 1171 1581 1203 incursurum.

1074 1223 1185 1255 Datum
1211 1223 1342 1263 Romae,
1362 1224 1446 1266 apud
1465 1223 1496 1255 S.
1516 1223 1644 1255 Mariani
1670 1222 1765 1254 Mai00

1030 1284 1111 1315 rem,
1133 1276 1191 1308 sub
1209 1277 1328 1309 annulo
1351 1275 1533 1315 Piscatoris,
1553 1286 1638 1307 anno
1659 1275 1765 1307 lncar-

1032 1328 1173 1361 nationis
1198 1328 1383 1361 Dominicae
1408 1338 1601 1367 MDCLxxxin,
1623 1338 1640 1360 v
1659 1328 1765 1360 kalen-

1032 1381 1086 1413 das
1100 1381 1255 1420 octobris,
1273 1381 1476 1424 pontificatus
1491 1381 1591 1413 nostri
1608 1390 1692 1412 anno
1706 1390 1762 1412 vii.

1066 1442 1126 1469 Dat.
1145 1442 1188 1469 die
1203 1442 1235 1468 27
1253 1441 1415 1477 septembris
1432 1441 1509 1475 1683,
1523 1441 1616 1476 pontis.
1634 1449 1704 1467 anno
1720 1447 1764 1467 vu,

1162 1529 1210 1579 ἦ
1228 1530 1313 1566 EGO
1340 1529 1633 1566 INNOCENTIUS

1096 1602 1293 1626 CATssOLtCAE
1318 1601 1486 1625 ECCLESIAE
1510 1601 1692 1625 Ertscorus.

1371 1821 1434 2003 {⁷
1468 1889 1584 1935 sffus

1220 1890 1336 1935 sffus

1418 1988 1423 1997 ᾗ
1457 1946 1608 1978 ΡΛυιυε

1202 1946 1351 1979 paraus

1354 2005 1628 2067 :etwas

1355 2055 1362 2063 ³
1380 2052 1393 2067 ¹⁷
1414 2050 1457 2079 s'u.
1496 2048 1532 2058 rt*
1560 2054 1617 2072 σὴς,

1555 2118 1562 2125 .

1037 2458 1059 2497 †
1084 2454 1150 2498 Ego
1168 2453 1319 2487 Nicolaus
1339 2452 1510 2496 episcopus
1531 2450 1686 2484 Ostiensis
1708 2460 1776 2484 eare

1126 2508 1242 2541 dinalis
1266 2506 1446 2540 Ludovicus
1471 2505 1576 2538 maior
1605 2505 1775 2548 poeniten-

1040 2568 1164 2594 Murius„

1772 180 1814 196 >111.
1837 174 1864 197 tl.
1884 174 1950 197 itt-*25
