2111 3157
46 122 95 150 An.
117 121 146 149 C.
166 121 232 148 1578

238 176 268 204 et
288 171 475 203 inconcusse
504 168 687 208 observari,
708 168 819 211 sicque
845 172 876 199 et
900 176 963 198 non

236 223 331 255 aliter
360 222 393 254 in
427 221 614 265 praemissis
648 231 708 264 per
742 228 963 263 quoscumque

235 274 357 307 iudices
381 275 561 307 ordinarios
593 278 625 305 et
656 274 839 314 delegatos,
867 270 963 302 ctiam

236 337 401 359 causarum
434 326 543 369 palatii
578 325 748 369 apostolici
779 323 962 360 auditoresy

235 389 271 411 ac
288 380 430 412 eiusdem
447 379 477 412 S.
499 379 535 411 R,
555 379 588 410 E.
608 378 797 414 cardinales,
812 375 907 408 ctiam
926 375 963 406 de

235 433 335 464 latere
370 433 506 473 legatos,
541 431 660 463 aliosve
692 429 856 472 quoslibet
887 437 964 468 qua-

235 494 372 527 cumque
388 483 642 526 praeeminentia
663 486 693 514 et
721 485 879 524 potestate
901 480 965 510 sun-

235 541 346 579 gentes
372 541 404 568 et
427 536 610 573 suncturos,
636 535 759 567 sublata
784 533 829 565 cis
855 537 885 563 et
910 541 964 562 eo-

232 598 303 619 rum
331 586 461 620 cuilibet
486 586 596 629 quavis
621 586 715 618 aliter
740 583 900 617 iudicandi
934 588 963 614 ct

232 639 466 682 interpretandi
490 639 641 671 facultate
659 643 689 670 et
703 636 905 674 auctoritate,
921 635 964 666 in-

233 691 332 724 dicari
358 696 389 723 et
413 690 540 723 deliniri
564 691 697 729 debere,
715 699 750 721 ac
780 688 906 720 irritum
933 692 961 718 ct

231 743 327 776 inane
353 743 378 775 si
403 753 495 776 secus
521 753 620 785 super
650 742 701 774 his
734 752 751 773 a
783 751 961 783 quoquam,

232 796 343 838 quavis
366 795 565 833 auctoritate,
591 795 730 826 scienter
747 794 795 826 vel
814 793 965 835 ignoran-

232 853 290 889 ter,
315 847 488 890 contigerit
511 846 672 880 attentari.

64 911 222 934 Contrariorum
275 901 290 944 ἓ
313 899 344 934 9.
374 900 444 933 Non
466 900 670 933 obstantibus
686 897 887 941 praemissis,
913 908 961 936 ac,

40 938 157 964 derogatio.

233 957 390 996 quatenus
405 963 486 995 opus
505 952 552 991 sit,
571 953 680 984 nostra
698 956 728 983 et
746 950 962 982 Cancellariae

232 1005 436 1047 Apostolicae
454 1005 568 1047 regula
584 1004 623 1036 de
649 1004 716 1035 iure
737 1003 881 1045 quaesito
898 1014 961 1035 non

232 1058 386 1097 tollendo,
412 1058 549 1101 aliisque
575 1056 761 1099 apostolicis
786 1066 822 1087 ac
846 1055 877 1088 in
895 1056 963 1087 uni-

231 1111 409 1144 versalibus
435 1110 751 1153 provincialibusque
772 1114 803 1141 et
826 1109 964 1151 synoda-

232 1163 316 1196 libus
332 1163 477 1196 conciliis
494 1162 598 1201 editis,
614 1161 817 1204 generalibus
830 1163 879 1194 vel
896 1172 964 1204 spe-

232 1216 376 1255 cialibus,
396 1214 679 1248 constitutionibus
701 1218 732 1245 et
755 1213 964 1245 ordinationi-

231 1269 310 1307 bus,
335 1278 463 1301 necnon
496 1267 635 1299 cuiusvis
659 1266 803 1305 Ordinis,
828 1276 963 1308 congre-

232 1321 367 1363 gationis
381 1325 413 1353 et
428 1319 576 1359 instituti,
592 1319 687 1351 etiam
700 1318 868 1351 Societatis
883 1318 963 1356 lesu,

231 1383 268 1406 ac
291 1372 477 1416 quarumvis
502 1371 722 1410 ecclesiarum,
749 1375 780 1402 et
804 1371 874 1403 aliis
895 1372 964 1414 qni-

230 1425 380 1464 buslibet,
396 1424 492 1457 etiam
509 1424 703 1462 iuramento,
718 1422 963 1456 confirmatione

230 1479 419 1521 apostolica,
442 1478 493 1510 vel
518 1476 628 1520 quavis
653 1476 803 1508 firmitate
834 1476 895 1509 alia
918 1487 964 1509 ro-

229 1531 366 1570 boratis,
397 1530 536 1569 statutis,
560 1529 664 1572 stylis,
696 1529 809 1561 usibus
834 1534 865 1561 et
889 1540 965 1562 con-

231 1583 476 1623 suetudinibus,
502 1582 598 1614 etiam
628 1580 962 1621 immemorabilibns,

231 1635 409 1679 privilegiis
434 1636 585 1677 quoque,
619 1633 753 1666 indultis
786 1638 818 1665 et
849 1634 963 1666 litteris

231 1688 431 1731 apostolicis,
457 1686 610 1729 praefatis
638 1685 773 1728 aliisque
799 1685 964 1728 quibusvis

230 1739 396 1784 personis,
421 1739 607 1777 Ordinibus,
635 1738 963 1780 congregationibus,

230 1792 395 1831 institutis,
414 1791 631 1830 societatibus,
650 1791 744 1823 etiam
769 1790 850 1830 lesu,
866 1801 902 1823 ac
920 1802 966 1824 ec-

231 1843 337 1877 clesiis
361 1849 393 1876 et
417 1842 496 1876 locis
522 1842 726 1885 quibuslibet,
746 1842 840 1874 etiam
864 1843 966 1885 speci-

231 1896 291 1929 fica
314 1901 346 1929 et
369 1895 533 1928 individua
560 1895 725 1927 mentione
762 1895 878 1937 dignis,
904 1897 965 1928 sub

232 1949 490 1993 quibuscumque
524 1949 697 1980 verborum
735 1948 901 1981 tenoribus
935 1954 967 1981 et

233 2002 364 2040 formis,
392 2011 428 2033 ac
453 2011 525 2033 cum
558 2000 725 2043 quibusvis
751 2001 846 2033 etiam
871 2002 966 2033 (lero-

234 2055 426 2098 gatoriarum
453 2054 680 2096 derogatoriis,
707 2053 843 2097 aliisque
862 2054 966 2086 effica-

234 2107 384 2145 cioribus,
410 2105 638 2139 efficacissimis
661 2111 692 2137 et
720 2106 859 2138 insolitis
881 2107 966 2138 clau-

234 2161 312 2194 sulis
329 2166 358 2192 et
378 2159 528 2197 decretis,
547 2159 578 2190 in
594 2169 715 2200 genere
729 2160 779 2191 vel
800 2159 829 2191 in
844 2160 963 2202 specie,

234 2213 330 2248 etiam
355 2211 622 2244 consistorialiter
639 2217 670 2243 et
687 2212 773 2250 alias,
789 2213 967 2254 quomodo-

235 2255 314 2297 libet
336 2264 369 2296 in
394 2263 590 2296 contrarium
617 2264 867 2305 praemissorum
889 2276 967 2307 quo-

235 2315 415 2349 modolibet
432 2315 612 2353 concessis,
627 2315 831 2355 confirmatis,
850 2326 885 2348 ac
903 2318 967 2358 plu-

236 2368 300 2400 ries
314 2367 475 2400 innovatis
492 2372 520 2399 et
539 2367 747 2409 approbat'1s;
767 2368 883 2410 quibus
905 2380 969 2401 oni-

236 2421 331 2453 nibus
356 2426 387 2453 et
419 2420 573 2462 singulis,
605 2419 728 2451 etiamsi
755 2431 813 2462 pro
838 2421 966 2453 illorum

812 119 885 143 two
892 117 1023 141 CENTwS
1045 119 1073 141 XI
1100 118 1147 141 ΡΡ.

1632 105 1690 138 ml

1007 175 1068 207 qne
1094 165 1168 198 totis
1193 164 1359 197 tenoribus
1384 164 1542 207 specialis,
1562 163 1732 207 specifica,

1008 227 1159 259 expressa
1191 222 1222 250 et
1246 217 1416 255 individua,
1443 227 1477 249 ac
1509 218 1547 249 de
1573 217 1670 248 verbo
1696 216 1734 247 ad

1006 271 1150 309 verbum,
1176 280 1239 302 non
1265 275 1368 303 autem
1387 280 1444 312 per
1464 269 1621 301 clausulas
1640 278 1736 310 gene-

1007 323 1090 354 rales
1107 323 1192 355 idem
1208 324 1429 366 importantes,
1444 322 1566 355 mentio
1580 332 1633 354 seu
1644 331 1736 363 quae-

1007 374 1051 405 vis
1076 375 1137 407 alia
1163 376 1328 418 expressio
1365 375 1513 408 habenda
1541 379 1594 407 aut
1627 374 1736 416 aliqua

1007 428 1165 469 exquisita
1190 429 1291 460 forma
1316 429 1354 460 ad
1380 429 1443 461 hoc
1468 428 1620 461 servanda
1645 428 1734 466 soret,

1008 484 1136 512 tenores
1150 481 1336 513 huiusmodi
1352 482 1575 523 praesentibus
1589 491 1648 523 pro
1666 481 1735 523 ple-

1007 541 1046 562 ne
1073 537 1105 563 ct
1128 532 1324 564 sufficienter
1343 534 1500 575 expressis
1516 544 1552 565 ac
1576 534 1614 565 de
1635 534 1734 564 verbo

1008 584 1044 615 ad
1070 584 1201 617 verbum
1226 585 1356 617 insertis
1382 586 1549 624 habentes,
1567 586 1630 618 illis
1655 586 1734 617 alias

1007 636 1038 667 in
1058 647 1114 669 suo
1139 637 1255 669 robore
1280 638 1508 679 permansuris,
1524 638 1562 670 ad
1581 639 1736 680 praemis-

1008 700 1118 721 sorum
1139 690 1298 729 effectum,
1318 690 1378 722 hac
1397 690 1462 722 vice
1480 691 1651 729 dumtaxat,
1670 702 1736 733 spc-

1008 741 1130 774 cialiter
1147 746 1176 774 et
1194 752 1343 784 expresse
1373 742 1566 783 derogamus
1593 748 1623 775 et
1647 744 1736 775 dero-

1008 800 1114 835 gatum
1141 805 1211 827 esse
1235 796 1395 835 volumus;
1414 796 1594 839 ceterisque
1612 802 1736 829 contra-

1007 846 1063 878 riis
1088 847 1355 890 quibuscumque.

1051 900 1066 942 ξ
1086 900 1138 932 10.
1162 900 1311 933 Formula
1336 906 1442 933 autem
1466 901 1633 934 iuramenti
1654 902 1736 933 sicut

1007 954 1221 995 praemittitur
1241 954 1424 996 praestandi
1448 959 1497 986 est
1524 965 1605 997 quae
1629 956 1736 998 sequi-

1008 1012 1068 1044 tur,
1094 1006 1264 1038 videlicet:
1286 1018 1298 1036 ιι
1317 1006 1394 1039 Cum
1419 1006 1564 1039 Summus
1589 1007 1735 1040 Pontifex

1005 1068 1188 1100 supremam
1219 1063 1249 1090 et
1281 1058 1553 1101 independentem
1584 1071 1642 1102 pro
1667 1061 1734 1102 spi-

1006 1111 1112 1143 rituali
1136 1111 1313 1143 animarum
1339 1112 1494 1153 regimine
1519 1112 1552 1144 in
1583 1114 1736 1147 universo

1007 1168 1162 1195 terrarum
1183 1163 1260 1196 orbe
1282 1163 1398 1196 habeat
1425 1165 1656 1204 auctoritatem,
1678 1177 1738 1199 nec

1005 1215 1043 1247 ad
1069 1215 1241 1247 mittendos
1267 1215 1440 1258 operarios,
1467 1216 1522 1258 qui
1546 1217 1738 1260 religionem

1006 1268 1210 1300 christianam
1237 1267 1397 1310 fidemque
1431 1269 1626 1302 catholicam
1651 1272 1737 1313 apud

1006 1319 1162 1358 infideles,
1177 1320 1411 1352 etnominatim
1428 1321 1461 1352 in
1481 1321 1638 1360 Sinarum,
1659 1323 1739 1356 Tun·

1006 1373 1104 1412 chini,
1129 1372 1378 1412 Cochinchinae,
1403 1373 1590 1415 Camboiae,
1615 1375 1710 1408 Siami
1728 1404 1735 1416 ‚

1006 1425 1142 1467 aliisque
1161 1425 1271 1457 vicinis
1286 1425 1395 1467 regnis
1410 1431 1439 1458 et
1459 1426 1634 1468 provinciis
1649 1438 1739 1471 prae-

1007 1478 1127 1516 dicent,
1145 1477 1355 1517 annuncient,
1375 1479 1530 1511 roborent
1553 1485 1584 1511 et
1607 1485 1739 1523 promo-

1007 1537 1112 1569 veant,
1130 1528 1242 1563 ullius*
1255 1529 1359 1562 tidelis
1370 1532 1417 1563 vel
1436 1531 1588 1572 infidelis,
1600 1532 1738 1565 cuiusvis

1008 1589 1118 1621 status,
1138 1583 1277 1625 gradus,
1297 1583 1490 1615 conditionis
1515 1595 1551 1616 ac
1577 1584 1739 1627 dignitatis

1007 1636 1101 1669 etiam
1128 1635 1235 1677 regiae
1260 1635 1396 1674 existat,
1423 1635 1551 1669 licentia
1583 1639 1631 1671 vel
1663 1649 1740 1670 con-

1007 1699 1101 1721 sensu
1126 1688 1281 1730 indigeat,
1308 1698 1369 1730 ego
1394 1688 1429 1720 N.
1456 1688 1596 1722 fideliter
1615 1690 1740 1723 incum-

1007 1742 1079 1773 bam
1105 1740 1211 1774 officio
1236 1750 1308 1772 meo
1330 1740 1363 1773 in
1387 1740 1541 1774 missione
1567 1742 1652 1775 iuxta
1669 1754 1741 1776 san-

1007 1799 1076 1826 ctae
1108 1793 1199 1826 Sedis
1232 1793 1434 1835 Apostolicae
1468 1794 1616 1827 mandata
1641 1801 1672 1827 et
1697 1798 1740 1828 l'a-

1008 1846 1156 1877 cultatem
1187 1844 1226 1877 ab
1257 1847 1294 1876 ea
1325 1846 1568 1888 praescriptam.
1600 1846 1689 1885 Quod
1715 1848 1739 1880 si

1007 1897 1167 1931 Ordinarii
1201 1897 1383 1937 Indiarum,
1408 1899 1456 1931 vel
1489 1899 1654 1942 principes
1687 1907 1742 1933 aut

1007 1961 1100 1991 reges
1126 1950 1291 1989 catholici,
1316 1951 1364 1982 vel
1389 1951 1453 1989 alii,
1475 1951 1513 1984 de
1535 1951 1742 1985 administra-

1009 2003 1096 2034 tione
1113 2002 1302 2034 missionum
1321 2002 1431 2035 inillis
1445 2003 1602 2045 partibus,
1618 2015 1741 2048 suaque

1010 2055 1079 2087 iura
1096 2061 1127 2087 ct
1145 2054 1312 2097 privilegia
1337 2055 1451 2087 violari
1477 2057 1647 2098 conquesti
1672 2058 1741 2090 sue-

1008 2108 1080 2146 rint,
1100 2117 1272 2149 meumque
1290 2107 1456 2139 consilium
1475 2114 1504 2141 et
1525 2109 1675 2141 auxilium
1691 2111 1743 2142 de-

1009 2171 1105 2203 super
1118 2160 1359 2202 requisiverint‚
1376 2161 1403 2192 ei
1417 2161 1463 2192 rei
1481 2171 1531 2194 me
1545 2163 1633 2194 nullo
1647 2163 1742 2196 modo

1009 2212 1171 2254 ingeram,
1205 2212 1260 2244 sed
1286 2212 1409 2244 muneri
1434 2213 1513 2245 mihi
1543 2213 1741 2246 incumbenti

1010 2269 1131 2296 tantum
1165 2274 1297 2306 operam
1333 2264 1428 2297 dabo.
1466 2265 1742 2299 Praedicationem

1009 2317 1098 2349 verbi
1130 2317 1205 2355 Dei,
1231 2322 1508 2349 sacramentorum
1541 2319 1743 2352 administra-

1011 2370 1150 2409 tionem,
1181 2368 1307 2401 aliudve
1339 2369 1592 2403 ecclesiasticum
1626 2382 1743 2404 munus

1046 2439 1055 2464 1
1079 2438 1198 2465 Pessime
1218 2437 1281 2465 edit·
1305 2438 1384 2465 Main-
1405 2439 1467 2475 legit
1486 2440 1568 2468 illius
1587 2449 1636 2478 pro
1656 2441 1744 2470 ullius

237 2472 407 2506 sufficienti
434 2472 646 2514 derogatione
672 2472 710 2504 de
746 2472 809 2505 illis
842 2483 968 2506 eorum·
1010 2482 1050 2517 (a.
1070 2482 1120 2515 T.).

329 2532 408 2560 Bun.
430 2532 512 2560 Rom.
534 2547 568 2552 —
593 2532 652 2561 Vol.
672 2533 746 2560 XIX.
891 2535 923 2563 16

1741 113 1790 140 An.
1812 112 1841 141 C.
1857 112 1925 140 1678

1773 913 1869 934 Formula
1896 914 1927 935 iu·

1747 943 1840 960 rann-nti.
