<?xml version="1.0" encoding="UTF-8"?>
<!DOCTYPE html PUBLIC "-//W3C//DTD XHTML 1.0 Transitional//EN"
    "http://www.w3.org/TR/xhtml1/DTD/xhtml1-transitional.dtd">
<html xmlns="http://www.w3.org/1999/xhtml" xml:lang="en" lang="en">
 <head>
  <title>
</title>
<meta http-equiv="Content-Type" content="text/html;charset=utf-8" />
  <meta name='ocr-system' content='tesseract 3.04.00' />
  <meta name='ocr-capabilities' content='ocr_page ocr_carea ocr_par ocr_line ocrx_word'/>
</head>
<body>
  <div class='ocr_page' id='page_1' title='image "./bullarumdiplomat19cath_0950.png"; bbox 0 0 2111 3157; ppageno 0'>
   <div class='ocr_carea' id='block_1_1' title="bbox 195 212 490 251">
    <p class='ocr_par' dir='ltr' id='par_1_1' title="bbox 195 212 490 251">
     <span class='ocr_line' id='line_1_1' title="bbox 195 212 490 251; baseline -0.02 0"><span class='ocrx_word' id='word_1_1' title='bbox 195 223 244 251; x_wconf 83' lang='lat' dir='ltr'>An.</span> <span class='ocrx_word' id='word_1_2' title='bbox 267 222 293 250; x_wconf 86' lang='lat' dir='ltr'>C.</span> <span class='ocrx_word' id='word_1_3' title='bbox 315 222 379 251; x_wconf 60' lang='lat'>1085</span> <span class='ocrx_word' id='word_1_4' title='bbox 426 212 461 245; x_wconf 62' lang='grc' dir='ltr'>Ἤ</span> <span class='ocrx_word' id='word_1_5' title='bbox 478 213 490 245; x_wconf 70' lang='lat' dir='ltr'>&#39;t</span> 
     </span>
    </p>
   </div>
   <div class='ocr_carea' id='block_1_2' title="bbox 218 1236 337 1257">
    <p class='ocr_par' dir='ltr' id='par_1_2' title="bbox 218 1236 337 1257">
     <span class='ocr_line' id='line_1_2' title="bbox 218 1236 337 1257; baseline 0.008 -1"><span class='ocrx_word' id='word_1_6' title='bbox 218 1236 337 1257; x_wconf 62' lang='lat' dir='ltr'>Clausulas.</span> 
     </span>
    </p>
   </div>
   <div class='ocr_carea' id='block_1_3' title="bbox 195 2028 380 2076">
    <p class='ocr_par' dir='ltr' id='par_1_3' title="bbox 195 2028 380 2076">
     <span class='ocr_line' id='line_1_3' title="bbox 209 2028 380 2050; baseline 0.006 -3"><span class='ocrx_word' id='word_1_7' title='bbox 209 2028 322 2050; x_wconf 51' lang='lat' dir='ltr'>hev-acatio</span> <span class='ocrx_word' id='word_1_8' title='bbox 331 2032 380 2047; x_wconf 79' lang='lat' dir='ltr'>con-</span> 
     </span>
     <span class='ocr_line' id='line_1_4' title="bbox 195 2057 317 2076; baseline 0 -2"><span class='ocrx_word' id='word_1_9' title='bbox 195 2057 317 2076; x_wconf 69' lang='lat' dir='ltr'>turiurum.</span> 
     </span>
    </p>
   </div>
   <div class='ocr_carea' id='block_1_4' title="bbox 378 263 1127 1217">
    <p class='ocr_par' dir='ltr' id='par_1_4' title="bbox 378 263 1127 1217">
     <span class='ocr_line' id='line_1_5' title="bbox 390 263 1125 305; baseline -0.014 0"><span class='ocrx_word' id='word_1_10' title='bbox 390 277 422 305; x_wconf 89' lang='lat' dir='ltr'>ct</span> <span class='ocrx_word' id='word_1_11' title='bbox 446 270 609 304; x_wconf 77' lang='lat' dir='ltr'>absolutas</span> <span class='ocrx_word' id='word_1_12' title='bbox 636 269 703 302; x_wconf 75' lang='lat' dir='ltr'>fore</span> <span class='ocrx_word' id='word_1_13' title='bbox 730 271 915 305; x_wconf 80' lang='lat' dir='ltr'>censentes,</span> <span class='ocrx_word' id='word_1_14' title='bbox 938 263 1125 297; x_wconf 87' lang='lat' dir='ltr'>huiusmodi</span> 
     </span>
     <span class='ocr_line' id='line_1_6' title="bbox 378 319 1126 369; baseline -0.012 -12"><span class='ocrx_word' id='word_1_15' title='bbox 378 323 684 369; x_wconf 75' lang='lat' dir='ltr'>supplicationibus</span> <span class='ocrx_word' id='word_1_16' title='bbox 708 319 876 359; x_wconf 88' lang='lat' dir='ltr'>inclinati,</span> <span class='ocrx_word' id='word_1_17' title='bbox 903 319 942 352; x_wconf 90' lang='lat' dir='ltr'>de</span> <span class='ocrx_word' id='word_1_18' title='bbox 966 327 1126 351; x_wconf 89' lang='lat' dir='ltr'>memora-</span> 
     </span>
     <span class='ocr_line' id='line_1_7' title="bbox 391 371 1127 417; baseline -0.011 -7"><span class='ocrx_word' id='word_1_19' title='bbox 391 384 496 412; x_wconf 90' lang='lat' dir='ltr'>torum</span> <span class='ocrx_word' id='word_1_20' title='bbox 524 376 737 409; x_wconf 71' lang='lat' dir='ltr'>cardinalium</span> <span class='ocrx_word' id='word_1_21' title='bbox 756 373 834 417; x_wconf 89' lang='lat' dir='ltr'>(qui,</span> <span class='ocrx_word' id='word_1_22' title='bbox 862 383 895 405; x_wconf 87' lang='lat' dir='ltr'>re</span> <span class='ocrx_word' id='word_1_23' title='bbox 921 376 1047 404; x_wconf 87' lang='lat' dir='ltr'>mature</span> <span class='ocrx_word' id='word_1_24' title='bbox 1063 371 1127 403; x_wconf 87' lang='lat' dir='ltr'>dis-</span> 
     </span>
     <span class='ocr_line' id='line_1_8' title="bbox 390 428 1127 471; baseline -0.012 -7"><span class='ocrx_word' id='word_1_25' title='bbox 390 433 491 471; x_wconf 81' lang='lat' dir='ltr'>cussa,</span> <span class='ocrx_word' id='word_1_26' title='bbox 519 439 631 462; x_wconf 86' lang='lat' dir='ltr'>omnes</span> <span class='ocrx_word' id='word_1_27' title='bbox 649 433 680 460; x_wconf 88' lang='lat' dir='ltr'>et</span> <span class='ocrx_word' id='word_1_28' title='bbox 697 436 920 471; x_wconf 83' lang='lat' dir='ltr'>quascumque</span> <span class='ocrx_word' id='word_1_29' title='bbox 937 428 1028 457; x_wconf 88' lang='lat' dir='ltr'>notas</span> <span class='ocrx_word' id='word_1_30' title='bbox 1046 434 1127 456; x_wconf 86' lang='lat' dir='ltr'>mar-</span> 
     </span>
     <span class='ocr_line' id='line_1_9' title="bbox 389 478 1126 528; baseline -0.009 -11"><span class='ocrx_word' id='word_1_31' title='bbox 389 484 513 528; x_wconf 77' lang='lat' dir='ltr'>ginales</span> <span class='ocrx_word' id='word_1_32' title='bbox 539 483 713 525; x_wconf 85' lang='lat' dir='ltr'>impressas</span> <span class='ocrx_word' id='word_1_33' title='bbox 738 480 775 512; x_wconf 89' lang='lat' dir='ltr'>ad</span> <span class='ocrx_word' id='word_1_34' title='bbox 802 478 987 522; x_wconf 87' lang='lat' dir='ltr'>supradicta</span> <span class='ocrx_word' id='word_1_35' title='bbox 1008 482 1126 510; x_wconf 87' lang='lat' dir='ltr'>statuta</span> 
     </span>
     <span class='ocr_line' id='line_1_10' title="bbox 389 531 1126 577; baseline -0.008 -8"><span class='ocrx_word' id='word_1_36' title='bbox 389 538 510 570; x_wconf 90' lang='lat' dir='ltr'>nullam</span> <span class='ocrx_word' id='word_1_37' title='bbox 529 536 590 568; x_wconf 87' lang='lat' dir='ltr'>vim</span> <span class='ocrx_word' id='word_1_38' title='bbox 610 534 691 577; x_wconf 79' lang='lat' dir='ltr'>legis</span> <span class='ocrx_word' id='word_1_39' title='bbox 714 538 765 565; x_wconf 89' lang='lat' dir='ltr'>aut</span> <span class='ocrx_word' id='word_1_40' title='bbox 783 532 892 566; x_wconf 85' lang='lat' dir='ltr'>statuti</span> <span class='ocrx_word' id='word_1_41' title='bbox 913 531 1035 564; x_wconf 84' lang='lat' dir='ltr'>hahere</span> <span class='ocrx_word' id='word_1_42' title='bbox 1052 541 1126 564; x_wconf 86' lang='lat' dir='ltr'>cen·</span> 
     </span>
     <span class='ocr_line' id='line_1_11' title="bbox 389 584 1127 629; baseline -0.008 -7"><span class='ocrx_word' id='word_1_43' title='bbox 389 588 532 622; x_wconf 86' lang='lat' dir='ltr'>suerunt¹</span> <span class='ocrx_word' id='word_1_44' title='bbox 551 593 583 621; x_wconf 89' lang='lat' dir='ltr'>et</span> <span class='ocrx_word' id='word_1_45' title='bbox 596 586 855 629; x_wconf 82' lang='lat' dir='ltr'>declaraverunt)</span> <span class='ocrx_word' id='word_1_46' title='bbox 870 584 1020 623; x_wconf 90' lang='lat' dir='ltr'>consilio,</span> <span class='ocrx_word' id='word_1_47' title='bbox 1037 594 1127 627; x_wconf 88' lang='lat' dir='ltr'>prae-</span> 
     </span>
     <span class='ocr_line' id='line_1_12' title="bbox 389 638 1123 675; baseline -0.008 -1"><span class='ocrx_word' id='word_1_48' title='bbox 389 643 543 675; x_wconf 89' lang='lat' dir='ltr'>insertam</span> <span class='ocrx_word' id='word_1_49' title='bbox 560 651 674 674; x_wconf 84' lang='lat' dir='ltr'>novam</span> <span class='ocrx_word' id='word_1_50' title='bbox 688 638 916 672; x_wconf 76' lang='lat' dir='ltr'>collectionem</span> <span class='ocrx_word' id='word_1_51' title='bbox 930 641 1123 669; x_wconf 85' lang='lat' dir='ltr'>statutorum</span> 
     </span>
     <span class='ocr_line' id='line_1_13' title="bbox 388 693 1125 734; baseline -0.009 -6"><span class='ocrx_word' id='word_1_52' title='bbox 388 695 517 728; x_wconf 85' lang='lat' dir='ltr'>Ordinis</span> <span class='ocrx_word' id='word_1_53' title='bbox 536 693 773 727; x_wconf 82' lang='lat' dir='ltr'>Cartliusiensis</span> <span class='ocrx_word' id='word_1_54' title='bbox 787 697 821 724; x_wconf 90' lang='lat' dir='ltr'>ut</span> <span class='ocrx_word' id='word_1_55' title='bbox 838 701 935 734; x_wconf 88' lang='lat' dir='ltr'>supra</span> <span class='ocrx_word' id='word_1_56' title='bbox 949 694 1125 723; x_wconf 85' lang='lat' dir='ltr'>correctam</span> 
     </span>
     <span class='ocr_line' id='line_1_14' title="bbox 389 743 1123 787; baseline -0.008 -6"><span class='ocrx_word' id='word_1_57' title='bbox 389 753 419 781; x_wconf 86' lang='lat' dir='ltr'>et</span> <span class='ocrx_word' id='word_1_58' title='bbox 447 748 675 786; x_wconf 89' lang='lat' dir='ltr'>emendatam,</span> <span class='ocrx_word' id='word_1_59' title='bbox 703 745 893 778; x_wconf 88' lang='lat' dir='ltr'>auctoritate</span> <span class='ocrx_word' id='word_1_60' title='bbox 923 743 1123 787; x_wconf 79' lang='lat' dir='ltr'>apostolica,</span> 
     </span>
     <span class='ocr_line' id='line_1_15' title="bbox 387 796 1125 844; baseline -0.005 -12"><span class='ocrx_word' id='word_1_61' title='bbox 387 806 502 834; x_wconf 86' lang='lat' dir='ltr'>tenore</span> <span class='ocrx_word' id='word_1_62' title='bbox 524 800 760 844; x_wconf 89' lang='lat' dir='ltr'>praesentium,</span> <span class='ocrx_word' id='word_1_63' title='bbox 787 797 1016 832; x_wconf 87' lang='lat' dir='ltr'>confirmamus</span> <span class='ocrx_word' id='word_1_64' title='bbox 1040 796 1125 839; x_wconf 87' lang='lat' dir='ltr'>pari-</span> 
     </span>
     <span class='ocr_line' id='line_1_16' title="bbox 387 850 1125 898; baseline -0.007 -12"><span class='ocrx_word' id='word_1_65' title='bbox 387 860 436 886; x_wconf 90' lang='lat' dir='ltr'>ter</span> <span class='ocrx_word' id='word_1_66' title='bbox 462 859 492 887; x_wconf 88' lang='lat' dir='ltr'>et</span> <span class='ocrx_word' id='word_1_67' title='bbox 528 855 757 898; x_wconf 76' lang='lat' dir='ltr'>approbamus,</span> <span class='ocrx_word' id='word_1_68' title='bbox 790 852 901 894; x_wconf 88' lang='lat' dir='ltr'>illique</span> <span class='ocrx_word' id='word_1_69' title='bbox 929 850 1125 884; x_wconf 90' lang='lat' dir='ltr'>inviolabilis</span> 
     </span>
     <span class='ocr_line' id='line_1_17' title="bbox 387 904 1122 951; baseline -0.007 -11"><span class='ocrx_word' id='word_1_70' title='bbox 387 908 582 951; x_wconf 88' lang='lat' dir='ltr'>apostolicae</span> <span class='ocrx_word' id='word_1_71' title='bbox 614 906 774 939; x_wconf 90' lang='lat' dir='ltr'>firmitatis</span> <span class='ocrx_word' id='word_1_72' title='bbox 806 906 909 938; x_wconf 87' lang='lat' dir='ltr'>robur</span> <span class='ocrx_word' id='word_1_73' title='bbox 932 904 1122 943; x_wconf 87' lang='lat' dir='ltr'>adiicimus,</span> 
     </span>
     <span class='ocr_line' id='line_1_18' title="bbox 387 957 1124 1003; baseline -0.005 -10"><span class='ocrx_word' id='word_1_74' title='bbox 387 972 421 993; x_wconf 87' lang='lat' dir='ltr'>ac</span> <span class='ocrx_word' id='word_1_75' title='bbox 448 972 559 995; x_wconf 91' lang='lat' dir='ltr'>omnes</span> <span class='ocrx_word' id='word_1_76' title='bbox 585 966 616 993; x_wconf 88' lang='lat' dir='ltr'>et</span> <span class='ocrx_word' id='word_1_77' title='bbox 640 960 785 1003; x_wconf 80' lang='lat' dir='ltr'>singulos</span> <span class='ocrx_word' id='word_1_78' title='bbox 810 959 889 991; x_wconf 83' lang='lat' dir='ltr'>iuris</span> <span class='ocrx_word' id='word_1_79' title='bbox 915 964 947 991; x_wconf 92' lang='lat' dir='ltr'>et</span> <span class='ocrx_word' id='word_1_80' title='bbox 971 957 1042 990; x_wconf 82' lang='lat' dir='ltr'>sacti</span> <span class='ocrx_word' id='word_1_81' title='bbox 1069 959 1124 990; x_wconf 77' lang='lat' dir='ltr'>cle-</span> 
     </span>
     <span class='ocr_line' id='line_1_19' title="bbox 387 1011 1122 1055; baseline -0.005 -8"><span class='ocrx_word' id='word_1_82' title='bbox 387 1015 498 1054; x_wconf 74' lang='lat' dir='ltr'>sectus,</span> <span class='ocrx_word' id='word_1_83' title='bbox 515 1015 610 1047; x_wconf 81' lang='lat' dir='ltr'>etiam</span> <span class='ocrx_word' id='word_1_84' title='bbox 633 1013 872 1052; x_wconf 69' lang='lat' dir='ltr'>substantiales,</span> <span class='ocrx_word' id='word_1_85' title='bbox 893 1013 917 1044; x_wconf 94' lang='lat' dir='ltr'>si</span> <span class='ocrx_word' id='word_1_86' title='bbox 936 1011 988 1055; x_wconf 89' lang='lat' dir='ltr'>qui</span> <span class='ocrx_word' id='word_1_87' title='bbox 1009 1011 1040 1044; x_wconf 91' lang='lat' dir='ltr'>in</span> <span class='ocrx_word' id='word_1_88' title='bbox 1059 1011 1122 1044; x_wconf 89' lang='lat' dir='ltr'>illis</span> 
     </span>
     <span class='ocr_line' id='line_1_20' title="bbox 386 1064 1124 1110; baseline -0.005 -10"><span class='ocrx_word' id='word_1_89' title='bbox 386 1067 630 1110; x_wconf 74' lang='lat' dir='ltr'>quomodolibet</span> <span class='ocrx_word' id='word_1_90' title='bbox 650 1066 894 1099; x_wconf 86' lang='lat' dir='ltr'>intervenerunt</span> <span class='ocrx_word' id='word_1_91' title='bbox 908 1074 964 1097; x_wconf 78' lang='lat' dir='ltr'>seu</span> <span class='ocrx_word' id='word_1_92' title='bbox 985 1064 1124 1097; x_wconf 84' lang='lat' dir='ltr'>interve-</span> 
     </span>
     <span class='ocr_line' id='line_1_21' title="bbox 384 1117 1122 1161; baseline -0.004 -9"><span class='ocrx_word' id='word_1_93' title='bbox 384 1120 468 1153; x_wconf 87' lang='lat' dir='ltr'>nisse</span> <span class='ocrx_word' id='word_1_94' title='bbox 490 1120 564 1159; x_wconf 90' lang='lat' dir='ltr'>dici,</span> <span class='ocrx_word' id='word_1_95' title='bbox 581 1119 707 1152; x_wconf 89' lang='lat' dir='ltr'>censeri</span> <span class='ocrx_word' id='word_1_96' title='bbox 728 1120 777 1151; x_wconf 77' lang='lat' dir='ltr'>vel</span> <span class='ocrx_word' id='word_1_97' title='bbox 795 1117 966 1161; x_wconf 88' lang='lat' dir='ltr'>praetendi</span> <span class='ocrx_word' id='word_1_98' title='bbox 980 1122 1122 1160; x_wconf 87' lang='lat' dir='ltr'>possent,</span> 
     </span>
     <span class='ocr_line' id='line_1_22' title="bbox 385 1175 817 1217; baseline -0.005 -11"><span class='ocrx_word' id='word_1_99' title='bbox 385 1175 573 1217; x_wconf 82' lang='lat' dir='ltr'>supplemus</span> <span class='ocrx_word' id='word_1_100' title='bbox 599 1177 631 1205; x_wconf 93' lang='lat' dir='ltr'>et</span> <span class='ocrx_word' id='word_1_101' title='bbox 655 1182 817 1205; x_wconf 87' lang='lat' dir='ltr'>sanamus.</span> 
     </span>
    </p>
   </div>
   <div class='ocr_carea' id='block_1_5' title="bbox 970 214 1326 239">
    <p class='ocr_par' dir='ltr' id='par_1_5' title="bbox 970 214 1326 239">
     <span class='ocr_line' id='line_1_23' title="bbox 970 214 1326 239; baseline 0 0"><span class='ocrx_word' id='word_1_102' title='bbox 970 216 1150 239; x_wconf 52' lang='lat' dir='ltr'>nunaunt</span> <span class='ocrx_word' id='word_1_103' title='bbox 1175 214 1326 239; x_wconf 67' lang='lat' dir='ltr'>ROMANUM</span> 
     </span>
    </p>
   </div>
   <div class='ocr_carea' id='block_1_6' title="bbox 1167 262 1905 629">
    <p class='ocr_par' dir='ltr' id='par_1_6' title="bbox 1167 262 1905 629">
     <span class='ocr_line' id='line_1_24' title="bbox 1167 262 1903 306; baseline -0.001 -11"><span class='ocrx_word' id='word_1_104' title='bbox 1167 267 1199 295; x_wconf 89' lang='lat' dir='ltr'>et</span> <span class='ocrx_word' id='word_1_105' title='bbox 1222 262 1369 305; x_wconf 84' lang='lat' dir='ltr'>singulis,</span> <span class='ocrx_word' id='word_1_106' title='bbox 1382 262 1512 296; x_wconf 87' lang='lat' dir='ltr'>illorum</span> <span class='ocrx_word' id='word_1_107' title='bbox 1534 266 1664 295; x_wconf 89' lang='lat' dir='ltr'>tenores</span> <span class='ocrx_word' id='word_1_108' title='bbox 1680 262 1903 306; x_wconf 83' lang='lat' dir='ltr'>praesentibus</span> 
     </span>
     <span class='ocr_line' id='line_1_25' title="bbox 1167 315 1903 359; baseline 0.001 -10"><span class='ocrx_word' id='word_1_109' title='bbox 1167 325 1226 359; x_wconf 87' lang='lat' dir='ltr'>pro</span> <span class='ocrx_word' id='word_1_110' title='bbox 1252 316 1349 359; x_wconf 83' lang='lat' dir='ltr'>plene</span> <span class='ocrx_word' id='word_1_111' title='bbox 1381 321 1413 349; x_wconf 86' lang='lat' dir='ltr'>et</span> <span class='ocrx_word' id='word_1_112' title='bbox 1439 315 1638 349; x_wconf 82' lang='lat' dir='ltr'>sufficienter</span> <span class='ocrx_word' id='word_1_113' title='bbox 1675 316 1834 359; x_wconf 78' lang='lat' dir='ltr'>expressis</span> <span class='ocrx_word' id='word_1_114' title='bbox 1867 327 1903 351; x_wconf 88' lang='lat' dir='ltr'>ac</span> 
     </span>
     <span class='ocr_line' id='line_1_26' title="bbox 1167 368 1902 409; baseline 0.003 -7"><span class='ocrx_word' id='word_1_115' title='bbox 1167 369 1204 402; x_wconf 86' lang='lat' dir='ltr'>ad</span> <span class='ocrx_word' id='word_1_116' title='bbox 1229 369 1364 402; x_wconf 84' lang='lat' dir='ltr'>verbum</span> <span class='ocrx_word' id='word_1_117' title='bbox 1389 368 1520 402; x_wconf 88' lang='lat' dir='ltr'>insertis</span> <span class='ocrx_word' id='word_1_118' title='bbox 1548 369 1718 409; x_wconf 88' lang='lat' dir='ltr'>habentes,</span> <span class='ocrx_word' id='word_1_119' title='bbox 1734 370 1797 404; x_wconf 88' lang='lat' dir='ltr'>illis</span> <span class='ocrx_word' id='word_1_120' title='bbox 1823 371 1902 404; x_wconf 71' lang='lat' dir='ltr'>alias</span> 
     </span>
     <span class='ocr_line' id='line_1_27' title="bbox 1168 422 1905 468; baseline 0.004 -13"><span class='ocrx_word' id='word_1_121' title='bbox 1168 422 1198 454; x_wconf 90' lang='lat' dir='ltr'>in</span> <span class='ocrx_word' id='word_1_122' title='bbox 1217 433 1276 456; x_wconf 92' lang='lat' dir='ltr'>suo</span> <span class='ocrx_word' id='word_1_123' title='bbox 1293 422 1411 456; x_wconf 81' lang='lat' dir='ltr'>robore</span> <span class='ocrx_word' id='word_1_124' title='bbox 1435 423 1671 467; x_wconf 83' lang='lat' dir='ltr'>permansuris,</span> <span class='ocrx_word' id='word_1_125' title='bbox 1690 424 1728 456; x_wconf 88' lang='lat' dir='ltr'>ad</span> <span class='ocrx_word' id='word_1_126' title='bbox 1751 425 1905 468; x_wconf 89' lang='lat' dir='ltr'>praemis-</span> 
     </span>
     <span class='ocr_line' id='line_1_28' title="bbox 1168 476 1905 524; baseline 0.004 -15"><span class='ocrx_word' id='word_1_127' title='bbox 1168 485 1277 510; x_wconf 85' lang='lat' dir='ltr'>sorum</span> <span class='ocrx_word' id='word_1_128' title='bbox 1303 476 1462 518; x_wconf 76' lang='lat' dir='ltr'>effectum,</span> <span class='ocrx_word' id='word_1_129' title='bbox 1476 477 1539 511; x_wconf 85' lang='lat' dir='ltr'>hae</span> <span class='ocrx_word' id='word_1_130' title='bbox 1555 478 1624 511; x_wconf 88' lang='lat' dir='ltr'>vice</span> <span class='ocrx_word' id='word_1_131' title='bbox 1643 478 1817 517; x_wconf 82' lang='lat' dir='ltr'>dumtaxat,</span> <span class='ocrx_word' id='word_1_132' title='bbox 1834 490 1905 524; x_wconf 88' lang='lat' dir='ltr'>spe-</span> 
     </span>
     <span class='ocr_line' id='line_1_29' title="bbox 1167 530 1904 575; baseline 0.005 -12"><span class='ocrx_word' id='word_1_133' title='bbox 1167 530 1295 563; x_wconf 78' lang='lat' dir='ltr'>cialiter</span> <span class='ocrx_word' id='word_1_134' title='bbox 1312 536 1344 564; x_wconf 90' lang='lat' dir='ltr'>et</span> <span class='ocrx_word' id='word_1_135' title='bbox 1367 541 1520 575; x_wconf 77' lang='lat' dir='ltr'>expresse</span> <span class='ocrx_word' id='word_1_136' title='bbox 1541 531 1753 575; x_wconf 82' lang='lat' dir='ltr'>derogamus;</span> <span class='ocrx_word' id='word_1_137' title='bbox 1773 533 1904 567; x_wconf 88' lang='lat' dir='ltr'>ceteris-</span> 
     </span>
     <span class='ocr_line' id='line_1_30' title="bbox 1167 584 1720 629; baseline 0.004 -13"><span class='ocrx_word' id='word_1_138' title='bbox 1167 594 1230 626; x_wconf 88' lang='lat' dir='ltr'>que</span> <span class='ocrx_word' id='word_1_139' title='bbox 1255 584 1429 617; x_wconf 79' lang='lat' dir='ltr'>contrariis</span> <span class='ocrx_word' id='word_1_140' title='bbox 1454 584 1720 629; x_wconf 87' lang='lat' dir='ltr'>quibuscumque.</span> 
     </span>
    </p>
   </div>
   <div class='ocr_carea' id='block_1_7' title="bbox 1210 636 2092 680">
    <p class='ocr_par' dir='ltr' id='par_1_7' title="bbox 1210 636 2092 680">
     <span class='ocr_line' id='line_1_31' title="bbox 1210 636 2092 680; baseline 0.008 -11"><span class='ocrx_word' id='word_1_141' title='bbox 1210 637 1224 680; x_wconf 61' lang='lat' dir='ltr'><strong>g</strong></span> <span class='ocrx_word' id='word_1_142' title='bbox 1255 636 1286 670; x_wconf 87' lang='lat'>9.</span> <span class='ocrx_word' id='word_1_143' title='bbox 1313 638 1467 670; x_wconf 84' lang='lat' dir='ltr'>Volumus</span> <span class='ocrx_word' id='word_1_144' title='bbox 1501 641 1608 671; x_wconf 85' lang='lat' dir='ltr'>autem</span> <span class='ocrx_word' id='word_1_145' title='bbox 1646 643 1681 670; x_wconf 90' lang='lat' dir='ltr'>ut</span> <span class='ocrx_word' id='word_1_146' title='bbox 1714 639 1903 673; x_wconf 88' lang='lat' dir='ltr'>earumdem</span> <span class='ocrx_word' id='word_1_147' title='bbox 1953 651 2016 673; x_wconf 67' lang='lat' dir='ltr'>Fido.-</span> <span class='ocrx_word' id='word_1_148' title='bbox 2040 656 2092 677; x_wconf 72' lang='lat' dir='ltr'>mn·</span> 
     </span>
    </p>
   </div>
   <div class='ocr_carea' id='block_1_8' title="bbox 1914 682 2048 705">
    <p class='ocr_par' dir='ltr' id='par_1_8' title="bbox 1914 682 2048 705">
     <span class='ocr_line' id='line_1_32' title="bbox 1914 682 2048 705; baseline 0.022 -7"><span class='ocrx_word' id='word_1_149' title='bbox 1914 682 2048 705; x_wconf 80' lang='lat' dir='ltr'>sumptorum.</span> 
     </span>
    </p>
   </div>
   <div class='ocr_carea' id='block_1_9' title="bbox 1165 690 1904 1054">
    <p class='ocr_par' dir='ltr' id='par_1_9' title="bbox 1165 690 1904 1054">
     <span class='ocr_line' id='line_1_33' title="bbox 1166 690 1903 735; baseline 0.007 -14"><span class='ocrx_word' id='word_1_150' title='bbox 1166 690 1387 732; x_wconf 88' lang='lat' dir='ltr'>praesentium</span> <span class='ocrx_word' id='word_1_151' title='bbox 1408 690 1589 723; x_wconf 82' lang='lat' dir='ltr'>litterarum</span> <span class='ocrx_word' id='word_1_152' title='bbox 1607 692 1828 735; x_wconf 77' lang='lat' dir='ltr'>transumptis,</span> <span class='ocrx_word' id='word_1_153' title='bbox 1845 703 1903 726; x_wconf 88' lang='lat' dir='ltr'>seu</span> 
     </span>
     <span class='ocr_line' id='line_1_34' title="bbox 1167 743 1904 787; baseline 0.005 -12"><span class='ocrx_word' id='word_1_154' title='bbox 1167 743 1333 787; x_wconf 80' lang='lat' dir='ltr'>exemplis,</span> <span class='ocrx_word' id='word_1_155' title='bbox 1359 743 1455 776; x_wconf 87' lang='lat' dir='ltr'>etiam</span> <span class='ocrx_word' id='word_1_156' title='bbox 1480 743 1657 787; x_wconf 84' lang='lat' dir='ltr'>impressis,</span> <span class='ocrx_word' id='word_1_157' title='bbox 1681 755 1778 777; x_wconf 86' lang='lat' dir='ltr'>manu</span> <span class='ocrx_word' id='word_1_158' title='bbox 1804 746 1904 779; x_wconf 87' lang='lat' dir='ltr'>alicu-</span> 
     </span>
     <span class='ocr_line' id='line_1_35' title="bbox 1167 796 1902 842; baseline 0.008 -14"><span class='ocrx_word' id='word_1_159' title='bbox 1167 796 1213 829; x_wconf 91' lang='lat' dir='ltr'>ius</span> <span class='ocrx_word' id='word_1_160' title='bbox 1238 796 1356 829; x_wconf 87' lang='lat' dir='ltr'>notarii</span> <span class='ocrx_word' id='word_1_161' title='bbox 1381 796 1501 839; x_wconf 84' lang='lat' dir='ltr'>publici</span> <span class='ocrx_word' id='word_1_162' title='bbox 1528 797 1718 840; x_wconf 82' lang='lat' dir='ltr'>subscriptis</span> <span class='ocrx_word' id='word_1_163' title='bbox 1743 803 1775 831; x_wconf 88' lang='lat' dir='ltr'>et</span> <span class='ocrx_word' id='word_1_164' title='bbox 1795 798 1902 842; x_wconf 82' lang='lat' dir='ltr'>sigillo</span> 
     </span>
     <span class='ocr_line' id='line_1_36' title="bbox 1165 849 1903 894; baseline 0.004 -12"><span class='ocrx_word' id='word_1_165' title='bbox 1165 860 1327 892; x_wconf 86' lang='lat' dir='ltr'>personae</span> <span class='ocrx_word' id='word_1_166' title='bbox 1351 849 1384 882; x_wconf 90' lang='lat' dir='ltr'>in</span> <span class='ocrx_word' id='word_1_167' title='bbox 1409 850 1628 883; x_wconf 79' lang='lat' dir='ltr'>ecclesiastica</span> <span class='ocrx_word' id='word_1_168' title='bbox 1654 850 1810 894; x_wconf 81' lang='lat' dir='ltr'>dignitate</span> <span class='ocrx_word' id='word_1_169' title='bbox 1828 862 1903 885; x_wconf 87' lang='lat' dir='ltr'>eon-</span> 
     </span>
     <span class='ocr_line' id='line_1_37' title="bbox 1165 903 1902 948; baseline 0.005 -13"><span class='ocrx_word' id='word_1_170' title='bbox 1165 904 1296 936; x_wconf 82' lang='lat' dir='ltr'>stitutae</span> <span class='ocrx_word' id='word_1_171' title='bbox 1314 903 1457 943; x_wconf 87' lang='lat' dir='ltr'>munitis,</span> <span class='ocrx_word' id='word_1_172' title='bbox 1472 904 1584 937; x_wconf 85' lang='lat' dir='ltr'>eadem</span> <span class='ocrx_word' id='word_1_173' title='bbox 1598 915 1731 948; x_wconf 88' lang='lat' dir='ltr'>prorsus</span> <span class='ocrx_word' id='word_1_174' title='bbox 1745 905 1824 938; x_wconf 89' lang='lat' dir='ltr'>fides</span> <span class='ocrx_word' id='word_1_175' title='bbox 1839 910 1902 939; x_wconf 86' lang='lat' dir='ltr'>tam</span> 
     </span>
     <span class='ocr_line' id='line_1_38' title="bbox 1165 956 1904 1001; baseline 0.005 -12"><span class='ocrx_word' id='word_1_176' title='bbox 1165 957 1197 989; x_wconf 91' lang='lat' dir='ltr'>in</span> <span class='ocrx_word' id='word_1_177' title='bbox 1222 956 1342 990; x_wconf 89' lang='lat' dir='ltr'>iudicio</span> <span class='ocrx_word' id='word_1_178' title='bbox 1364 966 1457 1000; x_wconf 85' lang='lat' dir='ltr'>quam</span> <span class='ocrx_word' id='word_1_179' title='bbox 1479 962 1567 990; x_wconf 86' lang='lat' dir='ltr'>extra</span> <span class='ocrx_word' id='word_1_180' title='bbox 1586 957 1664 992; x_wconf 87' lang='lat' dir='ltr'>illud</span> <span class='ocrx_word' id='word_1_181' title='bbox 1682 958 1802 1001; x_wconf 87' lang='lat' dir='ltr'>ubique</span> <span class='ocrx_word' id='word_1_182' title='bbox 1818 960 1904 992; x_wconf 86' lang='lat' dir='ltr'>loco-</span> 
     </span>
     <span class='ocr_line' id='line_1_39' title="bbox 1165 1009 1903 1054; baseline 0.005 -13"><span class='ocrx_word' id='word_1_183' title='bbox 1165 1020 1234 1042; x_wconf 87' lang='lat' dir='ltr'>rum</span> <span class='ocrx_word' id='word_1_184' title='bbox 1249 1009 1417 1049; x_wconf 81' lang='lat' dir='ltr'>habeatnr,</span> <span class='ocrx_word' id='word_1_185' title='bbox 1434 1020 1515 1053; x_wconf 89' lang='lat' dir='ltr'>quae</span> <span class='ocrx_word' id='word_1_186' title='bbox 1529 1009 1704 1042; x_wconf 85' lang='lat' dir='ltr'>baberetur</span> <span class='ocrx_word' id='word_1_187' title='bbox 1720 1009 1797 1054; x_wconf 88' lang='lat' dir='ltr'>ipsis</span> <span class='ocrx_word' id='word_1_188' title='bbox 1813 1022 1903 1054; x_wconf 88' lang='lat' dir='ltr'>prae-</span> 
     </span>
    </p>
   </div>
   <div class='ocr_carea' id='block_1_10' title="bbox 1143 1060 1900 1099">
    <p class='ocr_par' dir='ltr' id='par_1_10' title="bbox 1143 1060 1900 1099">
     <span class='ocr_line' id='line_1_40' title="bbox 1143 1060 1900 1099; baseline 0.004 -4"><span class='ocrx_word' id='word_1_189' title='bbox 1143 1060 1144 1074; x_wconf 64' lang='lat'><em>*</em></span> <span class='ocrx_word' id='word_1_190' title='bbox 1164 1063 1310 1095; x_wconf 85' lang='lat' dir='ltr'>sentibus</span> <span class='ocrx_word' id='word_1_191' title='bbox 1324 1062 1348 1094; x_wconf 88' lang='lat' dir='ltr'>si</span> <span class='ocrx_word' id='word_1_192' title='bbox 1365 1063 1472 1095; x_wconf 79' lang='lat' dir='ltr'>forent</span> <span class='ocrx_word' id='word_1_193' title='bbox 1488 1062 1652 1095; x_wconf 82' lang='lat' dir='ltr'>exhibitae</span> <span class='ocrx_word' id='word_1_194' title='bbox 1667 1064 1717 1096; x_wconf 90' lang='lat' dir='ltr'>vel</span> <span class='ocrx_word' id='word_1_195' title='bbox 1737 1069 1900 1099; x_wconf 85' lang='lat' dir='ltr'>ostensae.</span> 
     </span>
    </p>
   </div>
   <div class='ocr_carea' id='block_1_11' title="bbox 1208 1115 1904 1158">
    <p class='ocr_par' dir='ltr' id='par_1_11' title="bbox 1208 1115 1904 1158">
     <span class='ocr_line' id='line_1_41' title="bbox 1208 1115 1904 1158; baseline 0.003 -9"><span class='ocrx_word' id='word_1_196' title='bbox 1208 1116 1321 1149; x_wconf 88' lang='lat' dir='ltr'>Datum</span> <span class='ocrx_word' id='word_1_197' title='bbox 1347 1115 1486 1157; x_wconf 80' lang='lat' dir='ltr'>Romae,</span> <span class='ocrx_word' id='word_1_198' title='bbox 1512 1116 1597 1158; x_wconf 90' lang='lat' dir='ltr'>apud</span> <span class='ocrx_word' id='word_1_199' title='bbox 1627 1116 1659 1149; x_wconf 90' lang='lat' dir='ltr'>S.</span> <span class='ocrx_word' id='word_1_200' title='bbox 1687 1116 1815 1150; x_wconf 87' lang='lat' dir='ltr'>Mariam</span> <span class='ocrx_word' id='word_1_201' title='bbox 1842 1118 1904 1151; x_wconf 86' lang='lat' dir='ltr'>Ma-</span> 
     </span>
    </p>
   </div>
   <div class='ocr_carea' id='block_1_12' title="bbox 1143 1168 1903 1210">
    <p class='ocr_par' dir='ltr' id='par_1_12' title="bbox 1143 1168 1903 1210">
     <span class='ocr_line' id='line_1_42' title="bbox 1143 1168 1903 1210; baseline 0.004 -8"><span class='ocrx_word' id='word_1_202' title='bbox 1143 1170 1279 1209; x_wconf 75' lang='lat' dir='ltr'>!iorem‚</span> <span class='ocrx_word' id='word_1_203' title='bbox 1307 1169 1367 1201; x_wconf 89' lang='lat' dir='ltr'>sub</span> <span class='ocrx_word' id='word_1_204' title='bbox 1395 1169 1515 1202; x_wconf 88' lang='lat' dir='ltr'>annulo</span> <span class='ocrx_word' id='word_1_205' title='bbox 1544 1168 1726 1210; x_wconf 73' lang='lat' dir='ltr'>piscatoris,</span> <span class='ocrx_word' id='word_1_206' title='bbox 1753 1170 1803 1203; x_wconf 90' lang='lat' dir='ltr'>die</span> <span class='ocrx_word' id='word_1_207' title='bbox 1820 1181 1903 1205; x_wconf 76' lang='lat' dir='ltr'>xxvn</span> 
     </span>
    </p>
   </div>
   <div class='ocr_carea' id='block_1_13' title="bbox 385 1213 1903 1336">
    <p class='ocr_par' dir='ltr' id='par_1_13' title="bbox 385 1213 1903 1336">
     <span class='ocr_line' id='line_1_43' title="bbox 430 1213 1903 1269; baseline -0.001 -10"><span class='ocrx_word' id='word_1_208' title='bbox 430 1227 444 1269; x_wconf 60' lang='grc' dir='ltr'><strong>ξ</strong></span> <span class='ocrx_word' id='word_1_209' title='bbox 470 1226 500 1259; x_wconf 83' lang='grc'>5.</span> <span class='ocrx_word' id='word_1_210' title='bbox 529 1226 749 1258; x_wconf 88' lang='lat' dir='ltr'>Decernentes</span> <span class='ocrx_word' id='word_1_211' title='bbox 776 1224 907 1257; x_wconf 88' lang='lat' dir='ltr'>easdem</span> <span class='ocrx_word' id='word_1_212' title='bbox 933 1228 1124 1267; x_wconf 78' lang='lat' dir='ltr'>praesentes</span> <span class='ocrx_word' id='word_1_213' title='bbox 1145 1213 1271 1264; x_wconf 65' lang='lat' dir='ltr'>{martii</span> <span class='ocrx_word' id='word_1_214' title='bbox 1303 1232 1525 1262; x_wconf 70' lang='lat' dir='ltr'>ninctxxxvut,</span> <span class='ocrx_word' id='word_1_215' title='bbox 1561 1223 1768 1266; x_wconf 80' lang='lat' dir='ltr'>pontificatus</span> <span class='ocrx_word' id='word_1_216' title='bbox 1800 1224 1903 1258; x_wconf 81' lang='lat' dir='ltr'>nostri</span> 
     </span>
     <span class='ocr_line' id='line_1_44' title="bbox 385 1276 1333 1336; baseline -0.004 -24"><span class='ocrx_word' id='word_1_217' title='bbox 385 1280 509 1313; x_wconf 82' lang='lat' dir='ltr'>litteras</span> <span class='ocrx_word' id='word_1_218' title='bbox 533 1283 564 1311; x_wconf 89' lang='lat' dir='ltr'>et</span> <span class='ocrx_word' id='word_1_219' title='bbox 579 1282 697 1311; x_wconf 87' lang='lat' dir='ltr'>statuta</span> <span class='ocrx_word' id='word_1_220' title='bbox 713 1277 915 1321; x_wconf 87' lang='lat' dir='ltr'>praeinserta</span> <span class='ocrx_word' id='word_1_221' title='bbox 932 1287 1061 1320; x_wconf 87' lang='lat' dir='ltr'>semper</span> <span class='ocrx_word' id='word_1_222' title='bbox 1074 1276 1125 1309; x_wconf 87' lang='lat' dir='ltr'>fir·</span> <span class='ocrx_word' id='word_1_223' title='bbox 1145 1283 1149 1336; x_wconf 54' lang='lat' dir='ltr'><strong>f</strong></span> <span class='ocrx_word' id='word_1_224' title='bbox 1166 1286 1253 1309; x_wconf 89' lang='lat' dir='ltr'>anno</span> <span class='ocrx_word' id='word_1_225' title='bbox 1277 1286 1333 1309; x_wconf 82' lang='lat' dir='ltr'>xii.</span> 
     </span>
    </p>
   </div>
   <div class='ocr_carea' id='block_1_14' title="bbox 387 1331 1129 2013">
    <p class='ocr_par' dir='ltr' id='par_1_14' title="bbox 387 1331 1129 2013">
     <span class='ocr_line' id='line_1_45' title="bbox 387 1331 1125 1372; baseline -0.001 -8"><span class='ocrx_word' id='word_1_226' title='bbox 387 1343 448 1372; x_wconf 87' lang='lat' dir='ltr'>ma,</span> <span class='ocrx_word' id='word_1_227' title='bbox 475 1332 581 1365; x_wconf 80' lang='lat' dir='ltr'>valida</span> <span class='ocrx_word' id='word_1_228' title='bbox 607 1337 638 1364; x_wconf 88' lang='lat' dir='ltr'>et</span> <span class='ocrx_word' id='word_1_229' title='bbox 663 1331 807 1364; x_wconf 75' lang='lat' dir='ltr'>efficacia</span> <span class='ocrx_word' id='word_1_230' title='bbox 832 1331 972 1364; x_wconf 81' lang='lat' dir='ltr'>existere</span> <span class='ocrx_word' id='word_1_231' title='bbox 990 1336 1022 1364; x_wconf 89' lang='lat' dir='ltr'>et</span> <span class='ocrx_word' id='word_1_232' title='bbox 1046 1331 1125 1369; x_wconf 85' lang='lat' dir='ltr'>sore,</span> 
     </span>
     <span class='ocr_line' id='line_1_46' title="bbox 387 1383 1125 1429; baseline -0.003 -11"><span class='ocrx_word' id='word_1_233' title='bbox 387 1397 526 1429; x_wconf 89' lang='lat' dir='ltr'>suosque</span> <span class='ocrx_word' id='word_1_234' title='bbox 556 1385 719 1428; x_wconf 90' lang='lat' dir='ltr'>plenarios</span> <span class='ocrx_word' id='word_1_235' title='bbox 752 1389 784 1417; x_wconf 92' lang='lat' dir='ltr'>ct</span> <span class='ocrx_word' id='word_1_236' title='bbox 815 1384 960 1427; x_wconf 77' lang='lat' dir='ltr'>integros</span> <span class='ocrx_word' id='word_1_237' title='bbox 992 1383 1125 1417; x_wconf 77' lang='lat' dir='ltr'>effectus</span> 
     </span>
     <span class='ocr_line' id='line_1_47' title="bbox 387 1438 1125 1480; baseline -0.001 -10"><span class='ocrx_word' id='word_1_238' title='bbox 387 1439 495 1472; x_wconf 87' lang='lat' dir='ltr'>sortiri</span> <span class='ocrx_word' id='word_1_239' title='bbox 532 1444 564 1471; x_wconf 90' lang='lat' dir='ltr'>et</span> <span class='ocrx_word' id='word_1_240' title='bbox 597 1438 765 1479; x_wconf 89' lang='lat' dir='ltr'>obtinere,</span> <span class='ocrx_word' id='word_1_241' title='bbox 801 1448 837 1471; x_wconf 89' lang='lat' dir='ltr'>ac</span> <span class='ocrx_word' id='word_1_242' title='bbox 862 1438 943 1478; x_wconf 91' lang='lat' dir='ltr'>illis,</span> <span class='ocrx_word' id='word_1_243' title='bbox 970 1438 1009 1470; x_wconf 90' lang='lat' dir='ltr'>ad</span> <span class='ocrx_word' id='word_1_244' title='bbox 1044 1448 1125 1480; x_wconf 89' lang='lat' dir='ltr'>quos</span> 
     </span>
     <span class='ocr_line' id='line_1_48' title="bbox 387 1490 1127 1534; baseline -0.003 -10"><span class='ocrx_word' id='word_1_245' title='bbox 387 1496 515 1534; x_wconf 87' lang='lat' dir='ltr'>spectat</span> <span class='ocrx_word' id='word_1_246' title='bbox 546 1496 577 1524; x_wconf 85' lang='lat' dir='ltr'>et</span> <span class='ocrx_word' id='word_1_247' title='bbox 603 1500 662 1534; x_wconf 89' lang='lat' dir='ltr'>pro</span> <span class='ocrx_word' id='word_1_248' title='bbox 682 1496 828 1534; x_wconf 86' lang='lat' dir='ltr'>tempore</span> <span class='ocrx_word' id='word_1_249' title='bbox 849 1490 1017 1533; x_wconf 87' lang='lat' dir='ltr'>spectabit,</span> <span class='ocrx_word' id='word_1_250' title='bbox 1039 1491 1070 1523; x_wconf 90' lang='lat' dir='ltr'>in</span> <span class='ocrx_word' id='word_1_251' title='bbox 1093 1500 1127 1522; x_wconf 88' lang='lat' dir='ltr'>o-</span> 
     </span>
     <span class='ocr_line' id='line_1_49' title="bbox 388 1542 1128 1587; baseline -0.001 -10"><span class='ocrx_word' id='word_1_252' title='bbox 388 1545 516 1577; x_wconf 91' lang='lat' dir='ltr'>mnibus</span> <span class='ocrx_word' id='word_1_253' title='bbox 539 1549 570 1577; x_wconf 87' lang='lat' dir='ltr'>et</span> <span class='ocrx_word' id='word_1_254' title='bbox 594 1555 652 1587; x_wconf 89' lang='lat' dir='ltr'>per</span> <span class='ocrx_word' id='word_1_255' title='bbox 669 1543 777 1576; x_wconf 89' lang='lat' dir='ltr'>omnia</span> <span class='ocrx_word' id='word_1_256' title='bbox 802 1543 990 1586; x_wconf 83' lang='lat' dir='ltr'>plenissime</span> <span class='ocrx_word' id='word_1_257' title='bbox 1016 1542 1128 1576; x_wconf 84' lang='lat' dir='ltr'>sufl&#39;ra-</span> 
     </span>
     <span class='ocr_line' id='line_1_50' title="bbox 389 1596 1128 1641; baseline -0.003 -11"><span class='ocrx_word' id='word_1_258' title='bbox 389 1598 478 1641; x_wconf 80' lang='lat' dir='ltr'>gari,</span> <span class='ocrx_word' id='word_1_259' title='bbox 499 1602 530 1629; x_wconf 89' lang='lat' dir='ltr'>et</span> <span class='ocrx_word' id='word_1_260' title='bbox 555 1598 593 1629; x_wconf 86' lang='lat' dir='ltr'>ab</span> <span class='ocrx_word' id='word_1_261' title='bbox 619 1596 664 1630; x_wconf 89' lang='lat' dir='ltr'>eis</span> <span class='ocrx_word' id='word_1_262' title='bbox 689 1597 869 1640; x_wconf 85' lang='lat' dir='ltr'>respective</span> <span class='ocrx_word' id='word_1_263' title='bbox 894 1596 1128 1629; x_wconf 75' lang='lat' dir='ltr'>inviolabiliter</span> 
     </span>
     <span class='ocr_line' id='line_1_51' title="bbox 389 1650 1129 1694; baseline -0.001 -10"><span class='ocrx_word' id='word_1_264' title='bbox 389 1651 580 1690; x_wconf 76' lang='lat' dir='ltr'>observari,</span> <span class='ocrx_word' id='word_1_265' title='bbox 618 1651 730 1693; x_wconf 84' lang='lat' dir='ltr'>sieque</span> <span class='ocrx_word' id='word_1_266' title='bbox 768 1650 799 1682; x_wconf 93' lang='lat' dir='ltr'>in</span> <span class='ocrx_word' id='word_1_267' title='bbox 841 1650 1029 1693; x_wconf 84' lang='lat' dir='ltr'>praemissis</span> <span class='ocrx_word' id='word_1_268' title='bbox 1068 1661 1129 1694; x_wconf 87' lang='lat' dir='ltr'>per</span> 
     </span>
     <span class='ocr_line' id='line_1_52' title="bbox 389 1703 1128 1747; baseline 0.001 -12"><span class='ocrx_word' id='word_1_269' title='bbox 389 1714 612 1747; x_wconf 85' lang='lat' dir='ltr'>quoscumque</span> <span class='ocrx_word' id='word_1_270' title='bbox 638 1703 761 1735; x_wconf 84' lang='lat' dir='ltr'>iudices</span> <span class='ocrx_word' id='word_1_271' title='bbox 795 1703 980 1736; x_wconf 85' lang='lat' dir='ltr'>ordinarios</span> <span class='ocrx_word' id='word_1_272' title='bbox 1017 1709 1048 1736; x_wconf 90' lang='lat' dir='ltr'>et</span> <span class='ocrx_word' id='word_1_273' title='bbox 1073 1705 1128 1736; x_wconf 91' lang='lat' dir='ltr'>de-</span> 
     </span>
     <span class='ocr_line' id='line_1_53' title="bbox 389 1756 1129 1800; baseline 0.001 -11"><span class='ocrx_word' id='word_1_274' title='bbox 389 1758 524 1799; x_wconf 75' lang='lat' dir='ltr'>legatos,</span> <span class='ocrx_word' id='word_1_275' title='bbox 546 1756 641 1789; x_wconf 84' lang='lat' dir='ltr'>etiam</span> <span class='ocrx_word' id='word_1_276' title='bbox 666 1767 836 1789; x_wconf 83' lang='lat' dir='ltr'>causarum</span> <span class='ocrx_word' id='word_1_277' title='bbox 862 1756 972 1800; x_wconf 86' lang='lat' dir='ltr'>palatii</span> <span class='ocrx_word' id='word_1_278' title='bbox 997 1762 1129 1800; x_wconf 88' lang='lat' dir='ltr'>aposto-</span> 
     </span>
     <span class='ocr_line' id='line_1_54' title="bbox 389 1810 1127 1851; baseline 0 -7"><span class='ocrx_word' id='word_1_279' title='bbox 389 1811 440 1844; x_wconf 91' lang='lat' dir='ltr'>lici</span> <span class='ocrx_word' id='word_1_280' title='bbox 460 1811 639 1850; x_wconf 83' lang='lat' dir='ltr'>auditores,</span> <span class='ocrx_word' id='word_1_281' title='bbox 656 1810 791 1843; x_wconf 83' lang='lat' dir='ltr'>iudicari</span> <span class='ocrx_word' id='word_1_282' title='bbox 807 1816 838 1844; x_wconf 89' lang='lat' dir='ltr'>et</span> <span class='ocrx_word' id='word_1_283' title='bbox 851 1810 979 1843; x_wconf 88' lang='lat' dir='ltr'>definiri</span> <span class='ocrx_word' id='word_1_284' title='bbox 997 1811 1127 1851; x_wconf 87' lang='lat' dir='ltr'>debere,</span> 
     </span>
     <span class='ocr_line' id='line_1_55' title="bbox 390 1864 1128 1908; baseline 0 -11"><span class='ocrx_word' id='word_1_285' title='bbox 390 1876 427 1897; x_wconf 90' lang='lat' dir='ltr'>ac</span> <span class='ocrx_word' id='word_1_286' title='bbox 452 1864 582 1896; x_wconf 88' lang='lat' dir='ltr'>irritum</span> <span class='ocrx_word' id='word_1_287' title='bbox 619 1869 650 1896; x_wconf 90' lang='lat' dir='ltr'>et</span> <span class='ocrx_word' id='word_1_288' title='bbox 675 1864 772 1896; x_wconf 83' lang='lat' dir='ltr'>inane</span> <span class='ocrx_word' id='word_1_289' title='bbox 792 1864 816 1896; x_wconf 90' lang='lat' dir='ltr'>si</span> <span class='ocrx_word' id='word_1_290' title='bbox 835 1874 926 1897; x_wconf 86' lang='lat' dir='ltr'>secus</span> <span class='ocrx_word' id='word_1_291' title='bbox 951 1875 1050 1908; x_wconf 88' lang='lat' dir='ltr'>super</span> <span class='ocrx_word' id='word_1_292' title='bbox 1078 1864 1128 1897; x_wconf 88' lang='lat' dir='ltr'>his</span> 
     </span>
     <span class='ocr_line' id='line_1_56' title="bbox 391 1916 1129 1960; baseline 0 -10"><span class='ocrx_word' id='word_1_293' title='bbox 391 1929 407 1950; x_wconf 90' lang='lat' dir='ltr'>a</span> <span class='ocrx_word' id='word_1_294' title='bbox 434 1927 598 1960; x_wconf 85' lang='lat' dir='ltr'>quoquam</span> <span class='ocrx_word' id='word_1_295' title='bbox 616 1943 623 1956; x_wconf 94' lang='lat'>,</span> <span class='ocrx_word' id='word_1_296' title='bbox 649 1916 761 1959; x_wconf 86' lang='lat' dir='ltr'>quavis</span> <span class='ocrx_word' id='word_1_297' title='bbox 793 1917 998 1958; x_wconf 86' lang='lat' dir='ltr'>auctoritate,</span> <span class='ocrx_word' id='word_1_298' title='bbox 1026 1918 1129 1951; x_wconf 88' lang='lat' dir='ltr'>scien-</span> 
     </span>
     <span class='ocr_line' id='line_1_57' title="bbox 393 1971 1126 2013; baseline 0.001 -10"><span class='ocrx_word' id='word_1_299' title='bbox 393 1976 440 2004; x_wconf 88' lang='lat' dir='ltr'>ter</span> <span class='ocrx_word' id='word_1_300' title='bbox 465 1972 515 2004; x_wconf 87' lang='lat' dir='ltr'>vel</span> <span class='ocrx_word' id='word_1_301' title='bbox 538 1971 740 2013; x_wconf 83' lang='lat' dir='ltr'>ignoranter,</span> <span class='ocrx_word' id='word_1_302' title='bbox 763 1971 940 2013; x_wconf 78' lang='lat' dir='ltr'>contigerit</span> <span class='ocrx_word' id='word_1_303' title='bbox 963 1971 1126 2005; x_wconf 88' lang='lat' dir='ltr'>attentari.</span> 
     </span>
    </p>
   </div>
   <div class='ocr_carea' id='block_1_15' title="bbox 391 2023 1598 2280">
    <p class='ocr_par' dir='ltr' id='par_1_15' title="bbox 391 2023 1598 2280">
     <span class='ocr_line' id='line_1_58' title="bbox 435 2023 1154 2070; baseline 0.003 -14"><span class='ocrx_word' id='word_1_304' title='bbox 435 2024 449 2067; x_wconf 65' lang='grc' dir='ltr'>ξ,</span> <span class='ocrx_word' id='word_1_305' title='bbox 474 2023 504 2056; x_wconf 82' lang='lat'>8.</span> <span class='ocrx_word' id='word_1_306' title='bbox 533 2023 602 2056; x_wconf 83' lang='lat' dir='ltr'>Non</span> <span class='ocrx_word' id='word_1_307' title='bbox 628 2023 834 2056; x_wconf 81' lang='lat' dir='ltr'>obstantibus</span> <span class='ocrx_word' id='word_1_308' title='bbox 858 2024 1063 2067; x_wconf 82' lang='lat' dir='ltr'>praemissis,</span> <span class='ocrx_word' id='word_1_309' title='bbox 1094 2026 1154 2070; x_wconf 50' lang='lat' dir='ltr'>aci</span> 
     </span>
     <span class='ocr_line' id='line_1_59' title="bbox 391 2072 1598 2121; baseline -0.004 -11"><span class='ocrx_word' id='word_1_310' title='bbox 391 2077 679 2110; x_wconf 85' lang='lat' dir='ltr'>constitutionibus</span> <span class='ocrx_word' id='word_1_311' title='bbox 712 2082 744 2110; x_wconf 91' lang='lat' dir='ltr'>et</span> <span class='ocrx_word' id='word_1_312' title='bbox 772 2077 1031 2110; x_wconf 86' lang='lat' dir='ltr'>ordinationibus</span> <span class='ocrx_word' id='word_1_313' title='bbox 1056 2088 1133 2121; x_wconf 84' lang='lat' dir='ltr'>apo·</span> <span class='ocrx_word' id='word_1_314' title='bbox 1151 2072 1154 2107; x_wconf 65' lang='lat'>&#39;.</span> <span class='ocrx_word' id='word_1_315' title='bbox 1173 2075 1223 2108; x_wconf 89' lang='lat' dir='ltr'>nis</span> <span class='ocrx_word' id='word_1_316' title='bbox 1251 2074 1435 2108; x_wconf 82' lang='lat' dir='ltr'>Alexander</span> <span class='ocrx_word' id='word_1_317' title='bbox 1463 2074 1547 2117; x_wconf 85' lang='lat' dir='ltr'>Papa</span> <span class='ocrx_word' id='word_1_318' title='bbox 1576 2074 1598 2105; x_wconf 76' lang='lat' dir='ltr'><strong>V</strong></span> 
     </span>
     <span class='ocr_line' id='line_1_60' title="bbox 392 2131 1133 2174; baseline 0.001 -11"><span class='ocrx_word' id='word_1_319' title='bbox 392 2131 525 2170; x_wconf 86' lang='lat' dir='ltr'>stolicis,</span> <span class='ocrx_word' id='word_1_320' title='bbox 552 2141 691 2171; x_wconf 88' lang='lat' dir='ltr'>necnon,</span> <span class='ocrx_word' id='word_1_321' title='bbox 718 2136 878 2174; x_wconf 81' lang='lat' dir='ltr'>quatenus</span> <span class='ocrx_word' id='word_1_322' title='bbox 900 2142 980 2174; x_wconf 90' lang='lat' dir='ltr'>opus</span> <span class='ocrx_word' id='word_1_323' title='bbox 1005 2131 1057 2172; x_wconf 78' lang='lat' dir='ltr'>sit,</span> <span class='ocrx_word' id='word_1_324' title='bbox 1086 2132 1133 2164; x_wconf 91' lang='lat' dir='ltr'>di-</span> 
     </span>
     <span class='ocr_line' id='line_1_61' title="bbox 394 2183 1134 2227; baseline 0.001 -12"><span class='ocrx_word' id='word_1_325' title='bbox 394 2184 435 2216; x_wconf 86' lang='lat' dir='ltr'>cti</span> <span class='ocrx_word' id='word_1_326' title='bbox 451 2183 591 2223; x_wconf 85' lang='lat' dir='ltr'>Ordinis,</span> <span class='ocrx_word' id='word_1_327' title='bbox 610 2183 741 2227; x_wconf 82' lang='lat' dir='ltr'>eiusque</span> <span class='ocrx_word' id='word_1_328' title='bbox 760 2184 1000 2226; x_wconf 85' lang='lat' dir='ltr'>provinciarum</span> <span class='ocrx_word' id='word_1_329' title='bbox 1019 2189 1048 2217; x_wconf 90' lang='lat' dir='ltr'>et</span> <span class='ocrx_word' id='word_1_330' title='bbox 1067 2195 1134 2217; x_wconf 93' lang='lat' dir='ltr'>mo-</span> 
     </span>
     <span class='ocr_line' id='line_1_62' title="bbox 394 2237 1134 2280; baseline -0.001 -10"><span class='ocrx_word' id='word_1_331' title='bbox 394 2238 624 2277; x_wconf 83' lang='lat' dir='ltr'>nasteriorum,</span> <span class='ocrx_word' id='word_1_332' title='bbox 652 2238 760 2270; x_wconf 83' lang='lat' dir='ltr'>aliisve</span> <span class='ocrx_word' id='word_1_333' title='bbox 781 2237 956 2280; x_wconf 78' lang='lat' dir='ltr'>quibusvis,</span> <span class='ocrx_word' id='word_1_334' title='bbox 976 2237 1071 2271; x_wconf 88' lang='lat' dir='ltr'>etiam</span> <span class='ocrx_word' id='word_1_335' title='bbox 1088 2238 1134 2270; x_wconf 90' lang='lat' dir='ltr'>iu-</span> 
     </span>
    </p>
   </div>
   <div class='ocr_carea' id='block_1_16' title="bbox 395 2290 1132 2334">
    <p class='ocr_par' dir='ltr' id='par_1_16' title="bbox 395 2290 1132 2334">
     <span class='ocr_line' id='line_1_63' title="bbox 395 2290 1132 2334; baseline 0.001 -11"><span class='ocrx_word' id='word_1_336' title='bbox 395 2296 559 2330; x_wconf 84' lang='lat' dir='ltr'>ramento,</span> <span class='ocrx_word' id='word_1_337' title='bbox 589 2290 835 2324; x_wconf 78' lang='lat' dir='ltr'>confirmatione</span> <span class='ocrx_word' id='word_1_338' title='bbox 864 2291 1054 2334; x_wconf 78' lang='lat' dir='ltr'>apostolica,</span> <span class='ocrx_word' id='word_1_339' title='bbox 1083 2292 1132 2324; x_wconf 83' lang='lat' dir='ltr'>vel</span> 
     </span>
    </p>
   </div>
   <div class='ocr_carea' id='block_1_17' title="bbox 397 2343 1133 2386">
    <p class='ocr_par' dir='ltr' id='par_1_17' title="bbox 397 2343 1133 2386">
     <span class='ocr_line' id='line_1_64' title="bbox 397 2343 1133 2386; baseline 0.001 -11"><span class='ocrx_word' id='word_1_340' title='bbox 397 2343 504 2386; x_wconf 79' lang='lat' dir='ltr'>quavis</span> <span class='ocrx_word' id='word_1_341' title='bbox 537 2343 687 2376; x_wconf 84' lang='lat' dir='ltr'>firmitate</span> <span class='ocrx_word' id='word_1_342' title='bbox 717 2343 779 2376; x_wconf 77' lang='lat' dir='ltr'>alia</span> <span class='ocrx_word' id='word_1_343' title='bbox 810 2343 982 2383; x_wconf 88' lang='lat' dir='ltr'>roboratis,</span> <span class='ocrx_word' id='word_1_344' title='bbox 1007 2344 1133 2377; x_wconf 86' lang='lat' dir='ltr'>statutis</span> 
     </span>
    </p>
   </div>
   <div class='ocr_carea' id='block_1_18' title="bbox 1202 1335 1853 1372">
    <p class='ocr_par' dir='ltr' id='par_1_18' title="bbox 1202 1335 1853 1372">
     <span class='ocr_line' id='line_1_65' title="bbox 1202 1335 1853 1372; baseline 0.002 -7"><span class='ocrx_word' id='word_1_345' title='bbox 1202 1337 1259 1365; x_wconf 84' lang='lat' dir='ltr'>Dat.</span> <span class='ocrx_word' id='word_1_346' title='bbox 1275 1336 1319 1364; x_wconf 79' lang='lat' dir='ltr'>dle</span> <span class='ocrx_word' id='word_1_347' title='bbox 1335 1335 1368 1363; x_wconf 68' lang='lat'>27</span> <span class='ocrx_word' id='word_1_348' title='bbox 1388 1336 1477 1364; x_wconf 88' lang='lat' dir='ltr'>martii</span> <span class='ocrx_word' id='word_1_349' title='bbox 1499 1335 1579 1371; x_wconf 77' lang='lat'>¹688,</span> <span class='ocrx_word' id='word_1_350' title='bbox 1598 1337 1696 1372; x_wconf 81' lang='lat' dir='ltr'>pontif.</span> <span class='ocrx_word' id='word_1_351' title='bbox 1717 1345 1787 1365; x_wconf 84' lang='lat' dir='ltr'>anno</span> <span class='ocrx_word' id='word_1_352' title='bbox 1804 1344 1853 1366; x_wconf 76' lang='grc' dir='ltr'>ΧΠ.</span> 
     </span>
    </p>
   </div>
   <div class='ocr_carea' id='block_1_19' title="bbox 1475 1480 1600 1514">
    <p class='ocr_par' dir='ltr' id='par_1_19' title="bbox 1475 1480 1600 1514">
     <span class='ocr_line' id='line_1_66' title="bbox 1475 1480 1600 1514; baseline 0.008 -1"><span class='ocrx_word' id='word_1_353' title='bbox 1475 1480 1600 1514; x_wconf 86' lang='lat' dir='ltr'><strong>CXCVI.</strong></span> 
     </span>
    </p>
   </div>
   <div class='ocr_carea' id='block_1_20' title="bbox 1170 1561 1910 1870">
    <p class='ocr_par' dir='ltr' id='par_1_20' title="bbox 1170 1561 1910 1870">
     <span class='ocr_line' id='line_1_67' title="bbox 1170 1561 1907 1606; baseline 0 -10"><span class='ocrx_word' id='word_1_354' title='bbox 1170 1562 1392 1604; x_wconf 76' lang='lat' dir='ltr'>Confirmatur</span> <span class='ocrx_word' id='word_1_355' title='bbox 1427 1561 1589 1595; x_wconf 81' lang='lat' dir='ltr'>decretum</span> <span class='ocrx_word' id='word_1_356' title='bbox 1635 1562 1907 1606; x_wconf 62' lang='lat' dir='ltr'>Conyreyationis</span> 
     </span>
     <span class='ocr_line' id='line_1_68' title="bbox 1212 1614 1907 1649; baseline 0.001 -2"><span class='ocrx_word' id='word_1_357' title='bbox 1212 1616 1350 1648; x_wconf 72' lang='lat' dir='ltr'>Rituum</span> <span class='ocrx_word' id='word_1_358' title='bbox 1375 1614 1544 1647; x_wconf 76' lang='lat' dir='ltr'>declarans</span> <span class='ocrx_word' id='word_1_359' title='bbox 1568 1615 1813 1648; x_wconf 76' lang='lat' dir='ltr'>constitutiones</span> <span class='ocrx_word' id='word_1_360' title='bbox 1837 1615 1907 1649; x_wconf 86' lang='lat' dir='ltr'>Cle-</span> 
     </span>
     <span class='ocr_line' id='line_1_69' title="bbox 1213 1667 1909 1701; baseline 0.001 -2"><span class='ocrx_word' id='word_1_361' title='bbox 1213 1668 1328 1700; x_wconf 78' lang='lat' dir='ltr'>mentis</span> <span class='ocrx_word' id='word_1_362' title='bbox 1358 1667 1443 1700; x_wconf 87' lang='lat' dir='ltr'><em>VIII</em></span> <span class='ocrx_word' id='word_1_363' title='bbox 1465 1671 1494 1700; x_wconf 80' lang='lat' dir='ltr'>el</span> <span class='ocrx_word' id='word_1_364' title='bbox 1531 1667 1703 1701; x_wconf 77' lang='lat' dir='ltr'>Clementis</span> <span class='ocrx_word' id='word_1_365' title='bbox 1737 1668 1787 1701; x_wconf 87' lang='lat' dir='ltr'>IX</span> <span class='ocrx_word' id='word_1_366' title='bbox 1821 1669 1909 1700; x_wconf 76' lang='lat' dir='ltr'>circa</span> 
     </span>
     <span class='ocr_line' id='line_1_70' title="bbox 1214 1721 1910 1764; baseline -0.003 -11"><span class='ocrx_word' id='word_1_367' title='bbox 1214 1721 1329 1754; x_wconf 82' lang='lat' dir='ltr'>missas</span> <span class='ocrx_word' id='word_1_368' title='bbox 1355 1721 1393 1753; x_wconf 83' lang='lat' dir='ltr'>de</span> <span class='ocrx_word' id='word_1_369' title='bbox 1411 1721 1503 1764; x_wconf 79' lang='lat' dir='ltr'>festo,</span> <span class='ocrx_word' id='word_1_370' title='bbox 1531 1721 1597 1754; x_wconf 82' lang='lat' dir='ltr'>Ioco</span> <span class='ocrx_word' id='word_1_371' title='bbox 1624 1721 1761 1753; x_wconf 80' lang='lat' dir='ltr'>illarum</span> <span class='ocrx_word' id='word_1_372' title='bbox 1786 1721 1824 1754; x_wconf 79' lang='lat' dir='ltr'>cle</span> <span class='ocrx_word' id='word_1_373' title='bbox 1848 1721 1910 1754; x_wconf 52' lang='lat' dir='ltr'>Re,</span> 
     </span>
     <span class='ocr_line' id='line_1_71' title="bbox 1215 1773 1907 1817; baseline 0.001 -12"><span class='ocrx_word' id='word_1_374' title='bbox 1215 1774 1333 1817; x_wconf 86' lang='lat' dir='ltr'>quiem,</span> <span class='ocrx_word' id='word_1_375' title='bbox 1351 1774 1388 1806; x_wconf 76' lang='lat' dir='ltr'>in</span> <span class='ocrx_word' id='word_1_376' title='bbox 1408 1773 1573 1806; x_wconf 74' lang='lat' dir='ltr'>altaribus</span> <span class='ocrx_word' id='word_1_377' title='bbox 1597 1774 1817 1817; x_wconf 70' lang='lat' dir='ltr'>privileqiatis</span> <span class='ocrx_word' id='word_1_378' title='bbox 1841 1773 1907 1806; x_wconf 82' lang='lat' dir='ltr'>die-</span> 
     </span>
     <span class='ocr_line' id='line_1_72' title="bbox 1213 1825 1728 1870; baseline 0.002 -11"><span class='ocrx_word' id='word_1_379' title='bbox 1213 1827 1270 1860; x_wconf 84' lang='lat' dir='ltr'>bus</span> <span class='ocrx_word' id='word_1_380' title='bbox 1295 1826 1462 1870; x_wconf 78' lang='lat' dir='ltr'>impeditis</span> <span class='ocrx_word' id='word_1_381' title='bbox 1485 1825 1728 1860; x_wconf 51' lang='lat' dir='ltr'>celebrandas&amp;</span> 
     </span>
    </p>
   </div>
   <div class='ocr_carea' id='block_1_21' title="bbox 1293 1905 1781 1984">
    <p class='ocr_par' dir='ltr' id='par_1_21' title="bbox 1293 1905 1781 1984">
     <span class='ocr_line' id='line_1_73' title="bbox 1359 1905 1721 1939; baseline 0 -6"><span class='ocrx_word' id='word_1_382' title='bbox 1359 1906 1553 1933; x_wconf 80' lang='lat' dir='ltr'>Innocentius</span> <span class='ocrx_word' id='word_1_383' title='bbox 1574 1905 1650 1939; x_wconf 76' lang='lat' dir='ltr'>Papa</span> <span class='ocrx_word' id='word_1_384' title='bbox 1670 1906 1721 1939; x_wconf 82' lang='lat' dir='ltr'>XI,</span> 
     </span>
     <span class='ocr_line' id='line_1_74' title="bbox 1293 1950 1781 1984; baseline -0.002 -6"><span class='ocrx_word' id='word_1_385' title='bbox 1293 1951 1329 1978; x_wconf 81' lang='lat' dir='ltr'>ad</span> <span class='ocrx_word' id='word_1_386' title='bbox 1347 1953 1522 1984; x_wconf 78' lang='lat' dir='ltr'>perpetuam</span> <span class='ocrx_word' id='word_1_387' title='bbox 1541 1950 1585 1977; x_wconf 82' lang='lat' dir='ltr'>roi</span> <span class='ocrx_word' id='word_1_388' title='bbox 1600 1951 1781 1977; x_wconf 78' lang='lat' dir='ltr'>memoriam.</span> 
     </span>
    </p>
   </div>
   <div class='ocr_carea' id='block_1_22' title="bbox 1216 2021 1912 2066">
    <p class='ocr_par' dir='ltr' id='par_1_22' title="bbox 1216 2021 1912 2066">
     <span class='ocr_line' id='line_1_75' title="bbox 1216 2021 1912 2066; baseline 0.001 -12"><span class='ocrx_word' id='word_1_389' title='bbox 1216 2022 1275 2066; x_wconf 62' lang='lat' dir='ltr'>gf.</span> <span class='ocrx_word' id='word_1_390' title='bbox 1294 2022 1379 2054; x_wconf 74' lang='lat' dir='ltr'>Alias</span> <span class='ocrx_word' id='word_1_391' title='bbox 1393 2021 1579 2064; x_wconf 86' lang='lat' dir='ltr'>(postquam</span> <span class='ocrx_word' id='word_1_392' title='bbox 1599 2021 1700 2054; x_wconf 78' lang='lat' dir='ltr'>seticis</span> <span class='ocrx_word' id='word_1_393' title='bbox 1713 2022 1912 2056; x_wconf 82' lang='lat' dir='ltr'>recordatio-</span> 
     </span>
    </p>
   </div>
   <div class='ocr_carea' id='block_1_23' title="bbox 1174 2128 1912 2278">
    <p class='ocr_par' dir='ltr' id='par_1_23' title="bbox 1174 2128 1912 2278">
     <span class='ocr_line' id='line_1_76' title="bbox 1174 2128 1912 2172; baseline -0.001 -10"><span class='ocrx_word' id='word_1_394' title='bbox 1174 2134 1296 2168; x_wconf 85' lang='lat' dir='ltr'>noster,</span> <span class='ocrx_word' id='word_1_395' title='bbox 1313 2139 1372 2172; x_wconf 90' lang='lat' dir='ltr'>per</span> <span class='ocrx_word' id='word_1_396' title='bbox 1385 2128 1539 2171; x_wconf 87' lang='lat' dir='ltr'>quasdam</span> <span class='ocrx_word' id='word_1_397' title='bbox 1558 2139 1630 2160; x_wconf 86' lang='lat' dir='ltr'>suas</span> <span class='ocrx_word' id='word_1_398' title='bbox 1647 2128 1677 2160; x_wconf 92' lang='lat' dir='ltr'>in</span> <span class='ocrx_word' id='word_1_399' title='bbox 1694 2128 1788 2162; x_wconf 89' lang='lat' dir='ltr'>simili</span> <span class='ocrx_word' id='word_1_400' title='bbox 1808 2129 1912 2162; x_wconf 71' lang='lat' dir='ltr'>forma</span> 
     </span>
     <span class='ocr_line' id='line_1_77' title="bbox 1175 2180 1912 2225; baseline -0.001 -10"><span class='ocrx_word' id='word_1_401' title='bbox 1175 2182 1283 2215; x_wconf 87' lang='lat' dir='ltr'>Brevis</span> <span class='ocrx_word' id='word_1_402' title='bbox 1302 2182 1354 2214; x_wconf 89' lang='lat' dir='ltr'>die</span> <span class='ocrx_word' id='word_1_403' title='bbox 1371 2192 1409 2214; x_wconf 84' lang='lat' dir='ltr'>xx</span> <span class='ocrx_word' id='word_1_404' title='bbox 1426 2180 1562 2214; x_wconf 88' lang='lat' dir='ltr'>ianuarii</span> <span class='ocrx_word' id='word_1_405' title='bbox 1577 2180 1735 2214; x_wconf 67' lang='lat' dir='ltr'>itinctxui&#39;</span> <span class='ocrx_word' id='word_1_406' title='bbox 1745 2181 1912 2225; x_wconf 79' lang='lat' dir='ltr'>expeditas</span> 
     </span>
     <span class='ocr_line' id='line_1_78' title="bbox 1175 2233 1912 2278; baseline 0.001 -11"><span class='ocrx_word' id='word_1_407' title='bbox 1175 2235 1308 2275; x_wconf 84' lang='lat' dir='ltr'>litteras,</span> <span class='ocrx_word' id='word_1_408' title='bbox 1324 2235 1421 2267; x_wconf 88' lang='lat' dir='ltr'>dubia</span> <span class='ocrx_word' id='word_1_409' title='bbox 1439 2235 1469 2267; x_wconf 91' lang='lat' dir='ltr'>in</span> <span class='ocrx_word' id='word_1_410' title='bbox 1489 2233 1623 2267; x_wconf 79' lang='lat' dir='ltr'>diversis</span> <span class='ocrx_word' id='word_1_411' title='bbox 1638 2234 1747 2267; x_wconf 86' lang='lat' dir='ltr'>mundi</span> <span class='ocrx_word' id='word_1_412' title='bbox 1766 2233 1912 2278; x_wconf 87' lang='lat' dir='ltr'>partibus</span> 
     </span>
    </p>
   </div>
   <div class='ocr_carea' id='block_1_24' title="bbox 1175 2304 1916 2386">
    <p class='ocr_par' dir='ltr' id='par_1_24' title="bbox 1175 2304 1916 2386">
     <span class='ocr_line' id='line_1_79' title="bbox 1211 2304 1916 2333; baseline 0 -1"><span class='ocrx_word' id='word_1_413' title='bbox 1211 2308 1219 2332; x_wconf 77' lang='lat' dir='ltr'>t</span> <span class='ocrx_word' id='word_1_414' title='bbox 1245 2306 1338 2333; x_wconf 84' lang='lat' dir='ltr'>Prima</span> <span class='ocrx_word' id='word_1_415' title='bbox 1348 2314 1379 2332; x_wconf 89' lang='lat' dir='ltr'>ex</span> <span class='ocrx_word' id='word_1_416' title='bbox 1394 2305 1509 2333; x_wconf 85' lang='lat' dir='ltr'>laudatis</span> <span class='ocrx_word' id='word_1_417' title='bbox 1525 2304 1762 2333; x_wconf 80' lang='lat' dir='ltr'>constitutionibus</span> <span class='ocrx_word' id='word_1_418' title='bbox 1777 2304 1848 2332; x_wconf 76' lang='lat' dir='ltr'>edita</span> <span class='ocrx_word' id='word_1_419' title='bbox 1864 2304 1916 2332; x_wconf 80' lang='lat' dir='ltr'>suit</span> 
     </span>
     <span class='ocr_line' id='line_1_80' title="bbox 1175 2349 1914 2386; baseline -0.003 -9"><span class='ocrx_word' id='word_1_420' title='bbox 1175 2357 1269 2384; x_wconf 71' lang='lat' dir='ltr'>noctu,</span> <span class='ocrx_word' id='word_1_421' title='bbox 1291 2350 1333 2377; x_wconf 86' lang='lat' dir='ltr'>die</span> <span class='ocrx_word' id='word_1_422' title='bbox 1353 2350 1386 2376; x_wconf 66' lang='lat'>22</span> <span class='ocrx_word' id='word_1_423' title='bbox 1406 2350 1531 2384; x_wconf 83' lang='lat' dir='ltr'>ianuarii,</span> <span class='ocrx_word' id='word_1_424' title='bbox 1558 2349 1651 2386; x_wconf 80' lang='lat' dir='ltr'>pontis.</span> <span class='ocrx_word' id='word_1_425' title='bbox 1673 2356 1724 2382; x_wconf 70' lang='grc' dir='ltr'>ΧΠ,</span> <span class='ocrx_word' id='word_1_426' title='bbox 1746 2349 1829 2376; x_wconf 86' lang='lat' dir='ltr'>altera</span> <span class='ocrx_word' id='word_1_427' title='bbox 1850 2357 1914 2376; x_wconf 78' lang='lat' dir='ltr'>vero</span> 
     </span>
    </p>
   </div>
   <div class='ocr_carea' id='block_1_25' title="bbox 398 2393 1913 2440">
    <p class='ocr_par' dir='ltr' id='par_1_25' title="bbox 398 2393 1913 2440">
     <span class='ocr_line' id='line_1_81' title="bbox 398 2393 1913 2440; baseline 0.001 -12"><span class='ocrx_word' id='word_1_428' title='bbox 398 2401 428 2428; x_wconf 89' lang='lat' dir='ltr'>et</span> <span class='ocrx_word' id='word_1_429' title='bbox 442 2396 740 2435; x_wconf 84' lang='lat' dir='ltr'>consuetudinibus,</span> <span class='ocrx_word' id='word_1_430' title='bbox 754 2396 932 2440; x_wconf 83' lang='lat' dir='ltr'>privilegiis</span> <span class='ocrx_word' id='word_1_431' title='bbox 949 2406 1078 2440; x_wconf 86' lang='lat' dir='ltr'>quoque</span> <span class='ocrx_word' id='word_1_432' title='bbox 1104 2402 1136 2430; x_wconf 91' lang='lat' dir='ltr'>et</span> <span class='ocrx_word' id='word_1_433' title='bbox 1175 2401 1297 2426; x_wconf 62' lang='lat' dir='ltr'>tfflssfflx·</span> <span class='ocrx_word' id='word_1_434' title='bbox 1319 2394 1361 2421; x_wconf 80' lang='lat' dir='ltr'>die</span> <span class='ocrx_word' id='word_1_435' title='bbox 1384 2394 1415 2421; x_wconf 84' lang='lat'>¹3</span> <span class='ocrx_word' id='word_1_436' title='bbox 1429 2394 1600 2428; x_wconf 72' lang='lat' dir='ltr'>septembris,</span> <span class='ocrx_word' id='word_1_437' title='bbox 1617 2393 1710 2429; x_wconf 74' lang='lat' dir='ltr'>pontif.</span> <span class='ocrx_word' id='word_1_438' title='bbox 1728 2399 1766 2421; x_wconf 86' lang='lat'>¹¹¹-</span> <span class='ocrx_word' id='word_1_439' title='bbox 1784 2393 1811 2420; x_wconf 77' lang='lat'>¹¹¹</span> <span class='ocrx_word' id='word_1_440' title='bbox 1828 2397 1913 2420; x_wconf 64' lang='lat'>‘⁰¹¹⁵‘-</span> 
     </span>
    </p>
   </div>
   <div class='ocr_carea' id='block_1_26' title="bbox 397 2448 1136 2599">
    <p class='ocr_par' dir='ltr' id='par_1_26' title="bbox 397 2448 1136 2599">
     <span class='ocr_line' id='line_1_82' title="bbox 397 2448 1135 2493; baseline 0.003 -13"><span class='ocrx_word' id='word_1_441' title='bbox 397 2448 515 2481; x_wconf 72' lang='lat' dir='ltr'>litteris</span> <span class='ocrx_word' id='word_1_442' title='bbox 541 2449 729 2491; x_wconf 80' lang='lat' dir='ltr'>apostolicis</span> <span class='ocrx_word' id='word_1_443' title='bbox 755 2449 785 2481; x_wconf 93' lang='lat' dir='ltr'>in</span> <span class='ocrx_word' id='word_1_444' title='bbox 813 2449 1009 2482; x_wconf 89' lang='lat' dir='ltr'>contrarium</span> <span class='ocrx_word' id='word_1_445' title='bbox 1040 2459 1135 2493; x_wconf 89' lang='lat' dir='ltr'>prae-</span> 
     </span>
     <span class='ocr_line' id='line_1_83' title="bbox 399 2500 1136 2544; baseline 0.005 -12"><span class='ocrx_word' id='word_1_446' title='bbox 399 2500 571 2533; x_wconf 67' lang='lat' dir='ltr'>missorum</span> <span class='ocrx_word' id='word_1_447' title='bbox 597 2503 842 2544; x_wconf 88' lang='lat' dir='ltr'>quomodolibet</span> <span class='ocrx_word' id='word_1_448' title='bbox 866 2503 1041 2542; x_wconf 83' lang='lat' dir='ltr'>concessis,</span> <span class='ocrx_word' id='word_1_449' title='bbox 1062 2513 1136 2536; x_wconf 91' lang='lat' dir='ltr'>con-</span> 
     </span>
     <span class='ocr_line' id='line_1_84' title="bbox 401 2552 1136 2599; baseline 0.005 -15"><span class='ocrx_word' id='word_1_450' title='bbox 401 2552 533 2585; x_wconf 79' lang='lat' dir='ltr'>firmatis</span> <span class='ocrx_word' id='word_1_451' title='bbox 568 2559 598 2587; x_wconf 90' lang='lat' dir='ltr'>et</span> <span class='ocrx_word' id='word_1_452' title='bbox 629 2554 803 2596; x_wconf 83' lang='lat' dir='ltr'>innovat.is;</span> <span class='ocrx_word' id='word_1_453' title='bbox 835 2556 951 2599; x_wconf 81' lang='lat' dir='ltr'>quibus</span> <span class='ocrx_word' id='word_1_454' title='bbox 984 2555 1136 2589; x_wconf 86' lang='lat' dir='ltr'>omnibus</span> 
     </span>
    </p>
   </div>
   <div class='ocr_carea' id='block_1_27' title="bbox 438 2614 1135 2654">
    <p class='ocr_par' dir='ltr' id='par_1_27' title="bbox 438 2614 1135 2654">
     <span class='ocr_line' id='line_1_85' title="bbox 438 2614 1135 2654; baseline 0.003 -12"><span class='ocrx_word' id='word_1_455' title='bbox 438 2616 449 2642; x_wconf 81' lang='lat'>1</span> <span class='ocrx_word' id='word_1_456' title='bbox 472 2614 536 2642; x_wconf 77' lang='lat' dir='ltr'>Male</span> <span class='ocrx_word' id='word_1_457' title='bbox 557 2615 620 2642; x_wconf 87' lang='lat' dir='ltr'>edit.</span> <span class='ocrx_word' id='word_1_458' title='bbox 642 2616 723 2643; x_wconf 62' lang='lat' dir='ltr'>Maia,</span> <span class='ocrx_word' id='word_1_459' title='bbox 739 2617 800 2653; x_wconf 77' lang='lat' dir='ltr'>legit</span> <span class='ocrx_word' id='word_1_460' title='bbox 819 2621 1023 2646; x_wconf 70' lang='lat' dir='ltr'>consueverunt</span> <span class='ocrx_word' id='word_1_461' title='bbox 1040 2617 1135 2654; x_wconf 54' lang='grc' dir='ltr'>(αλκ).</span> 
     </span>
    </p>
   </div>
   <div class='ocr_carea' id='block_1_28' title="bbox 1175 2436 1915 2650">
    <p class='ocr_par' dir='ltr' id='par_1_28' title="bbox 1175 2436 1915 2650">
     <span class='ocr_line' id='line_1_86' title="bbox 1175 2436 1914 2468; baseline -0.003 -3"><span class='ocrx_word' id='word_1_462' title='bbox 1175 2443 1264 2466; x_wconf 76' lang='lat' dir='ltr'>antem</span> <span class='ocrx_word' id='word_1_463' title='bbox 1285 2438 1434 2464; x_wconf 81' lang='lat' dir='ltr'>Innocentii</span> <span class='ocrx_word' id='word_1_464' title='bbox 1454 2438 1502 2464; x_wconf 85' lang='lat' dir='ltr'>XII</span> <span class='ocrx_word' id='word_1_465' title='bbox 1522 2437 1566 2464; x_wconf 88' lang='lat' dir='ltr'>ed.</span> <span class='ocrx_word' id='word_1_466' title='bbox 1587 2443 1728 2468; x_wconf 73' lang='lat' dir='ltr'>uncxcvu,</span> <span class='ocrx_word' id='word_1_467' title='bbox 1749 2437 1793 2464; x_wconf 85' lang='lat' dir='ltr'>die</span> <span class='ocrx_word' id='word_1_468' title='bbox 1811 2436 1846 2464; x_wconf 72' lang='lat'>23</span> <span class='ocrx_word' id='word_1_469' title='bbox 1865 2436 1914 2463; x_wconf 84' lang='lat' dir='ltr'>de-</span> 
     </span>
     <span class='ocr_line' id='line_1_87' title="bbox 1176 2481 1914 2518; baseline -0.004 -8"><span class='ocrx_word' id='word_1_470' title='bbox 1176 2483 1312 2517; x_wconf 87' lang='lat' dir='ltr'>cembris,</span> <span class='ocrx_word' id='word_1_471' title='bbox 1334 2483 1428 2518; x_wconf 84' lang='lat' dir='ltr'>pontif.</span> <span class='ocrx_word' id='word_1_472' title='bbox 1449 2489 1485 2515; x_wconf 81' lang='lat' dir='ltr'>vt,</span> <span class='ocrx_word' id='word_1_473' title='bbox 1505 2482 1698 2509; x_wconf 84' lang='lat' dir='ltr'>confirmantur</span> <span class='ocrx_word' id='word_1_474' title='bbox 1716 2481 1826 2508; x_wconf 84' lang='lat' dir='ltr'>decreta</span> <span class='ocrx_word' id='word_1_475' title='bbox 1844 2482 1914 2508; x_wconf 86' lang='lat' dir='ltr'>Con-</span> 
     </span>
     <span class='ocr_line' id='line_1_88' title="bbox 1175 2526 1914 2563; baseline -0.004 -8"><span class='ocrx_word' id='word_1_476' title='bbox 1175 2528 1339 2563; x_wconf 81' lang='lat' dir='ltr'>gregationis</span> <span class='ocrx_word' id='word_1_477' title='bbox 1348 2527 1459 2555; x_wconf 91' lang='lat' dir='ltr'>Concilii</span> <span class='ocrx_word' id='word_1_478' title='bbox 1471 2535 1554 2562; x_wconf 86' lang='lat' dir='ltr'>super</span> <span class='ocrx_word' id='word_1_479' title='bbox 1565 2526 1747 2554; x_wconf 84' lang='lat' dir='ltr'>celebratione</span> <span class='ocrx_word' id='word_1_480' title='bbox 1759 2526 1914 2553; x_wconf 81' lang='lat' dir='ltr'>missarum.</span> 
     </span>
     <span class='ocr_line' id='line_1_89' title="bbox 1213 2569 1915 2606; baseline -0.003 -8"><span class='ocrx_word' id='word_1_481' title='bbox 1213 2573 1228 2598; x_wconf 62' lang='grc' dir='ltr'>ἵ),</span> <span class='ocrx_word' id='word_1_482' title='bbox 1249 2572 1276 2598; x_wconf 89' lang='lat' dir='ltr'>ln</span> <span class='ocrx_word' id='word_1_483' title='bbox 1297 2572 1427 2599; x_wconf 77' lang='lat' dir='ltr'>Bullario</span> <span class='ocrx_word' id='word_1_484' title='bbox 1448 2575 1515 2598; x_wconf 90' lang='lat' dir='ltr'>tom.</span> <span class='ocrx_word' id='word_1_485' title='bbox 1535 2577 1605 2603; x_wconf 80' lang='lat' dir='ltr'>xvu,</span> <span class='ocrx_word' id='word_1_486' title='bbox 1627 2579 1686 2606; x_wconf 83' lang='lat' dir='ltr'>pag.</span> <span class='ocrx_word' id='word_1_487' title='bbox 1709 2570 1760 2597; x_wconf 66' lang='lat'>478</span> <span class='ocrx_word' id='word_1_488' title='bbox 1780 2569 1915 2597; x_wconf 85' lang='lat' dir='ltr'>habentur</span> 
     </span>
     <span class='ocr_line' id='line_1_90' title="bbox 1179 2614 1862 2650; baseline -0.001 -6"><span class='ocrx_word' id='word_1_489' title='bbox 1179 2617 1282 2644; x_wconf 77' lang='lat' dir='ltr'>litterae</span> <span class='ocrx_word' id='word_1_490' title='bbox 1296 2616 1347 2644; x_wconf 85' lang='lat' dir='ltr'>sub</span> <span class='ocrx_word' id='word_1_491' title='bbox 1362 2616 1416 2644; x_wconf 84' lang='lat' dir='ltr'>dat.</span> <span class='ocrx_word' id='word_1_492' title='bbox 1434 2622 1471 2645; x_wconf 55' lang='grc' dir='ltr'>»ιιι</span> <span class='ocrx_word' id='word_1_493' title='bbox 1486 2615 1598 2643; x_wconf 76' lang='lat' dir='ltr'>ianuarii</span> <span class='ocrx_word' id='word_1_494' title='bbox 1614 2620 1741 2644; x_wconf 71' lang='lat' dir='ltr'>unctxvn</span> <span class='ocrx_word' id='word_1_495' title='bbox 1754 2615 1796 2650; x_wconf 80' lang='lat' dir='ltr'>(n.</span> <span class='ocrx_word' id='word_1_496' title='bbox 1811 2614 1862 2650; x_wconf 67' lang='lat' dir='ltr'>r.)-</span> 
     </span>
    </p>
   </div>
   <div class='ocr_carea' id='block_1_29' title="bbox 1908 212 2089 246">
    <p class='ocr_par' dir='ltr' id='par_1_29' title="bbox 1908 212 2089 246">
     <span class='ocr_line' id='line_1_91' title="bbox 1908 212 2089 246; baseline 0.028 -5"><span class='ocrx_word' id='word_1_497' title='bbox 1908 213 1960 241; x_wconf 83' lang='lat' dir='ltr'>An.</span> <span class='ocrx_word' id='word_1_498' title='bbox 1980 212 2010 241; x_wconf 82' lang='lat' dir='ltr'>C.</span> <span class='ocrx_word' id='word_1_499' title='bbox 2026 213 2089 246; x_wconf 71' lang='lat'>1033</span> 
     </span>
    </p>
   </div>
   <div class='ocr_carea' id='block_1_30' title="bbox 1604 2025 2098 2286">
    <p class='ocr_par' dir='ltr' id='par_1_30' title="bbox 1604 2025 2096 2126">
     <span class='ocr_line' id='line_1_92' title="bbox 1978 2025 2095 2048; baseline 0 0"><span class='ocrx_word' id='word_1_500' title='bbox 1978 2025 2095 2048; x_wconf 73' lang='lat' dir='ltr'>Constantio</span> 
     </span>
     <span class='ocr_line' id='line_1_93' title="bbox 1921 2052 2096 2075; baseline 0 -1"><span class='ocrx_word' id='word_1_501' title='bbox 1921 2053 2032 2075; x_wconf 73' lang='lat' dir='ltr'>Alexandri</span> <span class='ocrx_word' id='word_1_502' title='bbox 2063 2052 2096 2074; x_wconf 73' lang='lat' dir='ltr'>vn</span> 
     </span>
     <span class='ocr_line' id='line_1_94' title="bbox 1604 2074 2095 2126; baseline 0.004 -20"><span class='ocrx_word' id='word_1_503' title='bbox 1604 2074 1645 2114; x_wconf 90' lang='lat' dir='ltr'>ll,</span> <span class='ocrx_word' id='word_1_504' title='bbox 1676 2075 1912 2118; x_wconf 80' lang='lat' dir='ltr'>praedecessor</span> <span class='ocrx_word' id='word_1_505' title='bbox 1923 2081 1965 2126; x_wconf 66' lang='lat'>{¹⁰⁵</span> <span class='ocrx_word' id='word_1_506' title='bbox 1985 2079 2095 2126; x_wconf 41' lang='grc' dir='ltr'>μυθωδ-</span> 
     </span>
    </p>

    <p class='ocr_par' dir='ltr' id='par_1_31' title="bbox 1922 2106 2098 2286">
     <span class='ocr_line' id='line_1_95' title="bbox 1933 2106 2096 2127; baseline 0 -1"><span class='ocrx_word' id='word_1_507' title='bbox 1933 2113 1965 2126; x_wconf 77' lang='lat' dir='ltr'>nm</span> <span class='ocrx_word' id='word_1_508' title='bbox 1993 2106 2096 2127; x_wconf 70' lang='lat' dir='ltr'>uitatem</span> 
     </span>
     <span class='ocr_line' id='line_1_96' title="bbox 1923 2132 2096 2153; baseline -0.006 0"><span class='ocrx_word' id='word_1_509' title='bbox 1923 2138 1997 2153; x_wconf 64' lang='lat' dir='ltr'>musas</span> <span class='ocrx_word' id='word_1_510' title='bbox 2028 2132 2096 2152; x_wconf 72' lang='lat' dir='ltr'>dictum</span> 
     </span>
     <span class='ocr_line' id='line_1_97' title="bbox 1923 2157 2098 2184; baseline 0.006 -6"><span class='ocrx_word' id='word_1_511' title='bbox 1923 2157 2098 2184; x_wconf 67' lang='lat' dir='ltr'>mimicibunnui·</span> 
     </span>
     <span class='ocr_line' id='line_1_98' title="bbox 1922 2185 2097 2211; baseline 0 -7"><span class='ocrx_word' id='word_1_512' title='bbox 1922 2185 2002 2206; x_wconf 72' lang='lat' dir='ltr'>taribus</span> <span class='ocrx_word' id='word_1_513' title='bbox 2029 2189 2097 2211; x_wconf 74' lang='lat' dir='ltr'>prma-</span> 
     </span>
     <span class='ocr_line' id='line_1_99' title="bbox 1923 2211 2098 2258; baseline -0.006 -26"><span class='ocrx_word' id='word_1_514' title='bbox 1923 2214 1957 2232; x_wconf 82' lang='lat' dir='ltr'>tuo</span> <span class='ocrx_word' id='word_1_515' title='bbox 1968 2211 2098 2258; x_wconf 51' lang='lat' dir='ltr'>pripilegijaligt</span> 
     </span>
     <span class='ocr_line' id='line_1_100' title="bbox 1923 2242 2068 2286; baseline -0.014 0"><span class='ocrx_word' id='word_1_516' title='bbox 1923 2244 1948 2286; x_wconf 68' lang='grc' dir='ltr'>Ξῖ</span> <span class='ocrx_word' id='word_1_517' title='bbox 1960 2242 2068 2286; x_wconf 55' lang='lat' dir='ltr'>stratas.</span> 
     </span>
    </p>
   </div>
  </div>
 </body>
</html>
