2111 3157
90 203 138 224 Aa.
159 198 184 223 Γ..
210 198 277 224 Ηὶδιὶ

323 188 387 222 660

283 256 354 290 cap.
388 257 480 279 xxxvi
514 245 643 287 regulae
674 242 838 277 ,ordinavit
876 241 1020 273 infirmo-

283 310 353 331 rum
380 309 487 331 curam
521 304 593 330 ante
627 295 734 330 omnia
759 300 791 328 et
814 304 893 338 prae
919 292 1020 326 omni-

284 351 345 383 bus
369 351 606 389 adhibendam,
626 349 701 381 item
719 347 887 380 maximam
909 356 1018 378 curam

285 404 409 436 abbatis
436 413 505 436 esse
531 402 664 441 debere,
683 411 723 433 ne
745 400 786 433 ob
808 399 948 442 aliquam
966 408 1021 430 ne-

286 456 472 499 gligentiam
487 454 661 498 patiantur,
679 459 752 493 etos,
772 453 844 486 ideo
859 462 918 484 nec
936 462 1022 484 sum-

286 510 404 552 ptibus,
436 518 496 541 nec
526 507 693 540 laboribus
719 505 931 550 parcendum,
965 504 1020 537 sed

287 561 372 593 omni
399 561 495 593 modo
513 560 690 592 curandum
709 558 778 598 erit,
796 562 841 599 ut,
862 567 943 601 quae
962 567 1022 600 pro

285 615 385 646 salute
404 619 469 645 tum
498 612 645 657 corporis
676 617 741 644 tum
763 610 888 644 animae
912 619 1025 642 neces-

285 666 369 698 saria
394 671 474 705 sunt,
494 665 526 698 in
552 671 701 709 tempore
730 669 762 697 et
786 667 937 708 prompte
955 662 1025 695 sub·

287 719 524 752 ministrentur.

330 772 363 805 ln
397 772 533 814 singulis
565 771 664 815 igitur
695 771 902 806 monasteriis
927 769 1025 803 abhas

287 836 357 858 cum
373 825 510 858 consilio
526 830 556 857 et
574 827 699 858 matura
720 823 954 858 deliberatione
973 823 1026 856 eli-

287 885 341 921 gat
374 884 498 912 certum
524 884 556 911 et
580 878 733 911 idoneum
763 877 945 917 medicum,
971 876 1025 920 qui

287 938 438 975 tempore
463 931 664 964 necessitatis
679 940 870 964 succurrere
888 929 925 962 sit
945 929 1026 962 obli-

288 991 391 1028 gatus,
418 984 512 1028 eique
539 985 622 1016 hanc
646 984 830 1017 libertatem
857 983 1026 1020 concedat,

288 1044 333 1078 ut,
355 1049 437 1082 quae
463 1037 705 1080 aegrotantibus
731 1036 918 1070 necessaria
947 1035 1027 1068 iudi-

289 1091 383 1131 cabit,
399 1090 468 1123 sine
494 1095 644 1133 respectu
670 1095 854 1134 sumptuum
871 1088 1029 1133 praescri-

289 1144 366 1177 bere
393 1144 508 1187 possit.

333 1198 443 1237 Porro,
461 1197 514 1240 qui
533 1195 721 1230 infirmitate
740 1205 942 1240 quacumque
960 1204 1030 1228 cor-

288 1250 413 1294 ripitur,
440 1250 629 1293 tempestive
655 1251 704 1283 vel
730 1249 838 1283 abbati
855 1249 905 1282 vel
926 1247 1027 1291 priori

291 1310 407 1337 statum
426 1315 518 1337 suum
537 1303 671 1345 indicet,
689 1309 720 1336 et
736 1302 940 1337 confidenter
957 1311 1029 1334 con-

292 1357 374 1389 ferat
399 1363 459 1389 tam
479 1358 564 1390 circa
585 1357 779 1390 medicinam
798 1361 853 1389 aut
868 1355 1028 1389 medicum

292 1411 531 1450 advocandum,
558 1421 653 1453 quam
693 1410 790 1442 etiam
822 1410 861 1443 de
894 1408 966 1441 cibo
999 1412 1030 1440 et

290 1469 369 1507 potu
404 1464 620 1503 conducente,
655 1464 732 1496 item
769 1462 976 1505 exemptione
1013 1471 1030 1493 a

292 1517 403 1555 choro,
423 1522 454 1549 et
479 1517 504 1548 si
530 1517 606 1559 quid
631 1516 716 1549 aliud
740 1526 800 1559 pro
824 1514 1029 1558 reparatione

292 1570 438 1601 sanitatis
463 1569 682 1602 necessarium
706 1568 877 1601 videbitur.

321 1622 405 1655 Nulli
419 1622 550 1665 quidem
564 1622 659 1654 liceat
675 1621 744 1654 sine
764 1622 916 1664 expressa
936 1620 1030 1653 licen-

292 1675 335 1706 tia
361 1674 565 1717 superiorum
594 1675 756 1708 medicum
783 1675 951 1713 advocare,
977 1678 1030 1705 aut

292 1738 350 1770 per
376 1728 498 1760 litteras
524 1728 702 1766 consulere,
724 1727 773 1760 vel
792 1727 886 1759 etiarn
905 1737 921 1758 a
939 1736 1030 1769 prae-

294 1786 383 1813 sente
406 1781 597 1813 medicinam
616 1780 779 1823 accipere:
801 1779 861 1823 ipsi
889 1790 965 1812 vero
980 1790 1030 1811 su-

293 1835 440 1877 periores
466 1834 611 1867 difficiles
637 1844 701 1866 non
727 1839 834 1873 erunt,
861 1833 886 1866 si
902 1832 1030 1876 praedi-

294 1893 344 1919 cto
370 1888 467 1919 modo
500 1887 701 1919 confidenter
732 1892 834 1919 status
860 1891 891 1919 et
914 1896 1030 1919 causae

297 1941 508 1973 rationabiles
535 1939 772 1982 significentur.

339 1992 480 2025 Ulterius
506 1997 612 2024 autem
639 1992 779 2025 sollicite
804 1993 982 2024 curandum
1001 1997 1032 2024 et

295 2046 530 2088 providendum
554 2050 589 2077 ut
606 2051 756 2088 aegrotus
775 2045 889 2078 medici
911 2045 1031 2078 iudicio

297 2109 331 2131 se
356 2099 454 2141 plene
479 2098 659 2131 submittat.
682 2099 715 2130 ln
742 2109 837 2141 quem
854 2098 949 2131 finem
968 2098 1033 2130 ido-

297 2161 376 2183 neus
402 2150 549 2183 minister
574 2151 786 2183 destinandus
813 2151 883 2189 erit,
909 2150 1033 2193 quise-

299 2204 405 2236 dulam
430 2204 547 2236 infirmi
573 2214 681 2236 curam
714 2209 805 2247 gerat
828 2209 861 2236 ct
884 2208 1032 2236 accurate

300 2262 463 2299 acceptam
483 2268 500 2289 a
517 2257 644 2289 medico
663 2257 908 2290 instructionem
921 2256 1032 2289 obser-

300 2316 371 2347 vet;
399 2310 559 2341 contraria
579 2310 627 2342 rel
654 2310 747 2342 noxia
772 2311 957 2342 nullatenus
982 2310 1034 2342 ad-

302 2363 416 2393 mittat.

348 2415 476 2447 Praeter
490 2415 680 2453 ministrum,
697 2416 934 2455 semianimum,
951 2425 1033 2447 unus

305 2478 338 2500 ex
366 2473 522 2499 conventu
549 2468 594 2499 vir
614 2474 764 2507 maturus,
783 2469 847 2501 sive
866 2469 897 2501 in
916 2479 1035 2511 genere

304 2531 362 2563 pro
389 2520 546 2558 omnihus,
563 2520 626 2551 sive
646 2522 954 2565 particulariterpro
974 2521 1037 2553 sin-

304 2574 387 2616 gulis
411 2573 546 2605 infirmis
572 2573 623 2616 tls-1
638 2580 759 2615 utetur,
785 2575 838 2617 qui
871 2575 955 2607 circa
979 2585 1033 2607 ae-

862 193 1041 217 numanum
1067 192 1122 216 Ro)
1135 193 1217 216 ANUM

1063 244 1247 282 grotantem
1259 239 1406 273 altiorem
1419 240 1656 282 inspectionem
1665 239 1801 279 habere,

1063 292 1277 336 eumdemque
1302 298 1366 325 tam
1391 292 1497 326 verbis
1523 297 1555 326 et
1572 292 1733 336 frequenti
1756 291 1802 325 vi-

1063 345 1211 379 sitatione
1228 345 1400 386 consolari,
1421 356 1517 389 quam
1535 345 1630 379 etiam
1649 356 1730 389 quae
1745 355 1802 379 ne-

1065 398 1205 432 cessaria
1228 398 1381 431 videntur
1404 408 1593 442 procurare,
1615 404 1647 431 et
1664 398 1689 431 si
1715 396 1803 432 defe‘-

1065 457 1134 485 ctus
1150 456 1316 495 appareat,
1334 456 1458 494 patrem
1474 451 1617 495 priorem
1634 451 1685 484 vel
1703 450 1803 484 domi·

1065 515 1142 537 num
1160 505 1308 537 abbatem
1328 504 1517 548 tempestive
1534 514 1668 537 monere
1685 503 1801 547 possit.

1109 557 1180 601 lpse
1205 557 1301 594 etiam
1325 558 1425 592 abbas
1443 568 1508 591 non
1526 557 1719 590 intermittat
1735 567 1805 590 sae-

1066 610 1137 654 pius
1149 616 1354 654 aegrotantes
1366 610 1505 651 visitare,
1523 610 1639 654 quibus
1652 619 1804 652 magnum

1068 664 1217 697 solatium
1249 669 1281 696 et
1312 663 1460 697 dolorum
1492 664 1639 698 levamen
1669 662 1746 703 erit,
1777 662 1805 695 si

1068 717 1101 749 in
1127 717 1304 750 afflictione
1330 720 1388 749 sua
1411 721 1585 760 paternum
1611 726 1688 759 erga
1712 726 1744 749 se
1762 715 1807 748 af-

1068 769 1184 803 fectum
1209 769 1377 802 advertant
1401 774 1431 802 et
1456 769 1673 813 experiantur.

1105 822 1202 855 Multo
1217 822 1318 865 mag-is
1333 822 1395 865 ipsi
1408 822 1648 863 conventuales,
1664 832 1721 855 seu
1732 831 1808 856 con-

1070 876 1194 916 fratres,
1211 876 1243 908 in
1270 876 1332 908 hoc
1356 886 1430 909 casu
1455 875 1655 910 necessitatis
1679 886 1734 909 seu
1760 876 1809 908 in-

1070 928 1241 968 firmitatis,
1263 939 1299 962 ex
1318 928 1445 961 sincera
1468 928 1626 961 charitate
1651 928 1809 971 obsequia

1071 986 1102 1014 et
1122 982 1236 1014 solatia
1254 980 1314 1014 sibi
1335 987 1446 1015 mutuo
1462 987 1640 1024 praestent,
1658 987 1690 1014 et
1707 992 1809 1025 quan-

1072 1039 1137 1066 tum
1168 1033 1297 1067 infirmo
1332 1035 1535 1068 commodum
1568 1039 1600 1068 et
1629 1034 1810 1078 expediens

1072 1093 1134 1128 est,
1160 1088 1227 1121 sive
1258 1088 1471 1123 recreationis
1487 1115 1494 1128 ,
1520 1088 1586 1122 sive
1620 1088 1718 1121 etiam
1744 1088 1809 1121 alio

1072 1145 1232 1184 tempore,
1248 1151 1318 1174 cum
1334 1141 1464 1174 licentia
1482 1145 1588 1174 tamen
1609 1141 1710 1185 patris
1724 1140 1810 1184 prio-

1072 1193 1126 1235 ris,
1154 1193 1363 1227 infirmariam
1401 1194 1567 1235 accedant,
1593 1199 1624 1228 et
1647 1193 1812 1228 infirmum

1071 1247 1286 1280 consolentur
1310 1252 1341 1280 et
1366 1253 1530 1281 recreent.

1116 1299 1196 1338 Quia
1219 1310 1296 1333 vero
1321 1300 1423 1334 maior
1447 1311 1578 1344 semper
1602 1301 1642 1335 dc
1660 1301 1763 1336 salute
1780 1311 1812 1334 a·

1073 1353 1179 1387 nimae
1205 1363 1301 1396 quam
1327 1353 1473 1396 corporis
1503 1364 1572 1386 esse
1604 1364 1680 1387 cura
1705 1354 1812 1395 debet,

1073 1417 1111 1439 eo
1128 1406 1160 1439 in
1179 1405 1290 1449 primis
1308 1406 1397 1438 omni
1414 1406 1522 1439 studio
1539 1406 1810 1447 adlaborandum,

1072 1464 1107 1491 ut
1130 1458 1276 1492 infirmus
1302 1459 1335 1491 in
1360 1459 1466 1492 anima
1491 1464 1522 1492 et
1543 1459 1741 1493 conscientia
1761 1461 1814 1493 be·

1073 1523 1113 1546 ne
1147 1512 1324 1556 dispositus
1362 1513 1403 1545 sit
1434 1518 1466 1546 et
1502 1517 1642 1546 maneat.
1670 1512 1812 1547 Proinde

1073 1566 1252 1599 cavendum
1278 1577 1317 1599 ne
1343 1566 1431 1598 vanis
1461 1571 1492 1598 et
1516 1566 1613 1599 variis
1637 1566 1811 1610 colloquiis

1074 1619 1208 1662 spiritus
1232 1619 1440 1658 distrahatur,
1464 1619 1521 1653 sed
1547 1619 1648 1661 magis
1674 1620 1712 1653 ad
1738 1619 1813 1662 pie-

1075 1678 1186 1713 tatem,
1201 1672 1391 1718 patientiam
1409 1677 1441 1705 et
1458 1672 1812 1716 resignationem,item

1074 1726 1276 1769 fl·eq11entem
1303 1731 1578 1758 sacramentorum
1592 1726 1811 1766 iterationem,

1073 1790 1133 1823 per
1157 1790 1222 1819 eos,
1249 1779 1302 1822 qui
1326 1790 1362 1812 ex
1388 1778 1537 1812 ordinata
1561 1779 1720 1813 charitate
1738 1789 1813 1812 eum

1073 1833 1201 1865 visitare
1226 1834 1345 1872 volunt,
1365 1832 1568 1876 disponatur.

1117 1884 1207 1923 Quod
1241 1885 1267 1917 si
1302 1884 1418 1918 mortis
1457 1884 1642 1928 periculum
1676 1885 1812 1929 propin-

1075 1950 1173 1981 quum
1198 1944 1362 1981 appareat,
1389 1938 1588 1971 ordinabunt
1612 1938 1811 1981 superiores,

1075 1997 1110 2024 ut
1142 1992 1327 2034 frequentet
1363 2001 1399 2023 ex
1426 1990 1553 2024 idoneis
1587 1991 1678 2024 libris
1702 1990 1813 2024 lectio-

1075 2055 1149 2083 neS,
1175 2044 1421 2077 adhortationes
1453 2054 1581 2087 quoque
1606 2050 1638 2076 et
1662 2041 1813 2086 suffragia

1077 2098 1210 2130 fratrum
1247 2108 1312 2130 non
1342 2097 1470 2136 desint,
1499 2098 1615 2140 quibus
1640 2096 1771 2140 spiritus
1795 2106 1814 2129 a

1076 2160 1213 2193 corpore
1246 2150 1438 2192 migraturus
1476 2150 1614 2182 feliciter
1645 2149 1683 2182 ad
1708 2148 1815 2182 Domi-

1077 2213 1153 2236 num
1180 2203 1348 2246 dirigatur.

1076 2256 1179 2289 CAPUT
1206 2257 1253 2288 tx.
1269 2277 1312 2281 -
1330 2256 1375 2288 De
1390 2256 1645 2299 conformatione
1667 2254 1814 2299 discipli-

1120 2319 1182 2341 nae
1201 2309 1365 2352 reqularis
1393 2320 1464 2341 cum
1489 2309 1568 2342 aliis
1592 2309 1696 2341 nostri
1721 2307 1815 2342 Ordi-

1121 2363 1172 2394 nis
1199 2361 1519 2404 Confsreqaliombus.

1122 2414 1254 2447 Praeter
1268 2415 1424 2447 hactenus
1444 2414 1618 2447 constituta
1637 2417 1816 2457 supersunt

1078 2468 1246 2510 complura
1270 2468 1332 2500 alia
1357 2467 1578 2510 capitulariter
1602 2468 1686 2499 circa
1706 2476 1814 2500 mores

1080 2521 1299 2554 observantias
1331 2526 1362 2553 et
1393 2520 1615 2553 caeremonias
1647 2519 1815 2563 ipsamque

1082 2573 1288 2617 disciplinam
1313 2574 1497 2616 regularem
1522 2573 1555 2606 in
1581 2573 1732 2607 omnibus
1750 2583 1818 2606 mo·

1807 191 1855 215 An.
1873 189 1901 216 C.
1921 189 1991 216 1686

1851 2419 1862 2446 5
1877 2419 1894 2441 ¹-
1914 2419 1944 2440 Do
1959 2425 2009 2441 con-

1825 2446 1950 2467 formatione
1977 2446 2009 2466 di-

1825 2472 1927 2498 scipliuae
1961 2478 2008 2493 curn

1826 2499 1871 2519 aliis
1888 2498 2010 2525 Congrega-

1825 2525 1926 2547 tionibus.
