<?xml version="1.0" encoding="UTF-8"?>
<!DOCTYPE html PUBLIC "-//W3C//DTD XHTML 1.0 Transitional//EN"
    "http://www.w3.org/TR/xhtml1/DTD/xhtml1-transitional.dtd">
<html xmlns="http://www.w3.org/1999/xhtml" xml:lang="en" lang="en">
 <head>
  <title>
</title>
<meta http-equiv="Content-Type" content="text/html;charset=utf-8" />
  <meta name='ocr-system' content='tesseract 3.04.00' />
  <meta name='ocr-capabilities' content='ocr_page ocr_carea ocr_par ocr_line ocrx_word'/>
</head>
<body>
  <div class='ocr_page' id='page_1' title='image "./bullarumdiplomat19cath_0384.png"; bbox 0 0 2111 3157; ppageno 0'>
   <div class='ocr_carea' id='block_1_1' title="bbox 169 216 466 253">
    <p class='ocr_par' dir='ltr' id='par_1_1' title="bbox 169 216 466 253">
     <span class='ocr_line' id='line_1_1' title="bbox 169 216 466 253; baseline -0.007 -1"><span class='ocrx_word' id='word_1_1' title='bbox 169 226 219 252; x_wconf 75' lang='lat' dir='ltr'>An.</span> <span class='ocrx_word' id='word_1_2' title='bbox 235 224 264 252; x_wconf 88' lang='lat' dir='ltr'>c.</span> <span class='ocrx_word' id='word_1_3' title='bbox 287 224 356 253; x_wconf 77' lang='lat'>1680</span> <span class='ocrx_word' id='word_1_4' title='bbox 400 216 466 251; x_wconf 81' lang='lat'>350</span> 
     </span>
    </p>
   </div>
   <div class='ocr_carea' id='block_1_2' title="bbox 171 272 1112 2491">
    <p class='ocr_par' dir='ltr' id='par_1_2' title="bbox 362 272 1098 741">
     <span class='ocr_line' id='line_1_2' title="bbox 362 272 1095 315; baseline -0.005 -7"><span class='ocrx_word' id='word_1_5' title='bbox 362 275 630 308; x_wconf 74' lang='lat' dir='ltr'>contrafacientes</span> <span class='ocrx_word' id='word_1_6' title='bbox 650 284 734 314; x_wconf 86' lang='lat' dir='ltr'>vero,</span> <span class='ocrx_word' id='word_1_7' title='bbox 759 274 783 306; x_wconf 93' lang='lat' dir='ltr'>si</span> <span class='ocrx_word' id='word_1_8' title='bbox 809 272 927 306; x_wconf 86' lang='lat' dir='ltr'>fuerint</span> <span class='ocrx_word' id='word_1_9' title='bbox 951 272 1095 315; x_wconf 81' lang='lat' dir='ltr'>graduati</span> 
     </span>
     <span class='ocr_line' id='line_1_3' title="bbox 363 326 1098 370; baseline -0.004 -10"><span class='ocrx_word' id='word_1_10' title='bbox 363 333 394 360; x_wconf 86' lang='lat' dir='ltr'>et</span> <span class='ocrx_word' id='word_1_11' title='bbox 426 327 644 370; x_wconf 74' lang='lat' dir='ltr'>transgressio</span> <span class='ocrx_word' id='word_1_12' title='bbox 670 326 853 365; x_wconf 89' lang='lat' dir='ltr'>manifesta,</span> <span class='ocrx_word' id='word_1_13' title='bbox 888 331 1019 358; x_wconf 81' lang='lat' dir='ltr'>teneant</span> <span class='ocrx_word' id='word_1_14' title='bbox 1050 326 1098 358; x_wconf 94' lang='lat' dir='ltr'>lo-</span> 
     </span>
     <span class='ocr_line' id='line_1_4' title="bbox 363 378 1096 423; baseline -0.004 -10"><span class='ocrx_word' id='word_1_15' title='bbox 363 391 435 413; x_wconf 88' lang='lat' dir='ltr'>cum</span> <span class='ocrx_word' id='word_1_16' title='bbox 468 391 545 413; x_wconf 88' lang='lat' dir='ltr'>suae</span> <span class='ocrx_word' id='word_1_17' title='bbox 581 380 795 423; x_wconf 74' lang='lat' dir='ltr'>professionis</span> <span class='ocrx_word' id='word_1_18' title='bbox 831 379 863 411; x_wconf 94' lang='lat' dir='ltr'>in</span> <span class='ocrx_word' id='word_1_19' title='bbox 899 378 1096 411; x_wconf 87' lang='lat' dir='ltr'>monasterio</span> 
     </span>
     <span class='ocr_line' id='line_1_5' title="bbox 363 431 1097 475; baseline -0.003 -10"><span class='ocrx_word' id='word_1_20' title='bbox 363 434 477 466; x_wconf 83' lang='lat' dir='ltr'>saltem</span> <span class='ocrx_word' id='word_1_21' title='bbox 510 443 567 475; x_wconf 86' lang='lat' dir='ltr'>per</span> <span class='ocrx_word' id='word_1_22' title='bbox 592 433 670 465; x_wconf 87' lang='lat' dir='ltr'>duos</span> <span class='ocrx_word' id='word_1_23' title='bbox 700 442 849 471; x_wconf 70' lang='lat' dir='ltr'>menses,</span> <span class='ocrx_word' id='word_1_24' title='bbox 877 431 902 463; x_wconf 87' lang='lat' dir='ltr'>si</span> <span class='ocrx_word' id='word_1_25' title='bbox 928 441 1005 463; x_wconf 83' lang='lat' dir='ltr'>vero</span> <span class='ocrx_word' id='word_1_26' title='bbox 1031 441 1097 463; x_wconf 91' lang='lat' dir='ltr'>non</span> 
     </span>
     <span class='ocr_line' id='line_1_6' title="bbox 364 484 1095 529; baseline -0.001 -12"><span class='ocrx_word' id='word_1_27' title='bbox 364 486 482 518; x_wconf 87' lang='lat' dir='ltr'>fuerint</span> <span class='ocrx_word' id='word_1_28' title='bbox 507 486 663 527; x_wconf 66' lang='lat' dir='ltr'>graduad,</span> <span class='ocrx_word' id='word_1_29' title='bbox 690 491 763 529; x_wconf 89' lang='lat' dir='ltr'>post</span> <span class='ocrx_word' id='word_1_30' title='bbox 787 495 898 518; x_wconf 80' lang='lat' dir='ltr'>omnes</span> <span class='ocrx_word' id='word_1_31' title='bbox 930 484 1095 528; x_wconf 83' lang='lat' dir='ltr'>professos</span> 
     </span>
     <span class='ocr_line' id='line_1_7' title="bbox 363 537 1098 580; baseline -0.001 -10"><span class='ocrx_word' id='word_1_32' title='bbox 363 538 509 570; x_wconf 87' lang='lat' dir='ltr'>similiter</span> <span class='ocrx_word' id='word_1_33' title='bbox 530 549 587 580; x_wconf 85' lang='lat' dir='ltr'>per</span> <span class='ocrx_word' id='word_1_34' title='bbox 612 538 693 571; x_wconf 81' lang='lat' dir='ltr'>duos</span> <span class='ocrx_word' id='word_1_35' title='bbox 718 548 844 571; x_wconf 87' lang='lat' dir='ltr'>menses</span> <span class='ocrx_word' id='word_1_36' title='bbox 875 542 962 570; x_wconf 89' lang='lat' dir='ltr'>stent</span> <span class='ocrx_word' id='word_1_37' title='bbox 985 537 1098 579; x_wconf 80' lang='lat' dir='ltr'>degra-</span> 
     </span>
     <span class='ocr_line' id='line_1_8' title="bbox 364 589 1097 633; baseline -0.001 -10"><span class='ocrx_word' id='word_1_38' title='bbox 364 591 428 623; x_wconf 86' lang='lat' dir='ltr'>dati</span> <span class='ocrx_word' id='word_1_39' title='bbox 456 591 487 622; x_wconf 91' lang='lat' dir='ltr'>in</span> <span class='ocrx_word' id='word_1_40' title='bbox 512 591 720 630; x_wconf 86' lang='lat' dir='ltr'>monasterio,</span> <span class='ocrx_word' id='word_1_41' title='bbox 752 596 784 623; x_wconf 89' lang='lat' dir='ltr'>et</span> <span class='ocrx_word' id='word_1_42' title='bbox 807 591 941 633; x_wconf 77' lang='lat' dir='ltr'>insuper</span> <span class='ocrx_word' id='word_1_43' title='bbox 965 600 1003 622; x_wconf 91' lang='lat' dir='ltr'>eo</span> <span class='ocrx_word' id='word_1_44' title='bbox 1028 589 1097 632; x_wconf 91' lang='lat' dir='ltr'>ipso</span> 
     </span>
     <span class='ocr_line' id='line_1_9' title="bbox 363 642 1097 686; baseline -0.001 -10"><span class='ocrx_word' id='word_1_45' title='bbox 363 644 426 676; x_wconf 87' lang='lat' dir='ltr'>sint</span> <span class='ocrx_word' id='word_1_46' title='bbox 451 643 564 686; x_wconf 86' lang='lat' dir='ltr'>privati</span> <span class='ocrx_word' id='word_1_47' title='bbox 584 649 799 677; x_wconf 80' lang='lat' dir='ltr'>scrutatorum</span> <span class='ocrx_word' id='word_1_48' title='bbox 817 643 933 682; x_wconf 85' lang='lat' dir='ltr'>officio,</span> <span class='ocrx_word' id='word_1_49' title='bbox 954 643 992 675; x_wconf 90' lang='lat' dir='ltr'>ad</span> <span class='ocrx_word' id='word_1_50' title='bbox 1011 642 1097 685; x_wconf 82' lang='lat' dir='ltr'>quod</span> 
     </span>
     <span class='ocr_line' id='line_1_10' title="bbox 363 696 1077 741; baseline -0.001 -13"><span class='ocrx_word' id='word_1_51' title='bbox 363 697 517 740; x_wconf 78' lang='lat' dir='ltr'>deinceps</span> <span class='ocrx_word' id='word_1_52' title='bbox 543 697 575 729; x_wconf 93' lang='lat' dir='ltr'>in</span> <span class='ocrx_word' id='word_1_53' title='bbox 600 703 791 741; x_wconf 84' lang='lat' dir='ltr'>perpetuum</span> <span class='ocrx_word' id='word_1_54' title='bbox 816 697 881 729; x_wconf 89' lang='lat' dir='ltr'>sint</span> <span class='ocrx_word' id='word_1_55' title='bbox 905 696 1077 729; x_wconf 82' lang='lat' dir='ltr'>inhabiles.</span> 
     </span>
    </p>

    <p class='ocr_par' dir='ltr' id='par_1_3' title="bbox 364 750 1098 899">
     <span class='ocr_line' id='line_1_11' title="bbox 408 750 1098 794; baseline -0.004 -10"><span class='ocrx_word' id='word_1_56' title='bbox 408 760 456 784; x_wconf 84' lang='lat'><em>111.</em></span> <span class='ocrx_word' id='word_1_57' title='bbox 484 750 514 783; x_wconf 85' lang='lat' dir='ltr'>Si</span> <span class='ocrx_word' id='word_1_58' title='bbox 540 761 617 783; x_wconf 83' lang='lat' dir='ltr'>vero</span> <span class='ocrx_word' id='word_1_59' title='bbox 641 751 735 794; x_wconf 85' lang='lat' dir='ltr'>culpa</span> <span class='ocrx_word' id='word_1_60' title='bbox 767 750 863 782; x_wconf 79' lang='lat' dir='ltr'>fuerit</span> <span class='ocrx_word' id='word_1_61' title='bbox 897 751 1011 789; x_wconf 86' lang='lat' dir='ltr'>latens,</span> <span class='ocrx_word' id='word_1_62' title='bbox 1049 754 1098 781; x_wconf 83' lang='lat' dir='ltr'>ter</span> 
     </span>
     <span class='ocr_line' id='line_1_12' title="bbox 364 801 1098 846; baseline -0.003 -11"><span class='ocrx_word' id='word_1_63' title='bbox 364 803 397 835; x_wconf 93' lang='lat' dir='ltr'>in</span> <span class='ocrx_word' id='word_1_64' title='bbox 420 813 502 846; x_wconf 87' lang='lat' dir='ltr'>pane</span> <span class='ocrx_word' id='word_1_65' title='bbox 529 808 560 835; x_wconf 91' lang='lat' dir='ltr'>et</span> <span class='ocrx_word' id='word_1_66' title='bbox 585 805 666 845; x_wconf 72' lang='lat' dir='ltr'>aqua</span> <span class='ocrx_word' id='word_1_67' title='bbox 698 802 851 842; x_wconf 90' lang='lat' dir='ltr'>ieiunent,</span> <span class='ocrx_word' id='word_1_68' title='bbox 877 812 937 835; x_wconf 89' lang='lat' dir='ltr'>nec</span> <span class='ocrx_word' id='word_1_69' title='bbox 969 802 1008 834; x_wconf 87' lang='lat' dir='ltr'>ab</span> <span class='ocrx_word' id='word_1_70' title='bbox 1041 801 1098 834; x_wconf 88' lang='lat' dir='ltr'>ali-</span> 
     </span>
     <span class='ocr_line' id='line_1_13' title="bbox 364 856 795 899; baseline 0 -11"><span class='ocrx_word' id='word_1_71' title='bbox 364 866 427 899; x_wconf 90' lang='lat' dir='ltr'>quo</span> <span class='ocrx_word' id='word_1_72' title='bbox 453 856 634 899; x_wconf 87' lang='lat' dir='ltr'>dispensari</span> <span class='ocrx_word' id='word_1_73' title='bbox 660 856 795 899; x_wconf 83' lang='lat' dir='ltr'>possint.</span> 
     </span>
    </p>

    <p class='ocr_par' dir='ltr' id='par_1_4' title="bbox 363 908 1099 1154">
     <span class='ocr_line' id='line_1_14' title="bbox 407 908 1098 951; baseline -0.004 -9"><span class='ocrx_word' id='word_1_74' title='bbox 407 918 449 942; x_wconf 83' lang='lat' dir='ltr'>iv.</span> <span class='ocrx_word' id='word_1_75' title='bbox 475 909 544 942; x_wconf 82' lang='lat' dir='ltr'>lloc</span> <span class='ocrx_word' id='word_1_76' title='bbox 568 909 662 942; x_wconf 87' lang='lat' dir='ltr'>etiam</span> <span class='ocrx_word' id='word_1_77' title='bbox 688 909 864 951; x_wconf 88' lang='lat' dir='ltr'>capitulum</span> <span class='ocrx_word' id='word_1_78' title='bbox 895 908 982 950; x_wconf 86' lang='lat' dir='ltr'>legat</span> <span class='ocrx_word' id='word_1_79' title='bbox 1005 912 1098 950; x_wconf 86' lang='lat' dir='ltr'>pater</span> 
     </span>
     <span class='ocr_line' id='line_1_15' title="bbox 363 960 1098 1006; baseline -0.003 -12"><span class='ocrx_word' id='word_1_80' title='bbox 363 961 552 1006; x_wconf 85' lang='lat' dir='ltr'>praesidens</span> <span class='ocrx_word' id='word_1_81' title='bbox 585 962 665 1005; x_wconf 89' lang='lat' dir='ltr'>ipsis</span> <span class='ocrx_word' id='word_1_82' title='bbox 697 961 929 994; x_wconf 83' lang='lat' dir='ltr'>scrutatoribus</span> <span class='ocrx_word' id='word_1_83' title='bbox 966 960 1018 993; x_wconf 91' lang='lat' dir='ltr'>die</span> <span class='ocrx_word' id='word_1_84' title='bbox 1050 970 1098 993; x_wconf 89' lang='lat' dir='ltr'>se-</span> 
     </span>
     <span class='ocr_line' id='line_1_16' title="bbox 365 1014 1098 1058; baseline -0.001 -12"><span class='ocrx_word' id='word_1_85' title='bbox 365 1015 476 1058; x_wconf 87' lang='lat' dir='ltr'>quenti</span> <span class='ocrx_word' id='word_1_86' title='bbox 501 1026 608 1048; x_wconf 86' lang='lat' dir='ltr'>coram</span> <span class='ocrx_word' id='word_1_87' title='bbox 633 1015 781 1047; x_wconf 89' lang='lat' dir='ltr'>omnibus</span> <span class='ocrx_word' id='word_1_88' title='bbox 807 1015 845 1047; x_wconf 89' lang='lat' dir='ltr'>de</span> <span class='ocrx_word' id='word_1_89' title='bbox 871 1014 1011 1057; x_wconf 83' lang='lat' dir='ltr'>capitulo</span> <span class='ocrx_word' id='word_1_90' title='bbox 1044 1024 1098 1046; x_wconf 86' lang='lat' dir='ltr'>an-</span> 
     </span>
     <span class='ocr_line' id='line_1_17' title="bbox 364 1066 1099 1111; baseline -0.001 -11"><span class='ocrx_word' id='word_1_91' title='bbox 364 1073 491 1111; x_wconf 83' lang='lat' dir='ltr'>tequam</span> <span class='ocrx_word' id='word_1_92' title='bbox 518 1068 556 1101; x_wconf 90' lang='lat' dir='ltr'>ad</span> <span class='ocrx_word' id='word_1_93' title='bbox 581 1068 773 1101; x_wconf 88' lang='lat' dir='ltr'>electionem</span> <span class='ocrx_word' id='word_1_94' title='bbox 794 1066 1001 1100; x_wconf 82' lang='lat' dir='ltr'>definitorum</span> <span class='ocrx_word' id='word_1_95' title='bbox 1024 1076 1099 1110; x_wconf 90' lang='lat' dir='ltr'>pro-</span> 
     </span>
     <span class='ocr_line' id='line_1_18' title="bbox 364 1122 492 1154; baseline 0 0"><span class='ocrx_word' id='word_1_96' title='bbox 364 1122 492 1154; x_wconf 85' lang='lat' dir='ltr'>cedant.</span> 
     </span>
    </p>

    <p class='ocr_par' dir='ltr' id='par_1_5' title="bbox 364 1182 1099 1320">
     <span class='ocr_line' id='line_1_19' title="bbox 364 1182 1099 1223; baseline -0.001 -10"><span class='ocrx_word' id='word_1_97' title='bbox 364 1183 423 1213; x_wconf 83' lang='lat' dir='ltr'>Hoc</span> <span class='ocrx_word' id='word_1_98' title='bbox 446 1183 606 1223; x_wconf 86' lang='lat' dir='ltr'>capitulum</span> <span class='ocrx_word' id='word_1_99' title='bbox 630 1183 698 1222; x_wconf 69' lang='lat' dir='ltr'>legit</span> <span class='ocrx_word' id='word_1_100' title='bbox 722 1187 802 1223; x_wconf 88' lang='lat' dir='ltr'>pater</span> <span class='ocrx_word' id='word_1_101' title='bbox 824 1183 991 1222; x_wconf 76' lang='lat' dir='ltr'>praesidens</span> <span class='ocrx_word' id='word_1_102' title='bbox 1008 1182 1099 1213; x_wconf 89' lang='lat' dir='ltr'>domi—</span> 
     </span>
     <span class='ocr_line' id='line_1_20' title="bbox 403 1232 1098 1272; baseline -0.001 -10"><span class='ocrx_word' id='word_1_103' title='bbox 403 1233 470 1262; x_wconf 70' lang='lat' dir='ltr'>nica</span> <span class='ocrx_word' id='word_1_104' title='bbox 485 1233 573 1262; x_wconf 65' lang='lat' dir='ltr'>tertia</span> <span class='ocrx_word' id='word_1_105' title='bbox 589 1237 652 1272; x_wconf 86' lang='lat' dir='ltr'>post</span> <span class='ocrx_word' id='word_1_106' title='bbox 668 1233 788 1269; x_wconf 81' lang='lat' dir='ltr'>Pascha,</span> <span class='ocrx_word' id='word_1_107' title='bbox 802 1232 879 1262; x_wconf 73' lang='lat' dir='ltr'>dicta</span> <span class='ocrx_word' id='word_1_108' title='bbox 894 1232 985 1269; x_wconf 74' lang='lat' dir='ltr'>Nona,</span> <span class='ocrx_word' id='word_1_109' title='bbox 1002 1241 1098 1263; x_wconf 88' lang='lat' dir='ltr'>coram</span> 
     </span>
     <span class='ocr_line' id='line_1_21' title="bbox 403 1281 752 1320; baseline -0.003 -9"><span class='ocrx_word' id='word_1_110' title='bbox 403 1281 538 1311; x_wconf 87' lang='lat' dir='ltr'>omnibus</span> <span class='ocrx_word' id='word_1_111' title='bbox 559 1281 594 1311; x_wconf 85' lang='lat' dir='ltr'>de</span> <span class='ocrx_word' id='word_1_112' title='bbox 615 1281 752 1320; x_wconf 87' lang='lat' dir='ltr'>capitulo.</span> 
     </span>
    </p>

    <p class='ocr_par' dir='ltr' id='par_1_6' title="bbox 171 1335 1101 1643">
     <span class='ocr_line' id='line_1_22' title="bbox 195 1335 1099 1378; baseline -0.003 -9"><span class='ocrx_word' id='word_1_113' title='bbox 195 1349 264 1370; x_wconf 58' lang='lat' dir='ltr'>cim</span> <span class='ocrx_word' id='word_1_114' title='bbox 280 1347 332 1378; x_wconf 78' lang='lat' dir='ltr'>vin.</span> <span class='ocrx_word' id='word_1_115' title='bbox 410 1346 432 1369; x_wconf 82' lang='lat'>1.</span> <span class='ocrx_word' id='word_1_116' title='bbox 459 1335 627 1368; x_wconf 83' lang='lat' dir='ltr'>Dominica</span> <span class='ocrx_word' id='word_1_117' title='bbox 651 1335 747 1377; x_wconf 72' lang='lat' dir='ltr'>igitur</span> <span class='ocrx_word' id='word_1_118' title='bbox 766 1335 856 1368; x_wconf 75' lang='lat' dir='ltr'>tertia</span> <span class='ocrx_word' id='word_1_119' title='bbox 873 1339 946 1378; x_wconf 88' lang='lat' dir='ltr'>post</span> <span class='ocrx_word' id='word_1_120' title='bbox 967 1335 1099 1373; x_wconf 79' lang='lat' dir='ltr'>Pascha,</span> 
     </span>
     <span class='ocr_line' id='line_1_23' title="bbox 171 1376 1098 1431; baseline -0.002 -9"><span class='ocrx_word' id='word_1_121' title='bbox 171 1376 555 1428; x_wconf 55' lang='lat' dir='ltr'>pl2‘„·3.¹11⁵?1¹2l¹1²2¹⁸¹2‘isolemniter</span> <span class='ocrx_word' id='word_1_122' title='bbox 581 1390 708 1420; x_wconf 73' lang='lat' dir='ltr'>cantata</span> <span class='ocrx_word' id='word_1_123' title='bbox 732 1399 749 1420; x_wconf 87' lang='lat' dir='ltr'>a</span> <span class='ocrx_word' id='word_1_124' title='bbox 774 1394 863 1431; x_wconf 89' lang='lat' dir='ltr'>patre</span> <span class='ocrx_word' id='word_1_125' title='bbox 892 1388 1098 1431; x_wconf 77' lang='lat' dir='ltr'>praesidente</span> 
     </span>
     <span class='ocr_line' id='line_1_24' title="bbox 172 1427 1099 1484; baseline -0.002 -9"><span class='ocrx_word' id='word_1_126' title='bbox 172 1427 465 1484; x_wconf 47' lang='lat' dir='ltr'>flss&#39;il‘mlfllftsssslssmissa</span> <span class='ocrx_word' id='word_1_127' title='bbox 501 1446 650 1474; x_wconf 84' lang='lat' dir='ltr'>currente</span> <span class='ocrx_word' id='word_1_128' title='bbox 686 1451 756 1473; x_wconf 88' lang='lat' dir='ltr'>cum</span> <span class='ocrx_word' id='word_1_129' title='bbox 790 1441 1099 1474; x_wconf 83' lang='lat' dir='ltr'>commemoratione</span> 
     </span>
     <span class='ocr_line' id='line_1_25' title="bbox 172 1487 1098 1538; baseline -0.003 -9"><span class='ocrx_word' id='word_1_130' title='bbox 172 1487 282 1508; x_wconf 57' lang='lat' dir='ltr'>&#39;emme&#39;</span> <span class='ocrx_word' id='word_1_131' title='bbox 368 1495 408 1528; x_wconf 87' lang='lat' dir='ltr'>de</span> <span class='ocrx_word' id='word_1_132' title='bbox 433 1494 552 1538; x_wconf 86' lang='lat' dir='ltr'>Spiritu</span> <span class='ocrx_word' id='word_1_133' title='bbox 578 1493 702 1533; x_wconf 83' lang='lat' dir='ltr'>Sancto,</span> <span class='ocrx_word' id='word_1_134' title='bbox 728 1498 763 1526; x_wconf 91' lang='lat' dir='ltr'>ut</span> <span class='ocrx_word' id='word_1_135' title='bbox 787 1504 883 1536; x_wconf 88' lang='lat' dir='ltr'>supra</span> <span class='ocrx_word' id='word_1_136' title='bbox 901 1494 1021 1527; x_wconf 85' lang='lat' dir='ltr'>dictum</span> <span class='ocrx_word' id='word_1_137' title='bbox 1039 1499 1098 1534; x_wconf 89' lang='lat' dir='ltr'>est,</span> 
     </span>
     <span class='ocr_line' id='line_1_26' title="bbox 366 1547 1101 1591; baseline -0.004 -10"><span class='ocrx_word' id='word_1_138' title='bbox 366 1553 443 1591; x_wconf 90' lang='lat' dir='ltr'>post</span> <span class='ocrx_word' id='word_1_139' title='bbox 465 1547 596 1588; x_wconf 84' lang='lat' dir='ltr'>Nonam,</span> <span class='ocrx_word' id='word_1_140' title='bbox 622 1548 749 1590; x_wconf 83' lang='lat' dir='ltr'>pulsata</span> <span class='ocrx_word' id='word_1_141' title='bbox 782 1549 946 1589; x_wconf 77' lang='lat' dir='ltr'>campana,</span> <span class='ocrx_word' id='word_1_142' title='bbox 978 1552 1010 1579; x_wconf 90' lang='lat' dir='ltr'>et</span> <span class='ocrx_word' id='word_1_143' title='bbox 1034 1557 1101 1579; x_wconf 87' lang='lat' dir='ltr'>om-</span> 
     </span>
     <span class='ocr_line' id='line_1_27' title="bbox 367 1598 1101 1643; baseline -0.003 -10"><span class='ocrx_word' id='word_1_144' title='bbox 367 1600 474 1639; x_wconf 91' lang='lat' dir='ltr'>nibus,</span> <span class='ocrx_word' id='word_1_145' title='bbox 499 1600 551 1643; x_wconf 87' lang='lat' dir='ltr'>qui</span> <span class='ocrx_word' id='word_1_146' title='bbox 577 1605 651 1632; x_wconf 88' lang='lat' dir='ltr'>sunt</span> <span class='ocrx_word' id='word_1_147' title='bbox 677 1600 714 1632; x_wconf 81' lang='lat' dir='ltr'>de</span> <span class='ocrx_word' id='word_1_148' title='bbox 739 1598 889 1642; x_wconf 80' lang='lat' dir='ltr'>capitulo,</span> <span class='ocrx_word' id='word_1_149' title='bbox 916 1599 948 1631; x_wconf 90' lang='lat' dir='ltr'>in</span> <span class='ocrx_word' id='word_1_150' title='bbox 973 1601 1043 1632; x_wconf 88' lang='lat' dir='ltr'>loco</span> <span class='ocrx_word' id='word_1_151' title='bbox 1061 1599 1101 1631; x_wconf 90' lang='lat' dir='ltr'>ad</span> 
     </span>
    </p>

    <p class='ocr_par' dir='ltr' id='par_1_7' title="bbox 368 1652 1099 1696">
     <span class='ocr_line' id='line_1_28' title="bbox 368 1652 1099 1696; baseline -0.004 -10"><span class='ocrx_word' id='word_1_152' title='bbox 368 1653 400 1686; x_wconf 92' lang='lat' dir='ltr'>id</span> <span class='ocrx_word' id='word_1_153' title='bbox 425 1653 578 1696; x_wconf 86' lang='lat' dir='ltr'>deputato</span> <span class='ocrx_word' id='word_1_154' title='bbox 604 1652 815 1695; x_wconf 70' lang='lat' dir='ltr'>congregatis,</span> <span class='ocrx_word' id='word_1_155' title='bbox 845 1652 980 1694; x_wconf 79' lang='lat' dir='ltr'>genibus</span> <span class='ocrx_word' id='word_1_156' title='bbox 999 1652 1099 1692; x_wconf 79' lang='lat' dir='ltr'>flexis,</span> 
     </span>
    </p>

    <p class='ocr_par' dir='ltr' id='par_1_8' title="bbox 367 1705 1103 1749">
     <span class='ocr_line' id='line_1_29' title="bbox 367 1705 1103 1749; baseline -0.003 -11"><span class='ocrx_word' id='word_1_157' title='bbox 367 1706 546 1749; x_wconf 71' lang='lat' dir='ltr'>praemissa</span> <span class='ocrx_word' id='word_1_158' title='bbox 572 1706 705 1738; x_wconf 81' lang='lat' dir='ltr'>mentali</span> <span class='ocrx_word' id='word_1_159' title='bbox 730 1705 885 1744; x_wconf 84' lang='lat' dir='ltr'>oratione,</span> <span class='ocrx_word' id='word_1_160' title='bbox 911 1705 1103 1748; x_wconf 76' lang='lat' dir='ltr'>praesidens</span> 
     </span>
    </p>

    <p class='ocr_par' dir='ltr' id='par_1_9' title="bbox 368 1758 1102 1856">
     <span class='ocr_line' id='line_1_30' title="bbox 368 1758 1102 1802; baseline -0.003 -10"><span class='ocrx_word' id='word_1_161' title='bbox 368 1759 537 1802; x_wconf 83' lang='lat' dir='ltr'>regiminis</span> <span class='ocrx_word' id='word_1_162' title='bbox 556 1769 669 1792; x_wconf 89' lang='lat' dir='ltr'>omnes</span> <span class='ocrx_word' id='word_1_163' title='bbox 689 1759 726 1791; x_wconf 90' lang='lat' dir='ltr'>de</span> <span class='ocrx_word' id='word_1_164' title='bbox 748 1758 889 1801; x_wconf 88' lang='lat' dir='ltr'>capitulo</span> <span class='ocrx_word' id='word_1_165' title='bbox 916 1758 1102 1791; x_wconf 87' lang='lat' dir='ltr'>huiusmodi</span> 
     </span>
     <span class='ocr_line' id='line_1_31' title="bbox 368 1812 795 1856; baseline -0.005 -10"><span class='ocrx_word' id='word_1_166' title='bbox 368 1814 554 1856; x_wconf 76' lang='lat' dir='ltr'>alloquatur</span> <span class='ocrx_word' id='word_1_167' title='bbox 573 1812 795 1845; x_wconf 79' lang='lat' dir='ltr'>sermonibus:</span> 
     </span>
    </p>

    <p class='ocr_par' dir='ltr' id='par_1_10' title="bbox 370 1864 1112 2491">
     <span class='ocr_line' id='line_1_32' title="bbox 413 1864 1106 1908; baseline -0.004 -8"><span class='ocrx_word' id='word_1_168' title='bbox 413 1877 449 1900; x_wconf 90' lang='lat'>11.</span> <span class='ocrx_word' id='word_1_169' title='bbox 482 1879 495 1896; x_wconf 74' lang='grc' dir='ltr'>(ι</span> <span class='ocrx_word' id='word_1_170' title='bbox 520 1866 628 1898; x_wconf 80' lang='lat' dir='ltr'>Patres</span> <span class='ocrx_word' id='word_1_171' title='bbox 655 1864 868 1904; x_wconf 83' lang='lat' dir='ltr'>dilectissimi,</span> <span class='ocrx_word' id='word_1_172' title='bbox 889 1864 974 1908; x_wconf 88' lang='lat' dir='ltr'>quia,</span> <span class='ocrx_word' id='word_1_173' title='bbox 993 1875 1106 1897; x_wconf 87' lang='lat' dir='ltr'>sccun-</span> 
     </span>
     <span class='ocr_line' id='line_1_33' title="bbox 370 1918 1106 1963; baseline -0.004 -10"><span class='ocrx_word' id='word_1_174' title='bbox 370 1932 384 1952; x_wconf 78' lang='lat'>»</span> <span class='ocrx_word' id='word_1_175' title='bbox 407 1920 482 1953; x_wconf 86' lang='lat' dir='ltr'>dum</span> <span class='ocrx_word' id='word_1_176' title='bbox 508 1919 673 1963; x_wconf 87' lang='lat' dir='ltr'>antiquam</span> <span class='ocrx_word' id='word_1_177' title='bbox 692 1924 724 1951; x_wconf 90' lang='lat' dir='ltr'>et</span> <span class='ocrx_word' id='word_1_178' title='bbox 755 1918 948 1951; x_wconf 82' lang='lat' dir='ltr'>laudabilem</span> <span class='ocrx_word' id='word_1_179' title='bbox 973 1928 1106 1950; x_wconf 89' lang='lat' dir='ltr'>consue-</span> 
     </span>
     <span class='ocr_line' id='line_1_34' title="bbox 370 1971 1105 2014; baseline -0.003 -9"><span class='ocrx_word' id='word_1_180' title='bbox 370 1973 554 2006; x_wconf 75' lang='lat' dir='ltr'>»tudinem</span> <span class='ocrx_word' id='word_1_181' title='bbox 587 1977 751 2013; x_wconf 84' lang='lat' dir='ltr'>nostram,</span> <span class='ocrx_word' id='word_1_182' title='bbox 792 1976 937 2014; x_wconf 86' lang='lat' dir='ltr'>tempore</span> <span class='ocrx_word' id='word_1_183' title='bbox 974 1971 1105 2014; x_wconf 88' lang='lat' dir='ltr'>capituli</span> 
     </span>
     <span class='ocr_line' id='line_1_35' title="bbox 371 2024 1107 2069; baseline -0.001 -11"><span class='ocrx_word' id='word_1_184' title='bbox 371 2038 385 2058; x_wconf 77' lang='lat'>»</span> <span class='ocrx_word' id='word_1_185' title='bbox 408 2026 569 2069; x_wconf 82' lang='lat' dir='ltr'>generalis</span> <span class='ocrx_word' id='word_1_186' title='bbox 593 2035 705 2057; x_wconf 80' lang='lat' dir='ltr'>vacare</span> <span class='ocrx_word' id='word_1_187' title='bbox 732 2024 851 2057; x_wconf 85' lang='lat' dir='ltr'>debent</span> <span class='ocrx_word' id='word_1_188' title='bbox 876 2024 983 2057; x_wconf 85' lang='lat' dir='ltr'>onmia</span> <span class='ocrx_word' id='word_1_189' title='bbox 1007 2024 1107 2057; x_wconf 83' lang='lat' dir='ltr'>bene-</span> 
     </span>
     <span class='ocr_line' id='line_1_36' title="bbox 372 2077 1108 2122; baseline -0.003 -10"><span class='ocrx_word' id='word_1_190' title='bbox 372 2091 386 2112; x_wconf 79' lang='lat'>»</span> <span class='ocrx_word' id='word_1_191' title='bbox 412 2079 493 2120; x_wconf 83' lang='lat' dir='ltr'>licia,</span> <span class='ocrx_word' id='word_1_192' title='bbox 508 2079 691 2122; x_wconf 81' lang='lat' dir='ltr'>dignitates,</span> <span class='ocrx_word' id='word_1_193' title='bbox 712 2077 932 2121; x_wconf 81' lang='lat' dir='ltr'>praelationes</span> <span class='ocrx_word' id='word_1_194' title='bbox 951 2083 984 2109; x_wconf 85' lang='lat' dir='ltr'>ct</span> <span class='ocrx_word' id='word_1_195' title='bbox 1004 2078 1108 2110; x_wconf 82' lang='lat' dir='ltr'>officia</span> 
     </span>
     <span class='ocr_line' id='line_1_37' title="bbox 372 2130 1105 2175; baseline -0.001 -11"><span class='ocrx_word' id='word_1_196' title='bbox 372 2144 386 2164; x_wconf 71' lang='grc' dir='ltr'>ι)</span> <span class='ocrx_word' id='word_1_197' title='bbox 410 2133 570 2175; x_wconf 79' lang='lat' dir='ltr'>generalis</span> <span class='ocrx_word' id='word_1_198' title='bbox 597 2131 785 2174; x_wconf 74' lang='lat' dir='ltr'>regiminis,</span> <span class='ocrx_word' id='word_1_199' title='bbox 807 2131 929 2164; x_wconf 83' lang='lat' dir='ltr'>ideirco</span> <span class='ocrx_word' id='word_1_200' title='bbox 948 2142 1008 2173; x_wconf 75' lang='lat' dir='ltr'>ego</span> <span class='ocrx_word' id='word_1_201' title='bbox 1029 2130 1105 2163; x_wconf 83' lang='lat' dir='ltr'>D.N.</span> 
     </span>
     <span class='ocr_line' id='line_1_38' title="bbox 372 2183 1109 2229; baseline -0.003 -11"><span class='ocrx_word' id='word_1_202' title='bbox 372 2197 387 2218; x_wconf 66' lang='grc' dir='ltr'><strong><em>ι</em></strong></span> <span class='ocrx_word' id='word_1_203' title='bbox 413 2185 542 2219; x_wconf 88' lang='lat' dir='ltr'>humilis</span> <span class='ocrx_word' id='word_1_204' title='bbox 557 2185 746 2229; x_wconf 85' lang='lat' dir='ltr'>praesidens</span> <span class='ocrx_word' id='word_1_205' title='bbox 757 2184 1022 2227; x_wconf 75' lang='lat' dir='ltr'>Congregationis</span> <span class='ocrx_word' id='word_1_206' title='bbox 1037 2183 1109 2216; x_wconf 86' lang='lat' dir='ltr'>Cas-</span> 
     </span>
     <span class='ocr_line' id='line_1_39' title="bbox 373 2237 1109 2280; baseline -0.003 -9"><span class='ocrx_word' id='word_1_207' title='bbox 373 2251 388 2271; x_wconf 76' lang='lat'>»</span> <span class='ocrx_word' id='word_1_208' title='bbox 411 2239 556 2279; x_wconf 85' lang='lat' dir='ltr'>sinensis‚</span> <span class='ocrx_word' id='word_1_209' title='bbox 582 2239 649 2272; x_wconf 90' lang='lat' dir='ltr'>vice</span> <span class='ocrx_word' id='word_1_210' title='bbox 675 2244 706 2272; x_wconf 91' lang='lat' dir='ltr'>et</span> <span class='ocrx_word' id='word_1_211' title='bbox 730 2239 862 2271; x_wconf 89' lang='lat' dir='ltr'>nomine</span> <span class='ocrx_word' id='word_1_212' title='bbox 895 2237 992 2270; x_wconf 88' lang='lat' dir='ltr'>totius</span> <span class='ocrx_word' id='word_1_213' title='bbox 1023 2237 1109 2280; x_wconf 84' lang='lat' dir='ltr'>capi-</span> 
     </span>
     <span class='ocr_line' id='line_1_40' title="bbox 375 2290 1108 2334; baseline -0.003 -10"><span class='ocrx_word' id='word_1_214' title='bbox 375 2303 389 2324; x_wconf 75' lang='lat'>»</span> <span class='ocrx_word' id='word_1_215' title='bbox 413 2292 470 2324; x_wconf 91' lang='lat' dir='ltr'>tuli</span> <span class='ocrx_word' id='word_1_216' title='bbox 509 2292 688 2334; x_wconf 83' lang='lat' dir='ltr'>generalis,</span> <span class='ocrx_word' id='word_1_217' title='bbox 726 2290 904 2334; x_wconf 76' lang='lat' dir='ltr'>apostolica</span> <span class='ocrx_word' id='word_1_218' title='bbox 942 2301 977 2323; x_wconf 89' lang='lat' dir='ltr'>ac</span> <span class='ocrx_word' id='word_1_219' title='bbox 1012 2290 1108 2323; x_wconf 90' lang='lat' dir='ltr'>etiam</span> 
     </span>
     <span class='ocr_line' id='line_1_41' title="bbox 375 2343 1108 2383; baseline -0.003 -6"><span class='ocrx_word' id='word_1_220' title='bbox 375 2356 389 2378; x_wconf 63' lang='lat' dir='ltr'><em>w</em></span> <span class='ocrx_word' id='word_1_221' title='bbox 412 2344 679 2378; x_wconf 80' lang='lat' dir='ltr'>constitutionum</span> <span class='ocrx_word' id='word_1_222' title='bbox 700 2349 883 2377; x_wconf 88' lang='lat' dir='ltr'>nostrarum</span> <span class='ocrx_word' id='word_1_223' title='bbox 909 2343 1108 2383; x_wconf 87' lang='lat' dir='ltr'>auctoritate,</span> 
     </span>
     <span class='ocr_line' id='line_1_42' title="bbox 375 2397 1109 2440; baseline -0.005 -9"><span class='ocrx_word' id='word_1_224' title='bbox 375 2409 390 2430; x_wconf 62' lang='lat' dir='ltr'><strong>t</strong></span> <span class='ocrx_word' id='word_1_225' title='bbox 413 2399 543 2431; x_wconf 89' lang='lat' dir='ltr'>absolvo</span> <span class='ocrx_word' id='word_1_226' title='bbox 568 2398 713 2440; x_wconf 75' lang='lat' dir='ltr'>singulos</span> <span class='ocrx_word' id='word_1_227' title='bbox 737 2397 930 2436; x_wconf 85' lang='lat' dir='ltr'>visitatores,</span> <span class='ocrx_word' id='word_1_228' title='bbox 965 2397 1109 2436; x_wconf 85' lang='lat' dir='ltr'>abbates,</span> 
     </span>
     <span class='ocr_line' id='line_1_43' title="bbox 376 2450 1112 2491; baseline -0.003 -7"><span class='ocrx_word' id='word_1_229' title='bbox 376 2458 392 2484; x_wconf 63' lang='grc' dir='ltr'><strong>ι</strong></span> <span class='ocrx_word' id='word_1_230' title='bbox 414 2451 691 2484; x_wconf 84' lang='lat' dir='ltr'>administratores</span> <span class='ocrx_word' id='word_1_231' title='bbox 708 2477 715 2491; x_wconf 88' lang='lat'>,</span> <span class='ocrx_word' id='word_1_232' title='bbox 754 2456 785 2483; x_wconf 89' lang='lat' dir='ltr'>et</span> <span class='ocrx_word' id='word_1_233' title='bbox 814 2460 926 2483; x_wconf 90' lang='lat' dir='ltr'>omnes</span> <span class='ocrx_word' id='word_1_234' title='bbox 953 2450 1112 2483; x_wconf 85' lang='lat' dir='ltr'>habentes</span> 
     </span>
    </p>
   </div>
   <div class='ocr_carea' id='block_1_3' title="bbox 377 2502 1890 2548">
    <p class='ocr_par' dir='ltr' id='par_1_11' title="bbox 377 2502 1890 2548">
     <span class='ocr_line' id='line_1_44' title="bbox 377 2502 1890 2548; baseline -0.001 -11"><span class='ocrx_word' id='word_1_235' title='bbox 377 2516 392 2537; x_wconf 63' lang='lat' dir='ltr'><strong>t</strong></span> <span class='ocrx_word' id='word_1_236' title='bbox 414 2510 477 2537; x_wconf 87' lang='lat' dir='ltr'>tam</span> <span class='ocrx_word' id='word_1_237' title='bbox 503 2505 630 2537; x_wconf 85' lang='lat' dir='ltr'>titulum</span> <span class='ocrx_word' id='word_1_238' title='bbox 652 2514 748 2548; x_wconf 88' lang='lat' dir='ltr'>quam</span> <span class='ocrx_word' id='word_1_239' title='bbox 768 2504 950 2547; x_wconf 87' lang='lat' dir='ltr'>principale</span> <span class='ocrx_word' id='word_1_240' title='bbox 969 2503 1112 2546; x_wconf 82' lang='lat' dir='ltr'>regimen</span> <span class='ocrx_word' id='word_1_241' title='bbox 1155 2508 1280 2546; x_wconf 90' lang='lat' dir='ltr'>patrum</span> <span class='ocrx_word' id='word_1_242' title='bbox 1305 2508 1416 2536; x_wconf 89' lang='lat' dir='ltr'>coctus</span> <span class='ocrx_word' id='word_1_243' title='bbox 1439 2502 1573 2536; x_wconf 87' lang='lat' dir='ltr'>adunari</span> <span class='ocrx_word' id='word_1_244' title='bbox 1599 2512 1728 2546; x_wconf 84' lang='lat' dir='ltr'>semper</span> <span class='ocrx_word' id='word_1_245' title='bbox 1745 2502 1890 2543; x_wconf 86' lang='lat' dir='ltr'>deberet,</span> 
     </span>
    </p>
   </div>
   <div class='ocr_carea' id='block_1_4' title="bbox 941 222 1296 249">
    <p class='ocr_par' dir='ltr' id='par_1_12' title="bbox 941 222 1296 249">
     <span class='ocr_line' id='line_1_45' title="bbox 941 222 1296 249; baseline -0.003 0"><span class='ocrx_word' id='word_1_246' title='bbox 941 223 1121 249; x_wconf 64' lang='lat' dir='ltr'>Bt&#39;LLAan</span> <span class='ocrx_word' id='word_1_247' title='bbox 1143 222 1296 248; x_wconf 70' lang='lat' dir='ltr'>Romnum</span> 
     </span>
    </p>
   </div>
   <div class='ocr_carea' id='block_1_5' title="bbox 1118 1052 1133 2493">
    <p class='ocr_par' dir='ltr' id='par_1_13' title="bbox 1118 1052 1133 2493">
     <span class='ocr_line' id='line_1_46' title="bbox 1118 1052 1133 2493; baseline 0 0"><span class='ocrx_word' id='word_1_248' title='bbox 1118 1052 1133 2493; x_wconf 95' lang='lat' dir='ltr'> </span> 
     </span>
    </p>
   </div>
   <div class='ocr_carea' id='block_1_6' title="bbox 1139 223 2068 2387">
    <p class='ocr_par' dir='ltr' id='par_1_14' title="bbox 1139 223 2068 357">
     <span class='ocr_line' id='line_1_47' title="bbox 1883 223 2068 252; baseline 0.016 -3"><span class='ocrx_word' id='word_1_249' title='bbox 1883 223 1934 250; x_wconf 74' lang='lat' dir='ltr'>An.</span> <span class='ocrx_word' id='word_1_250' title='bbox 1952 223 1979 251; x_wconf 92' lang='lat' dir='ltr'>C.</span> <span class='ocrx_word' id='word_1_251' title='bbox 2006 224 2068 252; x_wconf 75' lang='lat'>168</span> 
     </span>
     <span class='ocr_line' id='line_1_48' title="bbox 1139 270 1876 316; baseline 0.003 -13"><span class='ocrx_word' id='word_1_252' title='bbox 1139 283 1152 303; x_wconf 62' lang='lat' dir='ltr'>n</span> <span class='ocrx_word' id='word_1_253' title='bbox 1176 276 1208 304; x_wconf 87' lang='lat' dir='ltr'>et</span> <span class='ocrx_word' id='word_1_254' title='bbox 1243 270 1413 314; x_wconf 83' lang='lat' dir='ltr'>regimine,</span> <span class='ocrx_word' id='word_1_255' title='bbox 1448 275 1481 305; x_wconf 89' lang='lat' dir='ltr'>et</span> <span class='ocrx_word' id='word_1_256' title='bbox 1511 281 1565 305; x_wconf 87' lang='lat' dir='ltr'>eos</span> <span class='ocrx_word' id='word_1_257' title='bbox 1602 271 1767 306; x_wconf 87' lang='lat' dir='ltr'>absolutos</span> <span class='ocrx_word' id='word_1_258' title='bbox 1799 282 1876 316; x_wconf 90' lang='lat' dir='ltr'>pro-</span> 
     </span>
     <span class='ocr_line' id='line_1_49' title="bbox 1140 333 1345 357; baseline 0.005 -2"><span class='ocrx_word' id='word_1_259' title='bbox 1140 336 1153 355; x_wconf 76' lang='lat'>»</span> <span class='ocrx_word' id='word_1_260' title='bbox 1176 333 1296 357; x_wconf 90' lang='lat' dir='ltr'>nunc1o</span> <span class='ocrx_word' id='word_1_261' title='bbox 1314 336 1345 356; x_wconf 83' lang='lat'>».</span> 
     </span>
    </p>

    <p class='ocr_par' dir='ltr' id='par_1_15' title="bbox 1139 376 1876 790">
     <span class='ocr_line' id='line_1_50' title="bbox 1183 376 1875 420; baseline 0.001 -10"><span class='ocrx_word' id='word_1_262' title='bbox 1183 387 1231 410; x_wconf 90' lang='lat'>111.</span> <span class='ocrx_word' id='word_1_263' title='bbox 1259 376 1290 410; x_wconf 89' lang='lat' dir='ltr'>Si</span> <span class='ocrx_word' id='word_1_264' title='bbox 1315 387 1393 411; x_wconf 87' lang='lat' dir='ltr'>vero</span> <span class='ocrx_word' id='word_1_265' title='bbox 1418 378 1605 420; x_wconf 87' lang='lat' dir='ltr'>praesidens</span> <span class='ocrx_word' id='word_1_266' title='bbox 1630 389 1696 411; x_wconf 91' lang='lat' dir='ltr'>non</span> <span class='ocrx_word' id='word_1_267' title='bbox 1721 378 1875 412; x_wconf 86' lang='lat' dir='ltr'>interfue-</span> 
     </span>
     <span class='ocr_line' id='line_1_51' title="bbox 1140 429 1875 474; baseline 0.001 -12"><span class='ocrx_word' id='word_1_268' title='bbox 1140 429 1182 462; x_wconf 86' lang='lat' dir='ltr'>rit</span> <span class='ocrx_word' id='word_1_269' title='bbox 1205 429 1356 473; x_wconf 85' lang='lat' dir='ltr'>capitulo,</span> <span class='ocrx_word' id='word_1_270' title='bbox 1374 430 1538 473; x_wconf 87' lang='lat' dir='ltr'>antiquior</span> <span class='ocrx_word' id='word_1_271' title='bbox 1562 431 1705 463; x_wconf 86' lang='lat' dir='ltr'>visitator</span> <span class='ocrx_word' id='word_1_272' title='bbox 1730 431 1784 474; x_wconf 87' lang='lat' dir='ltr'>qui</span> <span class='ocrx_word' id='word_1_273' title='bbox 1809 431 1875 465; x_wconf 86' lang='lat' dir='ltr'>illic</span> 
     </span>
     <span class='ocr_line' id='line_1_52' title="bbox 1140 483 1876 526; baseline 0.001 -10"><span class='ocrx_word' id='word_1_274' title='bbox 1140 483 1253 524; x_wconf 86' lang='lat' dir='ltr'>aderit,</span> <span class='ocrx_word' id='word_1_275' title='bbox 1292 483 1401 516; x_wconf 87' lang='lat' dir='ltr'>omnia</span> <span class='ocrx_word' id='word_1_276' title='bbox 1436 484 1634 526; x_wconf 88' lang='lat' dir='ltr'>supradicta,</span> <span class='ocrx_word' id='word_1_277' title='bbox 1673 485 1804 517; x_wconf 89' lang='lat' dir='ltr'>nomine</span> <span class='ocrx_word' id='word_1_278' title='bbox 1844 489 1876 517; x_wconf 89' lang='lat' dir='ltr'>et</span> 
     </span>
     <span class='ocr_line' id='line_1_53' title="bbox 1139 536 1875 580; baseline 0 -11"><span class='ocrx_word' id='word_1_279' title='bbox 1139 537 1205 570; x_wconf 90' lang='lat' dir='ltr'>vice</span> <span class='ocrx_word' id='word_1_280' title='bbox 1230 536 1454 580; x_wconf 87' lang='lat' dir='ltr'>praesidentis,</span> <span class='ocrx_word' id='word_1_281' title='bbox 1479 537 1685 580; x_wconf 86' lang='lat' dir='ltr'>pronunciet.</span> <span class='ocrx_word' id='word_1_282' title='bbox 1718 536 1785 575; x_wconf 84' lang='lat' dir='ltr'>Qua</span> <span class='ocrx_word' id='word_1_283' title='bbox 1820 537 1875 569; x_wconf 86' lang='lat' dir='ltr'>ab·</span> 
     </span>
     <span class='ocr_line' id='line_1_54' title="bbox 1140 589 1873 632; baseline 0.001 -10"><span class='ocrx_word' id='word_1_284' title='bbox 1140 589 1302 623; x_wconf 86' lang='lat' dir='ltr'>solutione</span> <span class='ocrx_word' id='word_1_285' title='bbox 1342 589 1436 630; x_wconf 81' lang='lat' dir='ltr'>sacta,</span> <span class='ocrx_word' id='word_1_286' title='bbox 1465 590 1565 622; x_wconf 88' lang='lat' dir='ltr'>ceteri</span> <span class='ocrx_word' id='word_1_287' title='bbox 1601 599 1724 629; x_wconf 91' lang='lat' dir='ltr'>omnes,</span> <span class='ocrx_word' id='word_1_288' title='bbox 1759 594 1873 632; x_wconf 87' lang='lat' dir='ltr'>aperto</span> 
     </span>
     <span class='ocr_line' id='line_1_55' title="bbox 1140 642 1876 685; baseline 0.001 -11"><span class='ocrx_word' id='word_1_289' title='bbox 1140 643 1244 685; x_wconf 87' lang='lat' dir='ltr'>capite</span> <span class='ocrx_word' id='word_1_290' title='bbox 1269 647 1411 684; x_wconf 84' lang='lat' dir='ltr'>surgant,</span> <span class='ocrx_word' id='word_1_291' title='bbox 1437 642 1543 675; x_wconf 86' lang='lat' dir='ltr'>eidem</span> <span class='ocrx_word' id='word_1_292' title='bbox 1567 642 1762 675; x_wconf 86' lang='lat' dir='ltr'>absolutioni</span> <span class='ocrx_word' id='word_1_293' title='bbox 1787 652 1876 675; x_wconf 89' lang='lat' dir='ltr'>reve·</span> 
     </span>
     <span class='ocr_line' id='line_1_56' title="bbox 1140 695 1874 738; baseline 0 -11"><span class='ocrx_word' id='word_1_294' title='bbox 1140 700 1250 728; x_wconf 88' lang='lat' dir='ltr'>renter</span> <span class='ocrx_word' id='word_1_295' title='bbox 1274 700 1463 735; x_wconf 87' lang='lat' dir='ltr'>annuentes,</span> <span class='ocrx_word' id='word_1_296' title='bbox 1488 696 1624 738; x_wconf 82' lang='lat' dir='ltr'>locaque</span> <span class='ocrx_word' id='word_1_297' title='bbox 1649 705 1725 727; x_wconf 88' lang='lat' dir='ltr'>suae</span> <span class='ocrx_word' id='word_1_298' title='bbox 1750 695 1874 737; x_wconf 89' lang='lat' dir='ltr'>profes-</span> 
     </span>
     <span class='ocr_line' id='line_1_57' title="bbox 1140 747 1503 790; baseline -0.003 -10"><span class='ocrx_word' id='word_1_299' title='bbox 1140 747 1238 780; x_wconf 90' lang='lat' dir='ltr'>sionis</span> <span class='ocrx_word' id='word_1_300' title='bbox 1263 747 1352 780; x_wconf 85' lang='lat' dir='ltr'>illieo</span> <span class='ocrx_word' id='word_1_301' title='bbox 1378 752 1503 790; x_wconf 88' lang='lat' dir='ltr'>petant.</span> 
     </span>
    </p>

    <p class='ocr_par' dir='ltr' id='par_1_16' title="bbox 1141 800 1883 1266">
     <span class='ocr_line' id='line_1_58' title="bbox 1184 800 1872 843; baseline 0.001 -10"><span class='ocrx_word' id='word_1_302' title='bbox 1184 810 1227 833; x_wconf 93' lang='lat' dir='ltr'>1v.</span> <span class='ocrx_word' id='word_1_303' title='bbox 1265 800 1506 843; x_wconf 89' lang='lat' dir='ltr'>Subsequenter</span> <span class='ocrx_word' id='word_1_304' title='bbox 1540 800 1731 843; x_wconf 85' lang='lat' dir='ltr'>praesidens</span> <span class='ocrx_word' id='word_1_305' title='bbox 1767 800 1872 834; x_wconf 84' lang='lat' dir='ltr'>dicat:</span> 
     </span>
     <span class='ocr_line' id='line_1_59' title="bbox 1141 853 1872 896; baseline 0.003 -12"><span class='ocrx_word' id='word_1_306' title='bbox 1141 865 1154 884; x_wconf 72' lang='lat' dir='ltr'>n</span> <span class='ocrx_word' id='word_1_307' title='bbox 1180 853 1218 885; x_wconf 87' lang='lat' dir='ltr'>Et</span> <span class='ocrx_word' id='word_1_308' title='bbox 1235 863 1296 896; x_wconf 82' lang='lat' dir='ltr'>ego</span> <span class='ocrx_word' id='word_1_309' title='bbox 1314 853 1349 885; x_wconf 91' lang='lat' dir='ltr'>D.</span> <span class='ocrx_word' id='word_1_310' title='bbox 1369 853 1405 885; x_wconf 91' lang='lat' dir='ltr'>N.</span> <span class='ocrx_word' id='word_1_311' title='bbox 1426 853 1587 886; x_wconf 88' lang='lat' dir='ltr'>denuncio</span> <span class='ocrx_word' id='word_1_312' title='bbox 1605 863 1656 886; x_wconf 90' lang='lat' dir='ltr'>me</span> <span class='ocrx_word' id='word_1_313' title='bbox 1676 854 1872 895; x_wconf 86' lang='lat' dir='ltr'>absolutum,</span> 
     </span>
     <span class='ocr_line' id='line_1_60' title="bbox 1141 906 1875 949; baseline 0.003 -12"><span class='ocrx_word' id='word_1_314' title='bbox 1141 917 1154 936; x_wconf 70' lang='lat' dir='ltr'>r&gt;</span> <span class='ocrx_word' id='word_1_315' title='bbox 1180 906 1268 938; x_wconf 84' lang='lat' dir='ltr'>iuxta</span> <span class='ocrx_word' id='word_1_316' title='bbox 1292 911 1438 939; x_wconf 88' lang='lat' dir='ltr'>tenorem</span> <span class='ocrx_word' id='word_1_317' title='bbox 1468 906 1723 949; x_wconf 83' lang='lat' dir='ltr'>privilegiorum,</span> <span class='ocrx_word' id='word_1_318' title='bbox 1756 906 1875 940; x_wconf 87' lang='lat' dir='ltr'>consti-</span> 
     </span>
     <span class='ocr_line' id='line_1_61' title="bbox 1141 959 1874 1002; baseline 0.003 -11"><span class='ocrx_word' id='word_1_319' title='bbox 1141 971 1154 990; x_wconf 78' lang='lat'>»</span> <span class='ocrx_word' id='word_1_320' title='bbox 1178 959 1341 992; x_wconf 88' lang='lat' dir='ltr'>tutionum</span> <span class='ocrx_word' id='word_1_321' title='bbox 1374 959 1640 1002; x_wconf 82' lang='lat' dir='ltr'>Congregationis</span> <span class='ocrx_word' id='word_1_322' title='bbox 1671 965 1810 1001; x_wconf 84' lang='lat' dir='ltr'>nostrae,</span> <span class='ocrx_word' id='word_1_323' title='bbox 1835 960 1874 993; x_wconf 89' lang='lat' dir='ltr'>ab</span> 
     </span>
     <span class='ocr_line' id='line_1_62' title="bbox 1141 1012 1874 1055; baseline 0.001 -11"><span class='ocrx_word' id='word_1_324' title='bbox 1141 1024 1154 1043; x_wconf 64' lang='lat' dir='ltr'>n</span> <span class='ocrx_word' id='word_1_325' title='bbox 1181 1012 1285 1045; x_wconf 84' lang='lat' dir='ltr'>officio</span> <span class='ocrx_word' id='word_1_326' title='bbox 1323 1012 1561 1055; x_wconf 82' lang='lat' dir='ltr'>praesidentiae</span> <span class='ocrx_word' id='word_1_327' title='bbox 1598 1017 1630 1045; x_wconf 90' lang='lat' dir='ltr'>et</span> <span class='ocrx_word' id='word_1_328' title='bbox 1663 1012 1874 1053; x_wconf 83' lang='lat' dir='ltr'>visitationis,</span> 
     </span>
     <span class='ocr_line' id='line_1_63' title="bbox 1142 1065 1877 1108; baseline 0.001 -11"><span class='ocrx_word' id='word_1_329' title='bbox 1142 1077 1154 1096; x_wconf 81' lang='lat'>»</span> <span class='ocrx_word' id='word_1_330' title='bbox 1181 1075 1306 1098; x_wconf 86' lang='lat' dir='ltr'>necnon</span> <span class='ocrx_word' id='word_1_331' title='bbox 1332 1076 1349 1098; x_wconf 91' lang='lat' dir='ltr'>a</span> <span class='ocrx_word' id='word_1_332' title='bbox 1374 1065 1476 1106; x_wconf 90' lang='lat' dir='ltr'>titulo,</span> <span class='ocrx_word' id='word_1_333' title='bbox 1501 1065 1658 1108; x_wconf 80' lang='lat' dir='ltr'>regimine</span> <span class='ocrx_word' id='word_1_334' title='bbox 1678 1071 1709 1098; x_wconf 89' lang='lat' dir='ltr'>et</span> <span class='ocrx_word' id='word_1_335' title='bbox 1726 1065 1877 1098; x_wconf 83' lang='lat' dir='ltr'>adminis-</span> 
     </span>
     <span class='ocr_line' id='line_1_64' title="bbox 1143 1118 1876 1161; baseline -0.001 -10"><span class='ocrx_word' id='word_1_336' title='bbox 1143 1130 1155 1150; x_wconf 80' lang='lat'>›)</span> <span class='ocrx_word' id='word_1_337' title='bbox 1179 1118 1315 1151; x_wconf 87' lang='lat' dir='ltr'>tratione</span> <span class='ocrx_word' id='word_1_338' title='bbox 1341 1118 1532 1151; x_wconf 89' lang='lat' dir='ltr'>monasterii</span> <span class='ocrx_word' id='word_1_339' title='bbox 1556 1118 1592 1151; x_wconf 93' lang='lat' dir='ltr'>N.</span> <span class='ocrx_word' id='word_1_340' title='bbox 1615 1118 1745 1152; x_wconf 83' lang='lat' dir='ltr'>Placeat</span> <span class='ocrx_word' id='word_1_341' title='bbox 1768 1118 1876 1161; x_wconf 89' lang='lat' dir='ltr'>itaque</span> 
     </span>
     <span class='ocr_line' id='line_1_65' title="bbox 1142 1170 1883 1214; baseline 0.003 -12"><span class='ocrx_word' id='word_1_342' title='bbox 1142 1183 1155 1202; x_wconf 67' lang='lat' dir='ltr'><strong><em>n</em></strong></span> <span class='ocrx_word' id='word_1_343' title='bbox 1181 1170 1429 1214; x_wconf 86' lang='lat' dir='ltr'>paternitatibus</span> <span class='ocrx_word' id='word_1_344' title='bbox 1454 1171 1567 1204; x_wconf 86' lang='lat' dir='ltr'>vestris</span> <span class='ocrx_word' id='word_1_345' title='bbox 1591 1171 1642 1204; x_wconf 87' lang='lat' dir='ltr'>die</span> <span class='ocrx_word' id='word_1_346' title='bbox 1667 1173 1786 1204; x_wconf 73' lang='lat' dir='ltr'>statuta</span> <span class='ocrx_word' id='word_1_347' title='bbox 1802 1181 1883 1214; x_wconf 83' lang='lat' dir='ltr'>pro-.</span> 
     </span>
     <span class='ocr_line' id='line_1_66' title="bbox 1142 1224 1659 1266; baseline 0 -11"><span class='ocrx_word' id='word_1_348' title='bbox 1142 1236 1154 1255; x_wconf 63' lang='lat' dir='ltr'>n</span> <span class='ocrx_word' id='word_1_349' title='bbox 1176 1224 1286 1257; x_wconf 90' lang='lat' dir='ltr'>videre</span> <span class='ocrx_word' id='word_1_350' title='bbox 1307 1224 1345 1256; x_wconf 91' lang='lat' dir='ltr'>de</span> <span class='ocrx_word' id='word_1_351' title='bbox 1366 1224 1467 1266; x_wconf 80' lang='lat' dir='ltr'>magis</span> <span class='ocrx_word' id='word_1_352' title='bbox 1488 1224 1606 1257; x_wconf 89' lang='lat' dir='ltr'>idoneo</span> <span class='ocrx_word' id='word_1_353' title='bbox 1624 1236 1659 1257; x_wconf 68' lang='lat'>».,</span> 
     </span>
    </p>

    <p class='ocr_par' dir='ltr' id='par_1_17' title="bbox 1141 1276 1879 1643">
     <span class='ocr_line' id='line_1_67' title="bbox 1185 1276 1879 1319; baseline 0 -10"><span class='ocrx_word' id='word_1_354' title='bbox 1185 1288 1212 1309; x_wconf 95' lang='lat' dir='ltr'>v.</span> <span class='ocrx_word' id='word_1_355' title='bbox 1241 1277 1315 1311; x_wconf 87' lang='lat' dir='ltr'>Post</span> <span class='ocrx_word' id='word_1_356' title='bbox 1332 1277 1423 1318; x_wconf 86' lang='lat' dir='ltr'>haec,</span> <span class='ocrx_word' id='word_1_357' title='bbox 1444 1282 1622 1319; x_wconf 88' lang='lat' dir='ltr'>prostratus</span> <span class='ocrx_word' id='word_1_358' title='bbox 1643 1287 1752 1310; x_wconf 89' lang='lat' dir='ltr'>coram</span> <span class='ocrx_word' id='word_1_359' title='bbox 1776 1276 1879 1310; x_wconf 89' lang='lat' dir='ltr'>omni-</span> 
     </span>
     <span class='ocr_line' id='line_1_68' title="bbox 1141 1330 1877 1373; baseline -0.001 -10"><span class='ocrx_word' id='word_1_360' title='bbox 1141 1331 1209 1371; x_wconf 89' lang='lat' dir='ltr'>bus,</span> <span class='ocrx_word' id='word_1_361' title='bbox 1228 1331 1268 1363; x_wconf 86' lang='lat' dir='ltr'>de</span> <span class='ocrx_word' id='word_1_362' title='bbox 1294 1330 1477 1363; x_wconf 79' lang='lat' dir='ltr'>excessibus</span> <span class='ocrx_word' id='word_1_363' title='bbox 1509 1336 1542 1363; x_wconf 90' lang='lat' dir='ltr'>et</span> <span class='ocrx_word' id='word_1_364' title='bbox 1572 1330 1781 1373; x_wconf 82' lang='lat' dir='ltr'>negligentiis</span> <span class='ocrx_word' id='word_1_365' title='bbox 1811 1330 1877 1363; x_wconf 85' lang='lat' dir='ltr'>suis</span> 
     </span>
     <span class='ocr_line' id='line_1_69' title="bbox 1142 1383 1878 1426; baseline 0 -9"><span class='ocrx_word' id='word_1_366' title='bbox 1142 1395 1175 1417; x_wconf 87' lang='lat' dir='ltr'>se</span> <span class='ocrx_word' id='word_1_367' title='bbox 1201 1389 1337 1424; x_wconf 89' lang='lat' dir='ltr'>accuset,</span> <span class='ocrx_word' id='word_1_368' title='bbox 1363 1389 1395 1417; x_wconf 89' lang='lat' dir='ltr'>et</span> <span class='ocrx_word' id='word_1_369' title='bbox 1418 1384 1564 1416; x_wconf 88' lang='lat' dir='ltr'>subiiciat</span> <span class='ocrx_word' id='word_1_370' title='bbox 1589 1394 1624 1416; x_wconf 92' lang='lat' dir='ltr'>se</span> <span class='ocrx_word' id='word_1_371' title='bbox 1649 1383 1779 1426; x_wconf 86' lang='lat' dir='ltr'>capituli</span> <span class='ocrx_word' id='word_1_372' title='bbox 1808 1393 1878 1417; x_wconf 90' lang='lat' dir='ltr'>cor-</span> 
     </span>
     <span class='ocr_line' id='line_1_70' title="bbox 1143 1436 1877 1479; baseline -0.001 -10"><span class='ocrx_word' id='word_1_373' title='bbox 1143 1436 1288 1477; x_wconf 89' lang='lat' dir='ltr'>rectioni,</span> <span class='ocrx_word' id='word_1_374' title='bbox 1313 1437 1439 1469; x_wconf 89' lang='lat' dir='ltr'>veniam</span> <span class='ocrx_word' id='word_1_375' title='bbox 1471 1441 1503 1468; x_wconf 88' lang='lat' dir='ltr'>et</span> <span class='ocrx_word' id='word_1_376' title='bbox 1533 1437 1711 1470; x_wconf 88' lang='lat' dir='ltr'>orationem</span> <span class='ocrx_word' id='word_1_377' title='bbox 1747 1446 1807 1479; x_wconf 91' lang='lat' dir='ltr'>pro</span> <span class='ocrx_word' id='word_1_378' title='bbox 1842 1446 1877 1469; x_wconf 87' lang='lat' dir='ltr'>se</span> 
     </span>
     <span class='ocr_line' id='line_1_71' title="bbox 1143 1489 1878 1532; baseline -0.001 -10"><span class='ocrx_word' id='word_1_379' title='bbox 1143 1490 1182 1522; x_wconf 89' lang='lat' dir='ltr'>ab</span> <span class='ocrx_word' id='word_1_380' title='bbox 1207 1489 1406 1522; x_wconf 88' lang='lat' dir='ltr'>adstantibus</span> <span class='ocrx_word' id='word_1_381' title='bbox 1431 1490 1615 1532; x_wconf 68' lang='lat' dir='ltr'>postulans,</span> <span class='ocrx_word' id='word_1_382' title='bbox 1634 1494 1665 1522; x_wconf 86' lang='lat' dir='ltr'>et</span> <span class='ocrx_word' id='word_1_383' title='bbox 1684 1489 1767 1522; x_wconf 87' lang='lat' dir='ltr'>facto</span> <span class='ocrx_word' id='word_1_384' title='bbox 1785 1489 1878 1531; x_wconf 87' lang='lat' dir='ltr'>signo</span> 
     </span>
     <span class='ocr_line' id='line_1_72' title="bbox 1143 1546 1878 1589; baseline -0.001 -10"><span class='ocrx_word' id='word_1_385' title='bbox 1143 1547 1181 1579; x_wconf 88' lang='lat' dir='ltr'>ab</span> <span class='ocrx_word' id='word_1_386' title='bbox 1206 1546 1389 1589; x_wconf 86' lang='lat' dir='ltr'>antiquiore</span> <span class='ocrx_word' id='word_1_387' title='bbox 1415 1546 1557 1589; x_wconf 83' lang='lat' dir='ltr'>capituli,</span> <span class='ocrx_word' id='word_1_388' title='bbox 1583 1551 1692 1589; x_wconf 84' lang='lat' dir='ltr'>surgat</span> <span class='ocrx_word' id='word_1_389' title='bbox 1715 1551 1747 1579; x_wconf 90' lang='lat' dir='ltr'>et</span> <span class='ocrx_word' id='word_1_390' title='bbox 1771 1555 1878 1579; x_wconf 80' lang='lat' dir='ltr'>rever-</span> 
     </span>
     <span class='ocr_line' id='line_1_73' title="bbox 1146 1599 1744 1643; baseline 0 -11"><span class='ocrx_word' id='word_1_391' title='bbox 1146 1606 1229 1632; x_wconf 86' lang='lat' dir='ltr'>tatur</span> <span class='ocrx_word' id='word_1_392' title='bbox 1249 1601 1287 1632; x_wconf 91' lang='lat' dir='ltr'>ad</span> <span class='ocrx_word' id='word_1_393' title='bbox 1307 1601 1414 1633; x_wconf 86' lang='lat' dir='ltr'>locum</span> <span class='ocrx_word' id='word_1_394' title='bbox 1431 1611 1505 1633; x_wconf 91' lang='lat' dir='ltr'>suae</span> <span class='ocrx_word' id='word_1_395' title='bbox 1523 1599 1744 1643; x_wconf 79' lang='lat' dir='ltr'>professionis.</span> 
     </span>
    </p>

    <p class='ocr_par' dir='ltr' id='par_1_18' title="bbox 1145 1651 1888 2333">
     <span class='ocr_line' id='line_1_74' title="bbox 1189 1651 1879 1696; baseline -0.001 -10"><span class='ocrx_word' id='word_1_396' title='bbox 1189 1664 1231 1686; x_wconf 88' lang='lat' dir='ltr'>VI.</span> <span class='ocrx_word' id='word_1_397' title='bbox 1258 1652 1413 1686; x_wconf 86' lang='lat' dir='ltr'>Similiter</span> <span class='ocrx_word' id='word_1_398' title='bbox 1438 1663 1551 1686; x_wconf 89' lang='lat' dir='ltr'>omnes</span> <span class='ocrx_word' id='word_1_399' title='bbox 1582 1652 1636 1686; x_wconf 90' lang='lat' dir='ltr'>alii</span> <span class='ocrx_word' id='word_1_400' title='bbox 1662 1653 1789 1693; x_wconf 86' lang='lat' dir='ltr'>faciant,</span> <span class='ocrx_word' id='word_1_401' title='bbox 1824 1651 1879 1696; x_wconf 90' lang='lat' dir='ltr'>qui</span> 
     </span>
     <span class='ocr_line' id='line_1_75' title="bbox 1145 1705 1881 1747; baseline -0.001 -8"><span class='ocrx_word' id='word_1_402' title='bbox 1145 1707 1178 1739; x_wconf 88' lang='lat' dir='ltr'>in</span> <span class='ocrx_word' id='word_1_403' title='bbox 1203 1706 1259 1739; x_wconf 92' lang='lat' dir='ltr'>illo</span> <span class='ocrx_word' id='word_1_404' title='bbox 1285 1716 1369 1739; x_wconf 90' lang='lat' dir='ltr'>anno</span> <span class='ocrx_word' id='word_1_405' title='bbox 1394 1705 1576 1739; x_wconf 84' lang='lat' dir='ltr'>visitatores</span> <span class='ocrx_word' id='word_1_406' title='bbox 1594 1705 1725 1747; x_wconf 89' lang='lat' dir='ltr'>suerint,</span> <span class='ocrx_word' id='word_1_407' title='bbox 1744 1711 1881 1738; x_wconf 86' lang='lat' dir='ltr'>autmo-</span> 
     </span>
     <span class='ocr_line' id='line_1_76' title="bbox 1147 1759 1881 1802; baseline 0 -10"><span class='ocrx_word' id='word_1_408' title='bbox 1147 1759 1364 1793; x_wconf 85' lang='lat' dir='ltr'>nasteriorum</span> <span class='ocrx_word' id='word_1_409' title='bbox 1388 1759 1567 1802; x_wconf 85' lang='lat' dir='ltr'>principale</span> <span class='ocrx_word' id='word_1_410' title='bbox 1592 1760 1738 1802; x_wconf 85' lang='lat' dir='ltr'>regimen</span> <span class='ocrx_word' id='word_1_411' title='bbox 1758 1759 1881 1792; x_wconf 86' lang='lat' dir='ltr'>habue-</span> 
     </span>
     <span class='ocr_line' id='line_1_77' title="bbox 1148 1811 1881 1854; baseline -0.001 -9"><span class='ocrx_word' id='word_1_412' title='bbox 1148 1813 1220 1853; x_wconf 84' lang='lat' dir='ltr'>rint,</span> <span class='ocrx_word' id='word_1_413' title='bbox 1257 1812 1479 1854; x_wconf 85' lang='lat' dir='ltr'>unusquisque</span> <span class='ocrx_word' id='word_1_414' title='bbox 1516 1812 1695 1844; x_wconf 88' lang='lat' dir='ltr'>secundum</span> <span class='ocrx_word' id='word_1_415' title='bbox 1731 1811 1881 1845; x_wconf 88' lang='lat' dir='ltr'>ordinem</span> 
     </span>
     <span class='ocr_line' id='line_1_78' title="bbox 1147 1864 1880 1907; baseline 0 -10"><span class='ocrx_word' id='word_1_416' title='bbox 1147 1875 1252 1905; x_wconf 87' lang='lat' dir='ltr'>suum,</span> <span class='ocrx_word' id='word_1_417' title='bbox 1279 1865 1466 1907; x_wconf 88' lang='lat' dir='ltr'>incipiendo</span> <span class='ocrx_word' id='word_1_418' title='bbox 1500 1875 1517 1897; x_wconf 88' lang='lat' dir='ltr'>a</span> <span class='ocrx_word' id='word_1_419' title='bbox 1551 1864 1688 1904; x_wconf 85' lang='lat' dir='ltr'>maiore,</span> <span class='ocrx_word' id='word_1_420' title='bbox 1727 1868 1759 1897; x_wconf 88' lang='lat' dir='ltr'>et</span> <span class='ocrx_word' id='word_1_421' title='bbox 1796 1864 1880 1897; x_wconf 90' lang='lat' dir='ltr'>facto</span> 
     </span>
     <span class='ocr_line' id='line_1_79' title="bbox 1147 1916 1882 1960; baseline -0.001 -10"><span class='ocrx_word' id='word_1_422' title='bbox 1147 1918 1239 1960; x_wconf 82' lang='lat' dir='ltr'>signo</span> <span class='ocrx_word' id='word_1_423' title='bbox 1265 1916 1303 1950; x_wconf 85' lang='lat' dir='ltr'>ab</span> <span class='ocrx_word' id='word_1_424' title='bbox 1330 1917 1522 1960; x_wconf 82' lang='lat' dir='ltr'>antiquiore,</span> <span class='ocrx_word' id='word_1_425' title='bbox 1540 1923 1685 1960; x_wconf 79' lang='lat' dir='ltr'>surgant,</span> <span class='ocrx_word' id='word_1_426' title='bbox 1703 1922 1736 1950; x_wconf 87' lang='lat' dir='ltr'>et</span> <span class='ocrx_word' id='word_1_427' title='bbox 1751 1917 1790 1949; x_wconf 86' lang='lat' dir='ltr'>ad</span> <span class='ocrx_word' id='word_1_428' title='bbox 1807 1927 1882 1950; x_wconf 89' lang='lat' dir='ltr'>suae</span> 
     </span>
     <span class='ocr_line' id='line_1_80' title="bbox 1148 1970 1883 2015; baseline 0 -11"><span class='ocrx_word' id='word_1_429' title='bbox 1148 1970 1361 2015; x_wconf 88' lang='lat' dir='ltr'>professionis</span> <span class='ocrx_word' id='word_1_430' title='bbox 1386 1971 1457 2003; x_wconf 83' lang='lat' dir='ltr'>loca</span> <span class='ocrx_word' id='word_1_431' title='bbox 1487 1971 1633 2003; x_wconf 86' lang='lat' dir='ltr'>redeant.</span> <span class='ocrx_word' id='word_1_432' title='bbox 1663 1970 1782 2009; x_wconf 87' lang='lat' dir='ltr'>Quibus</span> <span class='ocrx_word' id='word_1_433' title='bbox 1810 1980 1883 2014; x_wconf 86' lang='lat' dir='ltr'>per-</span> 
     </span>
     <span class='ocr_line' id='line_1_81' title="bbox 1148 2023 1885 2067; baseline -0.001 -10"><span class='ocrx_word' id='word_1_434' title='bbox 1148 2024 1236 2065; x_wconf 88' lang='lat' dir='ltr'>actis,</span> <span class='ocrx_word' id='word_1_435' title='bbox 1263 2024 1302 2056; x_wconf 87' lang='lat' dir='ltr'>ad</span> <span class='ocrx_word' id='word_1_436' title='bbox 1327 2023 1518 2056; x_wconf 83' lang='lat' dir='ltr'>electionem</span> <span class='ocrx_word' id='word_1_437' title='bbox 1542 2023 1749 2057; x_wconf 82' lang='lat' dir='ltr'>definitorum</span> <span class='ocrx_word' id='word_1_438' title='bbox 1773 2033 1885 2067; x_wconf 89' lang='lat' dir='ltr'>proce-</span> 
     </span>
     <span class='ocr_line' id='line_1_82' title="bbox 1150 2076 1885 2120; baseline -0.001 -10"><span class='ocrx_word' id='word_1_439' title='bbox 1150 2077 1252 2117; x_wconf 86' lang='lat' dir='ltr'>datur,</span> <span class='ocrx_word' id='word_1_440' title='bbox 1279 2077 1496 2116; x_wconf 86' lang='lat' dir='ltr'>declarantes,</span> <span class='ocrx_word' id='word_1_441' title='bbox 1522 2083 1595 2120; x_wconf 87' lang='lat' dir='ltr'>post</span> <span class='ocrx_word' id='word_1_442' title='bbox 1618 2076 1818 2120; x_wconf 84' lang='lat' dir='ltr'>praedictam</span> <span class='ocrx_word' id='word_1_443' title='bbox 1834 2077 1885 2109; x_wconf 84' lang='lat' dir='ltr'>ab·</span> 
     </span>
     <span class='ocr_line' id='line_1_83' title="bbox 1150 2130 1886 2173; baseline -0.001 -9"><span class='ocrx_word' id='word_1_444' title='bbox 1150 2130 1343 2164; x_wconf 87' lang='lat' dir='ltr'>solutionem</span> <span class='ocrx_word' id='word_1_445' title='bbox 1366 2131 1605 2173; x_wconf 88' lang='lat' dir='ltr'>praelatorum,</span> <span class='ocrx_word' id='word_1_446' title='bbox 1631 2130 1764 2164; x_wconf 86' lang='lat' dir='ltr'>abbates</span> <span class='ocrx_word' id='word_1_447' title='bbox 1782 2131 1886 2164; x_wconf 90' lang='lat' dir='ltr'>solum</span> 
     </span>
     <span class='ocr_line' id='line_1_84' title="bbox 1151 2183 1886 2217; baseline 0.001 -1"><span class='ocrx_word' id='word_1_448' title='bbox 1151 2184 1280 2217; x_wconf 87' lang='lat' dir='ltr'>titulum</span> <span class='ocrx_word' id='word_1_449' title='bbox 1304 2183 1462 2216; x_wconf 87' lang='lat' dir='ltr'>habentes</span> <span class='ocrx_word' id='word_1_450' title='bbox 1500 2183 1619 2216; x_wconf 86' lang='lat' dir='ltr'>debere</span> <span class='ocrx_word' id='word_1_451' title='bbox 1643 2189 1754 2217; x_wconf 87' lang='lat' dir='ltr'>tenere</span> <span class='ocrx_word' id='word_1_452' title='bbox 1778 2185 1886 2217; x_wconf 87' lang='lat' dir='ltr'>locum</span> 
     </span>
     <span class='ocr_line' id='line_1_85' title="bbox 1151 2235 1888 2281; baseline -0.001 -12"><span class='ocrx_word' id='word_1_453' title='bbox 1151 2247 1227 2270; x_wconf 87' lang='lat' dir='ltr'>suae</span> <span class='ocrx_word' id='word_1_454' title='bbox 1246 2236 1460 2281; x_wconf 88' lang='lat' dir='ltr'>professionis</span> <span class='ocrx_word' id='word_1_455' title='bbox 1477 2236 1509 2269; x_wconf 89' lang='lat' dir='ltr'>in</span> <span class='ocrx_word' id='word_1_456' title='bbox 1529 2237 1747 2278; x_wconf 87' lang='lat' dir='ltr'>monasteriis,</span> <span class='ocrx_word' id='word_1_457' title='bbox 1765 2236 1798 2270; x_wconf 88' lang='lat' dir='ltr'>in</span> <span class='ocrx_word' id='word_1_458' title='bbox 1818 2235 1888 2280; x_wconf 68' lang='lat' dir='ltr'>qui-</span> 
     </span>
     <span class='ocr_line' id='line_1_86' title="bbox 1152 2290 1451 2333; baseline 0 -11"><span class='ocrx_word' id='word_1_459' title='bbox 1152 2290 1211 2323; x_wconf 85' lang='lat' dir='ltr'>bus</span> <span class='ocrx_word' id='word_1_460' title='bbox 1229 2290 1451 2333; x_wconf 89' lang='lat' dir='ltr'>reperiuntur.</span> 
     </span>
    </p>

    <p class='ocr_par' dir='ltr' id='par_1_19' title="bbox 1196 2342 2049 2387">
     <span class='ocr_line' id='line_1_87' title="bbox 1196 2342 2049 2387; baseline 0 -11"><span class='ocrx_word' id='word_1_461' title='bbox 1196 2353 1219 2376; x_wconf 90' lang='lat'>1.</span> <span class='ocrx_word' id='word_1_462' title='bbox 1246 2342 1403 2381; x_wconf 86' lang='lat' dir='ltr'>Quoniam</span> <span class='ocrx_word' id='word_1_463' title='bbox 1429 2343 1461 2376; x_wconf 91' lang='lat' dir='ltr'>in</span> <span class='ocrx_word' id='word_1_464' title='bbox 1486 2343 1626 2387; x_wconf 88' lang='lat' dir='ltr'>capitulo</span> <span class='ocrx_word' id='word_1_465' title='bbox 1652 2342 1794 2387; x_wconf 82' lang='lat' dir='ltr'>generali</span> <span class='ocrx_word' id='word_1_466' title='bbox 1818 2348 1887 2376; x_wconf 89' lang='lat' dir='ltr'>tra—</span> <span class='ocrx_word' id='word_1_467' title='bbox 1933 2347 2049 2370; x_wconf 66' lang='lat' dir='ltr'>Cnvrm</span> 
     </span>
    </p>
   </div>
   <div class='ocr_carea' id='block_1_7' title="bbox 1926 2375 2081 2396">
    <p class='ocr_par' dir='ltr' id='par_1_20' title="bbox 1926 2375 2081 2396">
     <span class='ocr_line' id='line_1_88' title="bbox 1926 2375 2081 2396; baseline 0 0"><span class='ocrx_word' id='word_1_468' title='bbox 1926 2375 1956 2396; x_wconf 78' lang='lat' dir='ltr'>Do</span> <span class='ocrx_word' id='word_1_469' title='bbox 1978 2376 2081 2396; x_wconf 66' lang='lat' dir='ltr'>electione</span> 
     </span>
    </p>
   </div>
   <div class='ocr_carea' id='block_1_8' title="bbox 1154 2396 2082 2455">
    <p class='ocr_par' dir='ltr' id='par_1_21' title="bbox 1154 2396 2082 2455">
     <span class='ocr_line' id='line_1_89' title="bbox 1154 2396 2082 2455; baseline 0.001 -27"><span class='ocrx_word' id='word_1_470' title='bbox 1154 2396 1268 2429; x_wconf 89' lang='lat' dir='ltr'>ctanda</span> <span class='ocrx_word' id='word_1_471' title='bbox 1297 2401 1374 2429; x_wconf 91' lang='lat' dir='ltr'>sunt</span> <span class='ocrx_word' id='word_1_472' title='bbox 1405 2401 1519 2430; x_wconf 86' lang='lat' dir='ltr'>cuncta</span> <span class='ocrx_word' id='word_1_473' title='bbox 1542 2396 1809 2440; x_wconf 81' lang='lat' dir='ltr'>Congregationis</span> <span class='ocrx_word' id='word_1_474' title='bbox 1832 2402 2082 2455; x_wconf 48' lang='lat' dir='ltr'>nss‘gfffifflgssffiifss</span> 
     </span>
    </p>
   </div>
   <div class='ocr_carea' id='block_1_9' title="bbox 1155 2449 2082 2503">
    <p class='ocr_par' dir='ltr' id='par_1_22' title="bbox 1155 2449 2082 2503">
     <span class='ocr_line' id='line_1_90' title="bbox 1155 2449 2082 2503; baseline 0 -21"><span class='ocrx_word' id='word_1_475' title='bbox 1155 2449 1251 2492; x_wconf 82' lang='lat' dir='ltr'>gotia,</span> <span class='ocrx_word' id='word_1_476' title='bbox 1278 2449 1305 2482; x_wconf 91' lang='lat' dir='ltr'>si</span> <span class='ocrx_word' id='word_1_477' title='bbox 1330 2455 1438 2483; x_wconf 88' lang='lat' dir='ltr'>autem</span> <span class='ocrx_word' id='word_1_478' title='bbox 1464 2450 1503 2482; x_wconf 90' lang='lat' dir='ltr'>iis</span> <span class='ocrx_word' id='word_1_479' title='bbox 1531 2449 1745 2494; x_wconf 83' lang='lat' dir='ltr'>expediendis</span> <span class='ocrx_word' id='word_1_480' title='bbox 1763 2449 2082 2503; x_wconf 54' lang='lat' dir='ltr'>integergffirgtmconser·</span> 
     </span>
    </p>
   </div>
   <div class='ocr_carea' id='block_1_10' title="bbox 378 2555 1891 2599">
    <p class='ocr_par' dir='ltr' id='par_1_23' title="bbox 378 2555 1891 2599">
     <span class='ocr_line' id='line_1_91' title="bbox 378 2555 1891 2599; baseline -0.001 -8"><span class='ocrx_word' id='word_1_481' title='bbox 378 2570 392 2591; x_wconf 67' lang='lat' dir='ltr'><strong>n</strong></span> <span class='ocrx_word' id='word_1_482' title='bbox 415 2559 684 2592; x_wconf 89' lang='lat' dir='ltr'>monasteriorum</span> <span class='ocrx_word' id='word_1_483' title='bbox 710 2564 907 2599; x_wconf 88' lang='lat' dir='ltr'>nostrorum,</span> <span class='ocrx_word' id='word_1_484' title='bbox 935 2558 975 2590; x_wconf 92' lang='lat' dir='ltr'>ab</span> <span class='ocrx_word' id='word_1_485' title='bbox 1001 2568 1112 2590; x_wconf 87' lang='lat' dir='ltr'>eorum</span> <span class='ocrx_word' id='word_1_486' title='bbox 1155 2566 1213 2599; x_wconf 86' lang='lat' dir='ltr'>per</span> <span class='ocrx_word' id='word_1_487' title='bbox 1236 2555 1350 2589; x_wconf 87' lang='lat' dir='ltr'>nimias</span> <span class='ocrx_word' id='word_1_488' title='bbox 1375 2566 1492 2596; x_wconf 87' lang='lat' dir='ltr'>moras,</span> <span class='ocrx_word' id='word_1_489' title='bbox 1528 2566 1587 2589; x_wconf 89' lang='lat' dir='ltr'>nec</span> <span class='ocrx_word' id='word_1_490' title='bbox 1612 2555 1682 2588; x_wconf 90' lang='lat' dir='ltr'>sine</span> <span class='ocrx_word' id='word_1_491' title='bbox 1715 2555 1822 2588; x_wconf 84' lang='lat' dir='ltr'>taedio</span> <span class='ocrx_word' id='word_1_492' title='bbox 1855 2565 1891 2589; x_wconf 88' lang='lat' dir='ltr'>ac</span> 
     </span>
    </p>
   </div>
   <div class='ocr_carea' id='block_1_11' title="bbox 379 2610 1112 2654">
    <p class='ocr_par' dir='ltr' id='par_1_24' title="bbox 379 2610 1112 2654">
     <span class='ocr_line' id='line_1_92' title="bbox 379 2610 1112 2654; baseline -0.003 -9"><span class='ocrx_word' id='word_1_493' title='bbox 379 2623 393 2645; x_wconf 83' lang='lat'><strong>›</strong></span> <span class='ocrx_word' id='word_1_494' title='bbox 415 2611 538 2654; x_wconf 84' lang='lat' dir='ltr'>officiis,</span> <span class='ocrx_word' id='word_1_495' title='bbox 564 2613 650 2652; x_wconf 63' lang='lat' dir='ltr'>cura,</span> <span class='ocrx_word' id='word_1_496' title='bbox 675 2610 989 2651; x_wconf 82' lang='lat' dir='ltr'>admninistratione,</span> <span class='ocrx_word' id='word_1_497' title='bbox 1019 2610 1112 2644; x_wconf 87' lang='lat' dir='ltr'>titulo</span> 
     </span>
    </p>
   </div>
   <div class='ocr_carea' id='block_1_12' title="bbox 1157 2608 1890 2643">
    <p class='ocr_par' dir='ltr' id='par_1_25' title="bbox 1157 2608 1890 2643">
     <span class='ocr_line' id='line_1_93' title="bbox 1157 2608 1890 2643; baseline 0 -1"><span class='ocrx_word' id='word_1_498' title='bbox 1157 2609 1344 2643; x_wconf 79' lang='lat' dir='ltr'>difficultate</span> <span class='ocrx_word' id='word_1_499' title='bbox 1362 2619 1471 2643; x_wconf 86' lang='lat' dir='ltr'>rerum</span> <span class='ocrx_word' id='word_1_500' title='bbox 1489 2608 1634 2643; x_wconf 84' lang='lat' dir='ltr'>delinitio</span> <span class='ocrx_word' id='word_1_501' title='bbox 1653 2608 1890 2643; x_wconf 82' lang='lat' dir='ltr'>traduceretur:</span> 
     </span>
    </p>
   </div>
  </div>
 </body>
</html>
