2111 3157
148 219 200 245 An.
218 218 245 244 c.
269 217 335 245 iaso
379 207 443 241 ⁶256
921 211 1102 237 nnuman

148 279 319 304 .u.1,.11=.-i·.·n.·s.
341 266 428 309 lique
454 265 530 298 dicti
566 263 701 296 instituti
734 262 912 295 directione
943 261 981 293 ab
1014 261 1075 292 hac

147 307 321 325 ‘'³⁵¹“'⁰⁰⁵‘““‘
341 320 449 351 sancta
482 318 563 350 Sede
600 315 808 359 postmodum
848 313 1075 357 approbandas

340 371 503 404 condendi
526 370 711 402 facultatem
735 367 950 410 impertimur.
970 366 1014 398 Ac
1035 366 1074 398 ad

340 423 517 455 tollendam
556 431 685 453 omnem
722 419 977 461 ambiguitatem,
1003 429 1074 451 cum

341 475 415 507 dieti
437 478 636 516 exponentes
662 472 726 504 sint
750 471 859 504 elerici
891 481 978 504 mere
1004 481 1075 503 sae-

340 528 481 566 culares,
522 525 740 567 omnibusque
784 523 959 556 saecularis
995 523 1074 556 cleri

340 579 493 612 oneribus
527 578 670 617 obnoxii,
706 578 838 610 eosdem
874 583 1073 620 exponentes

339 641 615 675 quorumcumque
651 631 884 663 beneficiorum
923 630 1075 662 ecclesia-

338 684 492 716 stieorum
517 683 732 715 saecularium
764 692 896 724 capaces
922 692 1007 722 esse,
1039 692 1074 714 ac

337 736 475 779 proinde
493 735 700 768 canonicatus
718 740 749 767 et
768 735 984 777 praebendas,
1006 745 1074 777 per-

337 795 490 828 sonatus,
517 788 689 830 dignitates
714 787 810 820 etiarn
841 793 916 830 post
948 787 1075 830 pontifi-

338 842 440 874 calem
470 841 607 873 maiores
643 841 677 872 in
708 841 947 874 cathedralibus
976 840 1073 873 etiam

338 893 599 936 metropolitanis
630 898 661 925 et
693 893 889 936 principales
919 894 951 926 in
976 894 1074 926 colle-

338 947 431 988 giatis
463 946 617 985 ecclesiis,
642 956 770 978 necnon
793 946 1000 989 parochiales
1022 957 1073 979 ec-

338 999 464 1039 clesias,
482 1010 659 1042 earumque
684 1005 858 1042 perpetuas
879 999 1020 1039 vicarias,
1042 1004 1073 1032 et

338 1052 400 1085 alia
424 1063 647 1095 quaecumque
673 1063 745 1084 cum
770 1053 847 1084 cura
865 1058 895 1084 et
912 1052 981 1085 sine
999 1055 1073 1085 cura

337 1104 496 1137 beneficia
530 1104 746 1137 ecclesiastiea
780 1105 960 1137 saecularia
995 1116 1074 1148 quo-

337 1158 515 1190 modolibet
540 1157 732 1201 qualificata,
759 1169 839 1200 quae
864 1169 922 1201 per
938 1159 1072 1191 clericos

337 1211 516 1243 saeculares
541 1210 682 1243 obtineri
699 1217 948 1251 consueverunt,
972 1212 1073 1254 possi-

338 1264 414 1296 dere
449 1274 486 1296 ac
517 1264 674 1306 consequi
714 1269 746 1296 et
769 1264 919 1297 obtinere
950 1274 1069 1307 posse,

338 1316 526 1349 auctoritate
552 1321 584 1348 et
610 1320 724 1348 tenore
751 1316 938 1359 praedictis,
967 1317 1073 1349 deela-

337 1380 456 1402 ramus.

383 1424 397 1465 g
422 1422 453 1455 4.
481 1422 698 1455 Decernentes
723 1422 853 1455 easdem
885 1428 1074 1465 praesentes

339 1475 464 1508 litteras
490 1485 621 1517 semper
653 1475 771 1515 sirmas,
807 1475 928 1507 validas
952 1480 984 1508 et
1008 1476 1074 1508 effi-

339 1539 432 1561 caces
457 1529 596 1560 existere
622 1533 653 1560 et
677 1528 756 1567 sore,
792 1538 933 1570 suosque
968 1529 1075 1571 plena-

338 1581 404 1614 rios
430 1586 461 1613 et
484 1581 629 1623 integros
656 1580 785 1613 effeetus
810 1581 917 1613 sortiri
944 1586 974 1613 et
992 1581 1075 1613 obti-

339 1644 428 1673 nere,
453 1644 489 1666 ac
512 1634 588 1672 iltis,
613 1634 651 1666 ad
676 1644 758 1676 quos
795 1639 921 1677 spectat
952 1639 984 1666 et
1016 1644 1074 1677 pro

340 1693 486 1730 tempore
530 1687 801 1729 quandocumque
845 1687 1014 1730 spectabit,
1042 1687 1075 1719 in

340 1740 489 1772 omnibus
515 1745 547 1771 et
571 1750 629 1781 per
653 1740 761 1772 onmia
792 1740 979 1782 plenissime
1011 1740 1076 1771 sus-

340 1792 469 1833 sragari,
494 1797 526 1824 et
550 1792 588 1823 ab
613 1792 658 1825 eis
683 1792 863 1834 respective
882 1792 1076 1824 inviolabili-

338 1850 388 1876 ter
412 1845 594 1885 observari,
622 1845 730 1887 sicque
756 1845 787 1876 in
809 1845 995 1887 praemissis
1016 1855 1076 1887 per

340 1908 562 1940 quoscumque
587 1897 711 1930 iudices
736 1897 916 1930 ordinarios
934 1902 964 1929 et
989 1898 1076 1929 dele-

340 1955 441 1991 gatos,
466 1950 563 1982 etiam
587 1960 756 1982 causarum
774 1950 884 1993 palatii
903 1949 1076 1992 apostolici

340 2002 514 2041 auditores,
551 2002 686 2035 iudicari
719 2007 750 2034 et
782 2002 908 2035 definiri
935 2002 1074 2041 debere,

341 2065 375 2086 ac
401 2055 528 2087 irritum
553 2060 585 2087 et
608 2055 703 2087 inane
729 2054 755 2087 si
781 2065 873 2087 secus
905 2054 1075 2097 superbis

341 2118 358 2139 a
383 2118 555 2150 quoquam,
581 2108 690 2150 quavis
714 2108 915 2146 auctoritate,
939 2107 1078 2139 scienter

342 2161 390 2192 vel
415 2160 614 2202 ignoranter,
641 2161 816 2202 contigerit
839 2159 1003 2192 attentari.

387 2212 400 2254 ἓ
426 2212 456 2244 5.
483 2212 553 2244 Non
582 2213 786 2245 obstantibus
812 2212 1015 2255 praemissis,
1043 2222 1078 2243 ac

343 2265 628 2297 constitutionibus
654 2270 686 2297 et
711 2265 972 2297 ordinationibus
1002 2275 1079 2307 apo-

344 2317 478 2355 stolicis,
495 2328 631 2356 necnon,
647 2322 807 2359 ‹piatenus
826 2328 906 2359 opus
932 2317 983 2355 sit,
1005 2328 1080 2359 qua-

344 2369 463 2400 rumvis
489 2370 710 2408 ecclesiarum,
737 2369 847 2401 aliisve
869 2369 1077 2411 quibuslibet,

345 2421 441 2453 etiam
467 2422 657 2459 iuramento,
684 2422 929 2454 confirmatione
955 2427 1080 2464 aposto·

344 2475 415 2513 lica,
441 2476 490 2507 vel
516 2474 624 2517 quavis
647 2473 796 2506 firmitate
822 2475 884 2506 alia
909 2471 1102 2512 roboratis?

345 2527 472 2559 statutis
508 2531 539 2558 et
571 2527 870 2566 consuetudinibus,
904 2523 1103 2571 privilegiis}

346 2590 476 2623 quouue
493 2579 626 2612 indultis
652 2585 684 2611 et
703 2579 817 2612 litteris
835 2579 1024 2613 apostolicis
1049 2579 1081 2611 in
1101 2575 1104 2610 l

171 1433 290 1455 Clauautae.

175 2219 331 2238 Contrariorum

148 2246 266 2270 demgatio,

1125 210 1277 234 ROMANUM

1094 265 1096 275 ¹
1118 258 1316 291 eontrarium
1336 256 1588 300 praemissorum
1610 256 1856 299 quomodolibet

1117 310 1287 350 concessis,
1313 309 1508 343 confirmatis
1533 315 1564 341 et
1588 309 1761 349 innovatis,
1781 310 1854 353 qui-

1116 363 1177 395 bus
1196 363 1345 395 omnibus
1363 368 1393 395 et
1409 362 1555 404 singulis,
1574 362 1701 395 illorum
1726 367 1854 396 tenores

1117 416 1340 458 praesentibus
1375 425 1434 457 pro
1468 416 1565 457 plene
1602 420 1632 447 et
1656 414 1854 447 sufficienter

1118 468 1280 510 expressis
1293 478 1329 500 ac
1347 468 1385 500 de
1403 468 1502 499 verbo
1516 467 1555 499 ad
1571 467 1702 499 verbum
1723 467 1853 500 insertis

1117 521 1284 561 habentes,
1309 521 1373 553 illis
1397 520 1476 553 alias
1501 520 1534 552 in
1559 531 1616 553 suo
1642 521 1760 553 robore
1785 531 1855 564 per-

1117 574 1287 613 mansuris,
1302 574 1339 606 ad
1351 573 1601 616 praemissorum
1615 572 1774 613 ess'eeturn,
1794 574 1856 606 hac-

1116 627 1183 659 vice
1210 627 1383 665 dumtaxat,
1418 626 1604 669 specialiter
1636 631 1668 658 et
1699 636 1853 669 expresse

1118 679 1332 720 derogamus3
1365 679 1547 721 ceterisque
1578 679 1747 711 contrariis
1782 680 1853 722 qui-

1116 730 1327 774 buscuinque.

1161 784 1231 827 56.
1264 785 1417 818 Volumus
1452 790 1558 817 autem
1592 789 1628 816 ut
1662 786 1850 819 earumdem

1116 837 1338 878 praesentium
1356 837 1538 869 litterarum
1552 837 1774 880 transumptis,
1797 848 1853 870 seu

1117 890 1286 932 exemplis,
1311 890 1407 922 etiam
1437 889 1616 931 impressis,
1637 899 1734 921 manu
1756 890 1854 922 alicu-

1117 941 1166 974 ius
1193 952 1226 974 n(
1241 942 1312 974 tarii
1336 941 1458 984 publici
1479 941 1679 984 subscriptis,
1697 949 1730 974 et
1744 942 1852 984 sigillo

1116 1005 1279 1037 personae
1306 995 1339 1027 in
1364 995 1580 1028 ecclesiastiea
1597 995 1754 1037 dignitate
1777 1006 1854 1027 eon-

1117 1048 1245 1080 stitutae
1280 1048 1424 1085 munitis,
1461 1048 1574 1080 eadem
1605 1058 1738 1089 prorsus
1771 1047 1852 1080 fides

1116 1100 1236 1142 ubique
1272 1101 1416 1133 locorum
1449 1105 1513 1132 tam
1542 1100 1575 1132 in
1607 1100 1725 1132 iudicio
1757 1110 1851 1142 quam

1117 1158 1205 1185 extra
1228 1152 1307 1185 illud
1333 1152 1499 1191 habeatur,
1534 1163 1615 1195 quae
1646 1152 1726 1194 ipsis
1758 1162 1852 1195 prae-

1116 1205 1261 1237 sentibus
1296 1206 1476 1238 haberetur
1500 1205 1526 1237 si
1555 1205 1662 1238 forent
1685 1204 1851 1237 exhibitae

1115 1259 1164 1291 vel
1182 1264 1345 1291 ostensae.

1160 1311 1273 1343 Datum
1287 1311 1419 1352 Romae,
1435 1312 1520 1354 apud
1531 1310 1561 1344 S.
1573 1311 1715 1350 Petrum,
1732 1311 1790 1344 sub
1801 1321 1852 1343 an-

1117 1365 1193 1396 nulo
1222 1363 1407 1403 piscatoris,
1433 1364 1484 1396 die
1512 1374 1556 1397 vn
1581 1363 1662 1396 iunii
1682 1373 1851 1403 nuctxxx,

1118 1416 1327 1459 pontificatus
1348 1416 1451 1448 nostri
1478 1427 1561 1449 anno
1586 1426 1628 1449 lv.

1152 1477 1211 1504 Dat.
1233 1477 1275 1504 die
1296 1477 1309 1504 7
1330 1477 1395 1503 iunii
1417 1477 1495 1510 1680,
1516 1477 1610 1512 pontif.
1632 1484 1701 1503 anno
1721 1482 1758 1503 lv-

1405 1627 1561 1660 LXXXVI.

1123 1716 1345 1758 Confirmalur
1376 1716 1495 1748 ilerum
1520 1720 1548 1748 et
1572 1716 1759 1748 extenditur
1788 1727 1856 1749 car-

1163 1769 1287 1801 dinalis
1305 1769 1493 1812 prolectoris
1519 1769 1678 1801 decretum
1709 1770 1747 1801 de
1766 1769 1855 1803 nihil

1163 1821 1283 1864 aqendo
1308 1826 1419 1853 contra
1442 1826 1567 1853 statuta
1587 1832 1605 1854 α
1622 1822 1703 1854 Sede
1725 1823 1855 1865 Aposto-

1164 1874 1229 1906 licci
1246 1884 1304 1916 pro
1320 1874 1490 1916 provincid
1508 1874 1726 1917 Neapolitana⁴
1744 1875 1775 1907 S.
1795 1875 1855 1907 Pe-

1164 1927 1207 1959 tri
1221 1926 1257 1959 cle
1276 1926 1457 1959 Accantara
1481 1927 1768 1967 Discalcealorum,
1784 1927 1855 1969 ipsd

1158 1980 1253 2022 prius
1277 1989 1342 2010 non
1366 1979 1493 2019 audisti,
1530 1984 1597 2012 tum
1621 1980 1718 2012 etiam
1743 1979 1855 2011 adver-

1163 2043 1216 2064 sus
1241 2032 1366 2064 decreta
1390 2043 1409 2064 a
1434 2033 1536 2064 dictae
1560 2033 1649 2065 Sedis
1679 2032 1855 2065 tribunali-

1166 2086 1222 2117 bus
1247 2089 1274 2117 et
1299 2085 1461 2116 ministris
1486 2083 1668 2117 emanttla¹.

1158 2190 1166 2215 1
1193 2189 1228 2215 De
1246 2190 1384 2216 erectione
1403 2188 1484 2216 huius
1508 2189 1674 2224 provinciae,
1695 2192 1721 2215 et
1747 2189 1805 2216 aliis
1824 2189 1858 2216 ad

1121 2242 1179 2261 eam
1199 2234 1394 2268 spectantibus,
1417 2234 1475 2260 vide
1496 2233 1622 2260 adnotata
1641 2235 1668 2260 in
1684 2233 1858 2259 Constitutio-

1121 2288 1154 2305 ne
1174 2285 1269 2305 crxitv
1292 2279 1342 2312 (al.
1365 2278 1429 2305 173)
1449 2278 1592 2304 Clementis
1611 2277 1629 2302 X
1643 2298 1650 2310 ‚
1671 2286 1739 2312 quae
1763 2276 1858 2311 incipit

1121 2324 1231 2350 Sacros(
1245 2324 1302 2350 nclt'
1322 2322 1496 2357 apostolatus
1514 2325 1590 2355 (tom.
1612 2328 1686 2354 xviii,
1708 2329 1768 2356 pag.
1784 2322 1856 2353 531).

1124 2367 1254 2393 Praeditti
1275 2375 1337 2393 vero
1362 2367 1461 2393 decreti
1486 2366 1714 2393 confirmationem
1739 2366 1858 2400 reperies

1122 2411 1147 2436 in
1165 2411 1276 2437 constit,
1298 2417 1329 2437 cv
1349 2411 1406 2441 (al.
1431 2410 1495 2444 104)
1517 2409 1636 2435 eiusdem
1657 2409 1801 2435 Clementis
1821 2408 1858 2442 X,

1123 2465 1191 2490 quae
1212 2456 1303 2490 incipit
1322 2456 1439 2490 Eoepoui
1453 2456 1534 2481 nobis
1552 2458 1628 2488 (toni.
1650 2461 1720 2486 xvm,
1737 2463 1763 2489 p.
1784 2455 1857 2487 3²25).

1123 2500 1240 2525 'l'aiuleni
1261 2503 1361 2525 statuta
1380 2500 1412 2525 ab
1433 2499 1586 2525 lnnoceulio
1603 2498 1634 2524 xl
1656 2498 1740 2524 habes
1760 2499 1784 2524 in
1800 2499 1859 2525 eius

1124 2543 1384 2576 Constitutiouibus,
1409 2543 1492 2569 Alias
1517 2543 1607 2576 seticis
1631 2542 1858 2574 recordacionis,

1124 2588 1227 2622 (supra,
1250 2595 1310 2622 pag.
1335 2589 1383 2612 192
1404 2591 1430 2613 et
1450 2595 1508 2622 pag.
1529 2587 1600 2621 ⁹218).

1860 206 1911 233 An.
1928 206 1958 233 fl.
1981 204 2047 233 1680

1903 795 1965 816 Fides

1863 825 1999 849 sumptorum.

1991 798 2046 817 tran·
