2111 3157
30 231 83 256 λη.
101 228 128 254 C.
152 226 218 254 ¹083

221 285 277 308 seu
296 280 406 310 tenere
425 276 572 317 audeant,
591 275 644 309 ubi
666 280 718 309 aut
734 281 868 320 propter
884 275 951 308 ine-

220 328 413 371 ptitudinem
428 329 499 370 loci,
516 335 571 362 aut
586 329 756 372 penuriam
769 329 950 361 facultatum

221 382 292 414 loca
315 382 385 425 ipsa
409 393 474 416 non
500 383 686 416 viderentur
709 383 748 415 ad
779 381 951 425 perfectio-

221 444 295 467 nem
312 435 420 468 reduci
434 445 530 479 posse
551 436 637 468 iuxta
657 436 800 478 regulam
823 438 950 466 sanctae

221 486 386 530 Brigittae.
420 488 482 521 Sed
516 489 723 531 postmodum
759 497 795 520 ex
821 487 950 519 decreto

220 540 350 582 capituli
375 540 535 582 generalis
559 540 634 573 dicti
665 539 791 573 Ordinis
823 549 840 571 a
870 538 950 571 Sede

220 591 406 634 Apostolica
437 592 625 625 confirmato
651 596 777 625 cautum
800 591 881 630 fuit,
910 600 950 623 ne

219 645 296 678 alias
320 644 419 687 ipsius
439 644 566 678 Ordinis
583 644 776 678 monasteria
793 644 861 677 sine
879 653 951 686 spe-

219 697 291 730 ciali
312 697 456 730 eiusdem
473 697 563 730 Sedis
589 697 778 730 auctoritate
799 696 950 738 deinceps

220 749 300 791 erigi
321 754 466 793 possent.
493 749 560 788 Quo
584 755 691 783 tamen
715 759 780 783 non
803 749 950 781 obstante

220 802 333 835 similis
358 803 590 836 recordationis
608 802 755 836 Clemens
775 803 860 845 Papa
878 802 949 841 VIII,

219 854 315 887 etiam
344 855 575 897 praedecessor
598 861 718 895 noster,
744 854 951 898 supplicatio-

219 906 312 940 nibus
339 908 445 940 bonae
471 908 645 942 memoriae
668 907 822 941 Isabellae
846 907 951 940 Infan-

218 958 258 991 tis
282 959 506 1002 Hispaniarum
537 960 613 993 dum
637 960 713 992 vixit
738 959 949 1003 principissae

219 1010 388 1044 Flandriae
410 1012 590 1053 inclinatus,
616 1012 776 1045 commisit
793 1017 868 1045 tunc
886 1011 951 1044 exi-

219 1063 315 1096 stenti
348 1075 405 1098 suo
434 1075 469 1097 ac
496 1065 601 1098 dictae
627 1064 716 1098 Sedis
748 1065 781 1096 in
813 1064 949 1106 Belgiois

220 1116 395 1150 ditionibus
412 1118 542 1157 nuncio,
557 1124 588 1151 et
599 1117 776 1151 Ordinariis
794 1118 950 1156 locorum,

219 1175 262 1209 ut,
283 1170 566 1204 constitutionibus
591 1171 666 1204 dicti
684 1170 811 1203 Ordinis
835 1169 952 1202 exami-

219 1223 312 1262 natis,
339 1229 433 1266 atque
457 1224 594 1257 inventis
620 1224 715 1257 licitis
741 1229 771 1256 et
796 1224 949 1263 honestis,

221 1280 253 1308 et
276 1286 336 1318 per
358 1276 473 1309 Sedem
499 1276 717 1319 Apostolicam
748 1276 950 1319 approbatis,

221 1327 402 1362 facultatem
426 1330 668 1372 impertirentur
689 1329 843 1362 fundandi
869 1339 952 1362 nova

219 1382 426 1422 monasteria,
444 1388 476 1415 et
491 1382 524 1414 in
542 1382 670 1415 illorum
691 1381 876 1414 fundatione
894 1387 952 1414 sta-

221 1434 332 1467 tuendi
358 1444 580 1477 quaecumque
597 1444 655 1477 pro
676 1434 863 1467 eorumdem
884 1444 953 1476 pro-

221 1497 317 1530 spero
341 1487 498 1530 regimine
516 1487 698 1520 necessaria
722 1497 795 1520 esse
817 1487 953 1519 iudicas-

222 1544 304 1572 sent.
331 1539 491 1573 Nonnulla
510 1540 620 1583 itaque
637 1540 832 1573 monasteria
848 1545 953 1572 erecta

222 1592 322 1632 fuere,
345 1592 501 1636 simplicia
525 1598 632 1626 tamen
657 1593 809 1632 virorum,
836 1602 952 1635 nempe

223 1655 241 1677 a
257 1646 463 1678 monasteriis
477 1646 646 1678 mulierum
664 1651 821 1688 separata,
839 1646 954 1678 editae-

223 1691 285 1741 que
300 1700 478 1731 successive
496 1698 750 1738 constitutiones,
768 1698 800 1730 in
819 1698 953 1730 formula

224 1751 419 1784 emittendae
444 1751 656 1794 professionis
681 1756 713 1783 et
737 1751 902 1794 plerisque
925 1762 955 1782 a-

223 1804 285 1844 liis,
302 1804 435 1838 minime
453 1805 636 1838 conformes
652 1805 784 1846 regulae
806 1803 954 1846 primitus

224 1857 359 1890 traditae
384 1868 402 1890 a
425 1857 457 1891 S.
483 1857 631 1900 Erigitur,
658 1868 737 1901 quas
762 1857 857 1890 etiam
883 1857 953 1900 piae

223 1911 397 1944 memoriae
422 1910 596 1953 Gregorius
626 1908 710 1953 Papa
734 1911 784 1942 XV
808 1911 956 1943 similiter

224 1963 461 2006 praedecessor
491 1968 602 1996 noster
625 1962 837 1996 confirmavit.
865 1963 954 1996 Unde

224 2016 275 2048 isti
299 2015 486 2056 Novissimi,
507 2016 637 2049 Priores
661 2027 738 2049 vero
760 2017 806 2049 illi
827 2017 953 2059 Briyic-

806 226 1019 252 'INNOCENTIUS
1041 227 1072 251 xt
1098 226 1146 251 FP.

994 274 1032 307 tls
1062 273 1324 314 praedecessor1s
1357 277 1462 307 erecta
1487 276 1518 305 et
1543 270 1721 313 erigenda,

993 336 1061 360 esse
1086 338 1122 360 ac
1146 327 1213 360 fore
1233 337 1308 360 vera
1327 326 1471 359 membra
1491 324 1565 359 dicti
1583 325 1721 363 Ordinis,

992 389 1058 411 non
1083 389 1172 412 secus
1197 390 1233 412 ac
1257 380 1283 412 si
1309 384 1418 413 essent
1449 379 1589 422 duplicia
1614 383 1645 410 et
1674 388 1723 410 re-

992 431 1098 473 ligiosi
1130 435 1194 465 una
1226 443 1298 466 cum
1322 432 1516 466 monialibus
1557 431 1723 464 cohabita-

992 489 1083 523 rent;
1111 494 1204 527 quam
1238 486 1489 519 declarationem
1523 485 1634 517 similis
1658 495 1725 517 me-

992 536 1114 569 moriae
1139 536 1285 570 Urbanus
1309 537 1393 581 Papa
1416 538 1490 579 VIII,
1516 538 1610 570 etiam
1636 547 1725 580 prae-

993 588 1144 622 decessor
1166 595 1288 631 noster,
1315 592 1401 624 salva
1431 591 1616 634 praedictae
1642 591 1723 624 Con-

993 640 1191 683 gregationis
1209 643 1408 683 auctoritate,
1422 643 1631 677 confirmavit.
1647 643 1724 676 Cum

993 703 1069 726 vero
1104 695 1315 728 nihilominus
1356 697 1532 739 capitulum
1572 699 1723 739 generale

993 746 1140 779 Priorum
1165 748 1416 790 Brigittanorum
1436 750 1653 792 praefatorum
1676 760 1725 782 an—

993 809 1034 831 no
1077 809 1221 833 iinchxv
1257 801 1455 834 celebratum
1495 802 1582 835 inter
1617 807 1725 834 cetera

993 851 1188 884 decrevisset
1214 863 1247 885 se
1281 863 1348 885 non
1380 864 1555 895 agnoscere
1588 854 1725 887 Notissi-

993 915 1079 937 mum
1114 903 1266 938 Ordinem
1303 915 1364 949 pro
1400 917 1475 939 vcro
1507 912 1538 939 et
1570 908 1724 950 legitimo,

994 957 1121 1000 hocque
1148 957 1311 991 decretum
1330 970 1347 990 a
1364 960 1458 991 nobis
1485 960 1523 993 de
1548 960 1727 1003 Congrega-

993 1010 1088 1043 tionis
1119 1016 1370 1044 memoratorum
1404 1013 1614 1045 cardinalium
1651 1024 1751 1048 con-,

994 1063 1064 1096 silio
1090 1064 1306 1106 approbatum
1336 1065 1455 1106 fuisset,
1473 1071 1504 1098 ct
1529 1067 1578 1099 his
1602 1056 1748 1099 intelle-¹

993 1116 1050 1149 ctis
1075 1117 1225 1150 nonnulli
1256 1127 1292 1149 ex
1326 1118 1416 1151 dictis
1449 1119 1631 1161 Brigittanis
1669 1121 1728 1153 No-

994 1169 1131 1203 vissimis
1167 1180 1200 1202 se
1227 1181 1243 1203 a
1268 1171 1425 1213 religione
1463 1172 1610 1216 illiusque
1645 1174 1725 1206 votis

993 1224 1120 1266 penitus
1145 1229 1312 1267 exemptos
1349 1235 1418 1257 esse
1453 1226 1724 1268 praetenderent:

993 1276 1205 1318 Cougregatio
1229 1277 1434 1319 particularis
1460 1289 1495 1310 ex
1522 1278 1728 1311 dictiscardi-

994 1328 1120 1360 natibus
1146 1329 1298 1371 deputata
1331 1330 1382 1362 die
1414 1341 1436 1363 11
1470 1331 1537 1363 iulii
1570 1341 1726 1365 Mtnciexxxt

995 1381 1136 1413 decrevit
1169 1381 1298 1414 illorum
1334 1383 1619 1425 congregationem
1655 1394 1727 1416 esse

995 1444 1101 1466 veram
1126 1433 1317 1475 religionem
1343 1435 1400 1467 sub
1423 1437 1534 1477 regula
1552 1436 1651 1468 sancti
1670 1437 1728 1468 Au-

995 1486 1114 1530 gustini
1146 1498 1163 1519 a
1193 1487 1274 1519 Sede
1308 1488 1493 1530 Apostolica
1530 1488 1560 1520 iu
1594 1499 1729 1533 congre-

996 1540 1156 1583 gationem
1189 1546 1340 1579 erectam,
1378 1541 1537 1573 diversam
1573 1547 1678 1574 tamen
1713 1554 1730 1575 a

996 1593 1152 1635 religione
1198 1593 1250 1625 SS.
1289 1593 1470 1632 salvatoris,
1508 1605 1562 1626 seu
1600 1601 1729 1627 sanctae

997 1646 1165 1688 Brigittae,
1183 1656 1200 1678 a
1222 1647 1415 1689 supradictis
1434 1646 1561 1680 Urbano
1582 1648 1634 1687 vl,
1653 1648 1730 1681 Illar-

997 1699 1064 1731 tino
1088 1699 1110 1731 V
1135 1705 1165 1731 et
1189 1699 1333 1741 Eugenio
1359 1699 1394 1731 IV
1420 1701 1728 1742 praedecessoribus

998 1754 1104 1785 erecta
1121 1758 1152 1785 et
1172 1752 1348 1795 1·espect1ve
1366 1754 1553 1795 approbata,
1574 1759 1605 1785 ct
1625 1754 1729 1786 dictae

999 1805 1164 1847 religionis
1184 1804 1438 1838 Novissimorum
1463 1806 1628 1848 professos
1653 1807 1731 1838 utri-

997 1868 1100 1900 usque
1126 1868 1220 1890 sexus
1245 1868 1315 1890 esse
1341 1862 1373 1890 et
1397 1859 1541 1901 reputari
1566 1869 1656 1892 veros
1682 1870 1730 1891 re-

998 1911 1141 1953 ligiosos.
1158 1911 1197 1943 At
1213 1909 1221 1926 ¹
1240 1921 1345 1954 neque
1360 1911 1436 1944 huic
1454 1911 1585 1944 decreto
1607 1913 1732 1955 acquie-

998 1968 1125 1996 scentes
1150 1963 1225 1996 dicti
1251 1964 1417 2005 Brigittani
1442 1963 1609 1997 Novissimi
1636 1976 1731 2007 expo-

999 2022 1140 2056 suerunt,
1168 2028 1200 2049 se
1227 2024 1359 2050 eatenus
1390 2018 1422 2049 in
1453 2018 1535 2050 dicta
1572 2019 1730 2060 religione

999 2070 1162 2112 professos
1187 2070 1295 2110 fuisse,
1328 2075 1487 2112 quatenus
1524 2071 1733 2103 crediderunt

1618 214 1682 247 7195)
1729 224 1777 250 An.
1794 223 1821 250 c.
1845 223 1910 250 usa

227 2069 295 2101 tani
318 2069 490 2111 vulgariter
510 2069 664 2112 appellati
689 2075 770 2101 sum,

39 2123 215 2174 au‘swffll'lil'?
269 2123 283 2165 ἓ
308 2121 340 2154 1.
366 2121 579 2154 Contentione
610 2128 716 2154 autem
750 2123 955 2165 postmodum

39 2168 215 2229 fssvggssfffflffjfgss
227 2175 302 2207 hino
326 2176 453 2215 exorta,
474 2185 513 2207 an
538 2175 736 2207 monasteria
761 2174 955 2208 Novissimo-

39 2233 297 2281 essssffifffijflfflflqrum
322 2232 432 2260 essent
454 2237 530 2260 vera
553 2226 680 2259 Ordinis
707 2227 760 2260 SS.
783 2228 955 2261 Salvatoris

53 2266 76 2285 μ’
91 2275 93 2278 ⁴
109 2265 125 2289 ρ’
147 2266 178 2280 ⁰⁷⁰
195 2267 206 2282 ⁰
225 2288 280 2313 seu
296 2286 426 2313 sanetae
443 2279 596 2322 Brigittae
617 2280 820 2321 monasteria,
839 2291 877 2314 ex
894 2292 956 2324 quo

999 2133 1095 2155 uuam
1128 2128 1159 2155 et
1195 2123 1340 2155 eamdem
1377 2133 1447 2156 esse
1484 2134 1555 2156 cum
1593 2126 1666 2155 vera
1702 2130 1734 2156 et

999 2176 1098 2219 priori
1123 2175 1282 2218 religione
1307 2179 1434 2209 sanctae
1460 2176 1623 2218 Brigittae‚
1650 2176 1733 2209 ideo·

1000 2240 1061 2272 que
1086 2230 1181 2262 nobis
1208 2240 1266 2272 pro
1292 2232 1477 2272 opportuna
1508 2231 1648 2272 desuper
1680 2231 1734 2262 de-

40 2287 169 2313 regularium.

225 2333 400 2373 secundum
429 2333 516 2365 illius
552 2332 787 2367 institutionem
823 2344 886 2367 non
925 2345 956 2367 e-

226 2392 298 2419 rant
321 2386 474 2429 duplicia,
492 2386 706 2429 Congregatio
728 2391 802 2419 tunc
820 2387 956 2420 existen-

226 2440 304 2473 tium
328 2440 359 2473 S.
384 2441 421 2473 R.
448 2441 482 2473 E.
517 2440 728 2473 cardinalium
760 2441 898 2484 negotiis
925 2447 955 2474 et

227 2493 517 2526 consultationibus
549 2493 773 2536 episcoporum
799 2499 830 2526 et
861 2505 955 2537 regu-

227 2545 340 2578 larium
363 2546 547 2589 praeposita
572 2546 745 2579 declaravit
779 2545 862 2579 dicta
886 2558 954 2580 mo-

227 2598 378 2641 nasteria‚
397 2598 505 2642 vigore
522 2599 701 2633 litterarum
719 2598 792 2632 dicti
811 2599 953 2634 Clemen-

999 2283 1174 2316 claratione
1199 2283 1366 2315 humiliter
1397 2283 1633 2326 supplicarunt.
1660 2283 1734 2315 Illo-

1001 2347 1069 2368 rum
1095 2331 1201 2368 auteni
1233 2335 1385 2378 precibus
1415 2346 1474 2378 per
1504 2346 1564 2368 nos
1590 2336 1628 2368 ad
1654 2336 1734 2369 Con-

999 2389 1221 2431 greg-ationem
1238 2387 1472 2420 venerabilium
1491 2388 1586 2420 etiam
1602 2389 1735 2422 fratrum

998 2447 1183 2475 nostrorum
1204 2441 1345 2473 eiusdem
1364 2440 1394 2473 S.
1415 2440 1449 2473 1³..
1465 2441 1498 2473 E.
1522 2441 1735 2474 cardinalium

996 2494 1130 2528 Conoilii
1149 2493 1329 2526 Tridentini
1347 2493 1559 2537 interpretum
1579 2495 1734 2543 remissis,

997 2548 1228 2592 propositoque
1258 2546 1290 2578 in
1323 2548 1360 2579 ea
1392 2546 1514 2588 dubio,
1539 2558 1579 2580 an
1619 2558 1731 2581 eorum

1031 2610 1043 2636 1
1065 2608 1134 2636 Edit.
1156 2608 1234 2635 alain.
1254 2607 1320 2642 legit
1339 2616 1372 2635 ac
1390 2610 1427 2643 (n.
1443 2610 1492 2642 T.)-
