2111 3157
0 224 42 252 in.
58 223 86 251 C.
109 223 177 252 1680

758 226 965 250 INNOCENTIUS
986 227 1016 250 XI
1042 227 1089 250 PP-

181 279 213 309 et
236 274 457 318 unusquisque
488 283 586 317 super
609 274 748 316 negotiis
773 275 822 306 sui
847 284 911 306 mo-

181 327 314 361 nasterii
339 327 545 367 examinetur,
563 327 626 370 qui,
647 327 807 366 omnibus,
829 336 909 368 quae

183 380 291 413 dicere
316 379 469 419 voluerit,
494 379 526 411 in
551 378 738 411 schedulam
757 378 907 417 redactis,

182 437 218 465 ut
241 443 345 476 supra,
360 442 430 465 eam
449 442 546 465 manu
562 433 617 464 sua
632 431 843 474 subscriptam
864 440 910 462 re-

181 485 316 529 linquat.

225 548 294 572 vm.
321 538 435 571 Habita
467 538 594 570 demum
625 537 663 570 de
689 536 837 569 omnibus
863 535 910 567 in-

184 591 385 631 formatione,
400 596 551 624 notentur
564 591 595 622 in
610 600 675 622 uno
689 589 774 628 folio,
787 589 812 621 si
827 599 910 631 quae

183 644 438 686 reprehensione
452 644 548 685 digna
561 643 687 681 fuerint,
706 647 737 674 et
754 641 908 673 accersito

182 705 230 735 eo,
249 696 304 738 qui
321 701 368 728 est
392 695 691 738 reprehendendus,
709 699 801 737 pater
818 703 909 736 prae-

182 747 301 787 sidens,
319 747 481 780 neminem
504 747 687 790 specialiter
710 746 908 778 nominando

181 805 236 833 aut
251 799 387 833 dicendo
408 800 493 832 unde
510 799 770 832 informationem
790 799 909 831 habue-

180 853 233 893 rit,
256 857 385 885 moneat
408 852 511 895 ipsum
532 853 593 884 hoc
609 853 716 892 modo,
737 852 906 885 videlicet:

224 915 266 938 lx.
291 916 304 936 a
323 904 369 937 Ad
386 914 444 937 nos
460 905 617 948 pervenit,
632 905 691 944 vel,
711 915 769 937 nos
788 905 909 938 audivi-

180 967 252 990 mus
277 957 324 990 sic
347 962 378 990 et
398 958 443 990 sic
460 968 496 989 n:
520 962 550 990 et
574 957 747 1000 praecipue
771 959 909 992 interro-

181 1015 275 1052 getur
294 1012 456 1053 praelatus
474 1010 622 1042 distincte
651 1016 682 1042 et
709 1012 849 1044 seriatim
870 1012 908 1045 de

180 1062 241 1095 sibi
266 1062 424 1106 oppositis
449 1062 652 1105 gravioribus
668 1090 676 1103 ,
702 1074 742 1096 ne
767 1064 910 1097 inaudita

180 1120 271 1159 parte
297 1120 410 1148 contra
435 1125 507 1148 eum
529 1115 634 1147 minus
659 1116 812 1149 canonice
836 1128 910 1160 pro-

180 1167 333 1207 cedatur;
355 1166 506 1200 similiter
525 1178 597 1200 cum
614 1178 818 1212 quocumque
835 1170 908 1209 alio,

180 1220 206 1252 si
225 1230 380 1263 praesens
399 1220 542 1252 fueritin
558 1220 707 1263 capitulo,
727 1227 859 1263 agatur,
879 1228 910 1255 et

181 1273 320 1310 tandem,
343 1272 450 1305 audita
469 1272 537 1304 eius
557 1274 781 1315 responsione,
804 1275 909 1317 ipsum

180 1326 293 1369 (prout
310 1325 498 1358 definitores
515 1325 725 1358 iudicaverint
742 1327 909 1369 expedire)

181 1379 229 1410 vel
253 1378 428 1418 absolvant,
454 1378 503 1410 vel
528 1383 693 1417 moneant,
720 1378 907 1421 corripiant,

180 1436 236 1464 aut
259 1430 403 1474 puniant,
418 1440 514 1473 quam
538 1431 772 1464 correctionem
791 1433 839 1465 vel
857 1433 911 1465 ad-

179 1484 392 1517 monitionem
418 1485 563 1516 volumus
587 1484 687 1527 recipi
713 1485 799 1517 omni
825 1496 911 1519 reve-

179 1536 285 1570 rentia
308 1541 341 1569 et
364 1536 593 1569 submissione.

222 1600 253 1622 x.
279 1588 310 1622 Si
335 1599 411 1622 vero
429 1589 574 1632 patribus
598 1590 699 1622 relata
716 1590 836 1624 fuerint
859 1593 910 1626 ali-

179 1652 265 1684 qua,
298 1641 338 1674 de
369 1641 484 1684 quibus
510 1646 584 1673 tunc
608 1647 693 1674 certa
725 1643 909 1678 informatio

952 273 1086 316 cipimus
1105 278 1139 306 ut
1158 273 1310 317 deinceps
1335 275 1419 317 apud
1446 279 1570 318 patrem
1587 285 1679 318 prae-

952 326 1109 359 sidentem
1145 331 1293 359 teneatur
1327 327 1408 360 liber
1442 327 1680 361 successoribus

952 378 1200 420 consignandas,
1224 379 1256 411 in
1282 390 1346 422 quo
1371 390 1429 422 per
1452 380 1598 413 ordinem
1626 381 1680 414 dc-

951 430 1134 463 scribantur
1157 442 1193 464 ex
1216 434 1278 464 una
1302 437 1393 475 parte
1417 442 1528 465 omnes
1552 433 1598 466 illi
1626 434 1679 476 qui

952 482 983 513 in
1009 482 1265 525 Congregatione
1290 485 1482 524 seandalosi,
1504 485 1680 525 criminosi,

951 534 1098 576 inquieti,
1121 545 1155 567 ac
1176 536 1353 578 processati
1378 537 1507 578 fuerint;
1527 548 1563 570 ex
1581 538 1681 571 altera

953 596 1024 619 vero
1050 593 1155 629 parte,
1182 598 1198 620 e
1223 588 1345 621 directo
1370 590 1604 632 contraposita,
1628 591 1681 623 ad-

950 644 1104 671 notentur
1127 641 1378 683 approbationes
1404 646 1436 674 et
1459 642 1679 675 attestationes

950 691 1151 724 visitatorum
1178 694 1216 725 de
1248 703 1362 734 eorum
1394 695 1621 728 emendatione
1649 701 1682 728 et

950 755 1075 777 morum
1089 746 1302 778 conversione
1320 745 1546 779 definitoribus
1565 748 1677 780 factae.

950 797 987 828 Et
1011 802 1179 840 postquam
1210 797 1311 830 tribus
1343 798 1464 830 vicibus
1490 810 1509 831 a·
1540 799 1681 832 visitato-

950 850 1039 883 ribus
1068 851 1201 883 diversis
1225 850 1342 883 fuerint
1367 851 1466 884 factae
1490 850 1595 884 dictae
1627 862 1681 894 ap-

951 903 1169 946 probationeS,
1195 904 1235 936 de
1261 904 1377 947 quibus
1401 904 1434 936 in
1459 905 1572 937 eodem
1597 904 1682 938 libro

951 960 1099 989 constare
1133 956 1265 989 debebit
1288 966 1325 988 ex
1350 956 1613 1000 supradictorum
1637 957 1680 989 vi-

951 1010 1119 1042 sitatorum
1144 1009 1392 1051 subscriptione,
1412 1009 1538 1052 possint
1562 1009 1617 1050 illi,
1642 1010 1681 1045 de

951 1072 1090 1105 quorum
1115 1061 1341 1094 emendatione
1367 1062 1534 1102 constabit,
1555 1073 1683 1105 promo-

951 1115 1016 1148 veri
1041 1116 1079 1148 ad
1104 1114 1234 1148 ordines
1250 1140 1257 1154 ,
1282 1115 1399 1157 gradus
1415 1141 1422 1154 ‚
1452 1115 1625 1157 dignitates
1651 1120 1683 1148 et

951 1169 1055 1201 officia
1078 1168 1269 1210 respective,
1295 1168 1469 1201 dummodo
1494 1168 1683 1201 favorabilia

953 1221 1094 1253 babeant
1118 1221 1225 1252 omnia
1256 1219 1404 1263 suffragia
1428 1231 1544 1253 novem
1570 1221 1682 1253 defini-

953 1279 1068 1313 torum,
1087 1278 1119 1306 et
1143 1283 1206 1306 non
1231 1273 1294 1306 alio
1318 1274 1428 1306 modo.
1451 1273 1682 1306 Inviolabiliter

952 1332 1059 1360 autem
1091 1327 1171 1359 haec
1207 1326 1393 1358 constitutio
1426 1327 1458 1358 in
1491 1330 1682 1370 perpetuum

953 1383 1117 1417 servetur,
1148 1378 1291 1420 alioquin
1327 1379 1435 1411 nullas·
1463 1383 1494 1411 et
1525 1379 1681 1413 invalidas

953 1431 1137 1464 huiusmodi
1176 1430 1399 1474 promotiones
1429 1431 1468 1464 ad
1508 1431 1683 1474 dignitates

953 1488 985 1517 et
1008 1484 1111 1516 officia
1135 1484 1208 1526 ipso
1238 1484 1320 1516 facto
1352 1485 1500 1517 volumus
1525 1489 1557 1518 et
1580 1485 1686 1518 decla-

952 1547 1073 1570 ramus.
1092 1536 1274 1569 Teneantur
1299 1542 1405 1569 autem
1430 1537 1566 1580 praelati
1592 1543 1624 1570 et
1640 1538 1684 1570 vi·

952 1590 1100 1622 sitatores
1126 1588 1310 1622 definitorio
1343 1589 1448 1622 dictos
1469 1589 1659 1624 criminosos
1674 1617 1684 1631 ,

951 1642 975 1674 si
1001 1652 1081 1684 quos
1106 1642 1292 1681 habuerint,
1319 1642 1527 1676 denunciare.

1579 217 1643 251 350
1688 227 1736 254 An.
1754 227 1782 255 c.
1807 228 1873 256 isso

179 1692 290 1726 haberi
308 1698 458 1736 nequeat,
480 1694 719 1726 committantur
739 1695 909 1729 visitatori-

178 1747 238 1780 bus
262 1746 337 1779 anni
362 1746 526 1789 sequentis
546 1746 632 1779 illius
659 1749 857 1788 monasterii,
876 1754 910 1781 ut

178 1798 363 1831 examinent
388 1804 420 1831 et
442 1799 632 1842 procedant,
652 1805 750 1842 prout
767 1801 799 1832 in
824 1802 910 1844 capi-

996 1704 1017 1727 1.
1044 1694 1319 1737 Expeditaitaque
1333 1696 1602 1729 monasteriorum
1617 1707 1683 1729 exa·
1712 1703 1861 1725 (luvrxvffl-

1722 1730 1750 1750 Do
1763 1731 1824 1750 motin
1837 1736 1878 1756 quo

951 1747 1151 1786 minatione,
1180 1747 1367 1790 praesidens
1403 1749 1535 1791 capituli
1567 1749 1815 1792 (quem‹lvs-mtuwq
1843 1764 1866 1776 rw

1695 1784 1781 1809 prorant
1808 1785 1878 1804 turmi-

951 1801 1097 1833 volumus
1115 1810 1187 1833 esse
1205 1805 1422 1842 promotorem
1442 1801 1585 1834 omnium
1610 1810 1771 1835 cau-naudu-

178 1851 246 1885 tulo
271 1851 310 1884 de
334 1850 551 1883 visitatoribus
575 1851 789 1884 ordinabitur.

221 1914 264 1938 xl.
291 1904 484 1937 Examinatis
510 1903 608 1947 igitur
639 1905 826 1947 supradicto
859 1917 909 1939 or-

179 1957 254 1990 dine
278 1956 483 1989 monasteriis
518 1957 665 1989 omnibus
681 1984 688 1997 ,
714 1959 909 2000 procedatur

178 2014 291 2053 postea
315 2009 354 2042 ad
379 2009 648 2042 examinationem
672 2011 907 2053 praelatorum,

177 2062 231 2106 qui
248 2062 434 2095 monialium
459 2072 566 2094 curam
593 2062 724 2094 habent.
744 2062 799 2100 Qui
821 2074 909 2106 prae-

177 2115 232 2148 lati
256 2125 274 2147 a
298 2113 523 2147 definitoribus
552 2114 738 2156 singillatim
764 2116 802 2147 de
828 2127 908 2149 uno-

177 2176 307 2209 quoque
320 2165 516 2198 monasterio
535 2165 775 2208 interrogentur
787 2167 810 2199 si
826 2178 908 2209 quae

178 2219 276 2262 digna
299 2218 476 2258 notatione,
498 2218 699 2251 correctione
716 2224 771 2251 aut
800 2220 909 2262 provi-

178 2269 267 2303 sione
291 2269 492 2309 invenerint;
515 2279 596 2312 quae
615 2270 722 2302 omnia
746 2281 806 2313 per
831 2272 909 2304 scri-

176 2322 250 2355 bam
275 2322 479 2361 adnotentur,
505 2322 585 2354 sicut
608 2332 704 2364 supra
725 2322 843 2355 dictum
862 2328 909 2356 est

178 2374 217 2407 de
242 2374 313 2407 aliis
337 2373 559 2414 monasteriis;
586 2379 616 2406 et
633 2373 781 2407 similiter
805 2376 908 2418 profe-

177 2431 290 2460 rantur
313 2427 450 2468 litterae,
468 2427 494 2458 si
512 2436 592 2469 quae
610 2431 684 2458 sunt
700 2427 740 2459 ad
760 2427 909 2461 delinito-

177 2489 230 2512 res
247 2489 265 2512 a
281 2478 476 2512 monialibus
496 2479 625 2518 missae,
644 2483 698 2511 aut
715 2478 809 2512 aliter
825 2480 908 2513 dicta

176 2531 372 2566 monasteria
394 2530 582 2565 monialium
606 2536 851 2565 concernentes

219 2592 275 2618 111.
291 2583 456 2619 Postremo
469 2584 656 2618 ordinamus
669 2583 767 2618 etiarn
781 2589 812 2618 et
822 2594 908 2629 prae-

952 1863 1077 1892 sarum,
1111 1853 1154 1884 ita
1188 1858 1295 1885 tamen
1331 1858 1365 1885 ut
1398 1858 1460 1886 tam
1492 1855 1683 1897 praesidens

951 1904 1081 1948 capituli
1107 1914 1202 1947 quam
1225 1904 1320 1937 etiam
1345 1905 1512 1947 regiminis
1537 1911 1685 1940 teneatur

951 1969 1169 2001 quaecumque
1186 1967 1381 2000 proponere,
1396 1969 1493 2001 super
1510 1960 1627 2002 quihus
1645 1961 1684 1993 ab

952 2011 1058 2052 aliquo
1085 2009 1290 2042 definitorum
1323 2011 1375 2042 vel'
1397 2010 1599 2043 visitatorum
1619 2012 1684 2045 fue-

951 2063 991 2095 rit
1016 2063 1212 2105 requisitus)
1232 2063 1347 2102 omnia,
1370 2073 1451 2106 quae
1476 2069 1585 2097 notata
1609 2070 1685 2097 sunt

951 2126 1007 2158 per
1025 2115 1170 2154 scribam,
1190 2115 1222 2147 in
1240 2115 1382 2148 medium
1411 2116 1554 2149 seriatim
1572 2122 1603 2149 et
1619 2127 1685 2150 suc-

951 2167 1071 2199 cessive
1097 2166 1279 2200 definienda
1303 2167 1471 2210 producat.

994 2230 1029 2253 11.
1056 2220 1094 2252 Et
1110 2220 1270 2263 incipiens
1291 2230 1307 2252 a
1324 2220 1503 2254 novissimis
1522 2232 1626 2266 usque
1644 2224 1685 2257 ad

951 2273 1088 2315 primos,
1115 2272 1297 2305 sciscitetur
1321 2272 1574 2317 uniuscuiusque
1599 2280 1682 2316 vota,

950 2325 1063 2357 ultimo
1088 2324 1159 2367 ipse
1184 2324 1341 2357 dicturus.
1367 2324 1405 2357 Et
1428 2336 1493 2359 uno
1511 2328 1682 2373 loquente,

950 2377 1048 2410 ceteri
1074 2381 1210 2409 taceant.
1230 2377 1261 2410 Si
1279 2388 1374 2420 quem
1398 2388 1474 2411 vero
1499 2379 1682 2422 deprehen-

950 2430 1033 2462 derit
1056 2429 1088 2461 in
1113 2429 1251 2463 dicendo
1276 2430 1485 2473 prolixiorem
1510 2437 1599 2465 extra
1617 2443 1684 2465 ma-

950 2481 1062 2515 teriam
1087 2481 1206 2524 vagari,
1232 2487 1362 2515 moneat
1386 2493 1460 2515 eum
1484 2489 1518 2516 ut
1543 2490 1684 2526 exponat

950 2538 1058 2567 votum
1089 2544 1181 2566 suum
1212 2535 1322 2571 paucis
1355 2534 1461 2568 verbis
1487 2541 1519 2570 et
1542 2537 1583 2569 ad
1614 2546 1683 2570 rem

949 2586 1200 2630 pertinentibus.
