2111 3157
135 248 187 274 An.
209 248 238 277 c.
255 249 323 276 1087
371 240 434 274 75ss
916 252 1097 275 timiniani
1120 251 1272 277 noimuuiit

328 299 445 343 quihus
470 300 717 344 quomodolibet
747 300 920 333 innodatus
945 299 1061 338 existit,

328 353 366 386 ad
393 353 539 386 ellectum
558 353 774 396 praesentium
800 353 965 386 dumtaxat
989 362 1063 385 con-

328 408 541 450 sequendum,
557 407 671 439 haruin
693 407 776 440 serie
802 408 1007 440 absolventes
1031 410 1063 438 et

327 461 509 493 absolutum
536 460 603 493 sore
628 466 808 499 censentes,
824 458 1063 503 supplicationi-

327 513 388 546 bus
413 514 480 547 eius
504 513 635 546 nomine
654 513 746 546 nobis
761 523 860 556 snper
878 513 940 545 boc
959 511 1065 544 numi-

327 566 402 599 liter
427 566 585 609 porrectis
610 566 767 606 inclinati,
787 566 953 599 decretum
971 574 1064 607 prae-

324 621 490 660 insertum,
518 620 706 653 auctoritate
731 619 918 662 apostolica,
952 623 1063 650 tenore

324 673 556 717 praesentium,
583 674 802 716 approbamus
839 677 871 705 et
896 670 1064 704 confirma·

323 736 404 765 mus,
430 726 543 769 illique
570 726 763 758 inviolabilis
788 724 985 768 apostolicae
1011 723 1063 754 fir-

322 779 444 813 mitatis
481 780 581 813 robur
617 779 806 818 adiiciruus;
834 779 919 810 salva
956 782 1061 808 tamen

1384 301 1565 336 CLXXXIV.

1106 371 1324 414 Confirmalur
1342 373 1502 406 decretum
1525 374 1780 416 Conqreqationi
1795 375 1846 409 Ri-

1152 428 1264 465 tuum,
1289 436 1354 468 quo
1384 427 1571 459 conceditur
1596 427 1716 461 Ordim'
1739 428 1847 462 beatae

1150 477 1277 511 Mariae
1301 480 1338 511 cle
1362 479 1503 512 Mercede
1531 480 1764 523 redemptionis
1795 492 1847 514 ca-

1150 532 1310 573 ptivorum
1341 533 1483 575 facidcas
1509 534 1673 567 recitandi
1702 535 1847 578 officium

1150 588 1178 616 et
1202 584 1388 617 celebrandi
1410 587 1543 619 missam
1569 587 1653 620 beati
1669 587 1761 621 Petri
1783 588 1848 621 Ar-

1151 638 1280 681 menyol
1302 640 1460 682 martyris
1473 639 1494 673 ¹.

1297 719 1493 747 Innocentius
1513 720 1592 755 Papa
1606 721 1657 754 xl,

1250 763 1286 789 ad
1307 764 1440 790 futuram
1460 765 1506 791 rei
1526 765 1710 793 memoriam.

1831 256 1900 289 nn.
1920 256 1952 285 o.
1969 248 2036 286 tesi

323 843 456 876 semper
473 833 505 865 in
523 832 713 876 praemissis
731 831 924 865 auctoritate
943 840 1062 862 memo-
1150 833 1209 876 §l
1223 833 1332 877 Nuper
1349 835 1386 867 ad
1405 835 1676 878 supplicationem
1691 837 1800 871 dilecti
1817 837 1849 870 fi-
1871 849 2041 880 neerqtumcm-

322 892 409 919 ratae
435 886 700 929 Congregationis
725 884 949 917 cardinalium.
1106 886 1139 918 lii
1155 887 1396 921 Bartliolon'iaei
1412 889 1450 921 de
1473 889 1591 922 Hibero
1605 890 1715 923 vicarii
1729 895 1761 923 et
1774 901 1847 934 pro·
1858 877 2041 928 fllfflssltfflresslss

154 956 275 978 etiamne.
365 940 380 982 ἓ,
405 939 437 972 4-
465 940 684 972 Decet-nentes
715 938 844 971 easdem
870 941 1061 980 praesentes
1106 941 1265 973 curatoris
1291 942 1454 983 generalis
1467 941 1595 975 Ordinis
1620 943 1755 976 fratrum
1769 929 2041 982 Βεα-Ϋὲἳῖριξὲῧϊῖἐέιῖιῗ

322 993 462 1034 litteras,
484 1003 614 1035 semper
638 992 755 1032 firmas,
779 991 901 1023 validas
933 995 965 1022 et
997 990 1062 1021 elli-
1107 1000 1155 1026 [39
1181 994 1296 1027 Mariae
1322 995 1460 1037 virginis
1487 996 1525 1028 de
1547 996 1693 1030 Mercede
1719 983 2042 1031 rodem-Ellfflafftffl'ssdss‘.

322 1057 414 1080 caces
447 1047 588 1079 existere
618 1050 649 1077 et
679 1046 758 1085 sore,
784 1054 926 1087 suosque
952 1044 1062 1086 plena·
1858 1038 1930 1057 ΨΜ·

320 1100 386 1133 rios
412 1106 443 1133 ct
463 1100 608 1142 integros
633 1098 766 1132 etl'ectus
792 1097 900 1130 sortiri
925 1102 957 1129 et
980 1096 1062 1128 obti-

320 1165 410 1194 nere,
436 1164 473 1186 ac
498 1152 575 1193 illis,
603 1152 642 1185 ad
668 1162 750 1195 quos
783 1157 908 1194 spectat
935 1156 969 1185 ‚et
1001 1160 1060 1192 pro

320 1214 468 1251 tempore
494 1206 680 1250 spectabit,
712 1206 744 1237 in
769 1205 920 1238 omnibus
950 1209 981 1236 et
1005 1214 1063 1246 per

319 1261 428 1294 omnia
453 1260 643 1303 plenissime
668 1259 861 1301 suflragari,
892 1258 1004 1300 sicque
1031 1257 1062 1289 in

318 1314 508 1358 praemissis
526 1324 583 1356 per
601 1323 823 1356 quoscumque
841 1312 964 1344 iudices
978 1312 1063 1344 ordi-

318 1368 428 1401 narios
453 1373 486 1401 et
510 1368 686 1409 delegatos,
706 1367 801 1399 etiam
826 1376 994 1398 causarum
1010 1376 1062 1408 pa-

318 1421 386 1454 latii
411 1420 583 1464 apostolici
599 1420 777 1459 auditores,
797 1418 934 1452 iudicari
960 1424 989 1451 et
1008 1420 1063 1451 de-

317 1474 405 1507 finiri
442 1475 587 1514 debere,
615 1484 650 1506 ac
686 1473 811 1505 irritum
841 1478 872 1505 et
903 1473 999 1505 inane
1036 1472 1060 1504 si

318 1538 412 1560 secus
446 1538 546 1571 super
571 1527 622 1559 liis
648 1537 665 1559 a
690 1537 863 1569 quoquam,
878 1525 991 1568 quavis
1007 1535 1061 1557 au-

317 1581 480 1621 ctoritate,
505 1581 647 1613 scienter
666 1580 716 1612 vel
742 1579 940 1621 ignoranter,
967 1579 1062 1611 conti-

318 1634 402 1677 gerit
426 1634 591 1667 attentari.

151 1700 307 1729 Contrariorum
362 1688 377 1731 g
402 1687 433 1721 3.
461 1687 530 1720 Non
567 1686 771 1719 obstantibus
801 1685 998 1729 praemissis,
1025 1695 1062 1718 ac

124 1725 240 1752 ἀωμω
318 1740 605 1775 constitutionibus
641 1745 672 1772 et
704 1739 963 1772 ordinationibus
989 1749 1063 1782 apo-

318 1795 449 1835 stolicis,
468 1795 648 1837 ceterisque
666 1792 836 1825 contrariis
852 1792 1063 1835 quibuscum-

320 1860 395 1893 que.

160 1912 307 1942 Trnmnmpto-
363 1903 377 1946 ἓ
407 1902 439 1935 6.
477 1902 631 1935 Volumus
668 1907 775 1933 autem
807 1905 842 1932 ut
875 1900 1061 1933 earumdem

123 1944 168 1960 mm
184 1939 243 1960 Μ’
318 1956 539 1999 praesentium
564 1954 747 1987 litterarum
763 1953 983 1996 transumptis,
1006 1964 1060 1986 seu

320 2009 492 2052 exemplis,
521 2008 617 2041 etiam
643 2007 822 2050 impressis,
849 2017 945 2039 manu
967 2006 1061 2040 alicu·

319 2062 369 2095 ius
395 2061 510 2095 notarii
536 2060 657 2104 publici
682 2059 885 2102 subscriptis,
906 2065 937 2092 et
954 2059 1061 2102 sigillo

320 2126 481 2159 personae
508 2115 540 2146 in
566 2113 785 2147 ecelesiastica
803 2113 960 2154 (lignitate
985 2124 1061 2146 con-

321 2169 451 2202 stitutae
486 2167 643 2207 munitis,
671 2167 784 2199 eadem
816 2177 952 2209 prorsus
982 2166 1061 2199 fides

320 2221 440 2264 ubique
477 2223 623 2254 locorum
656 2225 720 2252 tam
753 2220 785 2251 in
815 2219 935 2252 iudicio
964 2230 1060 2262 quam

321 2282 410 2308 extra
440 2275 520 2307 illud
550 2275 731 2313 habeatur,
760 2284 844 2317 quae
882 2274 1061 2306 haberetur

319 2329 398 2371 ipsis
417 2329 642 2371 praesentibus
659 2328 684 2360 si
700 2328 807 2360 forent
822 2327 985 2361 exhibitae
1010 2329 1059 2360 vel

321 2388 485 2414 ostensae.

364 2435 476 2467 Datum
503 2435 633 2475 Itomae,
660 2436 746 2478 apud
781 2435 811 2468 S.
840 2435 970 2467 Mariani
997 2434 1059 2466 Ma—

318 2488 437 2527 iorem,
464 2489 524 2520 sub
551 2490 669 2521 annulo
692 2489 884 2528 piscatoris,
908 2488 958 2520 die
982 2499 1058 2521 xvm

319 2541 433 2584 aprilis
473 2552 674 2580 itnctxxxvn,
708 2543 916 2585 pontificatus
955 2541 1058 2574 nostri

320 2605 406 2628 anno
431 2606 475 2628 xi.

355 2657 414 2685 Dat.
437 2658 480 2685 die
503 2658 532 2685 18
553 2659 646 2693 aprilis
671 2660 746 2692 1057,
770 2660 865 2694 pontis.
887 2667 931 2686 an.
954 2665 989 2686 Μ.

1105 1047 1225 1089 ptionis
1239 1048 1439 1090 captivorum
1454 1050 1616 1081 emanavit
1633 1060 1651 1082 a
1671 1049 1849 1093 Congrega·

1107 1100 1192 1133 tione
1224 1101 1458 1134 venerabilium
1494 1102 1630 1134 fratrum
1665 1109 1849 1137 nostrornm

1105 1154 1135 1186 S.
1153 1154 1190 1186 R.
1210 1154 1244 1186 E.
1265 1154 1479 1187 cardinalium
1504 1155 1605 1187 sacris
1623 1155 1737 1189 ritibus
1756 1166 1849 1200 prae-

1106 1207 1210 1250 posita
1241 1208 1410 1240 decretum
1445 1208 1565 1241 tenoris
1601 1209 1655 1252 qui
1691 1209 1847 1252 sequitur,

1107 1261 1276 1294 videlicet:
1307 1273 1320 1291 «
1346 1260 1423 1294 Cum
1448 1271 1539 1294 saera
1559 1261 1688 1294 Rituum
1705 1262 1848 1306 Congre-

1107 1314 1203 1356 gatio,
1231 1315 1281 1346 die
1305 1324 1381 1347 xxiii
1405 1314 1512 1346 martii
1537 1324 1729 1355 MDCLXXXVI,
1743 1316 1782 1348 ad
1797 1326 1848 1349 re-

1108 1368 1261 1400 lationem
1281 1367 1529 1400 eminentissimi
1544 1368 1849 1402 etreverendissimi

1107 1421 1279 1454 cardinalis
1306 1420 1447 1453 Azzolini
1467 1422 1681 1455 declaraverit
1697 1427 1848 1456 constare

1107 1475 1145 1507 de
1172 1476 1257 1507 cultu
1284 1485 1301 1506 a
1326 1480 1470 1517 tempore
1487 1475 1737 1508 immemorabili
1755 1486 1849 1519 prae-

1106 1529 1181 1561 stito
1208 1529 1292 1561 dicto
1318 1530 1422 1569 Beato,
1449 1534 1481 1561 et
1505 1529 1545 1561 de
1571 1539 1647 1562 casu
1674 1535 1810 1572 excepto
1830 1539 1849 1562 a

1106 1582 1243 1615 decretis
1261 1582 1364 1615 felicis
1389 1582 1626 1615 recordationis
1643 1581 1764 1615 Urbani
1783 1581 1849 1615 VIII

1106 1647 1177 1668 cum
1214 1636 1452 1679 approbatione
1495 1635 1689 1668 sanctissimi
1723 1634 1848 1668 domini

1106 1691 1304 1732 subsequuta
1329 1689 1381 1722 die
1406 1700 1505 1722 xxvut
1531 1689 1607 1722 dicti
1633 1689 1764 1729 mensis,
1791 1689 1849 1722 ho-

1106 1744 1170 1784 die,
1198 1743 1237 1775 ad
1263 1743 1373 1775 cnixas
1404 1753 1519 1786 preces
1548 1742 1719 1776 reverendi
1744 1743 1846 1786 patris

1106 1796 1251 1839 magistri
1278 1796 1383 1828 fratris
1417 1796 1656 1829 Bartholomaei
1693 1796 1732 1829 de
1757 1795 1848 1829 Ribe-

1106 1860 1142 1882 ro
1169 1849 1277 1882 vicarii
1291 1855 1322 1882 et
1338 1848 1561 1892 procuratoris
1583 1847 1746 1891 generalis
1759 1859 1848 1891 prac-

1105 1903 1180 1936 dicti
1198 1902 1340 1955 Ordinis,
1367 1902 1478 1934 eadem
1505 1912 1595 1934 sacra
1619 1901 1846 1944 Congregatio,

1106 1955 1266 1988 referente
1302 1955 1419 1988 codem
1457 1953 1714 1987 eminentissimo
1746 1954 1846 1987 Azzo-

1105 2010 1188 2049 lino,
1215 2009 1325 2042 audito
1351 2009 1383 2041 in
1408 2019 1485 2041 voce
1519 2014 1551 2041 et
1582 2008 1615 2040 in
1640 2007 1770 2051 scriptis
1794 2018 1846 2042 re-

1105 2062 1335 2096 verendissimo
1361 2062 1493 2095 domino
1522 2061 1596 2095 fidei
1632 2065 1843 2104 promotore,

1104 2115 1230 2149 censuit
1254 2115 1493 2148 concedendam
1519 2125 1587 2148 esse
1620 2114 1770 2147 omnibus
1793 2124 1845 2148 re·

1105 2169 1229 2212 ligiosis
1249 2169 1421 2211 utriusque
1443 2178 1537 2200 sexus
1562 2178 1597 2200 ex
1616 2168 1762 2210 praefato
1778 2167 1846 2201 uni·

1104 2233 1197 2256 verso
1229 2222 1349 2255 Ordine
1386 2222 1502 2254 Beatac
1537 2221 1654 2254 Mariae
1691 2221 1730 2255 de
1768 2221 1845 2255 Mer·

1138 2304 1150 2329 1
1175 2302 1222 2328 Hie
1248 2302 1344 2329 beatus
1368 2302 1521 2328 declaratus
1545 2301 1595 2328 suit
1618 2301 1760 2336 religiosus
1779 2301 1845 2329 dieti

1103 2348 1222 2380 Ordinis,
1246 2351 1273 2373 et
1296 2355 1348 2373 non
1376 2346 1597 2380 Trinitzniorum,
1618 2354 1633 2373 a
1652 2347 1791 2373 Clemente
1811 2344 1844 2373 tx

1103 2396 1189 2418 const.
1217 2391 1259 2418 ed.
1281 2398 1419 2424 memmi,
1442 2390 1485 2416 die
1509 2390 1543 2417 ΞΟ
1563 2390 1672 2425 aprilis,
1693 2389 1790 2425 pontif.
1811 2397 1843 2424 v3

1102 2437 1134 2462 ‹le
1160 2437 1186 2462 S.
1215 2436 1370 2470 ltaymundo
1397 2435 1482 2462 altero
1510 2434 1589 2461 huius
1617 2434 1725 2461 Ordinis
1750 2438 1844 2462 sancto

1103 2481 1154 2507 vid.
1177 2485 1262 2507 const.
1285 2479 1509 2515 praecedeutem3
1526 2483 1553 2506 et
1568 2479 1601 2506 de
1621 2479 1699 2506 beata
1715 2479 1796 2506 Maria
1810 2479 1845 2507 do

1103 2525 1186 2551 Focos
1206 2525 1267 2550 vide
1276 2525 1308 2550 ad
1326 2524 1476 2550 innocentii
1491 2524 1536 2550 Xll
1553 2528 1638 2550 const.
1656 2523 1699 2551 ed.
1716 2530 1843 2557 mncxcvn

1101 2570 1144 2595 die
1160 2571 1193 2595 ΗΟ
1207 2569 1331 2601 ianuarii,
1352 2573 1423 2603 pout.
1443 2575 1474 2600 vg
1488 2568 1512 2594 in
1535 2568 1672 2595 constitut.
1693 2576 1756 2594 vero
1772 2568 1842 2595 edita

1103 2622 1230 2642 uncxcvi,
1248 2614 1291 2638 die·
1311 2614 1327 2638 (ἲ
1348 2613 1416 2648 iulii,
1444 2613 1540 2648 pontif.
1562 2620 1595 2643 v,
1614 2613 1702 2648 agitur
1721 2614 1755 2641 de
1773 2613 1843 2642 festo

1100 2657 1201 2684 laudati
1223 2658 1254 2683 B.
1279 2657 1361 2683 rent.
