2111 3157
164 206 215 234 hn-
229 206 259 234 C.
277 200 345 234 ¹679
390 197 454 231 152

358 256 531 298 diligenter
554 259 585 287 et
609 263 760 297 expresse
789 253 937 285 adnotari
962 251 1094 283 manda-

357 319 428 341 mus
443 319 554 341 causas
577 313 606 340 et
627 307 744 339 motiva
762 305 994 338 reelectionum
1010 303 1093 347 prio-

357 372 434 399 rum,
453 362 477 393 si
503 359 678 402 aliquando
701 368 813 391 eorum
834 358 974 401 aliquem
992 357 1023 388 iu
1042 366 1093 388 ca-

357 413 445 445 sibus
460 423 520 456 per
541 412 785 444 constitutiones
807 410 984 453 pernussiS‚
1004 420 1035 451 p.
1057 418 1092 442 111

356 476 426 508 cap.
447 476 478 504 11,
497 465 511 507 ἓ
527 465 555 501 9,
574 464 606 496 iu
627 463 770 506 priorem
795 463 937 495 eiusdem
954 471 1093 494 eonven-

356 523 405 550 tus
422 516 735 559 reeligieo¹itigeri12
751 526 843 548 secus
861 515 1092 548 reelectionem

357 581 391 603 ex
419 581 505 602 nune
525 575 620 613 prout
645 579 681 601 ex
708 573 784 600 tunc
808 568 970 600 irritamus
988 573 1019 599 et
1038 577 1094 599 an-

356 624 525 661 nullamus,
536 622 755 663 irritatamque
766 626 795 653 et
810 621 1008 653 annullatam
1023 630 1092 652 esse

358 677 505 708 volumus
532 680 564 707 et
588 675 799 707 declaramus.

198 740 227 769 oq
252 741 346 777 tympora
400 738 444 761 vl.
472 727 511 760 [t
536 726 718 760 communia
736 731 767 758 et
792 725 1000 768 particularia
1024 735 1093 767 pro-

162 767 344 822 ?;9¹'.¹13'¹{i‘303.³133
356 781 477 813 vinciae
505 790 617 813 causae
654 785 685 812 et
715 779 846 821 negotia
872 780 995 810 matura
1032 789 1093 820 qua

162 818 345 865 ἷῖἶὲιῖῗῗῖἶὼρω
357 844 416 876 par
449 839 499 865 est
531 833 744 875 expediantur
769 830 1037 869 consideratione,
1064 835 1094 861 et

357 886 531 918 definitorii
547 890 663 928 patres,
675 884 713 916 ad
725 883 958 927 praescriptum
973 888 1093 914 nostra-

355 950 426 972 rum
437 938 713 975 constitutionum,
729 947 758 979 p.
776 946 812 969 ux
830 947 900 978 cap.
921 946 974 974 vu,
994 946 1025 967 n.
1045 946 1093 973 xv,

356 993 370 1035 ξ
394 991 432 1031 3,
452 991 548 1023 Nihil
570 989 778 1031 indefinitum
806 988 1007 1030 relinquant,
1031 986 1091 1025 ut¹‚

355 1044 503 1076 omnibus
535 1043 596 1074 rite
623 1041 799 1079 ordinans,
827 1039 997 1082 provincia
1029 1043 1092 1071 totu

354 1095 514 1139 usquead
538 1104 671 1137 sequens
689 1092 867 1135 capitulum
893 1092 1095 1134 peirovi'ncinle

354 1149 511 1192 quiescere
533 1147 634 1179 valeat
661 1145 696 1178 in
719 1146 829 1177 sancta
853 1155 939 1187 pace,
958 1144 1093 1187 quinde-

356 1202 416 1234 cim
432 1201 555 1234 eisdem
574 1200 641 1233 dies
659 1210 716 1243 pro
734 1198 872 1231 termino
890 1197 1032 1241 praefixo
1050 1208 1094 1230 as-

355 1256 531 1297 signamus,
554 1253 671 1296 quibus
697 1261 813 1285 causae
838 1257 871 1283 et
894 1251 1026 1293 negotia
1054 1251 1092 1282 ad

357 1318 411 1340 eos
436 1307 544 1339 delata
576 1305 786 1343 examinare,
818 1303 1035 1336 determinare
1062 1307 1093 1334 et

357 1359 511 1402 expedire
527 1357 657 1401 possint
673 1362 704 1389 et
726 1356 878 1395 debeant,
897 1365 963 1387 non
985 1360 1093 1387 tamen

356 1413 442 1445 ultra
466 1410 652 1454 praedictos
679 1409 864 1452 quindecim
891 1408 959 1440 dics
986 1407 1093 1439 defini-

359 1466 476 1498 torium
502 1464 634 1507 capituli
660 1462 868 1506 provincialis
889 1461 1018 1494 extendi
1042 1471 1094 1494 vo-

358 1521 475 1557 lumus,
491 1528 556 1550 non
576 1517 727 1549 obstante
742 1525 946 1558 quocumque
963 1515 1093 1546 decreto

358 1572 409 1605 vel
431 1569 666 1604 consuetudine
687 1568 719 1600 in
738 1567 950 1607 contrarium,
968 1567 1032 1605 sed,
1055 1576 1093 1599 eo

359 1626 470 1667 elapso
496 1628 652 1665 tempore,
672 1621 757 1654 idem
776 1621 965 1653 conclusum
991 1625 1022 1652 et
1040 1620 1095 1652 ab·

359 1677 512 1715 solutum,
530 1686 566 1708 ac
591 1674 691 1718 patris
728 1673 942 1717 praesidentis
966 1672 1095 1705 iurisdi-

360 1730 504 1762 ctionem
530 1729 600 1772 ipso
632 1728 717 1760 sacto
741 1727 913 1759 extinctam
943 1736 1015 1759 esse
1042 1726 1096 1758 de-

360 1782 524 1815 cernimus
551 1787 581 1814 et
607 1781 824 1813 declaramus.
847 1779 935 1817 Quod
961 1779 986 1811 si
1004 1785 1097 1822 pater

360 1836 551 1879 praesidens
576 1836 660 1866 ultra
685 1833 892 1877 praefinitum
913 1833 1096 1876 quindecim

362 1889 486 1922 dierum
513 1888 687 1921 terminum
722 1886 941 1919 definitorium
974 1891 1099 1928 protra-

362 1942 442 1974 here
468 1940 732 1984 praesumpserit,
750 1949 889 1981 poenam
909 1939 1098 1981 privationis

361 1994 528 2036 utriusque
554 1993 641 2025 vocis
662 2002 720 2034 per
745 1991 937 2024 decennium
962 1991 1032 2034 ipso
1058 1991 1100 2022 fa-

362 2051 413 2079 cto
440 2046 600 2083 incurrat3
627 2045 814 2086 nullumque
847 2054 883 2075 ac
913 2043 1035 2075 irriliun
1061 2044 1100 2076 sit

365 2099 522 2142 quidquid
549 2104 675 2141 gestum
701 2097 750 2130 vel
776 2102 965 2129 attentatum
991 2097 1097 2129 suerit.

364 2153 467 2185 Porro
493 2153 520 2185 si
546 2152 656 2195 aliqua
672 2162 767 2184 causa
782 2161 850 2183 sese
868 2150 988 2190 ofl'erat,
1008 2161 1100 2193 quae,

365 2206 405 2238 ob
427 2206 535 2248 gravia
561 2205 687 2245 motiva,
705 2210 768 2237 tam
794 2204 857 2237 cito
881 2209 1024 2247 nequeat
1049 2215 1101 2237 ex-

366 2258 481 2297 zedhi,
502 2257 688 2291 definitorio
710 2258 835 2300 privato
861 2258 1032 2296 deseratur,
1050 2257 1100 2288 cui

367 2310 564 2349 definitoriQ
590 2310 811 2353 praesentium
838 2315 1031 2342 statutorum
1057 2315 1102 2341 at-

368 2374 429 2407 que
441 2363 696 2396 declarationum
713 2363 833 2406 vigorc,
848 2363 952 2396 omnis
969 2363 1101 2396 facultas

367 2416 511 2458 desuper
536 2416 716 2448 necessaria
734 2422 765 2448 et
784 2422 968 2459 opportuna
994 2426 1103 2459 perpe-

367 2473 425 2503 tuo
450 2469 542 2502 datur
567 2475 598 2502 et
623 2469 695 2502 dala
721 2469 912 2510 declaratur,
944 2475 1104 2512 quatenus

405 2585 418 2614 l
439 2582 601 2611 Particulam
624 2587 653 2611 ul
673 2592 720 2611 nos
739 2584 861 2610 addimus
880 2588 918 2615 (n.
933 2585 982 2617 T.)-

932 203 1111 227 nt'Lmnlt'm
1135 201 1287 226 nouitx‘t'u

1881 198 1934 227 An.
1950 198 1978 228 C.
1994 199 2061 230 ¹57⁹

1136 260 1205 282 eam
1230 254 1329 292 prout
1353 248 1391 281 de
1415 248 1486 281 iure
1518 255 1679 281 examinet
1708 253 1740 280 et
1764 251 1870 280 deter-

1136 304 1245 342 minet,
1264 302 1514 344 examinareque
1533 306 1564 334 et
1583 301 1799 334 determinare
1824 305 1871 333 te·

1136 361 1261 388 neatur.

1179 419 1235 441 v11.
1274 408 1453 441 Statuimus
1485 406 1561 439 item
1593 416 1630 439 ac
1664 405 1867 439 decernimus
1906 415 2060 445 oerusmiiox-

1136 461 1222 504 quod
1248 466 1340 503 pater
1363 459 1570 503 provincialis
1590 469 1713 492 rcausas
1739 441 2060 500 graves‚fi?2“'¹i‘tt¹'c¹.li'‚}3;

1136 515 1185 546 vel
1212 513 1321 555 gravia
1347 513 1477 555 negotia
1502 511 1686 544 communia
1703 512 1754 544 vel
1775 510 1869 553 parti-
1880 497 2060 542 iiiic¹i¹a³1¹tstii¹i'¹'¹⁰'

1136 566 1265 605 eularia,
1291 575 1374 608 quae
1400 570 1489 597 extra
1510 569 1634 606 tempus
1658 563 1790 606 capituli
1818 564 1868 596 vel

1135 618 1397 661 congregationis
1426 617 1632 660 provincialis
1666 617 1788 649 suerint
1816 617 1870 649 de-

1137 671 1338 703 t‹⁷=rn‘iinanda
1371 671 1421 703 vel
1453 669 1676 712 expedienda,
1701 668 1762 701 nisi
1796 679 1869 701 cum

1136 729 1275 766 quatuor
1309 723 1534 756 definitoribus
1571 722 1748 754 actualibus
1780 722 1868 754 dum-

1137 781 1221 808 taxat
1252 787 1286 808 ac
1311 777 1370 808 sul)
1396 776 1498 808 forma
1523 775 1655 818 capituli
1683 774 1796 817 privati
1820 773 1870 807 vel

1136 828 1396 871 congregationis
1432 827 1640 871 provincialis
1670 827 1792 859 suerint
1815 827 1870 859 de-

1138 883 1341 914 terminanda
1364 883 1412 914 vel
1438 881 1655 924 expedienda,
1684 881 1869 913 nullatenus

1137 934 1350 967 determinare
1386 935 1434 967 vel
1470 933 1624 976 expedire
1656 933 1776 976 possit3
1811 942 1871 965 nec

1137 988 1244 1030 aliquo
1270 989 1319 1020 vel
1344 987 1506 1030 aliquibus
1532 997 1569 1019 ex
1595 985 1769 1029 praedictis
1794 996 1871 1029 qua-

1138 1044 1211 1071 tuor
1225 1039 1451 1071 definitoribus
1468 1038 1649 1071 actualibus
1665 1038 1803 1071 exclusis
1820 1038 1870 1070 vel

1137 1101 1202 1123 non
1227 1091 1376 1124 admissis
1413 1091 1586 1134 capitulum
1624 1090 1784 1133 privatum
1811 1100 1871 1133 per

1137 1154 1170 1176 se
1196 1145 1244 1177 vel
1268 1154 1327 1187 per
1351 1144 1446 1176 alium
1471 1143 1636 1176 celebrare
1661 1143 1784 1183 valeat,
1813 1142 1869 1175 sed

1137 1198 1174 1231 ad
1200 1198 1286 1231 illius
1319 1197 1573 1230 celebrationem
1607 1206 1721 1229 omnes
1751 1202 1782 1229 et
1807 1195 1871 1229 sin-

1137 1252 1228 1293 gulos
1246 1251 1432 1294 praedictos
1449 1255 1589 1293 quatuor
1602 1248 1870 1287 defi11itores‚sub

1138 1306 1243 1346 poena
1273 1303 1431 1337 nullitatis
1462 1302 1661 1343 agendorum
1693 1301 1763 1344 ipso
1788 1302 1870 1334 sacto

1138 1362 1168 1388 et
1192 1356 1312 1399 absque
1348 1356 1410 1388 alia
1434 1354 1664 1394 declaratione,
1690 1363 1871 1387 convocare

1138 1414 1168 1442 et
1193 1408 1362 1441 admittere
1389 1413 1549 1440 teneatur.
1568 1406 1659 1444 Quod
1684 1411 1718 1438 ut
1744 1406 1870 1439 facilius

1137 1462 1251 1504 exequi
1277 1461 1402 1504 possit,
1427 1470 1494 1493 non
1528 1459 1677 1492 obstante
1711 1459 1873 1502 supplica-

1139 1514 1226 1547 tione
1259 1524 1318 1557 per
1342 1513 1542 1557 provinciam
1578 1513 1673 1545 nobis
1707 1512 1872 1553 exhibita,

1138 1565 1364 1599 confirmamus
1390 1571 1421 1599 et
1450 1565 1639 1598 innovamus
1671 1575 1707 1598 ac
1740 1565 1872 1598 omnino

1138 1620 1303 1653 observari
1338 1619 1485 1652 iubemus
1520 1618 1780 1652 reverendissimi
1804 1619 1875 1652 Val-

1139 1673 1255 1706 vasorii
1280 1671 1540 1716 praedecessoris
1563 1671 1663 1705 nostri
1696 1672 1873 1711 decretum,

1140 1737 1203 1769 quo
1228 1726 1377 1758 statuitur
1408 1730 1443 1758 ut.
1473 1725 1506 1757 in
1531 1729 1693 1757 conventu
1728 1723 1874 1762 Quitensi

1140 1789 1251 1811 omnes
1269 1778 1457 1810 definitores
1477 1778 1516 1810 de
1533 1776 1649 1810 familia
1667 1776 1794 1819 degam,
1810 1786 1874 1819 quo

1141 1833 1306 1875 praedicto
1331 1836 1492 1864 conventu
1523 1831 1730 1863 decernimus
1749 1834 1785 1861 ut
1805 1829 1876 1862 nul-

1142 1887 1205 1917 lum
1225 1896 1261 1917 ex
1287 1884 1464 1927 praedictis
1490 1888 1630 1926 quatuor
1652 1881 1876 1915 definitoribus

1142 1944 1233 1981 pater
1256 1937 1475 1980 provincialis,
1497 1937 1591 1968 etiam
1616 1936 1655 1968 ad
1679 1935 1776 1968 breve
1802 1941 1877 1967 tem-

1143 2002 1210 2034 pus,
1230 1992 1290 2023 sub
1315 1993 1422 2034 poena
1446 1990 1635 2033 privationis
1651 1988 1739 2022 vocis
1755 1988 1877 2021 activae

1144 2051 1174 2077 et
1198 2044 1342 2087 passivae
1376 2053 1434 2086 per
1458 2042 1716 2085 quinquennium
1743 2041 1812 2084 ipso
1837 2041 1879 2074 sa-

1144 2104 1194 2130 cto
1219 2097 1424 2136 incurrenda,
1440 2097 1507 2129 ullo
1526 2095 1622 2128 modo
1640 2104 1807 2128 removere
1827 2095 1877 2127 vel

1144 2150 1275 2183 exiliare
1307 2149 1419 2192 possit.
1453 2148 1484 2181 Si
1521 2154 1627 2181 tamen
1663 2147 1735 2191 quis
1766 2157 1878 2180 eorum

1144 2202 1420 2235 convalescentiae
1452 2208 1506 2234 aut
1527 2201 1686 2234 honestae
1711 2199 1881 2232 recreatio-

1145 2257 1193 2289 nis
1219 2257 1312 2289 causa
1330 2256 1369 2288 ad
1394 2255 1534 2298 aliquem
1560 2252 1747 2286 viciniorem
1772 2253 1879 2285 locum

1145 2310 1191 2342 ire
1217 2308 1434 2352 postulaverit,
1463 2308 1570 2340 eidem
1594 2306 1634 2339 ad
1660 2304 1880 2339 necessarium

1147 2363 1194 2394 vel
1220 2361 1258 2393 ad
1284 2362 1379 2393 breve
1406 2366 1532 2403 tempus
1564 2358 1743 2401 respective
1769 2357 1883 2390 huius-

1146 2415 1232 2447 modi
1259 2413 1421 2446 licentiam
1444 2412 1626 2446 concedere
1643 2411 1773 2454 poterit.
1792 2411 1830 2445 Et
1846 2414 1884 2442 nt

1146 2467 1301 2512 praedicti
1327 2472 1434 2510 patres
1452 2465 1639 2499 definitores
1664 2475 1752 2497 suam
1771 2468 1884 2497 ancto-

1148 2521 1275 2554 ritatem
1302 2526 1334 2552 ct
1357 2524 1547 2563 potestatem
1570 2518 1666 2550 etiam
1682 2517 1715 2549 in
1732 2516 1881 2549 iudican-

1148 2575 1188 2607 do
1214 2573 1347 2607 liberius
1371 2582 1522 2606 exercere
1539 2570 1664 2614 possint
1688 2575 1720 2602 et
1742 2570 1882 2610 valeant,
