2111 3157
151 276 200 303 An,
216 275 245 303 c.
269 275 336 303 1680
383 268 448 303 996

382 335 413 356 n.
437 325 587 362 Quaelibet
601 330 696 356 autem
713 326 785 356 cella
802 326 960 356 novitiatus
978 326 1082 355 babeat

342 375 372 404 in
395 375 540 414 superiori
562 380 642 413 parte
665 375 731 404 ostii
758 375 889 404 foramen
910 379 1079 413 coopertum

343 423 377 452 de
400 423 469 453 foris
491 423 595 453 tabella
618 423 758 460 versatili,
778 433 852 462 quae
874 424 997 453 faciliter
1013 424 1080 453 hinc

342 471 410 501 inde
432 471 573 501 dimoveri
599 472 706 510 possit,
730 481 745 501 e
767 482 824 511 quo
846 473 934 502 frater
955 472 985 501 in
1007 473 1078 502 cella

342 520 469 550 existens
488 520 579 550 videri
601 525 687 559 queat
704 530 718 550 a
735 521 873 559 magistro
889 521 1076 559 novitiorum,

342 578 378 597 an
401 577 431 597 se
453 568 645 607 spiritualiter
667 574 810 607 exerceat,
835 570 879 599 vel
901 570 978 599 aliud
995 574 1076 607 agat3

342 616 419 654 quod
441 616 571 646 foramen
594 617 691 647 nullus
713 618 835 647 interius
858 618 972 656 operire
996 628 1077 657 prae-

342 668 447 700 sumat,
464 664 518 694 sub
534 666 625 704 poena
644 665 839 705 infrascripta.

380 722 422 742 111.
446 713 534 742 Nemo
557 714 653 743 fratris
675 714 797 748 cellam,
821 714 934 744 etiamsi
956 715 1077 745 alterius

342 761 512 791 monasterii
538 762 658 799 existat,
687 762 884 800 ingrediatur,
907 763 970 801 ipso
992 763 1021 792 in
1045 765 1076 792 ea

341 809 494 847 existente,
511 813 540 839 et
562 810 697 840 similiter
719 820 752 839 eo
774 810 906 845 absente,
929 810 993 840 sine
1014 811 1077 841 eius

341 857 478 893 licentia,
511 862 560 887 aut
588 858 644 887 nisi
667 858 701 888 de
729 859 846 888 licentia
878 859 999 897 praelati
1033 860 1076 889 vel

340 906 518 945 superioris,
542 910 572 936 et
593 907 730 946 quamdiu
752 917 817 937 cum
840 908 939 937 debita
960 908 1076 938 licentia

339 955 427 984 simul
449 955 479 984 in
501 955 576 985 cella
597 959 675 993 sunt,
691 956 795 986 ostium
811 956 1018 995 semiapertum
1036 961 1076 986 te-

340 1007 453 1033 neatur.

378 1059 417 1080 lv.
441 1051 498 1081 Nec
520 1052 610 1090 possit
632 1052 720 1081 frater
748 1061 962 1091 quamcumque
984 1053 1075 1082 eccle-

339 1099 485 1128 siasticam
508 1108 661 1138 personam
676 1100 721 1129 vel
737 1100 850 1136 laicam,
867 1101 1076 1140 cuiuscumque

339 1147 514 1176 conditionis
549 1148 673 1183 existat,
703 1148 732 1177 in
756 1149 858 1178 cellam
890 1149 1075 1179 introducere

339 1195 401 1225 sine
424 1196 541 1226 licentia
560 1197 720 1235 superioris
736 1198 915 1228 monasterii.

377 1252 404 1272 v.
429 1244 487 1274 Nec
509 1244 612 1274 audeat
634 1246 724 1275 frater
739 1246 844 1284 aliquis
863 1246 925 1276 sine
948 1247 1076 1285 praefata

338 1291 458 1322 licentia
486 1292 544 1322 ullo
573 1297 703 1332 tempore
731 1294 834 1323 cellam
867 1295 1002 1324 claudere
1035 1296 1074 1325 ita

338 1340 414 1379 quod
436 1340 471 1370 de
493 1341 563 1371 foris
585 1341 692 1380 aperiri
715 1350 771 1372 non
789 1344 879 1381 possit
901 1343 980 1373 clave
996 1353 1073 1373 eom-

338 1389 430 1418 muni.
454 1389 636 1428 Quicumque
659 1399 726 1419 vero
756 1390 785 1419 in
815 1391 947 1429 quolibet
974 1401 1075 1431 supra-

338 1437 480 1467 dictorum
502 1447 551 1467 sex
578 1447 698 1468 casuum
720 1440 941 1469 contrafecerit:
966 1440 1074 1470 ieiunet

338 1486 428 1515 semel
456 1495 529 1525 pane
551 1491 579 1516 et
606 1488 682 1525 aqua
703 1487 733 1516 in
757 1489 835 1517 terra
855 1488 884 1517 in
908 1489 1072 1518 refectorio.

377 1544 415 1565 vi.
437 1535 538 1564 Frater
559 1539 655 1565 autem
679 1540 758 1566 extra
787 1537 889 1566 cellam
912 1546 992 1567 snam
1015 1538 1075 1568 exi-

337 1588 428 1621 stens,
452 1584 599 1614 licentiam
623 1585 692 1615 dare
714 1586 807 1615 valeat
828 1586 911 1615 alteri
934 1587 1026 1623 fratri,
1044 1591 1074 1617 ut

337 1633 441 1663 cellam
471 1642 553 1663 suam
581 1633 678 1673 aliqua
708 1634 830 1664 honesta,
861 1636 947 1664 causa
976 1635 1074 1674 ingre-

337 1682 444 1712 diatur.

377 1739 425 1760 r11.
449 1730 483 1760 Et
504 1740 540 1760 ne
562 1731 709 1769 contingat
735 1731 845 1770 aliquid
874 1733 1016 1771 asportari
1038 1734 1073 1763 de

337 1778 418 1808 cellis
440 1788 455 1808 a
477 1779 686 1817 saecularibus,
710 1780 759 1818 qui
778 1780 949 1820 plerumque
965 1782 1073 1811 curiosi

337 1835 388 1865 per
411 1827 617 1856 monasterium
640 1831 666 1856 et
688 1827 892 1857 dormitorium
920 1834 1070 1867 vagantur,

337 1875 508 1904 mandamns
531 1879 562 1904 ut
584 1875 695 1905 ferreae
717 1884 816 1911 serae,
842 1886 915 1915 quae
942 1877 1072 1908 clavibus

336 1923 540 1952 communibus
562 1923 744 1962 aperiuntur,
762 1924 844 1953 ostiis
866 1925 1005 1954 cellarum
1021 1935 1070 1965 ap-

337 1975 491 2010 ponantur.

375 2028 434 2049 vm.
458 2020 574 2059 (lapsas,
598 2029 648 2049 seu
671 2020 794 2050 scabella
812 2021 940 2052 clavibus
956 2022 1072 2052 obsera-

337 2070 376 2102 ta,
396 2067 502 2096 habere
517 2068 626 2097 nemini
643 2068 685 2097 fas
697 2068 744 2105 sit,
764 2073 965 2108 praeterquam
982 2070 1071 2109 priori

336 2116 494 2150 claustrali,
511 2116 560 2155 qui
579 2117 655 2146 intra
678 2121 741 2146 octo
763 2118 826 2146 dies
848 2117 882 2147 ab
904 2118 1071 2148 officialium

337 2163 533 2202 publicatione
560 2165 741 2195 consimilem
770 2166 881 2195 elavem
902 2165 998 2195 abbati
1020 2166 1070 2196 tri-

337 2211 425 2241 buere
443 2215 586 2243 teneatur.
604 2212 633 2242 Si
648 2221 731 2242 secus
749 2213 860 2251 fecerit,
881 2217 973 2243 totum
996 2214 1071 2252 psal-

338 2259 444 2289 terium
470 2260 545 2289 intra
573 2261 721 2290 octiduum
744 2261 867 2299 recitet;
891 2262 982 2291 ceteri
1004 2271 1070 2292 vero

337 2306 456 2337 arbitrio
478 2309 638 2347 superioris
661 2309 830 2348 puniantur.

376 2365 414 2386 ix.
439 2356 566 2392 Quilibet
587 2362 683 2387 autem
699 2358 788 2388 frater
810 2362 893 2388 caute
912 2363 1006 2388 teneat
1028 2359 1070 2389 lu-

338 2414 402 2434 men
420 2405 448 2434 in
463 2405 548 2442 cella,
565 2409 592 2435 et
605 2406 764 2444 extinguat,
782 2410 809 2436 et
824 2407 921 2436 nullus
936 2407 1070 2437 candelas

336 2453 462 2492 applicet
488 2453 674 2483 lectisterniis
703 2458 751 2484 aut
783 2455 943 2494 parietibus
965 2456 1069 2494 ligneis

337 2507 454 2541 propter
466 2502 593 2531 incendii
607 2503 777 2541 perieulum.
790 2503 819 2532 Si
837 2504 903 2542 quis
918 2513 986 2533 vero
1001 2514 1070 2534 con-

337 2551 498 2588 trafecerit,
522 2550 598 2580 dicat
626 2560 706 2579 suam
730 2551 844 2590 culpam
867 2552 896 2581 in
920 2552 1068 2591 capitulo,

335 2599 464 2637 graviter
486 2599 660 2637 puniendus.

376 2655 404 2677 x.
429 2647 579 2676 Silentium
603 2647 772 2676 continuum
796 2648 823 2677 in
847 2648 1016 2678 dormitorio
1035 2649 1070 2678 ab

930 278 1108 304 nummum
1133 278 1283 304 ROMANL'M

1866 278 1917 306 An.
1934 278 1962 306 C.
1984 279 2050 307 ttSO

1123 327 1258 357 omnibus
1280 327 1383 366 quovis
1406 331 1533 366 tempore
1555 331 1699 366 servetur,
1719 328 1773 358 nisi
1792 329 1857 368 quis

1123 376 1246 406 voluerit
1273 376 1383 415 aliquid
1414 376 1541 405 breviter
1571 380 1599 406 et
1620 375 1767 406 submissa
1788 386 1857 407 voce

1121 425 1229 455 dicere.

1161 483 1200 504 xi.
1224 473 1399 503 Ordinamus
1422 476 1586 512 propterea,
1603 473 1697 512 quoad
1720 473 1784 503 fieri
1806 483 1856 513 po-

1121 527 1185 560 test,
1209 532 1245 552 ne
1267 521 1463 551 confessiones
1484 521 1677 551 saecularium
1699 521 1730 551 in
1751 522 1857 554 dormi-

1120 571 1194 600 torio
1215 570 1372 600 audiantur
1404 578 1420 598 a
1452 578 1654 608 quocumque,
1684 569 1741 600 nisi
1768 570 1856 602 abbas

1120 619 1248 649 iusserit.

1160 676 1209 697 xn.
1232 666 1356 696 Praelati
1374 675 1441 696 vero
1456 669 1484 696 et
1499 665 1629 695 seniores
1647 666 1772 696 fratrum
1788 676 1857 697 con-

1121 716 1260 745 fessiones
1288 715 1327 745 ibi
1353 714 1454 744 audire
1482 723 1589 753 eosque
1617 713 1763 744 submissa.
1787 724 1856 745 voce

1120 763 1267 792 exhortari
1291 762 1412 801 possint.

1158 820 1219 841 xm.
1249 811 1365 840 Fratres
1393 810 1560 839 incedentes
1579 819 1631 848 per
1652 810 1855 840 dormitorium

1119 860 1158 890 ita
1181 860 1277 898 quiete
1309 863 1337 888 et
1364 859 1393 887 in
1424 858 1536 888 cunctis
1558 858 1705 888 moderate
1736 862 1765 888 et
1791 859 1856 888 sine

1119 908 1240 946 strepitu
1262 906 1369 936 ibidem
1391 915 1421 935 se
1443 908 1563 943 gerant,
1586 909 1617 935 ut
1638 906 1710 935 alios
1732 915 1790 936 non
1812 906 1857 936 in-

1118 956 1259 994 quietent.

1158 1012 1214 1032 xiv.
1236 1002 1364 1040 Singulis
1379 1001 1566 1032 hebdomadis
1582 1002 1617 1032 ad
1633 1002 1729 1032 minus
1749 1002 1858 1033 dormi-

1118 1051 1224 1081 torium
1247 1055 1275 1080 et
1297 1051 1386 1080 cellae
1408 1054 1525 1090 propter
1540 1050 1740 1081 immunditias
1761 1060 1777 1081 a
1798 1051 1856 1082 fra-

1119 1099 1211 1129 tribus
1233 1098 1330 1138 scopis
1353 1098 1541 1128 mundentur.

1158 1148 1199 1187 (b)
1227 1156 1273 1177 xv.
1299 1147 1429 1176 Candela.
1454 1147 1519 1177 Sive
1546 1147 1688 1183 lucerna,
1712 1147 1756 1177 vel
1783 1148 1855 1177 lam-

1119 1206 1185 1235 pas:
1211 1206 1285 1236 quae
1311 1196 1482 1226 accenditur
1509 1205 1524 1225 a
1552 1196 1674 1225 sacrista
1697 1196 1771 1226 hora.
1798 1206 1856 1236 qua

1119 1245 1271 1284 pulsantur
1292 1245 1374 1282 signa
1397 1244 1541 1274 serotinae
1563 1243 1746 1274 salutationis
1767 1253 1855 1282 ange-

1118 1293 1206 1329 licae,
1230 1297 1257 1323 et
1286 1293 1384 1323 ardeat
1407 1293 1467 1322 tota
1488 1296 1572 1322 nocte
1594 1301 1685 1331 usque
1707 1292 1742 1322 ad
1764 1292 1853 1322 diem.

1158 1342 1197 1381 (c)
1220 1351 1277 1372 xvl.
1302 1342 1335 1371 In
1356 1343 1448 1371 εᾶιίεπι
1469 1341 1549 1371 cella.
1566 1341 1642 1372 Idest
1663 1342 1693 1371 in
1715 1341 1854 1372 dormito-

1117 1391 1160 1420 rio
1182 1391 1296 1421 eodem.

1157 1440 1201 1478 (d)
1224 1448 1292 1469 xvii.
1317 1439 1410 1470 Vestiti
1428 1441 1574 1469 dormiant.
1588 1440 1712 1470 Vestitos
1727 1440 1854 1472 dormire

1117 1488 1219 1517 fratres
1230 1488 1430 1526 intelligimus,
1447 1489 1471 1518 si
1490 1492 1608 1518 teneant
1623 1489 1772 1528 scapulare
1787 1499 1853 1520 cum

1118 1536 1232 1575 caputio
1247 1545 1334 1575 super
1356 1536 1534 1566 tunicellam.

1171 1593 1268 1623 CAPUT
1290 1593 1387 1623 XXIII.
1403 1612 1442 1617 --
1457 1594 1496 1624 De
1517 1595 1794 1625 eoecommunicatione

1406 1643 1562 1682 culparum.

1159 1695 1282 1738 Siquis
1313 1696 1411 1728 frater
1441 1700 1610 1728 contmnax
1643 1701 1699 1728 aut
1737 1696 1851 1730 inohe-
1886 1711 2044 1732 eram-ancaia-

1862 1743 1894 1757 res
1909 1740 1953 1762 post
1970 1744 2043 1759 seruu-

1116 1747 1219 1786 diens‚
1240 1753 1295 1779 aut
1308 1747 1479 1789 superbus,
1497 1752 1550 1779 ant
1568 1758 1783 1789 murmurans,
1801 1750 1849 1782 vel
1861 1763 1907 1783 dam
1930 1768 2044 1783 came-m.

1861 1795 1906 1809 nem
1926 1796 2044 1811 excummu-

1116 1799 1146 1832 in
1173 1799 1235 1832 alio
1268 1800 1447 1832 contrarius
1481 1800 1621 1832 existens
1652 1805 1781 1833 sanctae
1805 1811 1984 1844 re-mueutura
1996 1823 2042 1847 0011-

1115 1853 1209 1894 gulae
1243 1857 1275 1884 et
1310 1852 1491 1894 praeceptis
1523 1852 1689 1884 seniorum
1718 1863 1849 1886 suorum
1861 1842 2044 1893 ssssliiss¹ut=1·-f'‘'⁸¹¹²

1114 1910 1322 1947 contemptor
1346 1909 1496 1946 repertus
1522 1904 1631 1943 fuerit,
1652 1905 1714 1945 hic,
1737 1915 1850 1938 secun-

1115 1957 1188 1989 dnm
1212 1957 1338 1989 Domini
1364 1957 1465 1989 nostri
1490 1962 1706 1999 praeceptum,
1733 1958 1853 1991 admo-

1114 2015 1229 2042 neatnr
1253 2011 1351 2042 semel
1384 2015 1415 2041 et
1449 2010 1590 2042 secundo
1615 2015 1736 2043 secrete
1761 2021 1779 2043 a
1803 2021 1852 2044 se-

1114 2062 1259 2094 nioribus
1281 2062 1364 2099 snis;
1391 2062 1417 2093 si
1444 2072 1509 2094 non
1534 2062 1770 2102 emendaverit,
1795 2063 1850 2095 ob-

1113 2115 1259 2157 iurgetur
1275 2115 1404 2158 publice
1421 2126 1527 2147 coram
1545 2115 1711 2155 omnibns,
1730 2116 1756 2148 si
1772 2126 1848 2149 vero

1113 2178 1221 2210 neque
1246 2167 1293 2199 sic
1316 2167 1503 2206 correxerit,
1523 2167 1547 2199 si
1569 2167 1722 2210 intelligit
1744 2169 1848 2211 qualis

1113 2229 1221 2262 poena
1245 2225 1296 2257 sit,
1323 2219 1647 2252 excommunicationi
1665 2220 1845 2260 subiaceat3

1112 2272 1138 2303 si
1163 2277 1271 2304 antem
1302 2272 1472 2314 improbus
1504 2278 1568 2313 est,
1594 2273 1753 2306 vindictae
1778 2282 1850 2306 eor-

1112 2324 1215 2367 porali
1241 2324 1408 2357 subdatur.

1131 2385 1228 2415 CAPUT
1250 2385 1345 2415 XXIV.
1371 2403 1406 2407 —
1431 2385 1527 2422 Qualis
1547 2387 1639 2417 debeat
1659 2397 1714 2417 esse
1735 2387 1829 2417 modus

1329 2436 1624 2465 excommunicationis,

1155 2486 1343 2520 Secundum
1360 2489 1491 2521 modum
1518 2489 1642 2532 culpae,
1663 2496 2040 2542 excommu-cfflx'colmmunij

1112 2540 1281 2572 nicationis
1306 2541 1355 2573 vel
1381 2540 1570 2583 disciplinae
1597 2542 1693 2574 debet
1717 2542 1846 2575 extendi
1858 2529 2030 2574 sssu¹ud2¹÷¹13⁶⁸¹⁰

1112 2601 1278 2633 mensura,
1305 2593 1360 2635 qui
1394 2594 1560 2636 culparum
1587 2594 1701 2626 modus
1727 2594 1758 2626 in
1784 2595 1843 2627 ab·

1113 2645 1195 2676 batis
1227 2646 1363 2689 pendeat
1401 2646 1540 2687 iusta-im
1574 2646 1599 2678 si
1633 2646 1705 2689 quis
1738 2653 1845 2680 tamen
