2111 3157
183 266 232 294 An.
250 267 278 294 c.
303 267 370 295 ¹G8O
415 259 479 293 ⁵264

211 954 327 974 ciamutae.

257 2464 383 2484 cuni—edum·

200 2491 304 2513 indutum-¹
311 2498 329 2510 ’.Ἀ
337 2506 342 2515 ,
378 2493 384 2509 l.

200 2523 221 2537 in
239 2519 331 2539 ruhrtra.

377 316 461 349 sioni
488 328 537 359 pei
563 316 691 350 easdem
709 313 991 347 confraternitates
1009 311 1107 350 semel

378 369 409 400 in
427 379 535 400 mense
553 368 622 400 fieri
641 368 754 399 solitae
772 367 885 398 devote
902 363 1108 400 visitaverant,

378 426 409 452 et
433 420 475 451 ibi
498 430 555 462 pro
574 419 823 451 christianorum
842 417 1023 460 principum
1040 424 1110 447 con-

378 472 496 509 cordia,
510 472 678 503 haeresum
698 470 921 512 extirpatione,
933 480 969 501 ac
983 473 1109 500 sanctae

377 524 485 556 matris
498 523 655 556 Ecclesiae
670 522 864 556 exaltatione
879 521 947 564 pias
961 520 999 552 ad
1013 520 1109 551 Deum

377 587 489 618 preces
507 576 689 614 effuderint,
707 586 769 618 qua
800 575 868 606 vice
894 573 1109 616 praefatarum

377 629 408 661 id
445 630 592 670 egerint,
625 628 803 671 plenariam
828 626 974 659 omnium
1000 634 1112 666 pecca-

377 686 481 713 torum
515 692 645 713 suorum
678 679 912 722 indulgentiam
940 682 973 710 et
997 676 1112 709 remis-

377 734 504 766 sionem
539 733 794 765 misericorditer
818 732 848 763 in
875 730 1011 763 Domino
1035 738 1111 760 con-

377 786 531 825 cedimus,
551 787 583 818 in
608 786 805 818 contrarium
832 783 1023 816 facientibus
1048 790 1111 812 non

378 838 580 871 obstantibus
595 838 864 880 quibuscumque.
884 833 1111 867 Praesentibus

377 891 546 933 perpetuis
570 890 684 922 suturis
709 889 910 931 temporibus
933 886 1091 918 valituris.

423 944 576 976 Volumus
601 948 706 975 autem
736 947 771 973 ut
799 940 985 973 earumdem
1019 947 1111 980 prae-

378 996 519 1028 sentium
544 995 724 1027 litterarum
744 991 964 1034 transumptis,
981 1001 1036 1023 seu
1061 999 1113 1021 ex-

378 1047 505 1089 emplis,
526 1046 620 1078 etiam
645 1045 825 1087 impressis,
852 1053 947 1075 manu
980 1040 1112 1074 alicuius

378 1099 494 1131 notarii
509 1098 629 1141 publici
649 1096 851 1139 subscriptis,
872 1102 904 1128 et
920 1094 1027 1136 sigillo
1046 1103 1113 1135 per-

378 1162 476 1184 sonae
501 1152 534 1183 in
559 1150 777 1183 ecclesiastica
804 1148 961 1190 dignitate
995 1144 1113 1178 consti—

378 1209 465 1236 tutae
489 1203 629 1241 munitis,
655 1202 766 1235 eadem
788 1210 920 1243 prorsus
938 1199 1017 1230 fides
1048 1197 1113 1228 uhi-

379 1267 442 1298 que
468 1257 612 1288 locorum
638 1254 808 1292 habeatur,
835 1262 915 1294 quae
940 1250 1114 1283 haberetur

379 1308 459 1350 ipsis
495 1306 723 1350 praesentibus
754 1305 781 1337 si
813 1304 920 1337 forent
950 1301 1113 1335 exhibitae

379 1362 430 1393 vel
455 1366 618 1393 ostensae.

423 1414 534 1445 Datum
560 1413 696 1450 Romae,
725 1411 809 1454 apud
841 1410 872 1443 S.
892 1409 1024 1441 Mariam
1052 1407 1115 1440 Ma-

378 1465 496 1503 iorem,
516 1466 575 1497 sub
604 1464 725 1496 annulo
748 1461 933 1499 PiscatoriS,
964 1461 1015 1493 die
1044 1469 1114 1492 ἢν]

381 1517 506 1560 augusti
531 1526 687 1555 MDCLxxx,
711 1513 918 1559 pontificatus
936 1512 1039 1545 nostri
1061 1522 1116 1544 an-

382 1581 424 1603 no
450 1580 492 1603 1v.

416 1632 475 1659 Dat.
491 1632 534 1659 die
549 1632 583 1658 26
603 1631 711 1667 augusti
729 1631 806 1664 1680,
822 1630 918 1665 pontif.
935 1637 979 1656 an.
997 1635 1032 1656 iv.

718 1779 779 1812 XC.

385 1861 574 1896 Conceditur
604 1859 809 1902 indulqcnliu
834 1858 987 1901 plenaria
1009 1869 1120 1901 perpe-

429 1919 486 1946 tua
509 1913 722 1945 visitantibus
746 1911 893 1954 aliquam
912 1921 950 1942 ωε
980 1911 1119 1944 eccle.st

427 1968 567 2009 fratrum
592 1965 640 1997 vel
660 1964 848 1995 monialium
865 1963 999 1996 Ordinis
1015 1965 1121 1996 ,winuli

429 2018 598 2052 Franciscz'
611 2018 646 2048 in
662 2016 890 2058 festivitatibus
903 2016 985 2047 diesi
994 2016 1118 2054 Sancti,

430 2078 552 2101 necnon
571 2071 756 2099 sanctorum
776 2065 914 2098 Antonii
937 2065 974 2097 de
993 2065 1121 2106 Pudice,

430 2121 687 2157 Bonaventurae,
705 2118 861 2150 Ludovici
876 2118 1027 2160 episcopi,
1048 2118 1122 2150 Ber-

431 2171 579 2211 nnrdini,
597 2181 634 2202 ac
650 2174 780 2202 sanctae
799 2169 926 2202 Clarae.

572 2248 766 2275 Innocentius
787 2248 866 2281 Papa
886 2248 933 2280 xl,

390 2301 543 2328 Universis
563 2301 811 2328 christifidelibus
840 2303 1016 2333 praesentes
1040 2301 1123 2327 litte-

425 2353 475 2372 ras
504 2345 689 2378 inspecturis
702 2365 710 2378 ‚
731 2345 860 2371 salutem
881 2347 911 2371 et.
931 2344 1124 2378 apostolicam

426 2390 677 2417 benedictionem.

437 2460 514 2492 Cum
539 2470 556 2491 a
581 2459 744 2501 primaeva
768 2459 969 2492 institutione
995 2460 1126 2501 regulae

396 2514 431 2546 B.
459 2512 620 2544 Francisci
637 2538 644 2551 ,
675 2516 736 2543 tam
763 2513 804 2543 ob
830 2512 917 2544 illius
948 2517 980 2544 et
1004 2518 1128 2544 sancto-

396 2575 466 2598 rum
492 2563 622 2596 Antonii
659 2564 698 2596 de
731 2564 859 2602 Padua,
887 2565 1036 2596 Ludovici
1062 2564 1129 2607 epi·
1172 2570 1230 2595 teus

954 263 1133 288 BULLARIUM
1157 262 1308 286 Romnum

1151 309 1352 348 Bernardini,
1374 318 1501 341 necnon
1520 313 1647 340 sanctae
1664 306 1785 347 Clarae,
1805 307 1884 340 alio-

1150 373 1286 405 rumque
1303 362 1447 395 eiusdem
1465 360 1593 395 Ordinis
1609 360 1793 402 sequacium
1811 370 1884 392 san-

1152 415 1292 448 ctitatem
1319 419 1350 447 et
1372 414 1599 446 miraculorum
1625 412 1883 450 multitudinem,

1153 478 1246 509 quam
1269 467 1366 499 etiam
1384 466 1424 499 ob
1445 467 1619 499 multorum
1640 465 1738 508 ipsius
1755 463 1886 506 religio-

1153 520 1202 552 nis
1231 520 1433 552 Summorum
1467 517 1657 551 Pontificum
1690 517 1886 560 praedeces-

1153 583 1261 605 sorum
1290 576 1477 604 nostrorum
1507 571 1644 610 merita,
1679 570 1792 612 ingens
1816 570 1885 603 ubi·

1154 636 1216 668 que
1232 624 1490 658 christifidelium
1505 624 1674 657 multitudo
1689 623 1884 665 singularem

1154 688 1230 720 erga
1254 687 1490 721 quemeumque
1515 677 1670 708 dictorum
1696 676 1884 709 Sanctorum

1155 737 1244 772 gerat
1268 729 1449 763 devotionis
1469 728 1635 761 affectum:
1657 739 1724 766 nos,
1750 733 1784 760 ut
1804 728 1888 770 ipso-

1155 793 1225 814 rum
1261 782 1404 815 fidelium
1441 782 1569 814 devotio
1601 780 1785 813 huiusmodi
1821 790 1887 813 non

1155 836 1252 867 motio
1283 839 1516 873 conservetur,
1543 834 1598 866 sed
1631 834 1663 865 in
1694 833 1761 865 dies
1786 832 1888 874 magis

1155 892 1332 929 augeatur,
1358 888 1600 928 animarumque
1632 885 1724 918 saluti
1757 885 1888 918 uberius

1155 942 1358 978 coneulatur,
1392 940 1541 982 precibus
1566 939 1661 972 etiam
1697 939 1805 971 dilecti
1831 938 1888 971 filii

1155 992 1282 1025 loannis
1320 992 1492 1024 Franchini
1533 992 1723 1024 Mutinensis
1759 991 1887 1024 Ordinis

1156 1046 1289 1078 fratrum
1314 1046 1471 1077 Minorum
1489 1045 1751 1077 Conventualium
1772 1055 1889 1086 procu-

1155 1098 1269 1131 ratoris
1296 1098 1457 1140 generalis
1490 1108 1586 1140 super
1618 1098 1681 1131 lioc
1711 1097 1804 1130 nobis
1829 1098 1889 1129 hu-

1156 1151 1273 1183 militer
1291 1150 1451 1194 porrectis
1476 1150 1634 1187 inclinati,
1655 1154 1717 1182 tam
1739 1150 1889 1183 omnibus

1156 1207 1187 1234 et
1212 1203 1346 1241 singulis
1377 1202 1453 1235 dicti
1476 1202 1604 1234 Ordinis
1627 1202 1785 1234 Minorum
1810 1202 1890 1234 Con-

1157 1255 1365 1293 ventualium,
1380 1254 1635 1297 capuccinorum
1660 1259 1692 1286 et
1714 1255 1753 1287 de
1773 1254 1890 1287 Obser-

1156 1308 1264 1340 vantia
1288 1312 1546 1350 nuncupatorum
1584 1307 1734 1339 fratribus
1758 1313 1788 1340 et
1823 1317 1890 1340 mo-

1157 1360 1307 1399 nialibus,
1334 1371 1427 1403 quam
1454 1360 1567 1392 ceteris
1593 1360 1762 1402 utriusque
1793 1370 1888 1392 sexus

1158 1412 1434 1449 christifidelibus,
1454 1412 1515 1454 qui,
1537 1422 1612 1445 vcro
1636 1412 1840 1454 poenitentes
1860 1416 1891 1444 et

1158 1464 1294 1497 confessi
1313 1476 1349 1497 ac
1366 1465 1564 1496 sanctissima
1590 1465 1818 1496 communione
1845 1475 1892 1497 re-

1158 1517 1241 1556 fecti,
1261 1517 1374 1550 diebus
1396 1517 1483 1549 festis
1498 1516 1545 1549 Ss.
1566 1517 1737 1556 Francisci,
1760 1517 1891 1549 Antonii

1159 1570 1197 1602 de
1222 1570 1338 1609 Pa-lua,
1364 1570 1621 1607 Bonaventurae,
1647 1569 1798 1602 Ludovici
1823 1570 1892 1611 epi-

1158 1623 1247 1665 scopi
1262 1628 1293 1655 et
1313 1622 1521 1660 confessoris,
1536 1632 1572 1654 ac
1594 1622 1781 1654 Bernardini
1801 1632 1892 1664 prae-

1159 1676 1318 1708 dictorum
1350 1676 1538 1708 eorumdem
1575 1676 1705 1707 fratrum
1737 1675 1892 1707 Minorum

1159 1728 1433 1766 Conventualium,
1452 1727 1705 1770 Capuccinorum
1724 1733 1753 1760 et
1773 1728 1812 1760 de
1832 1727 1894 1760 Ob-

1159 1780 1331 1819 servantia,
1350 1790 1485 1819 necnon,
1509 1780 1560 1812 die
1585 1780 1761 1812 festivitatis
1779 1780 1808 1813 S.
1826 1780 1894 1812 Cla-

1161 1843 1224 1872 rae,
1242 1833 1428 1865 monialium
1450 1832 1524 1863 dicti
1543 1831 1670 1864 Ordinis
1689 1833 1896 1864 monasterio-

1161 1896 1230 1917 rum
1243 1884 1378 1917 ubilibet
1396 1884 1643 1916 constitutorum
1662 1884 1813 1916 ecclesias
1832 1889 1894 1916 tam

1161 1943 1286 1970 erectas
1314 1946 1408 1979 quam
1432 1936 1613 1978 erigendas
1636 1937 1685 1968 vel
1706 1947 1813 1968 earum
1838 1937 1896 1969 ali-

1163 2000 1268 2033 quam,
1286 2000 1302 2021 a
1327 1988 1437 2031 primis
1455 1988 1597 2031 vesperis
1620 1999 1721 2031 usque
1744 1989 1781 2021 ad
1806 1999 1898 2021 occa-

1163 2054 1232 2076 sum
1249 2042 1325 2074 solis
1342 2042 1530 2074 eorumdem
1546 2041 1669 2073 dierum
1690 2041 1826 2083 singulis
1841 2052 1896 2074 an-

1164 2096 1213 2127 nis
1232 2095 1344 2127 devote
1365 2093 1574 2132 visitaverint,
1592 2099 1623 2126 et
1638 2093 1681 2125 ibi
1700 2104 1760 2136 pro
1778 2093 1898 2136 princi-

1165 2158 1239 2191 pum
1257 2146 1505 2179 christianornm
1524 2146 1708 2185 concordia,
1728 2146 1896 2178 haeresum

1166 2199 1388 2241 extirpatione,
1404 2209 1439 2230 ac
1458 2203 1587 2230 sanctae
1608 2198 1717 2230 matris
1734 2197 1898 2230 Ecclesiae

1167 2251 1360 2284 exaltatione
1392 2250 1460 2292 pias
1492 2251 1529 2282 ad
1555 2250 1653 2282 Deum
1684 2260 1796 2292 preces
1822 2249 1900 2281 elfu-

1167 2304 1283 2341 derint,
1300 2313 1362 2344 quo
1381 2302 1431 2334 die
1453 2301 1688 2344 praedictorum
1715 2301 1745 2333 id
1764 2301 1899 2343 egerint,

1167 2354 1343 2397 plenariam
1369 2353 1510 2386 omnium
1535 2359 1740 2395 peccatorum
1766 2364 1899 2385 suorum

1167 2407 1402 2445 indulgentiam
1439 2411 1471 2437 et
1507 2405 1732 2437 remissionem
1769 2406 1901 2437 miseri-

1169 2462 1241 2490 cori¹
1262 2466 1307 2489 :er
1327 2458 1358 2489 in
1378 2458 1512 2490 Domino
1538 2457 1743 2489 concedimus
1768 2460 1799 2489 et
1823 2459 1903 2490 elar-

1171 2511 1231 2552 giu‘·
1250 2522 1273 2537 ’ῑ-
1324 2509 1551 2542 Praesentibus
1585 2509 1748 2551 perpetuis
1787 2509 1901 2542 futuris

1264 2586 1266 2590 ,
1294 2562 1371 2594 ibus
1403 2561 1559 2593 valituris.
1597 2560 1665 2593 Non
1701 2561 1903 2594 obstantibus

396 2616 486 2660 scopi
520 2621 552 2648 et
587 2615 799 2653 confessoris,
828 2616 1066 2648 Bouaventurae
1099 2621 1130 2647 eet
1172 2615 1458 2649 cuntitutirmibus
1490 2619 1520 2645 et
1544 2613 1802 2646 ordinationibus
1827 2624 1904 2657 apo-

1889 257 1939 285 ΑΒ.
1959 257 1988 285 C.
2010 257 2076 285 ¹1:80
