2111 3157
27 208 76 235 ΑΒ.
97 208 126 235 C.
147 207 213 236 1680

214 267 286 290 vere
311 258 343 290 in
368 258 450 292 filios
475 265 506 292 et
529 260 560 292 in
586 262 728 294 membra
752 261 847 294 huius
873 272 943 294 cor·

215 310 301 351 poris
327 312 454 354 suscipi.
482 312 589 354 Igitur,
619 313 759 356 seposito
785 324 861 355 erga
886 315 942 346 do-

213 372 299 394 mum
323 369 488 406 paternam
521 371 552 398 et
576 366 831 408 consanguineos
855 366 942 398 inor-

215 413 323 447 dinato
341 415 463 454 all'ectu,
478 427 515 449 eo
533 417 632 459 magis
650 418 746 449 Deum
762 423 939 450 creatorem

214 476 303 499 suum
318 473 348 500 et
362 469 541 511 spiia'tuales
557 480 629 502 suos
644 475 791 512 parentes
806 470 939 511 diligere

213 520 341 560 debent,
367 531 429 563 quo
449 521 569 553 maiora
589 521 747 554 beneficia
770 527 800 553 et
821 521 940 563 pretio-

213 570 330 604 siorem
347 573 440 604 vitam
467 574 597 605 omnino
623 574 720 615 gratis
737 574 775 606 ab
792 574 871 616 ipsis
889 584 939 605 ac-

211 623 345 665 cipiunt,
371 624 508 656 Proinde
540 626 621 657 hanc
653 626 841 658 clericorum
870 635 938 657 sae·

211 676 366 708 cutm-ium
391 676 485 709 vitam
511 682 545 708 ut
581 688 711 717 veram,
745 683 780 709 ut
811 677 938 710 carissi-

208 737 292 759 mam
316 733 450 760 matrem
476 729 625 768 habeant,
643 730 730 761 illius
748 729 935 772 disciplinae

209 789 245 811 ex
271 779 378 812 animo
404 790 437 812 se
463 781 663 820 submittant,
689 782 844 813 tradendo
870 791 936 823 per·

207 841 300 864 sonas
332 841 405 864 suas
440 833 652 865 instituendas
684 839 717 866 et
740 834 934 866 erudiendas

206 885 380 916 secundum
407 885 603 917 voluntatem
636 897 766 918 suorum
792 886 935 928 superio-

204 945 287 975 rum,
310 937 444 969 maxime
469 947 544 969 vero
570 938 608 970 ad
634 938 864 980 perfectionem
885 938 934 970 de-

202 987 302 1026 bitam
323 993 355 1020 et
373 989 504 1030 gradum
530 991 701 1031 quenulam
722 992 931 1023 excellentem

203 1041 440 1074 communitatis
464 1043 636 1082 honorum,
664 1044 848 1076 dilectionis
872 1044 932 1075 sra-

204 1095 327 1132 ternae,
346 1093 500 1126 castitatis
519 1100 547 1126 et
567 1095 772 1127 obedientiae
792 1096 830 1127 ab
855 1096 932 1127 ado-

201 1145 354 1179 lest-entia
378 1153 543 1186 conentur,
572 1148 604 1179 in
625 1147 738 1190 quibus
759 1148 855 1179 veluti
881 1158 932 1179 co-

200 1197 319 1230 lumnis
345 1204 409 1231 tota
433 1205 591 1232 structura
617 1200 710 1231 huius
737 1200 818 1232 vitae
844 1199 931 1231 cleri-

201 1250 278 1283 calis
291 1250 448 1284 subsistit.

244 1301 342 1335 Porro
371 1304 614 1337 constitutiones
640 1305 735 1337 huius
759 1304 930 1337 iuventutis

199 1355 239 1388 ad
271 1355 364 1387 vitam
399 1356 589 1389 clericorum
624 1358 836 1389 saecularium
870 1358 928 1389 rite

198 1408 385 1442 educandae
403 1409 435 1441 in
454 1409 513 1441 tria
530 1410 730 1452 potissimum
751 1415 868 1452 puncta
886 1410 930 1442 di-

198 1462 304 1495 videre
325 1463 425 1495 visum
452 1467 518 1494 est:
545 1463 683 1505 primum
709 1462 770 1494 erit
800 1463 838 1494 de
863 1463 930 1504 pie-

199 1522 261 1547 tate
287 1515 480 1554 christianin
508 1516 641 1547 alterum
661 1514 699 1546 de
724 1524 847 1546 morum
875 1515 931 1546 ho-

196 1572 336 1608 nestate,
355 1567 483 1600 tertium
501 1568 539 1599 de
557 1567 670 1599 studiis
688 1567 883 1600 litterarum.

393 1624 433 1655 De
452 1625 552 1663 pietate
574 1625 733 1653 christiana.

31 1679 187 1711 Glorieyaddi-
241 1684 264 1706 1.
291 1674 449 1705 Articulos
486 1672 558 1705 fidei
591 1673 768 1705 catholicae
802 1684 930 1705 eorum-

5 1711 63 1753 {iiif'iss
78 1708 187 1764 &⁶⁸¹2ssss
199 1735 260 1768 que
284 1725 492 1757 fundamenta
516 1725 630 1757 animis
647 1725 710 1756 suis
728 1724 860 1757 tirmiter
877 1725 930 1756 im-

5 1762 359 1820 ffiifl'fff‘35235ssssssprimere‚
387 1778 463 1809 item
489 1783 550 1809 tam
575 1782 848 1810 sacramentorum
875 1777 930 1808 vir-

4 1817 186 1864 Zilillssa'ffieff
201 1835 293 1870 tutes,
319 1840 413 1872 quam
440 1830 533 1862 etiam
560 1828 812 1871 significationes
833 1840 930 1861 sacra-

199 1893 268 1916 rum
309 1883 574 1915 caerimoniarum
597 1909 603 1921 ,
641 1893 817 1924 earumque
854 1893 930 1914 con-

197 1935 349 1977 gruitates
375 1936 473 1978 probe
505 1935 669 1967 addiscere
702 1936 864 1973 studeant,
892 1947 927 1966 cx

196 1998 330 2030 quorum
349 1987 465 2019 deinde
481 1987 614 2020 scicntia
628 1987 808 2029 intelligant
828 1989 926 2019 solam

195 2038 369 2071 Ecclesiam
384 2039 578 2071 Catholicam
591 2038 735 2070 caelestis
749 2038 926 2080 sapientiae

195 2097 227 2123 et
238 2091 361 2123 dix-inae
373 2090 526 2130 veritatis,
539 2091 673 2133 insuper
684 2097 712 2122 et
724 2102 849 2123 morum
862 2092 929 2123 lau-

198 2144 438 2176 datissimorum
470 2143 502 2175 in
535 2143 629 2175 terris
654 2145 838 2185 magistram
865 2145 928 2176 exi-

197 2201 292 2234 stere,
310 2202 398 2228 extra
417 2206 508 2238 quain
527 2195 639 2228 salx-ari
659 2196 854 2238 impossibile
873 2197 925 2228 sit.

18 2254 83 2301 mut
101 2255 184 2301 vilnce'm
242 2258 276 2281 Η.
304 2248 403 2280 Nosse
428 2254 599 2290 propterea
625 2248 744 2280 debent
761 2249 927 2288 mundum,

3 2285 79 2352 §qm-'¹⁵¹1
101 2288 185 2353 Ινιξῑὲζῗξ
201 2310 330 2333 carnem
355 2304 384 2333 et
414 2300 578 2332 diabolum
610 2311 681 2332 csse
711 2306 773 2332 tres
804 2301 927 2335 animae

3 2339 83 2405 minz
109 2339 183 2381 ῗ-Ῐυὲιῗῖ
198 2357 326 2385 nostrae
357 2353 508 2395 capitales
542 2353 669 2391 hostes,
695 2353 756 2394 qui,
783 2353 864 2385 viam
889 2354 926 2385 ad

48 2400 53 2405 ⁴
194 2404 323 2438 Caelum
348 2411 507 2448 tamquam
531 2406 701 2437 latrunculi
728 2406 925 2443 obsidentes,

195 2457 260 2489 suis
286 2457 520 2490 hostilitatibus
546 2457 687 2489 efficiunt
716 2463 751 2489 ut
777 2463 840 2490 tota
865 2458 928 2491 rita

198 2509 340 2542 hominis
354 2510 515 2542 sitniilitia
528 2520 623 2552 snper
638 2515 764 2549 terram,
782 2511 927 2553 adquam

194 2562 329 2595 viriliter
352 2569 480 2606 oportet.
504 2563 642 2605 accingi.
667 2563 699 2594 In
724 2563 810 2595 hunc
829 2563 925 2596 linem

282 2625 361 2652 Butt.
384 2625 466 2651 Rom.
482 2640 515 2643 —
536 2625 596 2650 1⁷01.
614 2625 688 2652 XIX.
838 2627 871 2652 32¹.

800 213 1011 237 INNOCENTIUS
1033 214 1063 238 XI
1088 215 1136 238 PP-

1614 204 1677 238 3249
1723 212 1820 241 ηε.
1842 213 1906 241 icet.»

985 261 1045 293 sibi
1071 262 1175 294 omnis
1193 261 1318 304 generis
1335 261 1476 305 practica
1499 261 1661 304 principia
1679 272 1714 293 ac

984 314 1088 346 media
1112 314 1254 347 faciliora
1285 325 1320 347 ex
1346 315 1484 348 lectione
1517 320 1548 346 et
1579 314 1713 346 medita-

985 365 1071 397 tione
1097 369 1185 399 sacra
1210 368 1450 409 comparabunt,
1469 367 1584 410 quibus
1602 377 1714 398 concu-

983 417 1157 460 piscentiae
1191 425 1295 452 motus
1335 421 1481 463 aliaeque
1516 420 1712 453 tentationes

983 470 1068 501 eludi
1094 476 1125 502 et
1149 482 1330 504 muscarum
1354 473 1453 504 instar
1469 472 1594 515 possint
1610 482 1645 504 ac
1662 472 1713 504 de-

982 522 1079 553 beant
1103 525 1228 565 repelli.
1263 525 1342 557 lluic
1368 525 1414 557 rei
1440 525 1575 557 maxime
1600 525 1711 557 deser-

981 573 1066 605 vient
1089 575 1160 608 libri
1186 576 1312 618 piorum
1334 583 1507 614 auctorum,
1524 587 1604 620 quos
1621 582 1712 619 pater

980 625 1157 667 spiritualis
1179 628 1381 669 singulorum
1399 629 1508 671 captui
1526 635 1619 671 atque
1640 639 1710 671 pro-

981 677 1076 709 fectui
1103 679 1239 712 idoneos
1263 681 1485 714 iudicaverint.

1023 740 1070 763 111.
1098 730 1296 773 Frequenter
1321 733 1447 765 sibimet
1468 734 1527 776 ipsi
1549 735 1709 768 inculcent
1778 745 1902 770 comparent

980 780 1110 814 humani
1129 784 1257 824 generis
1276 784 1436 823 vilitatem,
1452 786 1632 824 vanitatem,
1648 770 1901 822 fra-{iil‘aifilissl'ffiiffi's

979 832 1132 873 gilitatem
1158 840 1189 867 et
1212 835 1362 875 nihilum,
1391 842 1424 868 ut
1449 837 1633 870 huiusmodi
1660 826 1901 870 co-iikii'fnnmsffl'

978 885 1121 926 gnitione
1148 892 1179 918 et
1196 887 1383 930 quotidiana
1401 889 1600 930 experientia
1620 891 1707 932 agni-

978 937 1096 970 tionem
1122 938 1171 970 sui
1200 939 1299 982 ipsius
1332 941 1483 982 paulatim
1508 952 1709 984 consequan-
1860 962 1876 977 ο

979 994 1037 1021 tur.
1064 990 1140 1022 Item
1168 996 1229 1023 tam
1259 992 1417 1024 beneficia
1446 993 1631 1033 creationis,
1657 1005 1707 1027 re-

976 1042 1171 1084 demptionis
1190 1050 1219 1076 et
1235 1045 1507 1083 sanctificationis,
1523 1057 1617 1089 quam
1632 1058 1708 1089 poe-

975 1104 1030 1125 nas
1056 1105 1167 1127 eorum
1192 1096 1244 1138 qui
1276 1096 1386 1128 iisdem
1413 1098 1601 1137 abutuntur,
1627 1099 1707 1131 sicut

975 1152 1112 1188 quatuor
1137 1148 1277 1179 hominis
1296 1150 1470 1181 novissmia
1488 1157 1644 1191 perpetuo
1664 1154 1704 1184 ob

975 1201 1087 1232 oculos
1119 1206 1258 1243 ponant,
1291 1206 1324 1232 ut
1355 1202 1400 1234 sic
1426 1204 1474 1235 vel
1500 1204 1536 1235 ad
1562 1214 1705 1237 amorem

974 1251 1040 1290 Dei,
1068 1252 1213 1294 gratique
1240 1253 1336 1285 animi
1363 1254 1518 1294 allectum,
1536 1256 1583 1287 vel
1606 1256 1643 1287 ad
1662 1256 1704 1288 iu·

976 1308 1060 1335 stum
1077 1304 1223 1336 timorem
1236 1305 1361 1337 Domini
1380 1306 1465 1339 serio
1481 1307 1703 1349 impellantur;

973 1367 1070 1399 super
1095 1367 1187 1399 quae,
1216 1363 1375 1400 tamquam
1402 1358 1491 1390 firma
1508 1360 1705 1392 christianae

973 1409 1054 1441 vitae
1086 1410 1315 1450 fundamenta,
1351 1414 1493 1443 omnium
1527 1412 1704 1444 solidarum

973 1461 1120 1493 virtutum
1146 1462 1325 1494 aedilicium
1347 1468 1493 1496 extruere
1519 1470 1657 1506 oportet.

1016 1524 1058 1546 1v.
1075 1514 1228 1546 Virtutum
1245 1515 1509 1556 theologicarum,
1521 1515 1607 1554 fidei,
1623 1516 1702 1558 spei,
1741 1524 1768 1544 Se
1786 1526 1897 1545 exerceant

1714 1550 1733 1570 in
1758 1551 1879 1572 theologicus
1891 1566 1896 1574 .

973 1565 1150 1606 charitatis,
1178 1572 1208 1598 et
1247 1567 1466 1606 cardinalium,
1494 1569 1894 1621 prudentiae„petundi-huan-

974 1619 1225 1661 temperantiae,
1259 1620 1455 1652 l'ortitudinis
1495 1627 1525 1652 et
1550 1608 1788 1660 iustitiac,1›¹isJ-¹u⁰
1816 1606 1894 1623 ”mm-

973 1672 1146 1712 genuinam
1179 1678 1324 1703 naturam
1356 1673 1494 1714 practice
1523 1674 1700 1708 addiscant.

974 1724 1019 1755 Ad
1046 1724 1125 1755 llaec
1150 1724 1182 1756 in
1208 1726 1281 1756 vera
1310 1724 1506 1763 bumilitate,
1534 1725 1702 1767 patientia,

973 1775 1187 1816 abnegatione
1217 1775 1264 1807 sui
1290 1775 1388 1818 ipsius
1415 1776 1532 1817 iugiter
1556 1787 1588 1808 sc
1615 1788 1704 1809 excr-

973 1832 1084 1866 ceant,
1106 1838 1280 1869 omnesque
1306 1839 1378 1859 suas
1407 1829 1547 1860 actiones
1573 1829 1603 1860 in
1629 1832 1704 1861 vera

973 1880 1168 1911 discretione
1200 1880 1368 1912 instituere
1406 1881 1492 1913 serio
1523 1886 1701 1918 conentur·‚

972 1933 1108 1965 maxime
1134 1943 1227 1971 xero,
1254 1934 1417 1975 quodnam
1448 1934 1478 1965 in
1509 1934 1616 1976 quavis
1644 1934 1704 1965 rir-

972 1991 1037 2017 tute
1053 1986 1202 2023 medium,
1215 1991 1245 2018 et
1261 1996 1417 2027 quaenam
1432 1986 1543 2018 vitiosa
1561 1991 1703 2018 extrema

972 2038 1046 2076 sini,
1074 2038 1187 2070 sedulo
1212 2038 1381 2079 indagent3
1407 2038 1484 2070 alias
1511 2039 1596 2071 enim
1621 2039 1703 2072 iure-

971 2091 1044 2123 nilis
1069 2091 1224 2133 impetus,
1264 2091 1304 2122 ob
1338 2101 1425 2122 suam
1459 2091 1703 2125 immoderatam

971 2144 1220 2182 vehementiam,
1248 2144 1448 2186 experientia
1475 2150 1577 2181 teste,
1608 2145 1702 2178 facile

971 2202 1002 2229 et
1023 2198 1214 2239 plerumque
1231 2196 1269 2228 ad
1288 2201 1428 2228 extrema
1454 2197 1605 2229 dellectit.
1628 2197 1703 2229 Hie¹

971 2250 1104 2281 multum
1122 2247 1277 2291 proderit,
1298 2247 1322 2279 si
1338 2249 1474 2290 quilibet
1490 2248 1611 2291 aliquid
1630 2255 1704 2282 tem-

972 2301 1059 2344 poris
1085 2307 1171 2333 certo
1197 2300 1321 2333 cuidam
1347 2300 1422 2332 vitio
1452 2301 1500 2333 vel
1519 2301 1701 2343 particulari

972 2354 1111 2386 defectui
1137 2354 1324 2395 extirpando
1346 2358 1376 2385 et
1401 2353 1507 2385 virtuti
1533 2353 1702 2396 oppositae

972 2407 1169 2439 exercendae
1202 2406 1286 2437 iuxta
1311 2405 1463 2438 maiorem
1497 2417 1586 2438 suam
1620 2405 1703 2438 indi-

971 2460 1111 2501 gentiam
1136 2464 1167 2491 et
1186 2458 1367 2498 utilitatem,
1387 2458 1425 2490 de
1446 2459 1582 2491 consilio
1603 2459 1702 2502 patris

1008 2574 1018 2599 1
1037 2573 1138 2600 Forsan
1153 2572 1294 2607 legendum
1310 2572 1385 2599 Hinc
1398 2572 1438 2605 (n.
1460 2572 1509 2605 T.)-
