2111 3157
8 205 55 232 An.
72 202 100 230 C.
123 199 190 229 1678

5 2042 61 2064 quta
72 2049 132 2070 quam
144 2044 172 2065 (a-

0 2071 87 2090 tuttatem
115 2072 173 2096 prim·

0 2097 92 2115 :unc-ratis
101 2098 172 2117 moda*-

770 204 981 229 tumeamus
1003 207 1032 230 XI
1059 206 1106 230 FP.

195 250 239 282 ris
275 255 307 283 et
341 250 464 294 poenis,
495 263 512 284 a
544 262 613 285 iure
637 254 686 285 vel
719 252 757 284 ab
784 252 924 291 homine,

196 302 307 344 quavis
326 303 495 336 occasione
523 305 573 336 vel
598 307 691 336 causa
716 304 797 342 latis,
816 304 842 335 si
863 304 926 346 qui·

195 354 254 386 bus
280 356 524 398 quomodolibet
548 356 718 388 innodatus
744 355 860 394 existis,
887 356 925 387 ad

195 407 341 440 effectum
360 409 580 451 praesentium
597 414 715 441 tantum
731 418 927 450 consequen-

196 460 279 498 dum,
307 461 419 493 harum
445 461 529 493 serie
555 461 758 493 absolventes
782 466 813 493 et
837 461 926 492 abso-

195 513 293 544 lutum
326 514 394 545 fore
431 518 613 552 censentes,
642 512 828 545 huiusmodi
853 523 926 555 sup—

194 565 420 606 plicationibus
445 566 601 605 inclinati,
628 565 666 597 de
691 570 766 598 voto
793 566 925 597 fratrum

194 622 377 650 nostrorum
396 617 426 650 S.
445 618 481 649 R.
497 618 530 650 E.
551 618 760 650 cardinalium
784 618 923 659 negotiis

195 674 225 700 et
249 670 538 703 consultationibus
564 671 790 714 episcoporum
816 676 847 703 et
873 681 924 702 re-

194 721 352 762 gularium
380 721 666 765 praepositorum¹‚
692 722 745 765 qui
771 722 923 754 dilectum

193 773 293 806 filium
314 780 559 816 procuratorem
584 776 769 817 generalem
794 775 921 808 Ordinis

192 826 346 868 praedicti
379 827 580 867 audiverunt,
606 826 770 867 consilio²,
796 828 852 860 tibi
878 828 923 860 al-

193 878 382 911 ternativam
406 890 422 911 a
448 885 476 911 te
495 884 656 919 statutam,
675 885 710 911 ut
733 880 920 922 praefertur,

192 931 383 964 auctoritate
405 934 515 964 nostra
537 932 716 974 apostolica
732 932 920 965 moderandi

192 987 224 1015 et
247 983 474 1026 restringendi,
501 984 580 1016 itaut
605 984 758 1027 deinceps
790 985 922 1027 provin-

191 1035 324 1068 cialatus
349 1042 379 1068 et
405 1036 612 1069 definitorum
629 1037 813 1080 provinciae
834 1047 923 1079 prae-

191 1087 294 1120 dictae
319 1089 423 1121 officia
447 1089 611 1121 dumtaxat
644 1090 919 1132 comprehendat,

191 1150 424 1184 quamcumque
450 1142 664 1174 necessariam
698 1147 729 1174 et
766 1147 921 1185 opportu-

189 1203 264 1225 nam
275 1193 456 1226 facultatem
471 1194 581 1226 eadem
596 1194 797 1233 auctoritate,
810 1200 919 1227 tenore

189 1246 407 1288 praesentium
425 1247 631 1279 concedimus
649 1252 680 1279 et
700 1247 917 1289 impartimur3

189 1299 277 1330 salva
313 1304 418 1331 tamen
444 1309 571 1342 semper
595 1299 627 1331 in
652 1300 837 1342 praemissis
866 1310 919 1331 au-

189 1351 334 1384 ctoritate
354 1351 620 1393 congregationis
642 1352 829 1384 eorumdem
851 1363 919 1383 car-

189 1403 365 1442 dinalium;
403 1413 467 1435 non
506 1403 709 1436 obstantibus
744 1403 917 1446 praedictis

188 1455 359 1489 Clementis
384 1457 643 1499 praedecessoris
676 1456 808 1496 litteris,
833 1456 919 1488 aliis-

188 1518 250 1552 que
282 1508 567 1550 constitutionibus
600 1514 631 1541 et
661 1509 918 1542 ordinatIOnibus

187 1560 384 1603 apostolicis,
404 1572 532 1594 necnon
552 1561 701 1594 omnibus
727 1567 758 1594 et
782 1561 917 1603 singulis

186 1613 252 1646 illis
283 1624 363 1655 quae
388 1614 420 1645 in
445 1613 567 1646 eisdem
591 1614 764 1647 Clementis
787 1614 917 1657 praede-

186 1665 325 1698 cessoris
351 1665 464 1698 litteris
488 1676 641 1698 concessa
673 1672 748 1698 sunt
772 1676 837 1698 non
863 1666 918 1698 ob-

187 1723 283 1757 stare,
309 1718 489 1760 ceterisque
515 1718 684 1751 contrariis
711 1718 917 1761 quibuscum-

186 1781 260 1814 que.

219 1831 312 1859 Datum
327 1834 441 1867 Romae,
458 1833 527 1868 apud
542 1833 567 1860 S.
581 1834 692 1860 Mariam
710 1834 850 1865 Maiorem,
866 1833 915 1859 sul»

183 1877 281 1902 annulo
303 1876 453 1910 piscatoris,
474 1877 516 1903 die
536 1885 579 1904 xix
594 1878 650 1904 iulii
671 1884 826 1912 MDCLxxvn,
849 1886 915 1912 pon-

183 1920 298 1947 tificatus
317 1921 401 1947 nostri
420 1929 489 1948 anno
510 1927 527 1948 1.

614 1965 637 1998 1.
665 1965 700 1999 G.
727 1965 866 1999 SLt'sms.

226 2035 292 2068 llac
313 2036 409 2078 igitur
434 2036 609 2078 apostolica
629 2036 820 2069 auctoritate
845 2047 913 2068 mu-

183 2088 239 2120 niti
257 2114 264 2127 ,
291 2090 328 2121 ea
354 2099 417 2131 qua
440 2099 499 2131 par
529 2094 578 2121 est
603 2089 635 2121 in
664 2089 830 2121 catholicis
863 2100 911 2121 re—

2 2125 49 2142 atui·
62 2122 170 2144 alternati·
206 2141 211 2146 .

0 2153 44 2168 um.

181 2151 230 2183 gis
261 2141 386 2173 litteras
420 2141 618 2181 reverentia,
650 2141 795 2184 partibus
827 2142 911 2174 insu-

181 2203 247 2236 per,
272 2193 424 2225 videlicet
447 2193 483 2225 R.
504 2193 536 2225 P.
564 2192 603 2226 M.
630 2194 798 2226 Francisco
823 2194 911 2226 Mon-

181 2252 255 2278 tano
273 2246 456 2288 provinciae
474 2245 634 2283 Quitensis
651 2252 860 2289 procuratore
879 2252 910 2279 et

179 2298 217 2330 R.
244 2299 276 2330 P.
304 2298 342 2330 M.
380 2298 558 2340 Augustino
587 2299 791 2332 Montesdoca
823 2300 908 2332 cius-

179 2350 251 2383 dem
288 2351 469 2393 provinciae
505 2352 634 2383 alumno
677 2352 776 2384 semel
811 2357 906 2394 atque

177 2402 294 2435 iteruin
320 2403 447 2442 auditis,
474 2404 616 2446 quinimo
642 2405 830 2437 eorumdem
856 2415 907 2447 pe·

177 2455 343 2488 titionibus
367 2456 459 2489 nobis
479 2456 568 2488 sactis
588 2456 620 2488 in
640 2456 777 2499 supplici
796 2457 906 2490 libello

213 2526 223 2551 1
246 2526 315 2553 Male
334 2526 396 2553 edit.
417 2526 497 2553 Μαίη.
518 2526 766 2561 legitpraepositis
785 2528 822 2561 (a.
840 2527 888 2562 T.).

211 2569 227 2598 2
247 2569 299 2597 Vox
317 2571 435 2598 consilio
456 2571 495 2597 vel
515 2573 576 2597 roto
597 2570 730 2597 redundat
749 2571 786 2602 (n.
802 2572 850 2605 τ.).

968 254 1099 295 propria
1115 264 1226 286 eorum
1243 252 1425 296 syngrapha
1450 253 1630 295 subscripto
1652 253 1700 285 in-

969 305 1089 344 clinati,
1121 306 1321 348 praedictum
1354 311 1500 338 nostrum
1535 307 1700 339 decretum

969 357 1007 388 de
1028 358 1238 397 alternativa,
1264 363 1379 391 tenore
1404 358 1642 400 praesentium,
1669 363 1701 389 et

967 409 1156 443 auctoritate
1173 415 1209 442 ut
1233 421 1335 453 supra,
1361 421 1488 443 necnon
1507 411 1545 443 de
1565 410 1700 443 consilio

968 463 1219 494 reverendorum
1245 462 1544 495 administratorum
1572 467 1700 505 patrum

967 514 1018 555 qui
1045 514 1137 546 nobis
1168 514 1331 554 assistunt,
1364 515 1570 547 moderamur
1595 520 1625 547 et
1649 524 1701 547 re-

967 565 1166 608 stringimus,
1191 566 1279 606 itaut,
1301 567 1419 599 ceteris
1444 567 1588 600 eiusdem
1615 568 1700 599 clau-

967 618 1052 656 sulis,
1077 629 1157 661 quae
1183 619 1221 651 αι’,
1245 619 1389 661 priorum
1415 625 1447 651 et
1470 625 1577 652 cetera
1595 619 1700 652 officia

965 671 1143 712 praelatum
1158 672 1322 703 decretum
1338 672 1524 711 extendunt,
1539 672 1699 704 revocatis

965 727 996 754 et
1020 723 1202 762 annullatis,
1235 733 1354 765 easque
1391 729 1555 755 revocatas
1587 729 1619 756 et
1643 734 1698 756 an-

964 776 1102 807 nullatas
1120 785 1188 807 esse
1209 781 1389 814 censentes,
1416 776 1641 808 alternativam
1667 781 1698 807 et

964 827 1178 869 aequalitates
1196 828 1234 860 ad
1253 827 1471 870 provincialis,
1488 827 1697 860 definitorum

964 886 995 913 et
1020 880 1221 913 visitatorum
1250 881 1354 913 officia
1380 881 1546 914 dumtaxat
1571 881 1697 914 restrin-

964 933 1068 974 gimus
1094 939 1124 965 et
1148 938 1357 974 coarctamus,
1383 939 1480 976 prout
1515 934 1697 966 restrictum

964 991 994 1017 et
1018 992 1215 1019 coarctatum
1240 997 1309 1019 esse
1331 987 1478 1019 volumus
1504 993 1535 1019 et
1555 987 1697 1019 declara-

963 1048 1044 1075 mus,
1069 1048 1135 1071 non
1159 1039 1361 1071 obstantibus
1379 1039 1650 1081 quibuscumque.

1618 195 1661 229 ’75
1706 205 1753 232 An.
1775 204 1803 232 c.
1827 205 1892 232 1678

1006 1090 1045 1122 Ut
1069 1096 1175 1123 autem
1211 1091 1429 1124 dissensiones
1456 1097 1487 1125 et
1516 1092 1587 1124 lites
1614 1092 1696 1124 circa
1720 1101 1889 1121 Mastuesorvan-

964 1143 1120 1184 praedicti
1157 1144 1277 1176 decreti
1314 1144 1573 1183 observantiam,
1601 1127 1719 1177 intel-3

963 1196 1129 1237 ligentiam
1154 1202 1186 1228 et
1209 1197 1456 1239 exequutionem
1482 1197 1695 1240 imposterum

962 1249 1088 1289 penitus
1115 1249 1281 1288 tollantur,
1313 1260 1372 1292 per
1403 1250 1460 1281 has
1489 1256 1616 1282 nostras
1642 1251 1696 1283 de-

962 1302 1096 1333 cretales
1122 1301 1256 1341 litter-as,
1282 1307 1313 1334 et
1338 1303 1376 1334 de
1402 1302 1538 1335 consilio
1568 1313 1695 1335 eorum·

961 1352 1030 1384 dem
1050 1354 1300 1386 reverendorum
1318 1354 1614 1387 administratorum
1642 1365 1694 1397 pa-

962 1410 1042 1437 trum
1067 1405 1120 1448 qui
1156 1406 1247 1438 nobis
1279 1406 1444 1446 assistunt,
1471 1407 1691 1439 declaramus:

960 1458 1076 1497 Primo,
1102 1459 1188 1501 quod
1213 1459 1419 1501 provincialis
1444 1460 1477 1491 in
1507 1460 1692 1492 immediate

960 1511 1065 1543 futuro
1089 1511 1229 1554 capitulo
1262 1512 1452 1554 provinciali
1485 1513 1622 1555 eligatur
1654 1523 1691 1545 cx

959 1563 1021 1595 alia
1044 1563 1238 1606 partialitate
1262 1574 1298 1596 ac
1323 1565 1362 1597 sit
1387 1565 1595 1607 provincialis
1625 1567 1692 1597 elc-

958 1621 1026 1648 ctus
1050 1627 1111 1659 pro
1136 1617 1281 1649 currenti
1306 1618 1537 1660 quadriennio,
1565 1618 1646 1650 itaut
1663 1618 1689 1650 si

960 1668 1011 1700 hic
1036 1669 1077 1700 sit
1101 1669 1273 1711 Hispanus,
1290 1670 1322 1702 in
1342 1670 1483 1712 capitulo
1510 1671 1616 1702 futuro
1638 1671 1690 1702 eli-

958 1725 1050 1761 gatur
1075 1720 1220 1760 crz'olhm,
1240 1727 1270 1754 et
1287 1733 1303 1754 e
1327 1727 1439 1754 contra
1465 1722 1491 1754 si
1515 1723 1690 1755 modernus

958 1773 1148 1814 sitcre'ollus,
1164 1774 1302 1815 eligatur
1315 1775 1476 1817 Hispanus
1491 1775 1522 1806 in
1540 1775 1689 1817 sequenti

956 1825 1112 1868 capitulo:
1130 1826 1290 1866 Secundo,
1306 1827 1392 1870 quod
1411 1827 1437 1859 si
1455 1827 1620 1869 contingat
1634 1839 1689 1870 pa-

955 1883 1037 1910 trem
1062 1878 1299 1921 provincialem,
1315 1880 1459 1912 nondum
1473 1880 1521 1912 sui
1540 1880 1688 1922 gubernii

956 1936 1100 1973 tempore
1125 1933 1262 1974 expleto,
1282 1943 1318 1964 ex
1345 1932 1406 1964 hac
1431 1933 1493 1965 vita
1514 1933 1686 1972 decedere,

955 1989 1007 2015 aut
1031 1983 1137 2026 aliquo
1158 1994 1359 2027 quocumque
1384 1984 1618 2028 impedimento
1645 1985 1688 2017 ita

954 2036 1091 2068 detineri
1122 2042 1156 2068 ut
1187 2037 1436 2079 provincialatus
1462 2037 1601 2069 osticium
1631 2048 1687 2069 ne-

954 2094 1051 2131 queat
1075 2090 1289 2132 personaliter
1322 2100 1486 2130 exercere,
1512 2095 1587 2122 tunc
1613 2100 1686 2132 pro-

953 2141 1074 2174 vinciae
1100 2147 1214 2181 rector,
1241 2142 1294 2184 qui
1313 2143 1350 2175 ad
1377 2142 1611 2185 praescriptum
1636 2153 1686 2175 re-

951 2194 1173 2227 verendissimi
1217 2195 1387 2227 Valvasorii
1424 2195 1685 2237 praedecessoris

950 2247 1050 2279 nostri
1075 2258 1175 2290 usque
1200 2248 1239 2280 ad
1265 2247 1518 2281 celebrationem
1551 2249 1683 2291 capituli

950 2299 1155 2341 provincialis
1181 2300 1325 2342 proxime
1350 2299 1450 2331 futuri
1476 2301 1551 2342 eligi
1577 2301 1682 2339 debet,

949 2364 985 2385 ex
1011 2353 1122 2385 eadem
1158 2352 1296 2394 eligatur
1326 2352 1519 2395 partialitate
1552 2364 1589 2386 ex
1622 2364 1684 2395 qua

950 2410 1018 2437 erat
1041 2404 1246 2447 provincialis
1280 2405 1459 2445 defunctus,
1486 2406 1611 2438 irritam
1646 2417 1682 2438 ac

950 2459 1069 2490 nullam
1096 2468 1179 2489 nunc
1203 2468 1262 2500 pro
1287 2463 1361 2490 tunc
1387 2459 1587 2491 declarantes
1621 2460 1681 2491 ele-

948 2510 1089 2542 ctionem
1124 2520 1204 2552 quae
1240 2509 1310 2542 fieri
1350 2521 1441 2542 secus
1479 2511 1679 2552 contigerit:

949 2563 1054 2596 Tertio
1081 2563 1281 2596 declaramus
1302 2563 1386 2606 quod
1414 2574 1431 2595 a
1456 2563 1618 2604 praedicta
1635 2563 1664 2595 al

1723 1133 1746 1147 us
1758 1128 1775 1147 in
1788 1128 1825 1147 lian-
1836 1135 1890 1148 nova

1722 1154 1840 1174 uernauva.
