2111 3157
131 190 181 217 An.
202 189 229 217 C.
247 189 314 218 1686

360 180 423 204 ντῃῆ

366 195 424 214 lau

322 248 550 273 conversarum
583 237 620 269 ad
655 235 751 267 fidem
784 231 905 265 tamdiu
940 232 1061 263 solum-

321 293 418 326 modo
451 297 604 334 poteruut
636 296 823 324 remanere,
849 284 1061 327 quoadusque

325 346 503 389 episcopo,
531 343 568 375 ad
595 352 690 385 quem
728 346 811 372 terra
837 338 980 381 pertinet
1011 337 1061 369 vel

324 400 357 432 in
382 403 546 441 posterum
572 393 765 438 pertinebit,
791 390 951 435 placuerit
974 400 1063 433 pres-

324 453 453 494 byteros
492 448 698 486 saeculares,
727 445 845 489 quibus
881 443 1062 476 animarum

326 514 433 537 curam
473 500 669 539 committat,
697 498 872 531 destinare.
906 495 1062 535 Quamdiu

324 567 401 589 vcro
426 554 583 598 praedicti
608 552 804 586 missionarii
840 550 873 583 in
898 549 1065 593 praedicta

312 597 402 650 scura
426 606 654 645 remanserint,
682 605 764 638 nibil
794 615 829 637 ex
856 604 950 636 titulo
976 613 1065 636 cura-

326 668 433 695 torum
452 662 499 693 vel
522 660 742 692 doctrinarum
760 658 885 701 possint
906 657 1063 699 accipere,

327 716 383 748 sed
407 713 553 758 praecise
580 724 616 746 ex
643 711 855 745 emendicatis
887 711 1066 752 eleemosy-

327 769 377 802 nis
401 769 451 801 vel
477 769 562 800 ultro
587 766 704 799 oblatis
729 766 833 798 vivere
855 764 987 797 debent.
1009 763 1068 795 Po-

327 827 438 854 terunt
474 826 604 859 tamen,
631 819 772 851 stabilita
806 819 916 850 nostra
950 816 1012 848 side
1038 821 1069 848 et

329 874 448 907 curatis
484 873 702 906 saecularibus
736 871 815 903 iuibi
851 869 1068 907 manentibus,

328 928 363 961 in
387 927 517 970 populis
552 925 677 968 magnis
714 930 767 957 aut
807 923 988 967 capacibus,
1030 922 1068 954 de

329 981 460 1014 licentia
484 979 630 1023 episcopi
665 984 697 1010 et
721 978 855 1021 praefati
892 975 1070 1019 superioris

331 1033 502 1077 generalis,
530 1037 705 1065 conventus
730 1031 831 1063 nostri
851 1029 979 1062 Ordinis
1000 1029 1070 1060 sun-

332 1089 419 1128 dare,
447 1088 478 1119 in
504 1086 621 1129 quibus
642 1086 727 1117 iuxta
746 1085 892 1127 regulam
911 1087 1070 1115 etstatuta

332 1152 369 1174 ex
395 1139 610 1182 eleemosynis
636 1138 695 1171 sub
724 1137 864 1179 regulari
899 1135 1071 1178 disciplina

331 1194 446 1226 fratres
471 1192 576 1224 vivere
602 1191 746 1234 possint,
767 1195 797 1222 et
821 1193 999 1222 conventus
1025 1187 1071 1220 illi

334 1246 512 1289 guardiano
537 1244 671 1288 praelati
698 1242 876 1282 seminarii,
904 1242 943 1274 ad
977 1252 1072 1284 quem

335 1299 498 1342 pertineat
531 1298 600 1330 viva
625 1297 679 1329 illa
711 1296 879 1329 conversio
912 1299 944 1327 et
983 1294 1072 1326 cuius

334 1351 554 1385 sollicitudine
581 1351 713 1383 obtenta
746 1349 855 1388 suerit,
886 1349 935 1381 vel
972 1347 1069 1380 senii-

334 1405 415 1438 narii
440 1404 604 1437 vicinioris
631 1401 814 1445 (eligendo¹
841 1413 857 1433 a
882 1401 1072 1433 missionum

335 1457 572 1496 commissario,
598 1457 622 1488 si
649 1456 817 1488 conversio
845 1455 912 1487 eius
938 1455 1013 1486 cura
1039 1464 1074 1486 ac

337 1510 505 1553 diligentia
530 1514 678 1552 promota
704 1514 735 1540 et
759 1508 875 1550 adepta
901 1507 1016 1549 suerit)
1042 1506 1073 1538 in

337 1563 487 1596 omnibus
513 1568 543 1595 et
568 1572 625 1604 per
650 1561 757 1594 omnia
782 1560 962 1603 praefatum
986 1558 1076 1591 seini-

337 1616 487 1649 narium‘2
512 1620 606 1648 erunt
631 1614 785 1661 subiecti,
807 1614 1017 1656 quoadusque
1040 1623 1075 1646 ex

338 1670 402 1703 illis
428 1669 573 1702 custodia
603 1668 704 1710 possit
736 1666 876 1706 formari,
903 1668 951 1699 vel
983 1665 1076 1698 aliter

339 1723 373 1755 in
399 1722 540 1765 capitulo
567 1721 710 1763 generali
737 1721 775 1753 de
810 1720 874 1753 illis
900 1719 1076 1762 provideri,

340 1781 394 1808 aut
418 1786 454 1808 ex
480 1775 543 1807 illis
570 1774 682 1817 aliqui,
717 1779 751 1805 ut
781 1774 905 1806 licitum
937 1773 1010 1812 erit,
1045 1772 1075 1804 iu

340 1827 617 1861 missionariorum
644 1826 816 1859 seminaria
847 1825 905 1857 sul)
931 1825 981 1857 his
1017 1830 1078 1857 sta-

341 1881 418 1913 tutis
444 1880 542 1913 erecti
569 1880 698 1913 suerint.
725 1879 879 1917 Quoniam
903 1888 978 1911 vero
1003 1879 1078 1910 cura

343 1940 375 1967 et
410 1933 629 1966 sollicitudine
662 1933 944 1965 missionariorum
979 1930 1079 1974 perti-

342 1987 489 2020 nentium
521 1987 560 2019 ad
585 1986 752 2029 praedicta
788 1985 962 2018 seminaria
986 1984 1081 2027 spiri-

344 2040 485 2073 tualibus
510 2039 757 2072 uecessitatibus
777 2049 950 2081 regnorum
969 2038 1082 2080 Hispa-

344 2093 439 2132 niae,
465 2092 541 2126 licet
566 2104 629 2125 non
669 2092 832 2125 Indiarum
852 2118 859 2132 ,
886 2091 1082 2124 sufficienter

345 2146 513 2191 provideri
535 2147 672 2189 poterit,
699 2157 739 2179 ne
774 2150 921 2179 sanctum
955 2144 1082 2177 missio-

346 2210 423 2232 num
449 2211 530 2243 opus
556 2211 593 2233 ex
620 2200 767 2233 dissimili
797 2198 1081 2232 missionariorum

348 2254 444 2286 modo
485 2253 683 2295 procedendi
723 2253 930 2296 deturpetur,
973 2252 1081 2284 nullus

348 2307 447 2339 nostri
473 2306 598 2339 Ordinis
624 2307 771 2346 fratrum,
798 2306 852 2349 qui
879 2311 967 2338 extra
991 2314 1083 2347 prae-

350 2359 434 2391 dicta
448 2359 618 2391 seminaria
630 2359 721 2397 vivat,
741 2350 1082 2397 missionarii'munus,

351 2421 621 2454 quarumcumque
657 2413 841 2445 litterarum
870 2422 887 2443 a
911 2411 1004 2443 nobis
1035 2411 1083 2457 vel

388 2491 397 2516 1
422 2489 523 2516 Forsan
543 2491 669 2523 eliqencli
688 2491 725 2524 (n.
741 2492 788 2523 T.).

386 2535 402 2561 2
421 2535 510 2561 Verba
518 2538 684 2569 praefatum
698 2535 889 2564 seminariam
905 2537 1013 2571 praeter
1028 2542 1083 2562 rem

353 2588 412 2608 esse
434 2579 557 2607 videntur
576 2581 616 2617 (ft.
637 2581 685 2615 T.).

911 180 1092 207 nummum
1115 179 1268 204 ROMANUM

1103 226 1415 271 praedecessoribus
1450 224 1569 258 nostris
1604 235 1639 257 ac
1663 224 1702 257 ab
1728 224 1836 267 aliquo

1104 281 1256 314 inferiore
1287 280 1338 312 vel
1369 279 1400 311 in
1425 283 1537 311 nostro
1569 277 1675 311 officio
1712 288 1838 310 succes-

1104 345 1176 367 sore
1212 343 1441 366 concessarum
1475 332 1525 364 vel
1558 331 1839 364 concedendarum

1107 388 1229 430 vigore,
1257 387 1315 419 sub
1333 386 1441 428 aliquo
1460 384 1665 428 quantumvis
1689 383 1839 427 specioso

1106 442 1213 473 colore
1239 443 1293 472 aut
1315 443 1498 481 praetextu,
1519 438 1552 470 in
1570 437 1743 480 Hispaniae
1767 448 1842 480 par-

1106 493 1203 533 tibus,
1224 503 1241 525 a
1267 496 1412 534 tempore
1439 501 1501 534 quo
1527 490 1587 523 tria
1612 490 1785 523 seminaria
1808 489 1841 523 in

1106 547 1170 580 illis
1195 550 1302 579 erecta
1326 545 1454 585 suerint,
1489 554 1642 577 exercere
1666 545 1781 577 valeat.
1807 544 1842 577 In

1107 599 1280 643 provinciis
1305 604 1411 632 autem
1437 603 1502 630 tam
1538 599 1712 641 Hispaniae
1748 609 1843 642 quam

1108 653 1281 692 Indiarum‚
1307 663 1389 696 quae
1414 663 1480 685 non
1510 652 1685 685 habuerint
1704 662 1846 685 conven-

1110 714 1176 739 tum
1201 707 1355 740 idoneum
1386 711 1417 739 et
1434 716 1492 749 pro
1517 706 1660 749 praefata
1683 705 1846 739 erectione

1109 759 1413 793 inconvenientibus
1454 759 1730 802 insuperabilibus
1780 769 1847 792 non

1111 813 1301 856 expositum,
1327 812 1471 845 fundatio
1496 811 1571 845 novi
1597 811 1773 851 seminarii,
1799 822 1849 844 re-

1112 866 1239 910 quisitis
1266 866 1432 899 servandis
1469 865 1624 905 servatis,
1652 865 1739 898 licita
1774 865 1848 905 erit,

1112 920 1313 962 arbitrioque
1338 918 1552 951 commissarii
1583 918 1775 951 missionum
1799 918 1850 950 re-

1113 973 1278 1016 linquitur,
1298 976 1330 1005 et
1351 983 1367 1004 a
1393 973 1483 1004 nullo
1505 971 1605 1004 nostri
1630 970 1759 1003 Ordin1s
1792 971 1851 1004 sra-

1115 1030 1173 1065 tre,
1198 1025 1263 1057 sive
1288 1023 1430 1063 subdito,
1455 1024 1519 1057 sive
1537 1023 1720 1067 superiore,
1747 1023 1851 1056 cuius-

1114 1088 1252 1120 cumque
1277 1077 1441 1120 dignitatis
1464 1075 1525 1109 sic¹
1547 1076 1700 1120 impediri
1718 1076 1848 1120 poterit.

1113 1131 1143 1164 Si
1181 1130 1354 1163 seminaria
1389 1130 1586 1173 praemissa,
1612 1129 1645 1162 in
1677 1129 1851 1173 praedietis

1114 1185 1288 1228 Hispaniae
1314 1188 1346 1217 et
1376 1184 1540 1216 indiarum
1572 1183 1716 1226 partibus
1748 1188 1854 1216 erecta

1115 1249 1150 1270 ac
1174 1237 1341 1280 erigenda,
1369 1237 1543 1280 aliquando
1568 1238 1756 1270 relaxentur
1780 1241 1812 1269 et
1836 1247 1854 1269 a

1116 1291 1318 1334 perfectione
1344 1296 1375 1324 et
1404 1290 1560 1324 laudabili
1586 1289 1659 1330 fine,
1693 1290 1732 1323 ad
1757 1299 1855 1333 quem

1117 1345 1348 1384 instituuntur,
1372 1343 1561 1377 notabiliter
1586 1343 1777 1383 defecerint,
1803 1343 1855 1375 vel

1117 1403 1232 1430 statuta
1258 1398 1309 1430 hic
1335 1402 1502 1436 contenta,
1521 1401 1552 1430 et
1569 1397 1631 1429 alia
1656 1406 1738 1439 quae
1761 1406 1856 1439 prae-

1117 1451 1263 1483 sentibus
1289 1461 1353 1484 non
1372 1455 1445 1484 sunt
1462 1450 1633 1489 contraria,
1654 1454 1686 1482 et
1705 1459 1765 1493 pro
1787 1449 1856 1482 aliis

1118 1504 1300 1537 seminariis
1326 1502 1409 1536 tam²
1434 1502 1549 1536 erectis
1574 1514 1591 1536 a
1615 1502 1697 1535 Sede
1721 1503 1857 1545 Aposto-

1118 1558 1188 1597 lica,
1217 1562 1249 1589 ut
1273 1557 1468 1600 praefertur,
1489 1556 1668 1599 approbata
1691 1556 1857 1599 reperiun-

1119 1615 1182 1649 tur,
1211 1621 1276 1643 non
1302 1609 1556 1649 observaverint,
1581 1620 1637 1642 seu
1656 1619 1774 1642 novum
1799 1619 1857 1651 gu-

1118 1663 1267 1696 bernium
1293 1667 1325 1695 et
1350 1663 1492 1705 aliquam
1514 1663 1553 1695 ab
1578 1662 1790 1697 Observantia
1813 1671 1858 1695 se-

1119 1716 1321 1760 parationem
1346 1726 1363 1748 a
1387 1716 1469 1749 Sede
1494 1715 1682 1758 Apostoliea
1707 1720 1762 1748 aut
1779 1726 1796 1748 a
1812 1725 1857 1748 su-

1119 1769 1302 1814 perioribus
1326 1769 1454 1802 Ordinis
1478 1768 1643 1812 petierint,
1668 1769 1718 1801 vel
1743 1779 1802 1812 per
1824 1779 1858 1801 se

1120 1829 1175 1857 aut
1199 1822 1423 1866 interpositam
1442 1831 1616 1864 personam
1635 1821 1783 1855 obtinere
1803 1825 1858 1854 cu-

1121 1876 1274 1916 raverint,
1299 1876 1349 1908 vel
1374 1880 1490 1918 sponte
1517 1875 1659 1907 oblatam
1685 1885 1757 1908 cum
1782 1873 1858 1908 ess'e-

1121 1935 1171 1963 ctu
1201 1927 1408 1967 admiserint,
1440 1926 1614 1960 seminaria
1638 1927 1759 1960 eisdem
1783 1937 1858 1970 pro-

1121 1983 1244 2022 vinciis,
1270 1992 1287 2014 a
1312 1981 1427 2025 quibus
1452 1985 1627 2013 conventus
1651 1990 1711 2023 pro
1729 1980 1859 2013 illorum

1122 2035 1289 2069 erectione
1315 2034 1435 2077 sumpti
1460 2033 1591 2073 suerint,
1618 2032 1734 2066 iterum
1758 2032 1859 2066 incor-

1123 2093 1291 2132 porentur,
1320 2092 1351 2120 et
1375 2086 1515 2120 ministri
1540 2085 1750 2129 provincialis
1775 2085 1860 2128 regi-

1123 2141 1219 2181 mini,
1245 2141 1327 2174 sicut
1357 2140 1455 2173 ceteri
1489 2139 1637 2172 eiusdem
1673 2138 1858 2182 provinciae

1124 2193 1363 2234 conventibus⁵³,
1377 2192 1677 2236 indispensabiliter
1689 2190 1861 2225 subiician-

1124 2254 1187 2282 tur:
1214 2248 1373 2292 siquidem
1399 2247 1458 2280 sub
1483 2246 1534 2280 his
1561 2251 1684 2279 tantum
1709 2244 1862 2278 conditio-

1124 2302 1218 2335 nibus
1244 2306 1276 2335 et
1300 2300 1562 2335 ordinationibus
1583 2299 1676 2343 (quas
1696 2298 1758 2332 vim
1774 2298 1861 2332 illius

1124 2355 1357 2389 indissolubilis
1384 2354 1592 2397 obligationis
1618 2357 1650 2386 et
1666 2356 1860 2392 contractus,

1126 2409 1179 2452 qui
1205 2409 1288 2442 inter
1313 2408 1426 2441 fratres
1450 2406 1672 2441 missionarios
1690 2411 1721 2439 et
1745 2405 1870 2445 fratres,

1164 2492 1170 2515 t
1197 2489 1295 2515 Forsan
1311 2489 1349 2516 sit
1367 2496 1416 2523 pro
1436 2488 1475 2514 sic
1494 2487 1638 2523 legendum
1655 2489 1691 2520 (R.
1706 2491 1754 2517 τ.).

1161 2534 1176 2559 ἵ).
1198 2533 1294 2560 Forsan
1311 2534 1372 2560 iam
1389 2541 1437 2567 pro
1454 2536 1510 2559 {um
1529 2531 1671 2566 legendum
1688 2531 1726 2566 (n.
1742 2531 1791 2565 ππ).

1162 2578 1178 2604 3
1199 2578 1293 2613 Aptius
1309 2578 1365 2613 lege
1386 2580 1534 2605 conventus
1554 2579 1590 2614 (a.
1607 2577 1655 2606 Τ.)-

1847 173 1896 202 An.
1916 173 1945 201 C.
1962 173 2028 203 1656
