2111 3157
4 219 51 245 An.
66 218 94 247 C.
118 218 180 246 1681

25 2307 99 2327 Annuit
110 2307 182 2328 Ponti-

0 2331 38 2354 lex.

781 222 992 247 ‚NNOCENTIFS
1015 224 1046 246 XI
1071 223 1121 246 1³1³.

193 267 424 311 praedecessor
440 273 560 310 noster,
582 269 633 302 die
657 279 715 303 xm
739 270 923 303 novembris
968 270 1027 310 tiis,
1045 268 1189 302 censuris
1207 273 1236 301 et
1254 267 1377 311 poenis,
1400 277 1417 300 a
1432 267 1504 299 iure
1515 266 1568 299 vel
1585 267 1624 299 ab
1641 267 1696 300 ho-

193 330 339 355 Mnctxxv
363 322 542 362 indulserit,
568 328 603 354 ut
626 323 708 355 festa
738 328 923 355 sanctorum

193 372 320 407 Ordinis
354 375 513 417 praedicti
538 375 766 415 fundatorum,
796 375 925 407 loannis

193 425 325 468 quidem
351 427 389 460 de
414 427 540 467 Mania,
567 427 618 460 die
641 437 707 460 xvn
731 427 922 467 decembris,

193 478 309 512 Felicis
325 490 403 513 vero
422 480 462 512 de
479 479 594 520 Valois,
614 479 664 512 die
681 489 711 513 1v
728 478 922 519 novembris,

192 532 366 574 quotannis
391 532 448 565 sub
473 532 535 564 ritu
560 532 679 576 duplici
709 533 748 565 ab
773 533 922 565 omnibus

191 583 456 617 christifidelibus
481 585 649 627 utriusque
667 594 759 617 sexus
777 588 839 617 tam
856 595 925 617 sae-

190 637 351 670 cularibus
376 647 471 680 quam
495 637 709 679 regularibus,
728 637 780 680 qui
804 637 842 670 ad
867 638 925 670 ho-

190 700 242 722 ras
268 690 440 723 canonicas
465 695 628 731 tenentur,
659 690 691 722 in
723 692 788 723 tota
811 691 925 733 Hispa-

190 742 242 774 nia
267 747 402 782 tantum,
420 742 577 775 celebrari
598 748 740 785 possent,
762 753 834 775 cum
858 753 924 775 ora-

190 794 330 827 tionibus
356 799 387 827 et
410 794 604 828 lectionibus
634 795 776 838 propriis
809 805 924 838 appro-

188 846 270 879 batis
307 852 339 880 et
374 847 535 880 concessis
570 848 656 880 dicto
685 848 797 880 Ordini
832 848 882 881 die
906 860 923 881 v

188 899 265 932 maii
298 909 463 933 MDCLxxiu
500 910 516 932 a
551 900 808 943 Congregatione
847 906 923 934 tune

189 951 392 984 existentium
417 957 548 986 sanctae
573 953 738 986 Romanae
761 953 922 987 Ecclesiae

188 1003 398 1037 cardinalium
412 1005 511 1038 sacris
526 1005 640 1038 ritibus
653 1006 921 1049 praepositorum,

188 1056 278 1089 cuius
298 1057 465 1090 decretum
482 1058 542 1090 hac
559 1068 658 1100 super
681 1068 716 1090 re
742 1064 922 1091 emanatum

187 1108 273 1141 idem
297 1109 445 1142 Clemens
469 1110 702 1152 praedecessor
726 1111 777 1143 die
801 1120 865 1143 xv11
890 1121 922 1143 e-

188 1161 312 1194 iusdem
330 1162 449 1194 mensis
464 1162 540 1195 maii
558 1162 747 1205 approbavit
763 1174 770 1203 ;
790 1168 829 1202 et,
848 1163 922 1206 quia

189 1212 257 1245 dies
282 1214 418 1255 praefati
443 1219 518 1246 sunt
541 1214 699 1257 impediti,
718 1215 828 1248 eadem
847 1215 923 1248 Con-

189 1265 334 1308 gregatio
359 1266 570 1299 cardinalium
595 1267 645 1299 die
670 1278 720 1300 mv
737 1268 920 1300 novembris

188 1326 356 1356 nnetxxvi,
372 1317 412 1350 ad
422 1318 616 1351 relationem
629 1319 732 1351 bonae
746 1319 920 1352 memoriae

188 1369 324 1408 Camilli,
343 1369 418 1402 dum
436 1369 522 1409 vixit,
541 1369 685 1403 eiusdem
709 1377 839 1404 sanctae
859 1371 922 1404 Ro-

187 1430 301 1453 manae
332 1420 497 1454 Ecclesiae
533 1422 714 1465 presbyteri
748 1423 921 1456 cardinalis

187 1472 312 1504 Maximi
326 1473 509 1515 nuncupati,
525 1473 651 1506 Ordinis
666 1475 821 1518 praedicti
836 1477 921 1519 apud

187 1524 303 1557 Sedem
324 1525 542 1568 Apostolicam
560 1527 768 1569 protectoris,
788 1538 922 1561 conces-

188 1577 267 1609 serit
293 1582 329 1609 ut
353 1577 385 1609 in
410 1583 574 1620 posterum
600 1580 680 1612 festa
704 1581 920 1623 praefatorum

188 1633 370 1662 sanctorum
396 1630 613 1671 fundatorum,
633 1637 695 1664 tam
712 1632 744 1664 in
768 1633 921 1666 universo

188 1681 307 1714 Ordine
327 1681 380 1714 SS.
405 1682 579 1722 Trinitatis,
602 1694 696 1725 (piam
715 1689 802 1716 extra
820 1685 919 1725 illum,

188 1733 220 1765 in
247 1736 314 1766 tota
337 1734 491 1777 Hispania
515 1740 647 1775 tantum,
669 1736 782 1778 primis
809 1737 921 1770 diebus

187 1796 252 1819 non
278 1786 442 1829 impeditis
467 1787 505 1819 ab
531 1787 636 1820 officio
666 1799 779 1821 novem
810 1790 922 1823 lectio-

188 1849 263 1871 num
289 1839 446 1872 celebrari
472 1840 639 1882 valerent)
672 1840 757 1873 idem
781 1841 921 1883 ignatius

188 1896 380 1934 procurator
404 1891 576 1933 generalis,
595 1897 717 1925 attento
744 1894 831 1936 quod
856 1905 922 1927 me-

187 1943 302 1976 morati
328 1944 429 1976 sancti
455 1944 640 1977 fundatores
660 1945 693 1977 in
714 1945 815 1978 Gallia
838 1952 922 1979 nata-

188 1997 235 2028 les
253 1996 446 2036 habuerunt,
466 2002 498 2029 et
517 1996 635 2029 ibidem
652 1998 848 2040 praedictum
867 1999 923 2031 Or-

188 2048 298 2081 dinem
323 2048 547 2088 sundaverunt,
574 2059 610 2081 ac
633 2050 768 2092 proinde
792 2050 863 2083 illos
890 2051 921 2083 in

188 2111 227 2133 eo
251 2110 352 2143 regno
377 2111 441 2134 non
465 2100 582 2133 minori
602 2102 817 2135 venerationis
834 2105 921 2136 cultu

188 2152 344 2186 honorari
369 2153 474 2192 decet,
499 2153 658 2186 indultum
683 2160 715 2186 et
739 2155 923 2187 concessio—

188 2215 263 2238 nem
281 2205 466 2239 huiusmodi
484 2206 523 2238 ad
543 2210 640 2238 totam
661 2205 794 2240 Galliam
812 2213 922 2240 exten-

190 2258 221 2290 di
246 2258 420 2301 plurimum
445 2258 619 2291 desideret.

234 2311 249 2353 ἓ
273 2310 304 2343 2.
331 2310 394 2343 Nos
418 2310 525 2353 igitur,
553 2310 654 2353 ipsius
678 2310 791 2353 Ignatii
812 2322 922 2355 procu-

188 2362 307 2395 ratoris
334 2363 494 2405 generalis
518 2363 601 2395 votis
627 2363 687 2394 hac
710 2363 744 2395 in
767 2373 801 2396 re
826 2375 922 2406 quan-

190 2419 259 2447 tum
284 2426 356 2448 cum
380 2415 517 2448 Domino
541 2425 714 2458 possumus
746 2415 923 2449 favorabili-

190 2471 240 2499 ter
262 2477 405 2500 annuere
425 2468 579 2504 volentes,
598 2477 734 2510 eumque
754 2478 771 2500 a
791 2468 922 2510 quibus-

190 2519 236 2552 vis
261 2519 613 2559 excommunicationis,
640 2521 865 2562 suspensionis
890 2526 922 2554 et

192 2571 364 2613 interdicti,
381 2572 518 2616 aliisque
543 2572 768 2605 ecclesiasticis
794 2578 922 2606 senten-

965 322 1060 361 mine,
1079 322 1188 365 quavis
1204 321 1372 354 occasione
1389 321 1438 353 vel
1459 320 1555 353 causa
1573 319 1698 359 latis-‚si

965 374 1083 416 quibus
1106 373 1352 417 quomodolibet
1381 372 1554 405 innodatus
1580 371 1696 412 existit,

965 426 1003 458 ad
1025 426 1174 459 effectum
1194 425 1417 469 praesentium
1441 425 1604 457 dumtaxat
1626 435 1700 458 cone

965 479 1176 521 sequendum,
1194 479 1311 511 harum
1336 478 1419 511 serie
1444 478 1649 511 absolventes
1666 483 1699 511 et

966 531 1146 564 absolutum
1165 531 1233 564 fore
1256 535 1436 570 censentes,
1454 530 1697 573 supplicationi-

965 583 1024 615 bus
1045 583 1112 616 eius
1133 583 1263 616 nomine
1280 582 1374 614 nobis
1392 592 1491 625 super
1508 582 1570 614 hoc
1591 582 1697 614 humi—

966 635 1038 667 liter
1053 635 1213 677 porrectis
1231 633 1388 673 inclinati,
1407 634 1446 666 de
1463 633 1696 666 venerabilium

966 687 1097 719 fratrum
1114 692 1297 719 nostrorum
1314 686 1345 719 S.
1357 686 1517 719 Romanae
1534 686 1695 719 Ecclesiae

965 740 1126 782 praefatae
1144 739 1354 771 cardinalium
1369 739 1468 771 sacris
1482 739 1596 771 ritibus
1608 749 1697 781 prae-

965 792 1145 835 positorum
1170 792 1319 831 consilio,
1339 796 1374 823 ut
1393 791 1474 824 festa
1497 793 1695 835 supradicto-

965 854 1033 877 rum
1058 849 1239 878 sanctorum
1263 844 1473 876 fundatorum
1504 844 1631 877 Ioannis
1654 845 1693 878 dc

965 897 1070 930 Matlia
1095 902 1126 930 et
1149 897 1264 930 Felicis
1289 897 1327 929 de
1348 895 1454 929 Valois
1477 897 1569 930 annis
1592 897 1696 940 singu·

965 950 1003 983 lis
1026 950 1059 982 in
1084 951 1148 983 tota
1171 949 1274 983 Gallia
1296 949 1513 992 pariformiter
1536 949 1695 983 celebrari

965 1002 1065 1034 libere
1091 1007 1122 1035 et
1146 1002 1232 1035 licite
1257 1002 1382 1045 possint
1405 1006 1438 1034 et
1460 1002 1597 1043 valeant,
1618 1012 1695 1044 apo-

965 1055 1079 1088 stolica
1102 1055 1300 1094 auctoritate,
1325 1060 1437 1088 tenore
1461 1054 1695 1098 praesentium,

965 1107 1171 1140 concedimus
1197 1113 1229 1139 et
1252 1107 1468 1149 indulgemus.

1007 1159 1022 1202 g
1045 1159 1076 1192 3.
1099 1160 1316 1192 Decernentes
1340 1159 1427 1202 ipsas
1444 1164 1633 1202 praesentes
1650 1160 1695 1192 lit-

965 1217 1049 1244 teras
1071 1222 1198 1255 semper
1218 1212 1334 1251 firmas,
1355 1211 1475 1245 validas
1496 1217 1528 1244 et
1551 1212 1695 1246 efficaces

964 1265 1100 1297 existere
1131 1270 1163 1297 et
1190 1265 1277 1304 fore,
1304 1275 1446 1308 suosque
1477 1265 1640 1308 plenarios
1665 1272 1697 1298 ct

963 1316 1106 1358 integros
1132 1316 1262 1349 effectus
1286 1316 1393 1349 sortiri
1419 1322 1451 1349 et
1475 1317 1636 1357 obtinere,
1660 1329 1696 1351 ac

963 1368 1045 1407 illis,
1075 1368 1114 1400 ad
1143 1379 1224 1411 quos
1257 1374 1380 1411 spectat
1404 1379 1440 1401 ac
1463 1380 1524 1412 pro
1549 1375 1696 1413 tempore

964 1420 1130 1463 spectabit,
1156 1421 1345 1463 plenissime
1371 1420 1557 1464 suffragari,
1583 1423 1695 1465 sicque

963 1472 995 1504 in
1027 1473 1210 1515 praemissis
1242 1483 1302 1516 per
1329 1484 1549 1517 quoscumque
1574 1475 1695 1508 iudices

962 1525 1144 1558 ordinarios
1176 1531 1208 1558 et
1238 1526 1423 1568 delegatos,
1461 1528 1558 1560 etiam
1583 1539 1695 1561 causa-

962 1588 1032 1610 rum
1051 1579 1161 1621 palatii
1186 1579 1357 1621 apostolici
1375 1580 1538 1613 auditores
1562 1581 1695 1614 iudicari

963 1636 994 1663 et
1018 1630 1146 1663 definiri
1171 1631 1306 1671 debere,
1333 1642 1369 1664 ac
1393 1632 1519 1665 irritum
1545 1638 1577 1666 et
1600 1633 1695 1667 inane

962 1683 987 1714 si
1012 1693 1103 1715 secus
1132 1693 1230 1726 super
1261 1683 1311 1716 his
1343 1694 1360 1716 a
1388 1695 1562 1728 quoquam,
1588 1686 1696 1728 quavis

962 1735 1161 1775 auctoritate,
1182 1736 1322 1769 scienter
1334 1738 1384 1769 vel
1405 1737 1605 1780 ignoranter,
1621 1749 1697 1772 con-

963 1787 1073 1829 tigerit
1089 1789 1254 1821 attentari.
1272 1789 1340 1822 Non
1358 1790 1560 1823 obstantibus
1580 1791 1697 1824 consti-

963 1840 1138 1873 tutionibus
1165 1846 1196 1873 et
1220 1842 1479 1874 ordinationibus
1498 1844 1696 1885 apostolicis,

963 1892 1147 1935 ceterisque
1173 1894 1342 1926 contrariis
1368 1895 1640 1938 quibuscumque.

1595 210 1655 244 391
1704 217 1753 244 An.
1775 217 1803 245 c.
1822 218 1884 245 1681
1934 245 1936 248 ,

1733 1168 1852 1190 Clausulas.

1007 1945 1076 1987 54,
1103 1945 1254 1978 Volumus
1287 1951 1394 1979 autem
1430 1952 1465 1979 ut
1508 1949 1693 1981 earumdem
1741 1955 1888 1982 Transummo·

964 1998 1179 2039 praesentium
1203 1998 1383 2031 litterarum
1403 2000 1624 2043 transumptis,
1639 2011 1695 2033 seu

964 2050 1128 2092 exemplis,
1143 2050 1239 2083 etiam
1256 2050 1431 2093 impressis,
1447 2062 1544 2084 manu
1562 2052 1696 2085 alicuius

963 2102 1081 2134 notarii
1099 2102 1218 2145 publici
1234 2102 1434 2146 subscriptis,
1452 2109 1484 2136 et
1499 2104 1606 2146 sigillo
1625 2116 1698 2147 per-

963 2164 1062 2187 sonae
1080 2155 1112 2187 in
1133 2155 1351 2188 ecclesiastica
1368 2155 1524 2198 dignitate
1542 2158 1698 2190 constitu-

963 2212 1013 2239 tae
1035 2207 1178 2247 munitis,
1199 2208 1312 2240 eadem
1330 2218 1464 2250 prorsus
1481 2208 1560 2241 fides
1577 2213 1640 2241 tam
1661 2210 1693 2241 in

963 2260 1080 2293 iudicio
1106 2271 1200 2303 quam
1219 2265 1308 2292 extra
1331 2260 1411 2293 illud
1430 2261 1596 2302 habeatur,
1615 2272 1697 2304 quae

964 2312 1139 2344 haberetur
1170 2312 1247 2355 ipsis
1276 2312 1503 2355 praesentibus
1538 2314 1563 2346 si
1589 2314 1698 2347 forent

964 2364 1128 2397 exhibitae
1153 2365 1200 2396 vel
1226 2369 1392 2397 ostensae.

1006 2416 1118 2448 Datum
1136 2416 1264 2456 Romae,
1287 2417 1373 2459 apud
1397 2417 1427 2450 S.
1447 2417 1576 2450 Mariam
1601 2418 1697 2451 Maio-

963 2479 1043 2508 rem,
1072 2470 1130 2501 sub
1163 2470 1283 2502 annulo
1310 2469 1492 2511 Piscatoris,
1519 2471 1571 2504 die
1601 2482 1697 2505 xxviii

963 2521 1037 2553 maii
1058 2531 1226 2561 nnctxxiss,
1237 2522 1443 2565 pontificatus
1456 2523 1556 2555 nostri
1571 2534 1654 2557 anno
1664 2534 1694 2558 v.

1000 2583 1059 2609 Dat.
1078 2582 1122 2609 die
1138 2583 1171 2609 28
1186 2583 1250 2610 maii
1268 2583 1345 2619 1681,
1362 2583 1461 2619 pontif.
1477 2592 1548 2612 anno
1563 2591 1590 2612 v,

1707 1987 1751 2003 rum
1767 1983 1826 2004 tides.
