2111 3157
132 216 183 242 Aa.

202 215 219 239 C

258 215 322 241 2:31
370 205 433 237 ΗΓ,

323 263 432 306 aliqua
458 260 595 294 collusio
620 264 785 302 sequatur.
813 257 846 290 ln
879 256 1062 290 seminariis

323 315 461 358 aliisque
487 313 648 349 domibus,
677 312 731 343 ubi
766 320 955 343 communes
990 309 1064 340 red-

324 369 408 402 ditus
433 377 492 411 pro
526 367 579 399 illa
612 365 709 397 domo
736 370 810 396 sunt
836 363 959 395 nullam
992 372 1065 405 per-

326 431 437 454 sonam
457 419 687 461 particularem
706 421 902 460 spectantes,
918 421 947 447 et
969 414 1063 447 sinuil

326 474 379 507 alii
402 472 547 505 redditus
569 471 633 503 sint
654 470 692 502 ad
718 469 932 513 particulares
954 478 1064 510 perso-

324 537 382 560 nas
408 526 440 558 in
468 525 520 557 illa
546 523 644 557 domo
670 532 705 555 ex
732 521 902 555 benefieiis
922 521 970 553 vel
996 519 1066 552 olli-

325 580 382 613 eiis
404 578 635 617 obvenientes·‚
659 582 735 614 tum,
755 586 795 609 ne
813 574 963 608 confusio
982 574 1066 606 oria-

326 639 387 671 tur,
420 631 489 664 sieri
525 630 621 663 debet
652 638 821 662 commune
847 626 1064 666 ratiocinium,

327 691 359 719 et
385 685 471 718 aliud
508 683 706 727 particulare
743 691 840 725 super
876 685 1009 723 accepta
1036 685 1067 712 et

327 748 469 782 expensa
502 736 686 770 reddituum
720 733 967 779 particularium
992 733 1067 766 ista-

326 801 397 823 rum
423 799 653 834 personarum.

369 854 454 878 xxix.
482 843 558 875 Cum
583 852 648 875 non
674 841 778 874 solum
805 839 946 873 instituti
971 838 1068 872 huius

327 897 477 937 intersit,
502 895 560 928 sed
586 894 681 928 etiam
700 895 906 933 dioecesum,
924 902 964 925 ne
983 893 1067 924 bona

329 949 515 983 communia
539 948 645 981 minus
670 947 812 980 fideliter
839 945 1069 978 administren-

328 1008 398 1041 tur,
423 1007 476 1035 aut
506 1002 544 1034 ad
577 999 782 1043 supradictos
813 997 978 1031 Ecclesiae
1014 997 1068 1030 Dei

328 1056 426 1088 utiles
452 1065 529 1087 usus
555 1063 620 1086 non
642 1053 891 1095 expendantur;
921 1050 995 1083 ideo
1020 1060 1071 1082 re-

329 1106 554 1142 verendissimi
583 1105 706 1138 domini
731 1103 906 1143 Ordinarii,
944 1103 1070 1147 quoties

330 1162 473 1195 derectus
499 1159 663 1193 notabiles
691 1158 723 1191 in
749 1155 1030 1192 administratione
1054 1167 1071 1189 a

913 208 1093 232 mfttath
1118 208 1182 231 ROM
1190 208 1269 231 &Nt‘ssl

1109 255 1180 295 lior,
1207 255 1294 297 quod
1321 255 1484 298 superflua
1509 264 1568 288 sua
1591 255 1623 287 in
1655 265 1844 290 communes

1107 307 1200 347 pios,
1228 313 1260 340 et
1289 312 1353 340 tum
1383 307 1477 340 statui
1510 307 1751 347 ecclesiastice,
1777 313 1843 341 tum

1108 359 1237 402 ipsimet
1252 364 1380 392 sanctae
1398 359 1561 393 Ecclesiae
1579 359 1763 394 Catholicae
1783 361 1845 394 val·

1107 413 1146 445 de
1177 412 1344 456 proficuos
1380 423 1456 445 usus
1492 413 1670 452 conterant,
1708 413 1846 458 amplius

1108 476 1202 509 quam
1226 465 1278 499 alii
1305 466 1415 499 cleriei
1441 467 1626 499 saeculares
1648 472 1843 508 graventur:

1108 529 1180 552 cum
1205 519 1291 552 enim
1309 530 1420 552 eorum
1440 529 1541 552 onera
1559 530 1595 552 ae
1616 519 1844 562 obligationes,

1108 583 1189 616 quae
1224 574 1369 607 redditus
1399 574 1634 607 beneficiorum
1670 573 1845 616 suomm‘,

1108 627 1323 660 communiter
1337 638 1409 660 cum
1428 627 1492 660 illis
1506 627 1575 660 sine
1590 628 1653 661 ulla
1672 627 1847 671 exemptio·

1109 690 1147 713 ne
1166 680 1284 719 feran13
1307 681 1425 714 merito
1443 681 1557 714 iisdem
1576 681 1672 714 etiam
1691 691 1762 714 eum
1783 680 1847 714 illis

1111 732 1245 772 iuribus,
1266 733 1444 778 privilegiis
1469 739 1568 777 atque
1589 732 1847 767 immunitatibus

1110 785 1262 827 gaudent.
1283 785 1364 818 llinc
1389 791 1420 819 et
1444 785 1650 829 particularis
1676 785 1848 831 dispositio

1110 838 1193 871 eirea
1230 839 1426 882 temporalia
1462 839 1557 872 huius
1591 838 1731 872 instituti
1762 839 1850 872 bona

1111 891 1149 924 ad
1171 901 1300 934 capsam
1325 891 1388 924 iam
1415 892 1541 931 collata,
1580 902 1760 937 eorumque
1786 891 1850 925 dis·

1111 944 1257 987 pensatio
1284 944 1315 977 in
1336 955 1414 977 usus
1440 944 1678 990 praescriptos,
1701 945 1741 978 ad
1766 945 1851 978 eius-

1112 998 1185 1030 dem
1212 997 1348 1030 instituti
1375 998 1562 1041 superiores
1589 1002 1728 1040 spectat.

1155 1060 1237 1083 xxxt.
1267 1050 1299 1082 Vi
1326 1050 1568 1083 communitatis
1592 1051 1765 1090 bonorum,
1784 1051 1850 1085 sive

1112 1103 1196 1146 pacti
1223 1102 1329 1144 iurati,
1348 1103 1469 1135 nemini
1496 1103 1591 1136 liceat
1616 1114 1654 1136 ex
1680 1104 1778 1138 huius
1805 1105 1851 1137 in-

1112 1155 1214 1188 stituti
1241 1156 1467 1189 sacerdotibus
1485 1161 1517 1189 et
1534 1156 1660 1190 clericis
1679 1162 1852 1190 testamen-

329 1214 481 1258 praeside
500 1212 692 1246 commissus
707 1209 916 1249 innotuerit¹,
931 1209 1071 1253 desuper
1114 1215 1179 1241 tum
1206 1210 1374 1242 saeculare
1401 1209 1556 1248 condere,
1579 1214 1633 1242 aut
1658 1211 1853 1253 consangui-

331 1268 467 1300 liberam
505 1264 694 1309 acquirendi
727 1269 759 1297 et
793 1263 936 1296 rationes
971 1273 1072 1306 super

331 1320 428 1353 bonis
455 1318 591 1352 instituti
617 1318 648 1350 in
667 1326 836 1351 commune
856 1315 984 1349 collatis
1008 1315 1072 1348 exi-

332 1373 438 1417 gendi,
466 1373 687 1414 defectusque,
716 1369 908 1413 interposita
932 1368 1072 1401 auctori-

332 1432 398 1459 tate
424 1428 481 1458 sua
506 1424 693 1463 ordinaria,
719 1422 904 1465 corrigendi
930 1427 1072 1465 potesta-

334 1485 399 1512 tem
420 1479 580 1511 habeant:
604 1477 748 1509 deseetus
765 1485 842 1508 vero
860 1486 876 1510 a
894 1473 1072 1518 superiori-

334 1532 394 1565 bus
420 1529 635 1575 praesidentis
654 1528 874 1562 subordinatis
894 1527 1069 1566 commissi,

336 1595 353 1618 a
367 1585 517 1628 praeside
532 1583 750 1625 corrigantur,
767 1582 976 1614 salvatamen
993 1585 1029 1612 ut
1042 1580 1072 1612 in

336 1637 519 1681 praemissis
548 1635 795 1669 ordinariorum
828 1633 1072 1673 iurisdietione·,

1089 1287 1092 1291 ,
1113 1263 1182 1295 nois
1207 1263 1273 1294 suis
1295 1263 1381 1294 bona
1405 1273 1461 1296 sua
1487 1263 1682 1305 temporalia
1699 1274 1736 1296 ex
1754 1263 1853 1297 bene-

1114 1315 1192 1347 fieiis
1228 1321 1260 1348 et
1297 1315 1515 1348 functionibus
1550 1315 1775 1354 ecclesiasticis
1815 1326 1854 1349 ae

1114 1369 1226 1402 officiis
1253 1369 1511 1412 quibuscumque
1535 1368 1773 1412 provenientia,
1791 1379 1851 1413 pro

1113 1432 1316 1465 quacumque
1355 1422 1522 1455 voluntate
1551 1422 1754 1455 voluntatem
1778 1422 1854 1456 ulti-

1115 1473 1219 1508 mam'
1233 1475 1428 1517 relinquere.
1448 1474 1525 1508 ldeo
1545 1482 1657 1508 omnes
1672 1480 1704 1507 et
1723 1474 1856 1517 singuli,

1114 1528 1370 1571 quibuscumque
1392 1527 1606 1570 dignitatibus
1626 1527 1855 1565 ecclesiasticis

1116 1591 1179 1613 non
1194 1580 1411 1618 obstantibus,
1426 1579 1624 1622 obligantur,
1639 1583 1684 1617 ut,
1702 1590 1857 1625 quocum-

1115 1644 1177 1676 que
1200 1633 1238 1666 de
1263 1632 1360 1666 rebus
1380 1632 1446 1665 suis
1464 1631 1663 1676 disponendi
1680 1632 1776 1666 modo
1793 1633 1857 1676 elem⁴

335 1696 372 1723 ut
395 1691 456 1722 hae
480 1689 605 1722 ratione
630 1698 689 1732 per
714 1688 858 1721 debitam
882 1697 995 1721 eorum
1020 1687 1075 1719 ad·
1092 1680 1096 1730 l
1116 1686 1189 1719 ricis
1224 1695 1380 1719 concesso
1406 1690 1437 1718 et
1472 1689 1655 1726 consueto,
1683 1684 1767 1717 bona
1799 1694 1858 1718 sua

336 1743 612 1776 ministrationem
643 1752 679 1774 ae
713 1740 991 1784 dispensationem
1021 1739 1076 1772 fiat
1094 1748 1097 1793 Ι
1114 1738 1281 1780 praedicta
1298 1737 1522 1781 superioribus
1546 1737 1643 1769 huins
1660 1736 1797 1769 instituti
1816 1737 1856 1770 ad

338 1796 427 1839 quod
452 1795 537 1827 iuxta
562 1794 773 1838 approbatam
808 1793 904 1826 liuius
935 1791 1075 1825 instituti

339 1848 607 1881 constitutionem
634 1846 701 1879 fieri
726 1847 810 1879 solet
838 1856 874 1878 ac
899 1845 1007 1878 debet.

382 1912 453 1934 xxx.
480 1901 524 1934 De
557 1900 704 1943 reliquo,
732 1909 805 1932 cum
830 1898 952 1941 singuli
979 1897 1077 1930 huius

341 1954 478 1987 instituti
492 1953 612 1993 elerici,
629 1953 743 1986 iutuitu
757 1951 995 1985 beneficiorum
1009 1961 1078 1984 suo-

341 2018 421 2048 rum,
439 2006 718 2040 reverendissimis
740 2005 880 2038 dominis
901 2004 1078 2037 Ordinariis

343 2071 380 2094 ea
405 2065 571 2097 proestare
598 2060 749 2095 debeant,
770 2068 807 2091 ae
838 2068 870 2091 re
896 2058 965 2100 ipsa
989 2067 1080 2100 prae-

343 2120 422 2148 stet}
461 2124 545 2158 quae
571 2112 624 2146 alii
647 2112 755 2145 cleriei
782 2117 872 2145 extra
898 2111 1080 2143 institutum

343 2168 497 2205 viventes,
525 2173 613 2199 iuxta
639 2166 795 2209 cuiusque
821 2164 984 2198 dioecesis
1005 2174 1082 2197 con-

344 2220 560 2258 suetudinem,
588 2219 706 2251 intuitu
739 2218 927 2251 eorumdem
959 2215 1082 2249 benesi-

346 2273 469 2305 ciorum
493 2277 660 2318 paestare
686 2271 821 2309 debent,
840 2271 939 2309 bona,
962 2268 1001 2302 ab
1022 2268 1083 2302 eis-

347 2325 420 2357 dem
447 2325 477 2357 in
503 2335 673 2358 eonunune
699 2324 737 2356 ad
771 2333 906 2356 massam
939 2332 1084 2356 eommu-

348 2388 421 2410 nem
460 2377 520 2409 iam
550 2379 684 2415 collata,
711 2377 774 2409 alio
818 2377 951 2419 insuper
984 2384 1083 2408 onere

349 2440 406 2463 seu
433 2430 599 2463 exactione
626 2430 788 2471 gravanda
813 2440 877 2461 non
903 2434 988 2467 sunt,
1013 2438 1083 2461 cum

350 2484 522 2527 aequitatis
552 2483 633 2516 ratio
659 2493 721 2515 non
754 2482 938 2526 permittat,
963 2486 997 2513 ut
1028 2479 1087 2513 ab⁹

387 2556 397 2580 1
423 2554 510 2580 Potius
531 2554 587 2585 lege
607 2553 752 2579 commissi
774 2552 952 2579 innotuerint
970 2553 1008 2585 (n.
1026 2551 1073 2585 T.).

386 2598 401 2625 ⁶2
423 2598 522 2625 Forsan
541 2598 571 2623 ob
589 2606 634 2632 l¹⁰
651 2598 685 2622 ιώ
704 2597 843 2632 lego-nilum
861 2596 955 2632 stiffi).

1118 1791 1298 1825 laudandas
1324 1791 1439 1825 domos
1465 1789 1653 1822 educandae
1678 1788 1857 1822 iuventutis

1118 1849 1150 1877 et
1174 1843 1384 1877 emeritorum
1417 1841 1625 1875 sacerdotum
1658 1840 1801 1886 aliosque
1826 1841 1858 1874 fi-

1119 1907 1175 1929 nes
1208 1895 1284 1928 huic
1315 1894 1458 1928 clericali
1491 1894 1641 1927 instituto
1669 1893 1855 1927 conlbrmes

1120 1948 1336 1993 dispensanda
1349 1947 1548 1991 relinquant,
1562 1957 1738 1987 memores,
1749 1946 1858 1980 omnia

1121 2012 1204 2046 quae
1228 2001 1456 2045 possederunt,
1477 2010 1550 2033 esse
1570 1999 1706 2043 propria
1729 1999 1859 2033 Domini

1120 2047 1229 2087 Nostri
1262 2053 1333 2086 lesu
1365 2052 1496 2093 Christi,
1522 2052 1555 2084 in
1580 2052 1672 2085 cuius
1698 2051 1857 2085 infinitam

1122 2107 1279 2150 gloriam,
1314 2105 1563 2149 profectumque
1589 2105 1769 2138 animarum
1794 2104 1863 2137 hoc*

1099 2159 1304 2193 'institutum
1329 2158 1416 2192 omni
1449 2163 1595 2202 tempore
1629 2168 1667 2191 ea
1693 2157 1859 2201 impensu·

1123 2222 1193 2246 rum
1225 2212 1283 2251 sit,
1309 2211 1457 2254 nihilque
1483 2210 1617 2254 aequius
1643 2219 1737 2251 esse,
1763 2219 1858 2253 quam

1125 2265 1253 2299 illorum
1271 2264 1367 2298 etiam
1383 2260 1553 2297 commoda
1573 2262 1704 2302 sentire,
1721 2271 1859 2305 quorum

1124 2329 1223 2353 onera
1249 2318 1280 2350 in
1305 2317 1369 2349 vita
1392 2322 1424 2349 et
1448 2321 1554 2349 morte
1579 2314 1813 2358 suscipiuntur.

1169 2381 1264 2406 xxxii.
1284 2368 1499 2404 Donationes³
1523 2367 1696 2407 ecclesiae,
1713 2365 1766 2399 cui
1786 2365 1859 2410 quis

1127 2424 1301 2465 deserviit,
1328 2424 1376 2457 vel
1413 2420 1623 2466 parentibus,
1649 2419 1803 2452 fratribus
1828 2414 1864 2451 et.⁴

1166 2506 1173 2530 t
1195 2504 1304 2530 Videtur
1318 2503 1414 2529 deesse
1429 2503 1567 2536 spectant,
1584 2499 1626 2526 vel
1641 2498 1727 2526 simile
1740 2499 1778 2530 (n.
1793 2496 1833 2531 τ.)

1163 2549 1179 2574 ⁵).
1196 2548 1293 2574 Forsan
1310 2547 1452 2581 niquitate
1467 2545 1611 2571 voluntate
1627 2542 1728 2569 ultima
1743 2541 1780 2576 (n.
1795 2540 1833 2573 τ.)

1165 2593 1179 2619 3
1196 2591 1294 2618 Forsan
1309 2590 1384 2616 deest
1400 2593 1425 2615 ct
1442 2590 1535 2622 leyala
1549 2591 1586 2621 (a.
1603 2586 1652 2619 τ.).

1845 206 1893 235 An.
1910 204 1928 234 c
1943 187 1947 189 ’
1963 205 2029 236 aasz
