<?xml version="1.0" encoding="UTF-8"?>
<!DOCTYPE html PUBLIC "-//W3C//DTD XHTML 1.0 Transitional//EN"
    "http://www.w3.org/TR/xhtml1/DTD/xhtml1-transitional.dtd">
<html xmlns="http://www.w3.org/1999/xhtml" xml:lang="en" lang="en">
 <head>
  <title>
</title>
<meta http-equiv="Content-Type" content="text/html;charset=utf-8" />
  <meta name='ocr-system' content='tesseract 3.04.00' />
  <meta name='ocr-capabilities' content='ocr_page ocr_carea ocr_par ocr_line ocrx_word'/>
</head>
<body>
  <div class='ocr_page' id='page_1' title='image "./bullarumdiplomat19cath_0440.png"; bbox 0 0 2111 3157; ppageno 0'>
   <div class='ocr_carea' id='block_1_1' title="bbox 204 223 500 259">
    <p class='ocr_par' dir='ltr' id='par_1_1' title="bbox 204 223 500 259">
     <span class='ocr_line' id='line_1_1' title="bbox 204 223 500 259; baseline -0.014 0"><span class='ocrx_word' id='word_1_1' title='bbox 204 232 254 259; x_wconf 74' lang='lat' dir='ltr'>An.</span> <span class='ocrx_word' id='word_1_2' title='bbox 275 231 304 259; x_wconf 86' lang='lat' dir='ltr'>c.</span> <span class='ocrx_word' id='word_1_3' title='bbox 324 232 386 259; x_wconf 76' lang='lat'>¹681</span> <span class='ocrx_word' id='word_1_4' title='bbox 436 223 500 256; x_wconf 70' lang='grc'>406</span> 
     </span>
    </p>
   </div>
   <div class='ocr_carea' id='block_1_2' title="bbox 392 278 1134 1375">
    <p class='ocr_par' dir='ltr' id='par_1_2' title="bbox 392 278 1134 1375">
     <span class='ocr_line' id='line_1_2' title="bbox 399 278 1133 323; baseline -0.005 -10"><span class='ocrx_word' id='word_1_5' title='bbox 399 281 582 323; x_wconf 74' lang='lat' dir='ltr'>satagebat:</span> <span class='ocrx_word' id='word_1_6' title='bbox 610 279 665 311; x_wconf 83' lang='lat' dir='ltr'>sed</span> <span class='ocrx_word' id='word_1_7' title='bbox 685 289 754 317; x_wconf 70' lang='lat'>1103,</span> <span class='ocrx_word' id='word_1_8' title='bbox 776 278 934 317; x_wconf 72' lang='lat' dir='ltr'>erunibus,</span> <span class='ocrx_word' id='word_1_9' title='bbox 957 288 1037 320; x_wconf 77' lang='lat' dir='ltr'>quac</span> <span class='ocrx_word' id='word_1_10' title='bbox 1066 278 1133 309; x_wconf 83' lang='lat' dir='ltr'>cius</span> 
     </span>
     <span class='ocr_line' id='line_1_3' title="bbox 399 331 1130 375; baseline -0.007 -9"><span class='ocrx_word' id='word_1_11' title='bbox 399 334 528 366; x_wconf 83' lang='lat' dir='ltr'>nomine</span> <span class='ocrx_word' id='word_1_12' title='bbox 561 343 658 375; x_wconf 76' lang='lat' dir='ltr'>super</span> <span class='ocrx_word' id='word_1_13' title='bbox 683 334 719 363; x_wconf 73' lang='lat' dir='ltr'>ea</span> <span class='ocrx_word' id='word_1_14' title='bbox 744 342 779 363; x_wconf 92' lang='lat' dir='ltr'>re</span> <span class='ocrx_word' id='word_1_15' title='bbox 813 331 949 363; x_wconf 86' lang='lat' dir='ltr'>deducta</span> <span class='ocrx_word' id='word_1_16' title='bbox 981 331 1130 370; x_wconf 76' lang='lat' dir='ltr'>fucrant,</span> 
     </span>
     <span class='ocr_line' id='line_1_4' title="bbox 399 383 1132 426; baseline -0.005 -8"><span class='ocrx_word' id='word_1_17' title='bbox 399 387 525 423; x_wconf 82' lang='lat' dir='ltr'>auditis,</span> <span class='ocrx_word' id='word_1_18' title='bbox 543 384 755 418; x_wconf 83' lang='lat' dir='ltr'>consideratis</span> <span class='ocrx_word' id='word_1_19' title='bbox 771 390 799 416; x_wconf 88' lang='lat' dir='ltr'>et</span> <span class='ocrx_word' id='word_1_20' title='bbox 813 389 935 415; x_wconf 82' lang='lat' dir='ltr'>mature</span> <span class='ocrx_word' id='word_1_21' title='bbox 951 383 1132 426; x_wconf 79' lang='lat' dir='ltr'>perpensis,</span> 
     </span>
     <span class='ocr_line' id='line_1_5' title="bbox 398 435 1134 479; baseline -0.004 -9"><span class='ocrx_word' id='word_1_22' title='bbox 398 439 453 471; x_wconf 91' lang='lat' dir='ltr'>illa</span> <span class='ocrx_word' id='word_1_23' title='bbox 479 437 584 469; x_wconf 90' lang='lat' dir='ltr'>omnia</span> <span class='ocrx_word' id='word_1_24' title='bbox 610 442 638 469; x_wconf 86' lang='lat' dir='ltr'>et</span> <span class='ocrx_word' id='word_1_25' title='bbox 664 437 790 479; x_wconf 77' lang='lat' dir='ltr'>singula</span> <span class='ocrx_word' id='word_1_26' title='bbox 815 435 1031 473; x_wconf 75' lang='lat' dir='ltr'>irrelevantia,</span> <span class='ocrx_word' id='word_1_27' title='bbox 1062 437 1134 468; x_wconf 90' lang='lat' dir='ltr'>nul-</span> 
     </span>
     <span class='ocr_line' id='line_1_6' title="bbox 399 488 1131 533; baseline -0.005 -10"><span class='ocrx_word' id='word_1_28' title='bbox 399 491 525 533; x_wconf 88' lang='lat' dir='ltr'>liusque</span> <span class='ocrx_word' id='word_1_29' title='bbox 559 489 713 533; x_wconf 87' lang='lat' dir='ltr'>ponderis</span> <span class='ocrx_word' id='word_1_30' title='bbox 747 499 816 521; x_wconf 83' lang='lat' dir='ltr'>esse</span> <span class='ocrx_word' id='word_1_31' title='bbox 841 488 1131 527; x_wconf 75' lang='lat' dir='ltr'>iudicavissemus‚</span> 
     </span>
     <span class='ocr_line' id='line_1_7' title="bbox 397 542 1132 586; baseline -0.003 -10"><span class='ocrx_word' id='word_1_32' title='bbox 397 554 432 576; x_wconf 90' lang='lat' dir='ltr'>ac</span> <span class='ocrx_word' id='word_1_33' title='bbox 455 543 592 586; x_wconf 76' lang='lat' dir='ltr'>proinde</span> <span class='ocrx_word' id='word_1_34' title='bbox 617 542 649 574; x_wconf 90' lang='lat' dir='ltr'>in</span> <span class='ocrx_word' id='word_1_35' title='bbox 674 542 776 584; x_wconf 90' lang='lat' dir='ltr'>priori</span> <span class='ocrx_word' id='word_1_36' title='bbox 795 542 957 581; x_wconf 88' lang='lat' dir='ltr'>mandato,</span> <span class='ocrx_word' id='word_1_37' title='bbox 976 552 1040 584; x_wconf 87' lang='lat' dir='ltr'>quo</span> <span class='ocrx_word' id='word_1_38' title='bbox 1058 552 1132 584; x_wconf 87' lang='lat' dir='ltr'>pro-</span> 
     </span>
     <span class='ocr_line' id='line_1_8' title="bbox 397 594 1132 638; baseline -0.003 -10"><span class='ocrx_word' id='word_1_39' title='bbox 397 606 503 628; x_wconf 82' lang='lat' dir='ltr'>cessus</span> <span class='ocrx_word' id='word_1_40' title='bbox 528 595 711 638; x_wconf 79' lang='lat' dir='ltr'>praedictos</span> <span class='ocrx_word' id='word_1_41' title='bbox 729 594 900 626; x_wconf 69' lang='lat' dir='ltr'>transmitti</span> <span class='ocrx_word' id='word_1_42' title='bbox 918 605 1132 637; x_wconf 84' lang='lat' dir='ltr'>praecepera-</span> 
     </span>
     <span class='ocr_line' id='line_1_9' title="bbox 397 646 1132 691; baseline -0.003 -11"><span class='ocrx_word' id='word_1_43' title='bbox 397 659 476 686; x_wconf 89' lang='lat' dir='ltr'>mus,</span> <span class='ocrx_word' id='word_1_44' title='bbox 503 647 760 691; x_wconf 84' lang='lat' dir='ltr'>perstitisscmus,</span> <span class='ocrx_word' id='word_1_45' title='bbox 780 646 924 689; x_wconf 81' lang='lat' dir='ltr'>quinimo</span> <span class='ocrx_word' id='word_1_46' title='bbox 949 646 1008 689; x_wconf 90' lang='lat' dir='ltr'>ipsi</span> <span class='ocrx_word' id='word_1_47' title='bbox 1035 657 1132 689; x_wconf 89' lang='lat' dir='ltr'>super</span> 
     </span>
     <span class='ocr_line' id='line_1_10' title="bbox 397 699 1132 733; baseline -0.003 -1"><span class='ocrx_word' id='word_1_48' title='bbox 397 703 433 733; x_wconf 73' lang='lat' dir='ltr'>ea</span> <span class='ocrx_word' id='word_1_49' title='bbox 451 710 485 732; x_wconf 88' lang='lat' dir='ltr'>re</span> <span class='ocrx_word' id='word_1_50' title='bbox 504 711 575 732; x_wconf 90' lang='lat' dir='ltr'>cum</span> <span class='ocrx_word' id='word_1_51' title='bbox 593 699 771 732; x_wconf 79' lang='lat' dir='ltr'>venerabili</span> <span class='ocrx_word' id='word_1_52' title='bbox 798 699 891 731; x_wconf 87' lang='lat' dir='ltr'>etiam</span> <span class='ocrx_word' id='word_1_53' title='bbox 913 700 1009 731; x_wconf 84' lang='lat' dir='ltr'>fratrc</span> <span class='ocrx_word' id='word_1_54' title='bbox 1027 699 1132 731; x_wconf 90' lang='lat' dir='ltr'>Ludo-</span> 
     </span>
     <span class='ocr_line' id='line_1_11' title="bbox 396 751 1131 796; baseline -0.004 -10"><span class='ocrx_word' id='word_1_55' title='bbox 396 754 467 786; x_wconf 81' lang='lat' dir='ltr'>vico</span> <span class='ocrx_word' id='word_1_56' title='bbox 494 752 739 796; x_wconf 78' lang='lat' dir='ltr'>archiepiscopo</span> <span class='ocrx_word' id='word_1_57' title='bbox 766 752 976 784; x_wconf 86' lang='lat' dir='ltr'>Bracharensi</span> <span class='ocrx_word' id='word_1_58' title='bbox 997 762 1057 794; x_wconf 89' lang='lat' dir='ltr'>pro</span> <span class='ocrx_word' id='word_1_59' title='bbox 1086 751 1131 784; x_wconf 92' lang='lat' dir='ltr'>di-</span> 
     </span>
     <span class='ocr_line' id='line_1_12' title="bbox 396 804 1129 838; baseline -0.003 -1"><span class='ocrx_word' id='word_1_60' title='bbox 396 805 571 838; x_wconf 89' lang='lat' dir='ltr'>lectissimo</span> <span class='ocrx_word' id='word_1_61' title='bbox 595 805 626 837; x_wconf 89' lang='lat' dir='ltr'>in</span> <span class='ocrx_word' id='word_1_62' title='bbox 654 805 782 837; x_wconf 85' lang='lat' dir='ltr'>Christo</span> <span class='ocrx_word' id='word_1_63' title='bbox 807 804 873 836; x_wconf 80' lang='lat' dir='ltr'>filio</span> <span class='ocrx_word' id='word_1_64' title='bbox 899 809 1010 836; x_wconf 88' lang='lat' dir='ltr'>nostro</span> <span class='ocrx_word' id='word_1_65' title='bbox 1035 804 1129 835; x_wconf 87' lang='lat' dir='ltr'>Petro</span> 
     </span>
     <span class='ocr_line' id='line_1_13' title="bbox 395 856 1131 901; baseline -0.004 -11"><span class='ocrx_word' id='word_1_66' title='bbox 395 857 543 901; x_wconf 78' lang='lat' dir='ltr'>principe</span> <span class='ocrx_word' id='word_1_67' title='bbox 560 857 777 899; x_wconf 78' lang='lat' dir='ltr'>Portugalliae</span> <span class='ocrx_word' id='word_1_68' title='bbox 796 862 828 888; x_wconf 90' lang='lat' dir='ltr'>et</span> <span class='ocrx_word' id='word_1_69' title='bbox 842 856 1063 898; x_wconf 77' lang='lat' dir='ltr'>Algarbiorurn</span> <span class='ocrx_word' id='word_1_70' title='bbox 1082 867 1131 888; x_wconf 90' lang='lat' dir='ltr'>re-</span> 
     </span>
     <span class='ocr_line' id='line_1_14' title="bbox 395 909 1128 953; baseline -0.004 -10"><span class='ocrx_word' id='word_1_71' title='bbox 395 921 532 953; x_wconf 82' lang='lat' dir='ltr'>gnorum</span> <span class='ocrx_word' id='word_1_72' title='bbox 552 909 788 953; x_wconf 85' lang='lat' dir='ltr'>praedictorum</span> <span class='ocrx_word' id='word_1_73' title='bbox 807 909 1020 951; x_wconf 73' lang='lat' dir='ltr'>gubernatore</span> <span class='ocrx_word' id='word_1_74' title='bbox 1046 909 1128 951; x_wconf 90' lang='lat' dir='ltr'>apud</span> 
     </span>
     <span class='ocr_line' id='line_1_15' title="bbox 395 962 1130 1005; baseline -0.003 -10"><span class='ocrx_word' id='word_1_75' title='bbox 395 974 454 995; x_wconf 89' lang='lat' dir='ltr'>nos</span> <span class='ocrx_word' id='word_1_76' title='bbox 480 968 512 996; x_wconf 87' lang='lat' dir='ltr'>et</span> <span class='ocrx_word' id='word_1_77' title='bbox 535 963 651 996; x_wconf 87' lang='lat' dir='ltr'>Sedem</span> <span class='ocrx_word' id='word_1_78' title='bbox 678 962 875 1005; x_wconf 74' lang='lat' dir='ltr'>praedictam</span> <span class='ocrx_word' id='word_1_79' title='bbox 901 967 1030 994; x_wconf 87' lang='lat' dir='ltr'>oratore</span> <span class='ocrx_word' id='word_1_80' title='bbox 1058 963 1130 1005; x_wconf 92' lang='lat' dir='ltr'>plu-</span> 
     </span>
     <span class='ocr_line' id='line_1_16' title="bbox 395 1015 1129 1058; baseline -0.001 -10"><span class='ocrx_word' id='word_1_81' title='bbox 395 1016 459 1049; x_wconf 89' lang='lat' dir='ltr'>ries</span> <span class='ocrx_word' id='word_1_82' title='bbox 492 1016 693 1058; x_wconf 71' lang='lat' dir='ltr'>egissemus,</span> <span class='ocrx_word' id='word_1_83' title='bbox 725 1015 871 1058; x_wconf 85' lang='lat' dir='ltr'>haecque</span> <span class='ocrx_word' id='word_1_84' title='bbox 903 1015 997 1047; x_wconf 75' lang='lat' dir='ltr'>enixa</span> <span class='ocrx_word' id='word_1_85' title='bbox 1022 1020 1129 1047; x_wconf 86' lang='lat' dir='ltr'>nostra</span> 
     </span>
     <span class='ocr_line' id='line_1_17' title="bbox 393 1068 1130 1110; baseline -0.001 -10"><span class='ocrx_word' id='word_1_86' title='bbox 393 1070 541 1101; x_wconf 82' lang='lat' dir='ltr'>voluutas</span> <span class='ocrx_word' id='word_1_87' title='bbox 567 1073 629 1100; x_wconf 87' lang='lat' dir='ltr'>tam</span> <span class='ocrx_word' id='word_1_88' title='bbox 656 1068 740 1100; x_wconf 86' lang='lat' dir='ltr'>dicto</span> <span class='ocrx_word' id='word_1_89' title='bbox 759 1068 852 1100; x_wconf 85' lang='lat' dir='ltr'>Petro</span> <span class='ocrx_word' id='word_1_90' title='bbox 873 1068 1011 1110; x_wconf 81' lang='lat' dir='ltr'>principi</span> <span class='ocrx_word' id='word_1_91' title='bbox 1030 1073 1061 1100; x_wconf 88' lang='lat' dir='ltr'>et.</span> <span class='ocrx_word' id='word_1_92' title='bbox 1078 1079 1130 1110; x_wconf 78' lang='lat' dir='ltr'>gu-</span> 
     </span>
     <span class='ocr_line' id='line_1_18' title="bbox 392 1121 1125 1164; baseline -0.001 -10"><span class='ocrx_word' id='word_1_93' title='bbox 392 1122 576 1161; x_wconf 84' lang='lat' dir='ltr'>bernatori,</span> <span class='ocrx_word' id='word_1_94' title='bbox 611 1132 706 1164; x_wconf 86' lang='lat' dir='ltr'>quam</span> <span class='ocrx_word' id='word_1_95' title='bbox 732 1121 898 1164; x_wconf 88' lang='lat' dir='ltr'>praedicto</span> <span class='ocrx_word' id='word_1_96' title='bbox 930 1121 1125 1161; x_wconf 75' lang='lat' dir='ltr'>Yerissimo,</span> 
     </span>
     <span class='ocr_line' id='line_1_19' title="bbox 393 1173 1129 1216; baseline 0 -10"><span class='ocrx_word' id='word_1_97' title='bbox 393 1175 662 1216; x_wconf 83' lang='lat' dir='ltr'>archiepiscopo,</span> <span class='ocrx_word' id='word_1_98' title='bbox 689 1173 874 1216; x_wconf 68' lang='lat' dir='ltr'>inquisitori</span> <span class='ocrx_word' id='word_1_99' title='bbox 907 1174 1070 1216; x_wconf 79' lang='lat' dir='ltr'>generali,</span> <span class='ocrx_word' id='word_1_100' title='bbox 1098 1179 1129 1207; x_wconf 90' lang='lat' dir='ltr'>et</span> 
     </span>
     <span class='ocr_line' id='line_1_20' title="bbox 393 1226 1129 1269; baseline 0 -10"><span class='ocrx_word' id='word_1_101' title='bbox 393 1228 560 1260; x_wconf 90' lang='lat' dir='ltr'>nonnullis</span> <span class='ocrx_word' id='word_1_102' title='bbox 580 1227 688 1269; x_wconf 77' lang='lat' dir='ltr'>regiae</span> <span class='ocrx_word' id='word_1_103' title='bbox 703 1237 842 1259; x_wconf 85' lang='lat' dir='ltr'>coronae</span> <span class='ocrx_word' id='word_1_104' title='bbox 857 1226 1057 1259; x_wconf 89' lang='lat' dir='ltr'>Lusitanicae</span> <span class='ocrx_word' id='word_1_105' title='bbox 1079 1228 1129 1259; x_wconf 83' lang='lat' dir='ltr'>ad-</span> 
     </span>
     <span class='ocr_line' id='line_1_21' title="bbox 392 1279 1128 1322; baseline -0.001 -10"><span class='ocrx_word' id='word_1_106' title='bbox 392 1279 547 1312; x_wconf 73' lang='lat' dir='ltr'>ministris</span> <span class='ocrx_word' id='word_1_107' title='bbox 572 1280 660 1312; x_wconf 85' lang='lat' dir='ltr'>iussu</span> <span class='ocrx_word' id='word_1_108' title='bbox 689 1284 800 1312; x_wconf 86' lang='lat' dir='ltr'>nostro</span> <span class='ocrx_word' id='word_1_109' title='bbox 826 1290 884 1322; x_wconf 88' lang='lat' dir='ltr'>per</span> <span class='ocrx_word' id='word_1_110' title='bbox 908 1280 1128 1322; x_wconf 89' lang='lat' dir='ltr'>supradictum</span> 
     </span>
     <span class='ocr_line' id='line_1_22' title="bbox 392 1332 1126 1375; baseline -0.001 -11"><span class='ocrx_word' id='word_1_111' title='bbox 392 1332 579 1365; x_wconf 86' lang='lat' dir='ltr'>Marcellum</span> <span class='ocrx_word' id='word_1_112' title='bbox 612 1332 893 1375; x_wconf 88' lang='lat' dir='ltr'>archiepiscopum</span> <span class='ocrx_word' id='word_1_113' title='bbox 920 1337 951 1364; x_wconf 90' lang='lat' dir='ltr'>et</span> <span class='ocrx_word' id='word_1_114' title='bbox 976 1332 1126 1364; x_wconf 90' lang='lat' dir='ltr'>nuncium</span> 
     </span>
    </p>
   </div>
   <div class='ocr_carea' id='block_1_3' title="bbox 393 1384 1150 1428">
    <p class='ocr_par' dir='ltr' id='par_1_3' title="bbox 393 1384 1150 1428">
     <span class='ocr_line' id='line_1_23' title="bbox 393 1384 1150 1428; baseline -0.003 -11"><span class='ocrx_word' id='word_1_115' title='bbox 393 1391 540 1417; x_wconf 89' lang='lat' dir='ltr'>nostrum</span> <span class='ocrx_word' id='word_1_116' title='bbox 564 1385 687 1428; x_wconf 84' lang='lat' dir='ltr'>pluries</span> <span class='ocrx_word' id='word_1_117' title='bbox 710 1395 839 1428; x_wconf 90' lang='lat' dir='ltr'>quoque</span> <span class='ocrx_word' id='word_1_118' title='bbox 857 1384 1036 1427; x_wconf 74' lang='lat' dir='ltr'>significata</span> <span class='ocrx_word' id='word_1_119' title='bbox 1052 1385 1130 1417; x_wconf 76' lang='lat' dir='ltr'>exti-</span> <span class='ocrx_word' id='word_1_120' title='bbox 1148 1406 1150 1423; x_wconf 83' lang='lat'>:</span> 
     </span>
    </p>
   </div>
   <div class='ocr_carea' id='block_1_4' title="bbox 392 1437 1128 1587">
    <p class='ocr_par' dir='ltr' id='par_1_4' title="bbox 392 1437 1128 1587">
     <span class='ocr_line' id='line_1_24' title="bbox 393 1437 1128 1480; baseline 0 -11"><span class='ocrx_word' id='word_1_121' title='bbox 393 1438 495 1477; x_wconf 78' lang='lat' dir='ltr'>tisset,</span> <span class='ocrx_word' id='word_1_122' title='bbox 515 1448 574 1470; x_wconf 85' lang='lat' dir='ltr'>nec</span> <span class='ocrx_word' id='word_1_123' title='bbox 599 1443 704 1470; x_wconf 85' lang='lat' dir='ltr'>tamen</span> <span class='ocrx_word' id='word_1_124' title='bbox 722 1437 923 1480; x_wconf 84' lang='lat' dir='ltr'>aequissimis</span> <span class='ocrx_word' id='word_1_125' title='bbox 945 1437 1128 1480; x_wconf 70' lang='lat' dir='ltr'>praeceptis</span> 
     </span>
     <span class='ocr_line' id='line_1_25' title="bbox 393 1490 1128 1523; baseline -0.001 0"><span class='ocrx_word' id='word_1_126' title='bbox 393 1496 423 1523; x_wconf 89' lang='lat' dir='ltr'>et</span> <span class='ocrx_word' id='word_1_127' title='bbox 440 1491 598 1523; x_wconf 85' lang='lat' dir='ltr'>mandatis</span> <span class='ocrx_word' id='word_1_128' title='bbox 617 1491 737 1523; x_wconf 90' lang='lat' dir='ltr'>nostris</span> <span class='ocrx_word' id='word_1_129' title='bbox 763 1490 949 1523; x_wconf 89' lang='lat' dir='ltr'>huiusmodi</span> <span class='ocrx_word' id='word_1_130' title='bbox 972 1491 1128 1523; x_wconf 86' lang='lat' dir='ltr'>hactenus</span> 
     </span>
     <span class='ocr_line' id='line_1_26' title="bbox 392 1543 1126 1587; baseline 0 -12"><span class='ocrx_word' id='word_1_131' title='bbox 392 1544 529 1586; x_wconf 86' lang='lat' dir='ltr'>paritum</span> <span class='ocrx_word' id='word_1_132' title='bbox 543 1543 662 1583; x_wconf 81' lang='lat' dir='ltr'>suisset,</span> <span class='ocrx_word' id='word_1_133' title='bbox 674 1554 734 1576; x_wconf 85' lang='lat' dir='ltr'>nec</span> <span class='ocrx_word' id='word_1_134' title='bbox 746 1544 851 1576; x_wconf 88' lang='lat' dir='ltr'>adhuc</span> <span class='ocrx_word' id='word_1_135' title='bbox 863 1550 1046 1587; x_wconf 86' lang='lat' dir='ltr'>pareretur:</span> <span class='ocrx_word' id='word_1_136' title='bbox 1059 1554 1126 1583; x_wconf 86' lang='lat' dir='ltr'>uos,</span> 
     </span>
    </p>
   </div>
   <div class='ocr_carea' id='block_1_5' title="bbox 392 1596 1149 1639">
    <p class='ocr_par' dir='ltr' id='par_1_5' title="bbox 392 1596 1149 1639">
     <span class='ocr_line' id='line_1_27' title="bbox 392 1596 1149 1639; baseline -0.003 -10"><span class='ocrx_word' id='word_1_137' title='bbox 392 1596 551 1629; x_wconf 81' lang='lat' dir='ltr'>eiusmodi</span> <span class='ocrx_word' id='word_1_138' title='bbox 574 1596 820 1634; x_wconf 74' lang='lat' dir='ltr'>contumaciam,</span> <span class='ocrx_word' id='word_1_139' title='bbox 839 1607 920 1639; x_wconf 88' lang='lat' dir='ltr'>quae</span> <span class='ocrx_word' id='word_1_140' title='bbox 942 1607 1007 1629; x_wconf 88' lang='lat' dir='ltr'>non</span> <span class='ocrx_word' id='word_1_141' title='bbox 1025 1596 1129 1628; x_wconf 89' lang='lat' dir='ltr'>minus</span> <span class='ocrx_word' id='word_1_142' title='bbox 1148 1614 1149 1618; x_wconf 68' lang='lat'><em>=</em></span> 
     </span>
    </p>
   </div>
   <div class='ocr_carea' id='block_1_6' title="bbox 383 1648 1129 2645">
    <p class='ocr_par' dir='ltr' id='par_1_6' title="bbox 383 1648 1129 2645">
     <span class='ocr_line' id='line_1_28' title="bbox 391 1648 1128 1682; baseline 0 -1"><span class='ocrx_word' id='word_1_143' title='bbox 391 1648 423 1681; x_wconf 87' lang='lat' dir='ltr'>in</span> <span class='ocrx_word' id='word_1_144' title='bbox 450 1654 593 1682; x_wconf 87' lang='lat' dir='ltr'>nostrum</span> <span class='ocrx_word' id='word_1_145' title='bbox 620 1654 651 1682; x_wconf 92' lang='lat' dir='ltr'>et</span> <span class='ocrx_word' id='word_1_146' title='bbox 675 1649 771 1681; x_wconf 90' lang='lat' dir='ltr'>huius</span> <span class='ocrx_word' id='word_1_147' title='bbox 793 1656 921 1682; x_wconf 89' lang='lat' dir='ltr'>sanctae</span> <span class='ocrx_word' id='word_1_148' title='bbox 942 1649 1032 1682; x_wconf 87' lang='lat' dir='ltr'>Sedis</span> <span class='ocrx_word' id='word_1_149' title='bbox 1053 1659 1128 1681; x_wconf 89' lang='lat' dir='ltr'>con-</span> 
     </span>
     <span class='ocr_line' id='line_1_29' title="bbox 391 1702 1128 1744; baseline 0.001 -11"><span class='ocrx_word' id='word_1_150' title='bbox 391 1706 555 1744; x_wconf 84' lang='lat' dir='ltr'>temptum,</span> <span class='ocrx_word' id='word_1_151' title='bbox 582 1712 679 1744; x_wconf 89' lang='lat' dir='ltr'>quam</span> <span class='ocrx_word' id='word_1_152' title='bbox 704 1702 736 1734; x_wconf 89' lang='lat' dir='ltr'>in</span> <span class='ocrx_word' id='word_1_153' title='bbox 765 1702 903 1734; x_wconf 87' lang='lat' dir='ltr'>iustitiae</span> <span class='ocrx_word' id='word_1_154' title='bbox 936 1707 967 1734; x_wconf 89' lang='lat' dir='ltr'>et</span> <span class='ocrx_word' id='word_1_155' title='bbox 995 1702 1128 1741; x_wconf 82' lang='lat' dir='ltr'>ordinis,</span> 
     </span>
     <span class='ocr_line' id='line_1_30' title="bbox 391 1754 1129 1796; baseline 0.003 -11"><span class='ocrx_word' id='word_1_156' title='bbox 391 1764 487 1796; x_wconf 87' lang='lat' dir='ltr'>quem</span> <span class='ocrx_word' id='word_1_157' title='bbox 519 1754 551 1786; x_wconf 95' lang='lat' dir='ltr'>in</span> <span class='ocrx_word' id='word_1_158' title='bbox 577 1757 687 1787; x_wconf 73' lang='lat' dir='ltr'>sancta</span> <span class='ocrx_word' id='word_1_159' title='bbox 712 1757 767 1787; x_wconf 73' lang='lat' dir='ltr'>sua</span> <span class='ocrx_word' id='word_1_160' title='bbox 791 1755 935 1788; x_wconf 75' lang='lat' dir='ltr'>Ecclesia</span> <span class='ocrx_word' id='word_1_161' title='bbox 959 1756 1129 1788; x_wconf 88' lang='lat' dir='ltr'>constituit</span> 
     </span>
     <span class='ocr_line' id='line_1_31' title="bbox 390 1806 1128 1851; baseline 0.003 -12"><span class='ocrx_word' id='word_1_162' title='bbox 390 1806 483 1848; x_wconf 88' lang='lat' dir='ltr'>Deus,</span> <span class='ocrx_word' id='word_1_163' title='bbox 502 1807 748 1840; x_wconf 70' lang='lat' dir='ltr'>subversionem</span> <span class='ocrx_word' id='word_1_164' title='bbox 767 1809 902 1841; x_wconf 87' lang='lat' dir='ltr'>tendere</span> <span class='ocrx_word' id='word_1_165' title='bbox 917 1809 1128 1851; x_wconf 81' lang='lat' dir='ltr'>dignosceba-</span> 
     </span>
     <span class='ocr_line' id='line_1_32' title="bbox 393 1860 1126 1904; baseline 0.007 -14"><span class='ocrx_word' id='word_1_166' title='bbox 393 1862 452 1899; x_wconf 85' lang='lat' dir='ltr'>tur,</span> <span class='ocrx_word' id='word_1_167' title='bbox 475 1860 667 1902; x_wconf 75' lang='lat' dir='ltr'>opportunis·</span> <span class='ocrx_word' id='word_1_168' title='bbox 692 1860 869 1893; x_wconf 87' lang='lat' dir='ltr'>rationibus</span> <span class='ocrx_word' id='word_1_169' title='bbox 899 1871 1126 1904; x_wconf 80' lang='lat' dir='ltr'>compescere,</span> 
     </span>
     <span class='ocr_line' id='line_1_33' title="bbox 391 1911 1128 1957; baseline 0.004 -13"><span class='ocrx_word' id='word_1_170' title='bbox 391 1911 599 1955; x_wconf 78' lang='lat' dir='ltr'>debitamque</span> <span class='ocrx_word' id='word_1_171' title='bbox 620 1914 736 1945; x_wconf 88' lang='lat' dir='ltr'>nostris</span> <span class='ocrx_word' id='word_1_172' title='bbox 765 1918 796 1946; x_wconf 90' lang='lat' dir='ltr'>et</span> <span class='ocrx_word' id='word_1_173' title='bbox 817 1914 1019 1957; x_wconf 83' lang='lat' dir='ltr'>Apostolicae</span> <span class='ocrx_word' id='word_1_174' title='bbox 1037 1915 1128 1947; x_wconf 84' lang='lat' dir='ltr'>Sedis</span> 
     </span>
     <span class='ocr_line' id='line_1_34' title="bbox 391 1965 1127 2011; baseline 0.004 -14"><span class='ocrx_word' id='word_1_175' title='bbox 391 1965 550 1997; x_wconf 90' lang='lat' dir='ltr'>mandatis</span> <span class='ocrx_word' id='word_1_176' title='bbox 575 1965 793 1999; x_wconf 84' lang='lat' dir='ltr'>obedientiam</span> <span class='ocrx_word' id='word_1_177' title='bbox 819 1967 952 2000; x_wconf 87' lang='lat' dir='ltr'>omnino</span> <span class='ocrx_word' id='word_1_178' title='bbox 969 1968 1127 2011; x_wconf 87' lang='lat' dir='ltr'>praestari</span> 
     </span>
     <span class='ocr_line' id='line_1_35' title="bbox 392 2020 1127 2062; baseline 0.004 -11"><span class='ocrx_word' id='word_1_179' title='bbox 392 2020 555 2059; x_wconf 78' lang='lat' dir='ltr'>volentes,</span> <span class='ocrx_word' id='word_1_180' title='bbox 584 2029 643 2062; x_wconf 88' lang='lat' dir='ltr'>per</span> <span class='ocrx_word' id='word_1_181' title='bbox 668 2020 745 2053; x_wconf 85' lang='lat' dir='ltr'>alias</span> <span class='ocrx_word' id='word_1_182' title='bbox 769 2026 897 2054; x_wconf 86' lang='lat' dir='ltr'>nostras</span> <span class='ocrx_word' id='word_1_183' title='bbox 923 2021 1072 2054; x_wconf 87' lang='lat' dir='ltr'>similiter</span> <span class='ocrx_word' id='word_1_184' title='bbox 1095 2022 1127 2054; x_wconf 94' lang='lat' dir='ltr'>in</span> 
     </span>
     <span class='ocr_line' id='line_1_36' title="bbox 395 2073 1127 2109; baseline 0.007 -5"><span class='ocrx_word' id='word_1_185' title='bbox 395 2073 496 2105; x_wconf 75' lang='lat' dir='ltr'>forma</span> <span class='ocrx_word' id='word_1_186' title='bbox 520 2074 626 2106; x_wconf 75' lang='lat' dir='ltr'>Brevis</span> <span class='ocrx_word' id='word_1_187' title='bbox 658 2074 782 2106; x_wconf 83' lang='lat' dir='ltr'>litteras</span> <span class='ocrx_word' id='word_1_188' title='bbox 814 2074 865 2107; x_wconf 91' lang='lat' dir='ltr'>die</span> <span class='ocrx_word' id='word_1_189' title='bbox 898 2085 968 2108; x_wconf 78' lang='lat' dir='ltr'>xxiv</span> <span class='ocrx_word' id='word_1_190' title='bbox 1000 2075 1127 2109; x_wconf 82' lang='lat' dir='ltr'>decem-</span> 
     </span>
     <span class='ocr_line' id='line_1_37' title="bbox 394 2125 1126 2172; baseline 0.005 -15"><span class='ocrx_word' id='word_1_191' title='bbox 394 2125 460 2158; x_wconf 82' lang='lat' dir='ltr'>bris</span> <span class='ocrx_word' id='word_1_192' title='bbox 483 2136 664 2160; x_wconf 68' lang='lat' dir='ltr'>unccxxun</span> <span class='ocrx_word' id='word_1_193' title='bbox 690 2128 864 2170; x_wconf 72' lang='lat' dir='ltr'>expeditas,</span> <span class='ocrx_word' id='word_1_194' title='bbox 882 2134 969 2161; x_wconf 86' lang='lat' dir='ltr'>motu</span> <span class='ocrx_word' id='word_1_195' title='bbox 992 2129 1126 2172; x_wconf 90' lang='lat' dir='ltr'>proprio</span> 
     </span>
     <span class='ocr_line' id='line_1_38' title="bbox 395 2178 1128 2219; baseline 0.007 -10"><span class='ocrx_word' id='word_1_196' title='bbox 395 2187 430 2209; x_wconf 86' lang='lat' dir='ltr'>ac</span> <span class='ocrx_word' id='word_1_197' title='bbox 448 2188 483 2210; x_wconf 77' lang='lat' dir='ltr'>ex</span> <span class='ocrx_word' id='word_1_198' title='bbox 502 2181 588 2211; x_wconf 72' lang='lat' dir='ltr'>certa</span> <span class='ocrx_word' id='word_1_199' title='bbox 613 2178 757 2219; x_wconf 73' lang='lat' dir='ltr'>scientia,</span> <span class='ocrx_word' id='word_1_200' title='bbox 777 2184 805 2212; x_wconf 86' lang='lat' dir='ltr'>et</span> <span class='ocrx_word' id='word_1_201' title='bbox 825 2182 949 2213; x_wconf 73' lang='lat' dir='ltr'>matura</span> <span class='ocrx_word' id='word_1_202' title='bbox 966 2180 1128 2214; x_wconf 84' lang='lat' dir='ltr'>delibera-</span> 
     </span>
     <span class='ocr_line' id='line_1_39' title="bbox 398 2230 1129 2277; baseline 0.005 -15"><span class='ocrx_word' id='word_1_203' title='bbox 398 2230 481 2263; x_wconf 87' lang='lat' dir='ltr'>tione</span> <span class='ocrx_word' id='word_1_204' title='bbox 507 2232 637 2271; x_wconf 80' lang='lat' dir='ltr'>nostris,</span> <span class='ocrx_word' id='word_1_205' title='bbox 655 2232 760 2275; x_wconf 83' lang='lat' dir='ltr'>deque</span> <span class='ocrx_word' id='word_1_206' title='bbox 779 2233 976 2275; x_wconf 85' lang='lat' dir='ltr'>apostolicae</span> <span class='ocrx_word' id='word_1_207' title='bbox 993 2239 1129 2277; x_wconf 86' lang='lat' dir='ltr'>potesta-</span> 
     </span>
     <span class='ocr_line' id='line_1_40' title="bbox 396 2282 1129 2324; baseline 0.008 -12"><span class='ocrx_word' id='word_1_208' title='bbox 396 2282 435 2313; x_wconf 80' lang='lat' dir='ltr'>tis</span> <span class='ocrx_word' id='word_1_209' title='bbox 457 2283 674 2324; x_wconf 88' lang='lat' dir='ltr'>plenitudine,</span> <span class='ocrx_word' id='word_1_210' title='bbox 692 2290 870 2317; x_wconf 87' lang='lat' dir='ltr'>memorato</span> <span class='ocrx_word' id='word_1_211' title='bbox 888 2285 1062 2319; x_wconf 66' lang='lat' dir='ltr'>Verissimo</span> <span class='ocrx_word' id='word_1_212' title='bbox 1080 2295 1129 2318; x_wconf 89' lang='lat' dir='ltr'>ar-</span> 
     </span>
     <span class='ocr_line' id='line_1_41' title="bbox 397 2334 1127 2380; baseline 0.01 -15"><span class='ocrx_word' id='word_1_213' title='bbox 397 2334 605 2378; x_wconf 84' lang='lat' dir='ltr'>chiepiscopo</span> <span class='ocrx_word' id='word_1_214' title='bbox 618 2337 801 2380; x_wconf 80' lang='lat' dir='ltr'>inquisitori</span> <span class='ocrx_word' id='word_1_215' title='bbox 821 2338 964 2380; x_wconf 78' lang='lat' dir='ltr'>generali</span> <span class='ocrx_word' id='word_1_216' title='bbox 982 2338 1127 2372; x_wconf 82' lang='lat' dir='ltr'>districte</span> 
     </span>
     <span class='ocr_line' id='line_1_42' title="bbox 394 2387 1127 2433; baseline 0.01 -16"><span class='ocrx_word' id='word_1_217' title='bbox 394 2387 616 2429; x_wconf 87' lang='lat' dir='ltr'>praecepimus</span> <span class='ocrx_word' id='word_1_218' title='bbox 641 2395 669 2421; x_wconf 93' lang='lat' dir='ltr'>et</span> <span class='ocrx_word' id='word_1_219' title='bbox 695 2391 937 2433; x_wconf 81' lang='lat' dir='ltr'>mandavimus,</span> <span class='ocrx_word' id='word_1_220' title='bbox 962 2396 1016 2431; x_wconf 86' lang='lat' dir='ltr'>ut,</span> <span class='ocrx_word' id='word_1_221' title='bbox 1042 2391 1127 2424; x_wconf 85' lang='lat' dir='ltr'>intra</span> 
     </span>
     <span class='ocr_line' id='line_1_43' title="bbox 395 2439 1128 2486; baseline 0.012 -18"><span class='ocrx_word' id='word_1_222' title='bbox 395 2439 568 2472; x_wconf 88' lang='lat' dir='ltr'>terminum</span> <span class='ocrx_word' id='word_1_223' title='bbox 586 2441 696 2473; x_wconf 84' lang='lat' dir='ltr'>decem</span> <span class='ocrx_word' id='word_1_224' title='bbox 714 2442 837 2475; x_wconf 79' lang='lat' dir='ltr'>diertun</span> <span class='ocrx_word' id='word_1_225' title='bbox 856 2454 872 2475; x_wconf 93' lang='lat' dir='ltr'>a</span> <span class='ocrx_word' id='word_1_226' title='bbox 890 2443 954 2483; x_wconf 88' lang='lat' dir='ltr'>die,</span> <span class='ocrx_word' id='word_1_227' title='bbox 976 2454 1037 2486; x_wconf 89' lang='lat' dir='ltr'>quo</span> <span class='ocrx_word' id='word_1_228' title='bbox 1055 2454 1128 2477; x_wconf 81' lang='lat' dir='ltr'>eae-</span> 
     </span>
     <span class='ocr_line' id='line_1_44' title="bbox 395 2490 1126 2539; baseline 0.011 -18"><span class='ocrx_word' id='word_1_229' title='bbox 395 2490 466 2522; x_wconf 85' lang='lat' dir='ltr'>dem</span> <span class='ocrx_word' id='word_1_230' title='bbox 486 2491 609 2524; x_wconf 88' lang='lat' dir='ltr'>litterae</span> <span class='ocrx_word' id='word_1_231' title='bbox 628 2499 755 2527; x_wconf 82' lang='lat' dir='ltr'>nostrae</span> <span class='ocrx_word' id='word_1_232' title='bbox 774 2495 833 2538; x_wconf 79' lang='lat' dir='ltr'>ipsi</span> <span class='ocrx_word' id='word_1_233' title='bbox 852 2506 910 2539; x_wconf 87' lang='lat' dir='ltr'>per</span> <span class='ocrx_word' id='word_1_234' title='bbox 927 2496 1126 2539; x_wconf 87' lang='lat' dir='ltr'>praedictum</span> 
     </span>
     <span class='ocr_line' id='line_1_45' title="bbox 383 2542 1127 2591; baseline 0.007 -14"><span class='ocrx_word' id='word_1_235' title='bbox 383 2542 578 2577; x_wconf 76' lang='lat' dir='ltr'>,Marcellum</span> <span class='ocrx_word' id='word_1_236' title='bbox 611 2546 889 2591; x_wconf 86' lang='lat' dir='ltr'>archiepiscopum</span> <span class='ocrx_word' id='word_1_237' title='bbox 914 2555 945 2582; x_wconf 90' lang='lat' dir='ltr'>et</span> <span class='ocrx_word' id='word_1_238' title='bbox 974 2549 1127 2582; x_wconf 89' lang='lat' dir='ltr'>nuncium</span> 
     </span>
     <span class='ocr_line' id='line_1_46' title="bbox 384 2598 1124 2645; baseline 0.012 -18"><span class='ocrx_word' id='word_1_239' title='bbox 384 2599 618 2638; x_wconf 82' lang='lat' dir='ltr'>&#39;praesentatae</span> <span class='ocrx_word' id='word_1_240' title='bbox 651 2598 784 2633; x_wconf 84' lang='lat' dir='ltr'>fuissent</span> <span class='ocrx_word' id='word_1_241' title='bbox 806 2627 813 2640; x_wconf 91' lang='lat'>,</span> <span class='ocrx_word' id='word_1_242' title='bbox 846 2602 1124 2645; x_wconf 85' lang='lat' dir='ltr'>computandum,</span> 
     </span>
    </p>
   </div>
   <div class='ocr_carea' id='block_1_7' title="bbox 979 230 1336 253">
    <p class='ocr_par' dir='ltr' id='par_1_7' title="bbox 979 230 1336 253">
     <span class='ocr_line' id='line_1_47' title="bbox 979 230 1336 253; baseline 0 0"><span class='ocrx_word' id='word_1_243' title='bbox 979 230 1059 253; x_wconf 66' lang='lat' dir='ltr'>Dru</span> <span class='ocrx_word' id='word_1_244' title='bbox 1069 230 1161 253; x_wconf 60' lang='lat' dir='ltr'>mtt&#39;lt</span> <span class='ocrx_word' id='word_1_245' title='bbox 1184 230 1336 253; x_wconf 57' lang='lat' dir='ltr'>ROMANUM</span> 
     </span>
    </p>
   </div>
   <div class='ocr_carea' id='block_1_8' title="bbox 1153 277 1916 2649">
    <p class='ocr_par' dir='ltr' id='par_1_8' title="bbox 1153 277 1916 2649">
     <span class='ocr_line' id='line_1_48' title="bbox 1177 277 1916 321; baseline 0.003 -12"><span class='ocrx_word' id='word_1_246' title='bbox 1177 283 1315 320; x_wconf 86' lang='lat' dir='ltr'>quatuor</span> <span class='ocrx_word' id='word_1_247' title='bbox 1342 277 1390 310; x_wconf 90' lang='lat' dir='ltr'>vel</span> <span class='ocrx_word' id='word_1_248' title='bbox 1416 277 1560 320; x_wconf 85' lang='lat' dir='ltr'>quinque</span> <span class='ocrx_word' id='word_1_249' title='bbox 1580 287 1750 320; x_wconf 77' lang='lat' dir='ltr'>processus</span> <span class='ocrx_word' id='word_1_250' title='bbox 1776 277 1916 321; x_wconf 76' lang='lat' dir='ltr'>origina-</span> 
     </span>
     <span class='ocr_line' id='line_1_49' title="bbox 1177 330 1913 373; baseline 0.003 -11"><span class='ocrx_word' id='word_1_251' title='bbox 1177 331 1224 363; x_wconf 85' lang='lat' dir='ltr'>les</span> <span class='ocrx_word' id='word_1_252' title='bbox 1250 330 1281 362; x_wconf 88' lang='lat' dir='ltr'>in</span> <span class='ocrx_word' id='word_1_253' title='bbox 1309 330 1463 362; x_wconf 80' lang='lat' dir='ltr'>tribunali</span> <span class='ocrx_word' id='word_1_254' title='bbox 1489 331 1676 373; x_wconf 86' lang='lat' dir='ltr'>supradicto</span> <span class='ocrx_word' id='word_1_255' title='bbox 1701 336 1815 363; x_wconf 86' lang='lat' dir='ltr'>contra</span> <span class='ocrx_word' id='word_1_256' title='bbox 1839 342 1913 364; x_wconf 88' lang='lat' dir='ltr'>reos</span> 
     </span>
     <span class='ocr_line' id='line_1_50' title="bbox 1153 373 1911 426; baseline 0.003 -11"><span class='ocrx_word' id='word_1_257' title='bbox 1153 373 1214 415; x_wconf 58' lang='lat' dir='ltr'>³de</span> <span class='ocrx_word' id='word_1_258' title='bbox 1241 383 1400 416; x_wconf 90' lang='lat' dir='ltr'>iudaismo</span> <span class='ocrx_word' id='word_1_259' title='bbox 1426 383 1617 426; x_wconf 85' lang='lat' dir='ltr'>inquisitos,</span> <span class='ocrx_word' id='word_1_260' title='bbox 1647 394 1701 416; x_wconf 89' lang='lat' dir='ltr'>seu</span> <span class='ocrx_word' id='word_1_261' title='bbox 1727 389 1911 425; x_wconf 86' lang='lat' dir='ltr'>accusatos,</span> 
     </span>
     <span class='ocr_line' id='line_1_51' title="bbox 1175 436 1914 479; baseline 0.003 -12"><span class='ocrx_word' id='word_1_262' title='bbox 1175 437 1222 468; x_wconf 78' lang='lat' dir='ltr'>rel</span> <span class='ocrx_word' id='word_1_263' title='bbox 1242 436 1462 477; x_wconf 87' lang='lat' dir='ltr'>denunciatos,</span> <span class='ocrx_word' id='word_1_264' title='bbox 1482 436 1534 479; x_wconf 89' lang='lat' dir='ltr'>qui</span> <span class='ocrx_word' id='word_1_265' title='bbox 1556 436 1652 468; x_wconf 88' lang='lat' dir='ltr'>etiam</span> <span class='ocrx_word' id='word_1_266' title='bbox 1678 442 1838 479; x_wconf 79' lang='lat' dir='ltr'>tamquam</span> <span class='ocrx_word' id='word_1_267' title='bbox 1857 448 1914 469; x_wconf 90' lang='lat' dir='ltr'>ne-</span> 
     </span>
     <span class='ocr_line' id='line_1_52' title="bbox 1175 488 1912 531; baseline 0.003 -11"><span class='ocrx_word' id='word_1_268' title='bbox 1175 488 1271 530; x_wconf 78' lang='lat' dir='ltr'>gativi</span> <span class='ocrx_word' id='word_1_269' title='bbox 1290 488 1321 521; x_wconf 94' lang='lat' dir='ltr'>in</span> <span class='ocrx_word' id='word_1_270' title='bbox 1336 499 1476 531; x_wconf 86' lang='lat' dir='ltr'>poenam</span> <span class='ocrx_word' id='word_1_271' title='bbox 1495 489 1692 521; x_wconf 88' lang='lat' dir='ltr'>ordinariam</span> <span class='ocrx_word' id='word_1_272' title='bbox 1706 489 1912 523; x_wconf 86' lang='lat' dir='ltr'>condemnati</span> 
     </span>
     <span class='ocr_line' id='line_1_53' title="bbox 1176 540 1912 581; baseline 0.003 -9"><span class='ocrx_word' id='word_1_273' title='bbox 1176 541 1324 581; x_wconf 76' lang='lat' dir='ltr'>fuerant,</span> <span class='ocrx_word' id='word_1_274' title='bbox 1350 541 1411 574; x_wconf 86' lang='lat' dir='ltr'>iarn</span> <span class='ocrx_word' id='word_1_275' title='bbox 1446 540 1555 574; x_wconf 84' lang='lat' dir='ltr'>finitos</span> <span class='ocrx_word' id='word_1_276' title='bbox 1579 547 1610 574; x_wconf 87' lang='lat' dir='ltr'>et</span> <span class='ocrx_word' id='word_1_277' title='bbox 1641 541 1852 581; x_wconf 86' lang='lat' dir='ltr'>terminatos,</span> <span class='ocrx_word' id='word_1_278' title='bbox 1879 542 1912 574; x_wconf 91' lang='lat' dir='ltr'>in</span> 
     </span>
     <span class='ocr_line' id='line_1_54' title="bbox 1175 594 1910 638; baseline 0 -12"><span class='ocrx_word' id='word_1_279' title='bbox 1175 595 1321 626; x_wconf 88' lang='lat' dir='ltr'>manibus</span> <span class='ocrx_word' id='word_1_280' title='bbox 1342 594 1486 627; x_wconf 84' lang='lat' dir='ltr'>eiusdem</span> <span class='ocrx_word' id='word_1_281' title='bbox 1504 594 1643 627; x_wconf 84' lang='lat' dir='ltr'>Marcelli</span> <span class='ocrx_word' id='word_1_282' title='bbox 1661 594 1910 638; x_wconf 86' lang='lat' dir='ltr'>archiepiscopi,</span> 
     </span>
     <span class='ocr_line' id='line_1_55' title="bbox 1174 647 1912 680; baseline 0.001 -1"><span class='ocrx_word' id='word_1_283' title='bbox 1174 652 1205 679; x_wconf 90' lang='lat' dir='ltr'>et</span> <span class='ocrx_word' id='word_1_284' title='bbox 1228 647 1338 679; x_wconf 90' lang='lat' dir='ltr'>nuncii</span> <span class='ocrx_word' id='word_1_285' title='bbox 1361 648 1493 680; x_wconf 86' lang='lat' dir='ltr'>realiter</span> <span class='ocrx_word' id='word_1_286' title='bbox 1517 652 1548 680; x_wconf 90' lang='lat' dir='ltr'>et.</span> <span class='ocrx_word' id='word_1_287' title='bbox 1572 658 1644 680; x_wconf 90' lang='lat' dir='ltr'>cum</span> <span class='ocrx_word' id='word_1_288' title='bbox 1669 647 1781 680; x_wconf 78' lang='lat' dir='ltr'>effectu</span> <span class='ocrx_word' id='word_1_289' title='bbox 1807 647 1912 680; x_wconf 89' lang='lat' dir='ltr'>consi-</span> 
     </span>
     <span class='ocr_line' id='line_1_56' title="bbox 1174 700 1909 742; baseline 0 -10"><span class='ocrx_word' id='word_1_290' title='bbox 1174 710 1289 742; x_wconf 80' lang='lat' dir='ltr'>gnasse</span> <span class='ocrx_word' id='word_1_291' title='bbox 1325 704 1357 732; x_wconf 89' lang='lat' dir='ltr'>et</span> <span class='ocrx_word' id='word_1_292' title='bbox 1390 700 1561 733; x_wconf 85' lang='lat' dir='ltr'>tradidisse</span> <span class='ocrx_word' id='word_1_293' title='bbox 1598 700 1729 733; x_wconf 88' lang='lat' dir='ltr'>omnino</span> <span class='ocrx_word' id='word_1_294' title='bbox 1755 700 1909 740; x_wconf 87' lang='lat' dir='ltr'>deberet;</span> 
     </span>
     <span class='ocr_line' id='line_1_57' title="bbox 1173 752 1912 796; baseline 0 -11"><span class='ocrx_word' id='word_1_295' title='bbox 1173 752 1329 795; x_wconf 83' lang='lat' dir='ltr'>alioquin,</span> <span class='ocrx_word' id='word_1_296' title='bbox 1355 754 1467 796; x_wconf 88' lang='lat' dir='ltr'>elapso</span> <span class='ocrx_word' id='word_1_297' title='bbox 1493 752 1579 785; x_wconf 84' lang='lat' dir='ltr'>dicto</span> <span class='ocrx_word' id='word_1_298' title='bbox 1604 752 1757 793; x_wconf 88' lang='lat' dir='ltr'>termino,</span> <span class='ocrx_word' id='word_1_299' title='bbox 1783 763 1844 785; x_wconf 91' lang='lat' dir='ltr'>nec</span> <span class='ocrx_word' id='word_1_300' title='bbox 1861 763 1912 786; x_wconf 90' lang='lat' dir='ltr'>se—</span> 
     </span>
     <span class='ocr_line' id='line_1_58' title="bbox 1173 805 1909 849; baseline 0.001 -12"><span class='ocrx_word' id='word_1_301' title='bbox 1173 808 1246 837; x_wconf 80' lang='lat' dir='ltr'>cuta</span> <span class='ocrx_word' id='word_1_302' title='bbox 1271 805 1413 838; x_wconf 74' lang='lat' dir='ltr'>effectiva</span> <span class='ocrx_word' id='word_1_303' title='bbox 1430 805 1674 848; x_wconf 81' lang='lat' dir='ltr'>consignatione</span> <span class='ocrx_word' id='word_1_304' title='bbox 1694 815 1909 849; x_wconf 86' lang='lat' dir='ltr'>processuum</span> 
     </span>
     <span class='ocr_line' id='line_1_59' title="bbox 1174 858 1910 902; baseline 0.001 -12"><span class='ocrx_word' id='word_1_305' title='bbox 1174 859 1369 899; x_wconf 90' lang='lat' dir='ltr'>huiusmodi,</span> <span class='ocrx_word' id='word_1_306' title='bbox 1389 869 1427 891; x_wconf 87' lang='lat' dir='ltr'>eo</span> <span class='ocrx_word' id='word_1_307' title='bbox 1445 859 1515 902; x_wconf 87' lang='lat' dir='ltr'>ipso</span> <span class='ocrx_word' id='word_1_308' title='bbox 1539 864 1603 891; x_wconf 89' lang='lat' dir='ltr'>tam</span> <span class='ocrx_word' id='word_1_309' title='bbox 1629 858 1779 891; x_wconf 86' lang='lat' dir='ltr'>eumdem</span> <span class='ocrx_word' id='word_1_310' title='bbox 1804 858 1910 892; x_wconf 89' lang='lat' dir='ltr'>Veris—</span> 
     </span>
     <span class='ocr_line' id='line_1_60' title="bbox 1172 910 1910 954; baseline 0.001 -11"><span class='ocrx_word' id='word_1_311' title='bbox 1172 911 1286 944; x_wconf 87' lang='lat' dir='ltr'>simum</span> <span class='ocrx_word' id='word_1_312' title='bbox 1311 911 1594 954; x_wconf 77' lang='lat' dir='ltr'>arcluepiscopum</span> <span class='ocrx_word' id='word_1_313' title='bbox 1619 911 1657 944; x_wconf 85' lang='lat' dir='ltr'>ab</span> <span class='ocrx_word' id='word_1_314' title='bbox 1683 910 1789 944; x_wconf 86' lang='lat' dir='ltr'>officio</span> <span class='ocrx_word' id='word_1_315' title='bbox 1815 921 1910 953; x_wconf 86' lang='lat' dir='ltr'>gene-</span> 
     </span>
     <span class='ocr_line' id='line_1_61' title="bbox 1172 963 1909 1007; baseline 0.001 -11"><span class='ocrx_word' id='word_1_316' title='bbox 1172 965 1247 997; x_wconf 80' lang='lat' dir='ltr'>ralis</span> <span class='ocrx_word' id='word_1_317' title='bbox 1272 964 1473 1007; x_wconf 88' lang='lat' dir='ltr'>inquisitoris</span> <span class='ocrx_word' id='word_1_318' title='bbox 1493 964 1525 996; x_wconf 91' lang='lat' dir='ltr'>in</span> <span class='ocrx_word' id='word_1_319' title='bbox 1546 964 1654 1007; x_wconf 80' lang='lat' dir='ltr'>regnis</span> <span class='ocrx_word' id='word_1_320' title='bbox 1678 963 1861 1007; x_wconf 84' lang='lat' dir='ltr'>praedictis,</span> <span class='ocrx_word' id='word_1_321' title='bbox 1879 965 1909 997; x_wconf 88' lang='lat' dir='ltr'>ei</span> 
     </span>
     <span class='ocr_line' id='line_1_62' title="bbox 1172 1017 1909 1061; baseline -0.001 -11"><span class='ocrx_word' id='word_1_322' title='bbox 1172 1028 1231 1061; x_wconf 89' lang='lat' dir='ltr'>per</span> <span class='ocrx_word' id='word_1_323' title='bbox 1254 1017 1332 1050; x_wconf 85' lang='lat' dir='ltr'>alias</span> <span class='ocrx_word' id='word_1_324' title='bbox 1350 1017 1475 1060; x_wconf 85' lang='lat' dir='ltr'>priores</span> <span class='ocrx_word' id='word_1_325' title='bbox 1492 1022 1623 1050; x_wconf 83' lang='lat' dir='ltr'>nostras</span> <span class='ocrx_word' id='word_1_326' title='bbox 1642 1017 1674 1050; x_wconf 88' lang='lat' dir='ltr'>in</span> <span class='ocrx_word' id='word_1_327' title='bbox 1691 1017 1787 1050; x_wconf 90' lang='lat' dir='ltr'>simili</span> <span class='ocrx_word' id='word_1_328' title='bbox 1807 1017 1909 1050; x_wconf 74' lang='lat' dir='ltr'>forma</span> 
     </span>
     <span class='ocr_line' id='line_1_63' title="bbox 1172 1070 1910 1114; baseline 0.001 -11"><span class='ocrx_word' id='word_1_329' title='bbox 1172 1070 1280 1104; x_wconf 91' lang='lat' dir='ltr'>Brevis</span> <span class='ocrx_word' id='word_1_330' title='bbox 1304 1071 1428 1103; x_wconf 85' lang='lat' dir='ltr'>litteras</span> <span class='ocrx_word' id='word_1_331' title='bbox 1453 1071 1645 1104; x_wconf 85' lang='lat' dir='ltr'>demandato</span> <span class='ocrx_word' id='word_1_332' title='bbox 1662 1098 1669 1110; x_wconf 96' lang='lat'>,</span> <span class='ocrx_word' id='word_1_333' title='bbox 1700 1070 1852 1114; x_wconf 89' lang='lat' dir='ltr'>omnique</span> <span class='ocrx_word' id='word_1_334' title='bbox 1878 1075 1910 1104; x_wconf 84' lang='lat' dir='ltr'>et</span> 
     </span>
     <span class='ocr_line' id='line_1_64' title="bbox 1172 1123 1908 1167; baseline 0 -12"><span class='ocrx_word' id='word_1_335' title='bbox 1172 1134 1373 1167; x_wconf 87' lang='lat' dir='ltr'>quacumque</span> <span class='ocrx_word' id='word_1_336' title='bbox 1398 1124 1588 1156; x_wconf 86' lang='lat' dir='ltr'>auctoritate</span> <span class='ocrx_word' id='word_1_337' title='bbox 1613 1123 1674 1155; x_wconf 90' lang='lat' dir='ltr'>sibi</span> <span class='ocrx_word' id='word_1_338' title='bbox 1698 1133 1758 1166; x_wconf 85' lang='lat' dir='ltr'>per</span> <span class='ocrx_word' id='word_1_339' title='bbox 1778 1123 1908 1156; x_wconf 82' lang='lat' dir='ltr'>easdem</span> 
     </span>
     <span class='ocr_line' id='line_1_65' title="bbox 1171 1176 1907 1220; baseline -0.003 -10"><span class='ocrx_word' id='word_1_340' title='bbox 1171 1177 1292 1210; x_wconf 84' lang='lat' dir='ltr'>litteras</span> <span class='ocrx_word' id='word_1_341' title='bbox 1328 1177 1571 1220; x_wconf 88' lang='lat' dir='ltr'>quomodolibet</span> <span class='ocrx_word' id='word_1_342' title='bbox 1607 1176 1779 1216; x_wconf 76' lang='lat' dir='ltr'>attributa,</span> <span class='ocrx_word' id='word_1_343' title='bbox 1813 1186 1907 1219; x_wconf 89' lang='lat' dir='ltr'>quam</span> 
     </span>
     <span class='ocr_line' id='line_1_66' title="bbox 1171 1227 1905 1271; baseline -0.003 -9"><span class='ocrx_word' id='word_1_344' title='bbox 1171 1240 1284 1262; x_wconf 88' lang='lat' dir='ltr'>omnes</span> <span class='ocrx_word' id='word_1_345' title='bbox 1303 1235 1334 1262; x_wconf 88' lang='lat' dir='ltr'>et</span> <span class='ocrx_word' id='word_1_346' title='bbox 1354 1230 1499 1271; x_wconf 84' lang='lat' dir='ltr'>singulos</span> <span class='ocrx_word' id='word_1_347' title='bbox 1525 1229 1605 1261; x_wconf 90' lang='lat' dir='ltr'>alios</span> <span class='ocrx_word' id='word_1_348' title='bbox 1630 1228 1849 1271; x_wconf 83' lang='lat' dir='ltr'>inquisitores,</span> <span class='ocrx_word' id='word_1_349' title='bbox 1874 1227 1905 1260; x_wconf 83' lang='lat' dir='ltr'>in</span> 
     </span>
     <span class='ocr_line' id='line_1_67' title="bbox 1171 1280 1908 1324; baseline -0.004 -9"><span class='ocrx_word' id='word_1_350' title='bbox 1171 1283 1293 1315; x_wconf 89' lang='lat' dir='ltr'>eisdem</span> <span class='ocrx_word' id='word_1_351' title='bbox 1318 1282 1428 1324; x_wconf 81' lang='lat' dir='ltr'>regnis</span> <span class='ocrx_word' id='word_1_352' title='bbox 1453 1282 1491 1313; x_wconf 90' lang='lat' dir='ltr'>ab</span> <span class='ocrx_word' id='word_1_353' title='bbox 1516 1281 1588 1324; x_wconf 86' lang='lat' dir='ltr'>ipso</span> <span class='ocrx_word' id='word_1_354' title='bbox 1606 1281 1780 1314; x_wconf 82' lang='lat' dir='ltr'>Verissimo</span> <span class='ocrx_word' id='word_1_355' title='bbox 1801 1280 1908 1313; x_wconf 54' lang='lat' dir='ltr'>archi*</span> 
     </span>
     <span class='ocr_line' id='line_1_68' title="bbox 1171 1333 1908 1378; baseline -0.004 -10"><span class='ocrx_word' id='word_1_356' title='bbox 1171 1335 1324 1378; x_wconf 87' lang='lat' dir='ltr'>episcopo</span> <span class='ocrx_word' id='word_1_357' title='bbox 1358 1335 1490 1378; x_wconf 89' lang='lat' dir='ltr'>eiusque</span> <span class='ocrx_word' id='word_1_358' title='bbox 1527 1334 1834 1377; x_wconf 86' lang='lat' dir='ltr'>praedecessoribus</span> <span class='ocrx_word' id='word_1_359' title='bbox 1858 1333 1908 1366; x_wconf 89' lang='lat' dir='ltr'>in-</span> 
     </span>
     <span class='ocr_line' id='line_1_69' title="bbox 1171 1387 1906 1431; baseline -0.001 -11"><span class='ocrx_word' id='word_1_360' title='bbox 1171 1388 1384 1431; x_wconf 84' lang='lat' dir='ltr'>quisitoribus</span> <span class='ocrx_word' id='word_1_361' title='bbox 1409 1387 1615 1430; x_wconf 84' lang='lat' dir='ltr'>generalibus</span> <span class='ocrx_word' id='word_1_362' title='bbox 1639 1387 1817 1430; x_wconf 78' lang='lat' dir='ltr'>respective</span> <span class='ocrx_word' id='word_1_363' title='bbox 1840 1387 1906 1419; x_wconf 88' lang='lat' dir='ltr'>ele-</span> 
     </span>
     <span class='ocr_line' id='line_1_70' title="bbox 1171 1439 1908 1483; baseline -0.003 -11"><span class='ocrx_word' id='word_1_364' title='bbox 1171 1446 1239 1473; x_wconf 81' lang='lat' dir='ltr'>ctos</span> <span class='ocrx_word' id='word_1_365' title='bbox 1259 1445 1291 1472; x_wconf 86' lang='lat' dir='ltr'>et</span> <span class='ocrx_word' id='word_1_366' title='bbox 1312 1441 1484 1483; x_wconf 86' lang='lat' dir='ltr'>deputatos</span> <span class='ocrx_word' id='word_1_367' title='bbox 1501 1440 1550 1472; x_wconf 88' lang='lat' dir='ltr'>vel</span> <span class='ocrx_word' id='word_1_368' title='bbox 1571 1440 1787 1480; x_wconf 84' lang='lat' dir='ltr'>confirmatos,</span> <span class='ocrx_word' id='word_1_369' title='bbox 1806 1449 1823 1471; x_wconf 83' lang='lat' dir='ltr'>a</span> <span class='ocrx_word' id='word_1_370' title='bbox 1840 1439 1908 1471; x_wconf 86' lang='lat' dir='ltr'>suis</span> 
     </span>
     <span class='ocr_line' id='line_1_71' title="bbox 1171 1491 1906 1536; baseline -0.003 -11"><span class='ocrx_word' id='word_1_371' title='bbox 1171 1493 1292 1536; x_wconf 85' lang='lat' dir='ltr'>pariter</span> <span class='ocrx_word' id='word_1_372' title='bbox 1314 1492 1522 1532; x_wconf 86' lang='lat' dir='ltr'>muneribus,</span> <span class='ocrx_word' id='word_1_373' title='bbox 1557 1491 1708 1534; x_wconf 86' lang='lat' dir='ltr'>omnique</span> <span class='ocrx_word' id='word_1_374' title='bbox 1744 1496 1906 1534; x_wconf 85' lang='lat' dir='ltr'>potestate</span> 
     </span>
     <span class='ocr_line' id='line_1_72' title="bbox 1170 1545 1908 1588; baseline -0.004 -9"><span class='ocrx_word' id='word_1_375' title='bbox 1170 1546 1299 1588; x_wconf 80' lang='lat' dir='ltr'>agendi,</span> <span class='ocrx_word' id='word_1_376' title='bbox 1313 1555 1369 1578; x_wconf 91' lang='lat' dir='ltr'>seu</span> <span class='ocrx_word' id='word_1_377' title='bbox 1386 1545 1596 1588; x_wconf 88' lang='lat' dir='ltr'>procedendi,</span> <span class='ocrx_word' id='word_1_378' title='bbox 1611 1550 1665 1577; x_wconf 88' lang='lat' dir='ltr'>aut</span> <span class='ocrx_word' id='word_1_379' title='bbox 1682 1545 1759 1577; x_wconf 71' lang='lat' dir='ltr'>alias</span> <span class='ocrx_word' id='word_1_380' title='bbox 1775 1554 1908 1588; x_wconf 90' lang='lat' dir='ltr'>quomo-</span> 
     </span>
     <span class='ocr_line' id='line_1_73' title="bbox 1171 1597 1907 1640; baseline -0.003 -10"><span class='ocrx_word' id='word_1_381' title='bbox 1171 1598 1294 1631; x_wconf 89' lang='lat' dir='ltr'>dolibet</span> <span class='ocrx_word' id='word_1_382' title='bbox 1307 1609 1341 1631; x_wconf 91' lang='lat' dir='ltr'>se</span> <span class='ocrx_word' id='word_1_383' title='bbox 1355 1597 1524 1640; x_wconf 81' lang='lat' dir='ltr'>ingerendi</span> <span class='ocrx_word' id='word_1_384' title='bbox 1539 1597 1570 1629; x_wconf 93' lang='lat' dir='ltr'>in</span> <span class='ocrx_word' id='word_1_385' title='bbox 1584 1597 1689 1629; x_wconf 86' lang='lat' dir='ltr'>causis</span> <span class='ocrx_word' id='word_1_386' title='bbox 1705 1597 1744 1629; x_wconf 85' lang='lat' dir='ltr'>ad</span> <span class='ocrx_word' id='word_1_387' title='bbox 1762 1601 1907 1629; x_wconf 86' lang='lat' dir='ltr'>sanctum</span> 
     </span>
     <span class='ocr_line' id='line_1_74' title="bbox 1170 1649 1910 1694; baseline -0.003 -11"><span class='ocrx_word' id='word_1_388' title='bbox 1170 1651 1391 1694; x_wconf 80' lang='lat' dir='ltr'>inquisitionis</span> <span class='ocrx_word' id='word_1_389' title='bbox 1415 1650 1555 1683; x_wconf 83' lang='lat' dir='ltr'>officium</span> <span class='ocrx_word' id='word_1_390' title='bbox 1578 1650 1611 1682; x_wconf 94' lang='lat' dir='ltr'>in</span> <span class='ocrx_word' id='word_1_391' title='bbox 1629 1649 1804 1693; x_wconf 86' lang='lat' dir='ltr'>praedietis</span> <span class='ocrx_word' id='word_1_392' title='bbox 1829 1649 1910 1682; x_wconf 87' lang='lat' dir='ltr'>Por—</span> 
     </span>
     <span class='ocr_line' id='line_1_75' title="bbox 1173 1702 1906 1747; baseline -0.001 -12"><span class='ocrx_word' id='word_1_393' title='bbox 1173 1704 1323 1747; x_wconf 81' lang='lat' dir='ltr'>tugalliae</span> <span class='ocrx_word' id='word_1_394' title='bbox 1350 1709 1381 1737; x_wconf 87' lang='lat' dir='ltr'>et</span> <span class='ocrx_word' id='word_1_395' title='bbox 1398 1703 1628 1745; x_wconf 79' lang='lat' dir='ltr'>Algarbiorum</span> <span class='ocrx_word' id='word_1_396' title='bbox 1655 1702 1766 1745; x_wconf 83' lang='lat' dir='ltr'>regnis</span> <span class='ocrx_word' id='word_1_397' title='bbox 1792 1702 1906 1745; x_wconf 84' lang='lat' dir='ltr'>quovis</span> 
     </span>
     <span class='ocr_line' id='line_1_76' title="bbox 1170 1755 1906 1799; baseline -0.004 -10"><span class='ocrx_word' id='word_1_398' title='bbox 1170 1757 1267 1789; x_wconf 85' lang='lat' dir='ltr'>modo</span> <span class='ocrx_word' id='word_1_399' title='bbox 1289 1756 1519 1799; x_wconf 53' lang='lat' dir='ltr'>spectantibus</span> <span class='ocrx_word' id='word_1_400' title='bbox 1549 1755 1652 1788; x_wconf 90' lang='lat' dir='ltr'>donec</span> <span class='ocrx_word' id='word_1_401' title='bbox 1683 1760 1715 1787; x_wconf 86' lang='lat' dir='ltr'>et</span> <span class='ocrx_word' id='word_1_402' title='bbox 1738 1764 1906 1798; x_wconf 87' lang='lat' dir='ltr'>quousque</span> 
     </span>
     <span class='ocr_line' id='line_1_77' title="bbox 1170 1805 1908 1851; baseline -0.003 -10"><span class='ocrx_word' id='word_1_403' title='bbox 1170 1809 1264 1842; x_wconf 88' lang='lat' dir='ltr'>aliter</span> <span class='ocrx_word' id='word_1_404' title='bbox 1277 1819 1294 1842; x_wconf 89' lang='lat' dir='ltr'>a</span> <span class='ocrx_word' id='word_1_405' title='bbox 1307 1808 1398 1841; x_wconf 92' lang='lat' dir='ltr'>nobis</span> <span class='ocrx_word' id='word_1_406' title='bbox 1413 1814 1443 1841; x_wconf 89' lang='lat' dir='ltr'>et</span> <span class='ocrx_word' id='word_1_407' title='bbox 1453 1808 1533 1841; x_wconf 89' lang='lat' dir='ltr'>Sede</span> <span class='ocrx_word' id='word_1_408' title='bbox 1545 1807 1730 1851; x_wconf 69' lang='lat' dir='ltr'>Apostolica</span> <span class='ocrx_word' id='word_1_409' title='bbox 1742 1805 1908 1850; x_wconf 69' lang='lat' dir='ltr'>praedicta</span> 
     </span>
     <span class='ocr_line' id='line_1_78' title="bbox 1171 1860 1908 1905; baseline -0.001 -12"><span class='ocrx_word' id='word_1_410' title='bbox 1171 1862 1363 1905; x_wconf 89' lang='lat' dir='ltr'>dispositum</span> <span class='ocrx_word' id='word_1_411' title='bbox 1399 1862 1449 1895; x_wconf 89' lang='lat' dir='ltr'>vel</span> <span class='ocrx_word' id='word_1_412' title='bbox 1484 1861 1668 1894; x_wconf 88' lang='lat' dir='ltr'>ordinatum</span> <span class='ocrx_word' id='word_1_413' title='bbox 1700 1860 1836 1901; x_wconf 86' lang='lat' dir='ltr'>suisset,</span> <span class='ocrx_word' id='word_1_414' title='bbox 1869 1869 1908 1892; x_wconf 85' lang='lat' dir='ltr'>ex</span> 
     </span>
     <span class='ocr_line' id='line_1_79' title="bbox 1171 1913 1909 1958; baseline -0.003 -11"><span class='ocrx_word' id='word_1_415' title='bbox 1171 1920 1255 1954; x_wconf 84' lang='lat' dir='ltr'>tunc,</span> <span class='ocrx_word' id='word_1_416' title='bbox 1272 1920 1370 1958; x_wconf 87' lang='lat' dir='ltr'>prout</span> <span class='ocrx_word' id='word_1_417' title='bbox 1397 1925 1433 1947; x_wconf 81' lang='lat' dir='ltr'>ex</span> <span class='ocrx_word' id='word_1_418' title='bbox 1459 1914 1515 1947; x_wconf 91' lang='lat' dir='ltr'>illo</span> <span class='ocrx_word' id='word_1_419' title='bbox 1540 1919 1695 1957; x_wconf 87' lang='lat' dir='ltr'>tempore,</span> <span class='ocrx_word' id='word_1_420' title='bbox 1721 1913 1851 1957; x_wconf 89' lang='lat' dir='ltr'>penitus</span> <span class='ocrx_word' id='word_1_421' title='bbox 1876 1916 1909 1946; x_wconf 82' lang='lat' dir='ltr'>et</span> 
     </span>
     <span class='ocr_line' id='line_1_80' title="bbox 1171 1966 1907 2011; baseline -0.003 -11"><span class='ocrx_word' id='word_1_422' title='bbox 1171 1968 1304 2000; x_wconf 91' lang='lat' dir='ltr'>omnino</span> <span class='ocrx_word' id='word_1_423' title='bbox 1330 1967 1568 2011; x_wconf 86' lang='lat' dir='ltr'>suspendimus,</span> <span class='ocrx_word' id='word_1_424' title='bbox 1589 1977 1626 1999; x_wconf 85' lang='lat' dir='ltr'>ac</span> <span class='ocrx_word' id='word_1_425' title='bbox 1643 1966 1714 2010; x_wconf 91' lang='lat' dir='ltr'>ipso</span> <span class='ocrx_word' id='word_1_426' title='bbox 1733 1966 1816 1999; x_wconf 83' lang='lat' dir='ltr'>sacto</span> <span class='ocrx_word' id='word_1_427' title='bbox 1837 1976 1907 1999; x_wconf 89' lang='lat' dir='ltr'>sus-</span> 
     </span>
     <span class='ocr_line' id='line_1_81' title="bbox 1169 2014 1908 2064; baseline -0.004 -10"><span class='ocrx_word' id='word_1_428' title='bbox 1169 2030 1291 2064; x_wconf 85' lang='lat' dir='ltr'>pensos</span> <span class='ocrx_word' id='word_1_429' title='bbox 1311 2021 1392 2060; x_wconf 90' lang='lat' dir='ltr'>sore,</span> <span class='ocrx_word' id='word_1_430' title='bbox 1410 2020 1603 2063; x_wconf 88' lang='lat' dir='ltr'>irritumque</span> <span class='ocrx_word' id='word_1_431' title='bbox 1622 2024 1654 2052; x_wconf 89' lang='lat' dir='ltr'>et</span> <span class='ocrx_word' id='word_1_432' title='bbox 1673 2019 1769 2052; x_wconf 86' lang='lat' dir='ltr'>inane</span> <span class='ocrx_word' id='word_1_433' title='bbox 1786 2018 1812 2051; x_wconf 88' lang='lat' dir='ltr'>si</span> <span class='ocrx_word' id='word_1_434' title='bbox 1830 2014 1908 2062; x_wconf 87' lang='lat' dir='ltr'>quid</span> 
     </span>
     <span class='ocr_line' id='line_1_82' title="bbox 1170 2071 1906 2117; baseline -0.003 -11"><span class='ocrx_word' id='word_1_435' title='bbox 1170 2074 1309 2107; x_wconf 88' lang='lat' dir='ltr'>subinde</span> <span class='ocrx_word' id='word_1_436' title='bbox 1334 2074 1475 2117; x_wconf 85' lang='lat' dir='ltr'>desuper</span> <span class='ocrx_word' id='word_1_437' title='bbox 1491 2078 1555 2106; x_wconf 89' lang='lat' dir='ltr'>tarn</span> <span class='ocrx_word' id='word_1_438' title='bbox 1579 2084 1598 2106; x_wconf 82' lang='lat' dir='ltr'>a</span> <span class='ocrx_word' id='word_1_439' title='bbox 1622 2072 1709 2106; x_wconf 88' lang='lat' dir='ltr'>dicto</span> <span class='ocrx_word' id='word_1_440' title='bbox 1732 2071 1906 2105; x_wconf 86' lang='lat' dir='ltr'>Verissimo</span> 
     </span>
     <span class='ocr_line' id='line_1_83' title="bbox 1170 2125 1908 2170; baseline 0 -11"><span class='ocrx_word' id='word_1_441' title='bbox 1170 2126 1430 2170; x_wconf 89' lang='lat' dir='ltr'>archiepiscopo,</span> <span class='ocrx_word' id='word_1_442' title='bbox 1457 2137 1554 2170; x_wconf 88' lang='lat' dir='ltr'>quam</span> <span class='ocrx_word' id='word_1_443' title='bbox 1578 2127 1617 2159; x_wconf 89' lang='lat' dir='ltr'>ab</span> <span class='ocrx_word' id='word_1_444' title='bbox 1642 2126 1713 2159; x_wconf 86' lang='lat' dir='ltr'>aliis</span> <span class='ocrx_word' id='word_1_445' title='bbox 1737 2125 1908 2169; x_wconf 82' lang='lat' dir='ltr'>inquisito-</span> 
     </span>
     <span class='ocr_line' id='line_1_84' title="bbox 1171 2178 1908 2223; baseline 0.001 -12"><span class='ocrx_word' id='word_1_446' title='bbox 1171 2178 1260 2212; x_wconf 87' lang='lat' dir='ltr'>ribus</span> <span class='ocrx_word' id='word_1_447' title='bbox 1283 2179 1472 2222; x_wconf 83' lang='lat' dir='ltr'>praedictis,</span> <span class='ocrx_word' id='word_1_448' title='bbox 1489 2180 1538 2212; x_wconf 92' lang='lat' dir='ltr'>vel</span> <span class='ocrx_word' id='word_1_449' title='bbox 1555 2189 1667 2212; x_wconf 90' lang='lat' dir='ltr'>eorum</span> <span class='ocrx_word' id='word_1_450' title='bbox 1685 2179 1805 2223; x_wconf 87' lang='lat' dir='ltr'>aliquo,</span> <span class='ocrx_word' id='word_1_451' title='bbox 1825 2188 1908 2222; x_wconf 50' lang='lat' dir='ltr'>quo*</span> 
     </span>
     <span class='ocr_line' id='line_1_85' title="bbox 1171 2232 1910 2275; baseline 0.001 -11"><span class='ocrx_word' id='word_1_452' title='bbox 1171 2232 1359 2272; x_wconf 85' lang='lat' dir='ltr'>modolibet,</span> <span class='ocrx_word' id='word_1_453' title='bbox 1379 2237 1411 2265; x_wconf 90' lang='lat' dir='ltr'>et</span> <span class='ocrx_word' id='word_1_454' title='bbox 1426 2232 1536 2275; x_wconf 87' lang='lat' dir='ltr'>quavis</span> <span class='ocrx_word' id='word_1_455' title='bbox 1551 2232 1753 2273; x_wconf 83' lang='lat' dir='ltr'>auctoritate,</span> <span class='ocrx_word' id='word_1_456' title='bbox 1768 2232 1910 2265; x_wconf 84' lang='lat' dir='ltr'>scienter</span> 
     </span>
     <span class='ocr_line' id='line_1_86' title="bbox 1170 2284 1909 2328; baseline -0.001 -10"><span class='ocrx_word' id='word_1_457' title='bbox 1170 2286 1220 2318; x_wconf 87' lang='lat' dir='ltr'>vel</span> <span class='ocrx_word' id='word_1_458' title='bbox 1246 2285 1445 2328; x_wconf 83' lang='lat' dir='ltr'>ignoranter,</span> <span class='ocrx_word' id='word_1_459' title='bbox 1472 2285 1623 2318; x_wconf 86' lang='lat' dir='ltr'>attentari</span> <span class='ocrx_word' id='word_1_460' title='bbox 1649 2284 1855 2327; x_wconf 83' lang='lat' dir='ltr'>contigisset;</span> <span class='ocrx_word' id='word_1_461' title='bbox 1877 2288 1909 2318; x_wconf 90' lang='lat' dir='ltr'>et</span> 
     </span>
     <span class='ocr_line' id='line_1_87' title="bbox 1173 2337 1905 2381; baseline 0.001 -11"><span class='ocrx_word' id='word_1_462' title='bbox 1173 2343 1236 2370; x_wconf 88' lang='lat' dir='ltr'>tam</span> <span class='ocrx_word' id='word_1_463' title='bbox 1261 2338 1367 2381; x_wconf 88' lang='lat' dir='ltr'>ipsum</span> <span class='ocrx_word' id='word_1_464' title='bbox 1384 2338 1591 2371; x_wconf 86' lang='lat' dir='ltr'>Verissimum</span> <span class='ocrx_word' id='word_1_465' title='bbox 1608 2337 1905 2381; x_wconf 87' lang='lat' dir='ltr'>archiepiscopum,</span> 
     </span>
     <span class='ocr_line' id='line_1_88' title="bbox 1172 2390 1910 2435; baseline 0.001 -12"><span class='ocrx_word' id='word_1_466' title='bbox 1172 2402 1268 2435; x_wconf 89' lang='lat' dir='ltr'>quam</span> <span class='ocrx_word' id='word_1_467' title='bbox 1283 2396 1408 2425; x_wconf 88' lang='lat' dir='ltr'>ceteros</span> <span class='ocrx_word' id='word_1_468' title='bbox 1421 2402 1534 2425; x_wconf 85' lang='lat' dir='ltr'>omnes</span> <span class='ocrx_word' id='word_1_469' title='bbox 1558 2395 1590 2424; x_wconf 81' lang='lat' dir='ltr'>et</span> <span class='ocrx_word' id='word_1_470' title='bbox 1610 2391 1755 2434; x_wconf 81' lang='lat' dir='ltr'>singulos</span> <span class='ocrx_word' id='word_1_471' title='bbox 1775 2390 1910 2434; x_wconf 86' lang='lat' dir='ltr'>inquisi-</span> 
     </span>
     <span class='ocr_line' id='line_1_89' title="bbox 1172 2444 1908 2489; baseline 0.001 -13"><span class='ocrx_word' id='word_1_472' title='bbox 1172 2449 1256 2478; x_wconf 88' lang='lat' dir='ltr'>tores</span> <span class='ocrx_word' id='word_1_473' title='bbox 1268 2444 1464 2489; x_wconf 82' lang='lat' dir='ltr'>praedictos,</span> <span class='ocrx_word' id='word_1_474' title='bbox 1483 2445 1510 2478; x_wconf 89' lang='lat' dir='ltr'>si</span> <span class='ocrx_word' id='word_1_475' title='bbox 1527 2449 1739 2488; x_wconf 87' lang='lat' dir='ltr'>praeceptum</span> <span class='ocrx_word' id='word_1_476' title='bbox 1756 2449 1908 2477; x_wconf 82' lang='lat' dir='ltr'>nostrum</span> 
     </span>
     <span class='ocr_line' id='line_1_90' title="bbox 1171 2497 1912 2542; baseline 0.001 -13"><span class='ocrx_word' id='word_1_477' title='bbox 1171 2498 1359 2532; x_wconf 88' lang='lat' dir='ltr'>huiusmodi</span> <span class='ocrx_word' id='word_1_478' title='bbox 1385 2498 1588 2542; x_wconf 81' lang='lat' dir='ltr'>transgredi,</span> <span class='ocrx_word' id='word_1_479' title='bbox 1608 2503 1663 2531; x_wconf 84' lang='lat' dir='ltr'>aut</span> <span class='ocrx_word' id='word_1_480' title='bbox 1678 2497 1756 2531; x_wconf 75' lang='lat' dir='ltr'>alias</span> <span class='ocrx_word' id='word_1_481' title='bbox 1777 2507 1912 2542; x_wconf 89' lang='lat' dir='ltr'>quomo-</span> 
     </span>
     <span class='ocr_line' id='line_1_91' title="bbox 1172 2551 1909 2595; baseline 0 -11"><span class='ocrx_word' id='word_1_482' title='bbox 1172 2551 1296 2584; x_wconf 85' lang='lat' dir='ltr'>dolibet</span> <span class='ocrx_word' id='word_1_483' title='bbox 1320 2553 1436 2586; x_wconf 88' lang='lat' dir='ltr'>litteris</span> <span class='ocrx_word' id='word_1_484' title='bbox 1461 2552 1602 2592; x_wconf 81' lang='lat' dir='ltr'>nostris,</span> <span class='ocrx_word' id='word_1_485' title='bbox 1629 2551 1746 2595; x_wconf 89' lang='lat' dir='ltr'>quibus</span> <span class='ocrx_word' id='word_1_486' title='bbox 1775 2561 1909 2594; x_wconf 80' lang='lat' dir='ltr'>praece-</span> 
     </span>
     <span class='ocr_line' id='line_1_92' title="bbox 1170 2602 1908 2649; baseline -0.001 -12"><span class='ocrx_word' id='word_1_487' title='bbox 1170 2609 1261 2648; x_wconf 89' lang='lat' dir='ltr'>ptum</span> <span class='ocrx_word' id='word_1_488' title='bbox 1291 2605 1397 2649; x_wconf 88' lang='lat' dir='ltr'>ipsum</span> <span class='ocrx_word' id='word_1_489' title='bbox 1429 2605 1548 2646; x_wconf 84' lang='lat' dir='ltr'>fiebat,</span> <span class='ocrx_word' id='word_1_490' title='bbox 1581 2604 1807 2639; x_wconf 85' lang='lat' dir='ltr'>contravenire</span> <span class='ocrx_word' id='word_1_491' title='bbox 1839 2602 1908 2639; x_wconf 83' lang='lat' dir='ltr'>ausi</span> 
     </span>
    </p>
   </div>
   <div class='ocr_carea' id='block_1_9' title="bbox 1148 279 1156 2588">
    <p class='ocr_par' dir='ltr' id='par_1_9' title="bbox 1148 279 1156 2588">
     <span class='ocr_line' id='line_1_93' title="bbox 1148 279 1156 2588; baseline 0 0"><span class='ocrx_word' id='word_1_492' title='bbox 1148 279 1156 2588; x_wconf 95' lang='lat' dir='ltr'> </span> 
     </span>
    </p>
   </div>
   <div class='ocr_carea' id='block_1_10' title="bbox 1921 229 2102 258">
    <p class='ocr_par' dir='ltr' id='par_1_10' title="bbox 1921 229 2102 258">
     <span class='ocr_line' id='line_1_94' title="bbox 1921 229 2102 258; baseline 0.011 -2"><span class='ocrx_word' id='word_1_493' title='bbox 1921 229 1970 256; x_wconf 76' lang='lat' dir='ltr'>An.</span> <span class='ocrx_word' id='word_1_494' title='bbox 1993 230 2023 257; x_wconf 87' lang='lat' dir='ltr'>C.</span> <span class='ocrx_word' id='word_1_495' title='bbox 2041 230 2102 258; x_wconf 68' lang='lat'>1681</span> 
     </span>
    </p>
   </div>
  </div>
 </body>
</html>
