2111 3157
34 176 83 206 Δῃ.
99 173 128 202 C.
150 174 217 202 1689
802 176 1014 202 tNNOCENTIUS
1035 178 1065 201 xi
1090 178 1139 202 rr.

225 228 329 255 matur
354 234 465 259 corum
492 224 625 267 species,
651 235 687 257 ac
711 225 807 258 etiam
833 235 871 257 an
893 225 955 256 sint

224 276 325 308 libera
350 278 398 310 vel
429 277 611 317 vinculata,
643 283 682 316 et,
708 283 863 320 qnatenus
890 277 955 309 sint

224 329 389 370 vinculata,
411 331 587 372 explicetur
606 331 741 372 qualitas
756 330 954 362 vinculorum

224 388 447 414 contentorum
466 382 496 414 in
516 382 631 415 litteris
649 382 843 424 patentibus,
859 387 953 424 atque

224 434 255 466 in
274 435 423 466 censibus
442 435 618 477 explicetur
635 434 770 477 qualitas
798 433 953 466 debitoris

225 492 255 518 et
281 487 367 519 fundi
394 487 517 525 censiti,
535 492 569 518 ut
588 486 629 518 ita
655 486 815 518 oblatores
840 485 954 517 melius

223 538 447 577 informentur,
473 543 569 580 atque
595 538 633 570 ad
659 536 859 570 offerendum
884 536 953 568 alli-

224 591 362 623 ciuntur.

266 643 300 675 ln
315 643 576 676 distractionibus
590 641 792 675 iudicialibus
810 642 952 673 locorum

223 695 378 728 Montium
396 695 585 728 vacatatium
612 700 643 726 et
667 703 732 726 non
759 693 951 725 vacabilium

221 758 257 780 ac
283 747 462 780 officiorum
488 746 675 779 vacabilium
701 745 864 778 Romanae
893 744 952 777 Cu-

220 800 286 832 riae
312 810 375 832 non
400 800 611 842 procedatur,
642 798 701 830 nisi
727 798 853 840 praevia
877 796 951 828 inti-

220 852 362 884 matione
375 852 424 884 vel
439 850 703 893 interpellatione
721 850 868 882 facienda
883 859 952 891 pro-

220 905 381 940 curatori,
409 913 465 936 seu
496 903 633 935 exactori
668 902 826 934 fruetuum
852 901 952 933 dicto-

220 967 289 990 mm
315 958 457 989 locorum
482 955 647 994 Montium,
675 964 730 987 seu
756 953 948 986 officiorum.

403 1008 441 1037 De
462 1008 545 1036 rar-iis
564 1006 772 1046 provisionibus.

50 1067 211 1099 namot-imis
266 1058 311 1090 Ad
337 1057 498 1090 evitandas
523 1055 756 1088 controversias
774 1063 855 1096 quae
873 1062 951 1095 quo-

29 1096 301 1145 2?⁰;l„'llll'u⁴;l‚¹ss'.⁰‘ndte
326 1109 403 1142 oriri
422 1110 526 1141 solent
549 1108 632 1139 inter
652 1107 823 1139 tribunalia
842 1101 951 1137 ftoma-

220 1173 280 1196 nae
305 1162 417 1195 Curiae
444 1161 473 1193 in
499 1160 599 1192 causis
624 1159 852 1194 crimin-alitum,
877 1166 951 1200 pro-

221 1222 294 1259 pter
309 1220 504 1258 spontaneas
529 1212 779 1245 constitutiones
796 1217 827 1242 et
848 1210 951 1242 moni-

221 1267 321 1304 toria,
348 1276 428 1308 quae
453 1266 522 1297 cius
548 1265 655 1305 rigore
682 1263 894 1305 expediuntur
918 1262 951 1293 in

220 1321 281 1352 vim
298 1320 319 1351 l.
335 1318 500 1360 diffamari
515 1318 546 1349 C.
564 1316 602 1348 ‹11›
617 1317 723 1358 ‘i'nyew
744 1320 770 1346 cl
790 1324 950 1346 omnuim:

221 1371 435 1413 Congregatio
459 1369 619 1401 mandavit
644 1374 675 1400 et
700 1367 849 1404 decrerit,
867 1366 949 1408 quod

221 1425 252 1457 in
279 1430 443 1467 posterum
477 1427 566 1453 actor
594 1431 648 1453 seu
680 1421 854 1462 quei-vlam
887 1427 950 1450 non

221 1478 327 1520 possit
341 1475 422 1508 trabi
439 1484 545 1507 coram
564 1473 678 1511 iudice,
693 1483 800 1504 corani
815 1482 876 1514 quo
896 1472 953 1503 fuit

222 1531 302 1562 facta
327 1533 505 1571 spontanea
533 1526 742 1563 constitutio,
777 1531 808 1557 et
840 1536 856 1556 a
887 1534 951 1566 quo

220 1580 430 1614 monitorium
463 1578 625 1616 obtinuit,
652 1577 780 1619 quando
812 1587 949 1618 praece-

222 1634 340 1666 denter
357 1631 416 1663 suit
436 1635 584 1673 porrecta
605 1630 738 1672 querela
764 1639 871 1660 coram
889 1629 952 1660 alio

222 1685 338 1723 indice,
357 1690 386 1716 et
404 1684 441 1715 ab
467 1693 505 1715 eo
528 1682 587 1714 fuit
610 1683 760 1714 formatus
781 1691 952 1723 processus

222 1737 383 1770 sulliciens
409 1736 447 1768 ad
473 1735 644 1773 citandum,
660 1735 709 1766 vel
739 1733 955 1776 praecesserit

222 1790 330 1822 citatio
355 1789 394 1820 ad
420 1786 652 1819 informandam
676 1785 813 1818 Curiam.

50 1849 79 1870 De
93 1849 213 1870 salvo-con·
268 1842 313 1874 Ad
332 1840 540 1883 expellendos
556 1839 594 1870 ab
612 1837 695 1870 Urbe
714 1837 954 1879 delinquentes,

32 1876 104 1898 ‘mu'
224 1895 390 1928 decretum
416 1898 448 1925 et
472 1891 656 1924 mandatum
683 1891 740 1922 fuit
764 1900 829 1922 non
855 1891 954 1922 licere

223 1948 255 1980 in
281 1952 444 1990 posterum
479 1944 638 1977 iudicibus
674 1949 705 1976 et
734 1942 954 1985 superioribus

225 2008 503 2044 quorumcumque
521 1996 730 2028 tribunalium
746 1995 866 2027 eisdem
886 2005 956 2027 con-

224 2050 383 2087 demnatis
408 2056 439 2082 et
463 2049 603 2082 bannitis
634 2048 813 2080 concedere
838 2048 956 2079 salvos-

224 2104 410 2142 conductus,
433 2103 528 2143 vulgo
557 2101 627 2133 Non
656 2104 809 2142 yrorelur
838 2110 956 2132 nuncu-

225 2164 340 2202 patos,
360 2156 482 2188 sublata
507 2154 626 2186 eisdem
652 2153 810 2184 iudicibus
846 2158 877 2184 et
909 2164 957 2184 su-

226 2209 410 2253 perioribus
433 2206 640 2239 tribunalium
671 2205 816 2237 facultate
842 2215 957 2237 concc-

228 2261 324 2295 dendi
351 2260 479 2293 eosdem
510 2257 787 2291 salvosconduclus
811 2268 866 2289 seu
886 2257 958 2289 Non

228 2317 381 2358 oravelur
396 2311 543 2349 exiliatis,
561 2310 689 2353 quando
714 2310 843 2342 exilium
865 2311 959 2343 luerit

220 2364 491 2410 ·pe1·sententiam
507 2363 628 2395 eisdem
648 2362 822 2394 iniunctum
840 2362 871 2394 in
889 2370 961 2405 poe-

230 2429 302 2451 nam
327 2416 444 2460 patrati
469 2415 610 2449 criminis
627 2442 634 2455 ‚
667 2415 727 2447 nisi
762 2415 800 2447 ad
827 2416 958 2447 formam

231 2470 309 2502 iuris
333 2469 371 2501 ad
398 2467 652 2509 recolligendum
678 2466 863 2499 sarcinulas.

43 2514 223 2568 ,ᾆξζζῑῖῗξξξῗπθ
279 2522 324 2554 Ad
350 2520 492 2553 tollenda
515 2519 712 2561 subterfugia
741 2519 856 2561 quibus
881 2529 961 2551 non-

998 226 1078 258 nulli
1104 231 1234 260 utuntur
1253 226 1290 260 ad
1310 225 1589 269 procrastinandas
1614 237 1725 260 causas

998 277 1107 310 civiles
1132 279 1302 319 allegando
1327 279 1447 310 iudices
1479 278 1637 311 Romanae
1671 280 1727 311 Cu-

998 330 1062 362 riae
1080 341 1140 372 pro
1158 331 1325 373 sus1)ectiS‚
1346 330 1558 372 Congregatio
1587 331 1727 363 decrevit

997 383 1080 424 qnod
1106 384 1138 415 in
1162 388 1324 426 posterum
1350 394 1414 415 non
1441 384 1627 416 admittatur
1651 385 1727 416 alle-

997 437 1082 477 gatio
1104 436 1297 478 suspicionis
1314 435 1344 467 in
1362 437 1474 473 causis,
1493 436 1608 478 quibus
1626 436 1665 468 ab
1684 438 1726 468 al—

996 489 1123 530 legante
1149 488 1207 520 suit
1231 488 1438 520 informatum
1464 489 1495 520 in
1521 488 1646 530 scriptis
1674 500 1726 520 su-

997 550 1055 581 per
1079 540 1221 578 meritis,
1246 540 1368 572 etiamsi
1400 541 1506 572 nullus
1531 540 1612 572 adsit
1639 547 1725 572 actus

996 592 1154 624 iudicialis
1178 592 1333 625 inducens
1357 602 1565 631 cousensum‘,
1584 598 1615 624 et
1639 593 1725 635 quod

995 653 1059 676 non
1082 644 1291 676 admittantur
1314 644 1376 675 nisi
1402 644 1482 676 duae
1508 645 1725 677 recusationes

995 705 1031 728 ex
1057 698 1151 728 causa
1182 696 1393 738 suspicionis⁷
1419 706 1480 728 nee
1511 697 1606 728 liceat
1629 698 1724 730 tertio

995 752 1027 779 et
1042 747 1218 789 respective
1243 753 1316 789 post
1336 747 1475 780 triduum
1494 759 1510 780 a
1528 749 1578 780 die
1599 749 1726 790 petitio-

994 798 1052 837 nis,
1079 808 1135 830 seu
1160 798 1381 840 productionis
1406 799 1534 837 inrium,
1559 809 1722 840 recusare,

994 849 1053 880 nisi
1081 860 1117 881 ex
1143 849 1226 881 iusta
1252 852 1354 889 eausa,
1380 856 1476 891 prout
1501 851 1539 882 de
1565 850 1645 883 iure.

1037 897 1146 938 Quoad
1156 901 1226 933 Non
1238 906 1391 943 oraretur
1404 902 1445 934 ob
1461 902 1873 951 praestationum*1,r?g2,‚ffi¹²¹¹¹⁰

993 953 1219 986 alimentorum
1238 963 1296 995 per
1317 953 1480 986 debitores
1497 954 1676 991 obtentum,
1694 960 1820 1001 etggffigj

993 1005 1026 1037 in
1050 1011 1215 1048 posterum
1242 1006 1346 1038 forsan
1377 1006 1586 1038 obtinendum
1612 1016 1628 1038 a
1654 1007 1724 1049 qui-

993 1057 1100 1090 busvis
1124 1058 1305 1096 iudicibus,
1332 1068 1395 1090 non
1421 1058 1537 1093 afficiat
1556 1058 1616 1090 nisi
1643 1059 1723 1101 legi-

994 1111 1068 1143 time
1094 1110 1214 1147 citatos,
1240 1120 1305 1141 non
1331 1115 1437 1142 autem
1463 1110 1554 1142 alios.

1036 1162 1070 1193 Et
1097 1162 1200 1204 quoad
1217 1162 1369 1193 alimenta
1390 1162 1580 1203 praestanda
1604 1173 1724 1204 paupe-

996 1214 1082 1245 ribus
1107 1213 1299 1252 carceratis,
1330 1214 1453 1244 sublata
1478 1215 1546 1244 taxa
1573 1213 1723 1245 uniformi

995 1266 1087 1297 unius
1104 1265 1171 1297 iulii
1189 1275 1291 1307 usque
1310 1265 1413 1296 adhuc
1431 1268 1562 1304 servata,
1584 1266 1725 1297 solvatur

995 1318 1125 1349 arbitrio
1147 1317 1260 1349 Sacrae
1279 1318 1397 1348 Visitae
1418 1323 1449 1349 et
1466 1318 1605 1349 iudicum
1625 1318 1721 1350 etiam

995 1370 1076 1400 inl'ra
1092 1376 1121 1400 ot
1135 1380 1233 1411 <upra
1248 1369 1363 1401 dictam
1382 1380 1534 1400 smnmam
1549 1370 1644 1401 unius
1657 1370 1724 1402 iulii

995 1422 1032 1452 ad
1058 1432 1176 1452 ineram
1196 1421 1419 1453 necessitatem
1438 1427 1569 1453 naturae
1589 1427 1722 1454 tantum.

995 1473 1028 1504 Et
1055 1473 1160 1515 quoad
1186 1473 1410 1515 probationem
1436 1474 1649 1515 paupertatis,
1671 1474 1725 1505 nbi

996 1526 1089 1556 etiarn
1112 1525 1215 1567 agitur
1233 1525 1270 1557 de
1288 1525 1405 1557 minori
1423 1527 1544 1557 sumnia
1562 1531 1725 1558 scutorum

996 1577 1239 1620 quinquaginta,
1256 1578 1468 1609 nihilominus
1489 1570 1637 1620 probatio
1657 1578 1726 1610 fleri

997 1630 1112 1662 debeat
1144 1630 1256 1662 eodem
1289 1630 1384 1663 modo
1410 1629 1463 1672 qui
1495 1631 1728 1673 praescribitur

997 1682 1028 1714 in
1053 1681 1281 1714 reformatione
1317 1683 1400 1714 ultra
1432 1692 1587 1713 summam
1619 1688 1727 1714 scuto-

998 1744 1065 1765 runi
1088 1734 1337 1776 quinquaginta,
1368 1734 1412 1765 ita
1436 1738 1540 1765 tamen
1577 1738 1610 1765 ut
1646 1734 1727 1766 niliil

998 1796 1054 1828 pro
1080 1786 1133 1818 tali
1165 1785 1356 1828 probatione
1389 1786 1550 1825 solvatur,
1577 1786 1726 1828 quodque

998 1839 1035 1870 ad
1054 1838 1290 1880 praescriptum
1308 1837 1544 1872 constitutionis
1563 1837 1607 1869 Pii
1628 1837 1647 1867 V
1662 1848 1728 1870 non

998 1891 1161 1922 solvantur
1185 1900 1244 1932 per
1268 1889 1445 1922 creditores
1469 1899 1642 1932 pauperes,
1672 1890 1728 1922 mi-

998 1954 1122 1985 nusque
1158 1948 1363 1985 praestentur
1397 1942 1519 1974 dolosis
1554 1943 1602 1974 vel
1637 1943 1725 1974 calu-

999 1995 1133 2027 mniosis
1159 1995 1369 2034 debitoribus,
1396 1994 1449 2037 qui
1474 2000 1586 2026 contra
1611 1995 1728 2027 bonam

999 2046 1092 2079 fidem
1119 2047 1296 2079 creditores
1328 2046 1400 2093 diu&
1416 2046 1631 2087 defatigarunt
1656 2057 1727 2078 cum

999 2100 1125 2131 iniustis
1148 2094 1459 2141 impedimentis'iiel
1484 2098 1704 2140 subterfugiis.

1042 2150 1152 2189 Quoad
1176 2159 1349 2192 congruam
1382 2151 1609 2182 reservandam
1635 2151 1730 2183 cleri·
1779 2164 1808 2186 ηρ
1831 2168 1921 2186 mmm-2

1000 2205 1044 2236 cis
1070 2202 1273 2236 debitoribus
1302 2203 1543 2235 recurrentibus
1569 2204 1607 2235 ad
1631 2203 1730 2236 bene·
1741 2193 1923 2240 liis„.fii⁹d,'s'“²“'

1001 2256 1106 2288 ficium
1134 2254 1265 2297 capituli
1297 2254 1472 2294 odoardus,
1499 2256 1658 2287 decretum
1685 2264 1733 2288 est

1002 2314 1035 2340 ut
1061 2308 1218 2340 excedere
1240 2317 1303 2339 non
1329 2307 1444 2339 debeat
1468 2318 1620 2339 summam
1650 2319 1730 2350 quae

1002 2371 1059 2403 pro
1085 2360 1237 2402 qualitate
1263 2365 1295 2391 et
1319 2370 1375 2391 usu
1402 2360 1463 2391 loci
1489 2366 1654 2402 reputatur
1672 2362 1734 2392 suf-

1003 2414 1113 2445 licieus
1139 2413 1169 2444 in
1196 2412 1353 2444 beneficio
1384 2413 1431 2444 vel
1469 2413 1658 2455 patrimonio
1694 2414 1731 2445 ad

1004 2466 1091 2498 cuius
1115 2466 1241 2497 titulum
1259 2464 1293 2496 fit
1317 2464 1478 2508 promotio
1496 2465 1534 2497 ad
1553 2475 1660 2498 sacros
1686 2476 1734 2498 or-

1042 2529 1050 2553 1
1074 2527 1145 2560 Lege
1162 2527 1383 2560 praestationem
1401 2527 1439 2560 (n.
1462 2526 1511 2561 T.).

1620 170 1683 203 939
1728 179 1775 206 An.
1793 179 1820 207 c.
1841 180 1909 208 1639

1876 905 1916 924 ntis

1888 940 1890 947 .

1832 937 1857 948 uni
1880 937 1916 955 110

1825 955 1863 976 bus
1872 962 1916 976 car-
