2111 3157
110 204 162 231 An.
184 203 212 233 c.
229 205 298 234 1084
344 197 408 231 56⁶2

125 1060 155 1081 De
167 1060 283 1082 directione

99 1087 118 1106 ln
134 1087 230 1108 districtu
247 1087 282 1108 de-

99 1115 168 1134 cana.
198 1119 281 1135 servan·
292 1116 428 1149 rumque
445 1106 588 1139 locorum
606 1106 850 1148 particularium
869 1106 1031 1140 fructuose

302 255 504 295 inchoanda,
531 255 579 288 vel
605 264 663 297 pro
690 253 833 287 subsidio
859 264 1039 297 pauperum

301 314 473 352 parentum
506 318 662 347 suorum,
696 306 766 338 aliis
800 306 952 348 congruis
987 312 1040 339 aut

302 361 492 394 necessariis
514 359 662 403 expensis
682 359 837 391 faciendis
861 359 1037 402 indigeant,

300 420 353 446 aut
377 413 525 446 instituto
549 411 729 445 voluntarie
764 411 799 444 in
829 411 893 444 vita
923 413 1034 446 cousi-

299 473 410 510 guent.

343 530 450 554 cxxiii.
472 519 611 553 Cuilibet
625 518 817 552 beneficiato
846 524 900 552 aut
917 520 1036 553 clerico

298 574 419 616 aliquid
443 573 601 617 pecuniae
626 573 665 605 ab
698 582 875 606 oeconomo
908 573 946 606 ad
980 574 1036 606 ob-

294 627 364 659 vios
412 631 444 659 et
476 626 684 669 quotidianos
721 626 919 659 necessarios
957 637 1034 659 usus

294 680 339 713 ita
364 680 504 714 dandum
531 685 660 720 est,ut,
676 685 847 723 postquam
872 681 1035 723 expende-

294 733 372 773 rint,
389 733 591 766 tantumdem
607 734 645 765 ab
661 741 840 766 oeconomo
858 734 965 766 denuo
985 744 1034 766 ac-

293 786 433 830 cipiant:
462 792 593 829 accepta
619 796 693 819 vero
720 786 898 819 ratiociniis
925 787 1033 820 debito

292 840 389 872 modo
413 845 446 873 ct
470 839 584 873 ordine
605 839 836 880 inscribantur;
856 845 953 882 prout
970 841 1034 872 alia

294 893 414 933 omnia,
443 903 524 936 quae
550 893 608 925 sub
634 893 782 925 manibus
808 893 873 926 suis
899 904 1033 927 concre-

294 946 359 979 dita
384 947 586 987 habuerunt,
614 951 703 978 certo
737 951 855 978 statuto
886 950 1031 990 tempore

293 1001 325 1033 in
350 1001 533 1033 manualem
557 999 729 1033 oeconomi
755 1000 925 1033 reserenda
943 1005 1029 1033 sunt.

338 1063 441 1087 cxxiv.
469 1053 508 1086 Ut
528 1053 665 1086 directio
683 1054 935 1099 parochiarum,
957 1053 1032 1086 alio-

293 1159 456 1199 subsistat,
484 1158 633 1202 sequitur
649 1159 789 1191 secunda
807 1158 1029 1201 superioritas;

293 1212 332 1245 ad
358 1222 454 1255 quam
480 1222 537 1254 pro
556 1212 703 1255 quolibet
719 1212 864 1245 decanali
883 1212 1031 1245 districtu

293 1265 438 1297 locorum
464 1265 577 1297 decani
603 1266 743 1304 rurales,
778 1264 804 1297 si
831 1275 868 1297 ex
894 1265 958 1298 hoc
982 1266 1031 1297 in-

293 1317 403 1349 stituto
429 1317 556 1356 suerint,
575 1323 626 1349 aut
644 1317 697 1350 alii
716 1317 841 1351 habiles
859 1329 895 1351 ex
914 1319 1030 1351 eodem

291 1369 439 1402 districtu
465 1375 678 1409 assumentur,
704 1370 759 1413 qui
784 1381 844 1414 per
868 1372 1030 1405 iuramen-

291 1427 359 1454 tum
385 1422 655 1455 reverendissimo
692 1423 823 1457 domino
861 1424 1030 1457 Ordinario

291 1485 367 1507 suae
393 1474 564 1513 dioecesis,
591 1475 637 1506 uti
664 1475 760 1508 etiam
786 1477 860 1509 huic
885 1477 1030 1511 instituto

293 1527 472 1569 (quatenus
490 1527 528 1559 de
548 1527 702 1560 fidelitate
718 1530 907 1562 eorumdem
922 1530 1030 1573 quoad

290 1579 455 1624 publicam
490 1579 660 1613 Ordinario
685 1587 716 1613 et
741 1583 848 1624 quoad
873 1584 1053 1626 privatam·

291 1634 357 1665 sive
382 1633 622 1666 oeconomicam
648 1633 861 1668 directionem
886 1635 1031 1669 instituto

292 1685 490 1719 sufficienter
514 1687 758 1729 provideatur),
781 1699 814 1721 sc
840 1689 1032 1732 obligabunt

292 1740 378 1772 iuxta
399 1740 553 1772 lormulas
574 1740 656 1772 infra
674 1751 763 1773 num.
784 1751 868 1775 extu
886 1749 917 1775 et
935 1752 1030 1777 ch111

292 1802 471 1835 expressas,
490 1793 566 1825 solis
592 1795 820 1835 personalibus
845 1796 984 1828 mutatis.

337 1854 426 1878 cxxv.
454 1845 534 1877 Dicti
556 1846 960 1888 superiores·districtuum
978 1850 1032 1883 de-

294 1899 466 1937 canalinm,
491 1897 516 1930 si
541 1898 636 1931 simul
673 1900 803 1942 publico
836 1903 942 1935 officio
978 1903 1032 1936 de-

295 1951 366 1984 cani
392 1952 577 1993 fungantur,
608 1958 737 1995 praeter
761 1960 948 1988 consuetam
972 1967 1032 1999 pu-

295 2004 413 2037 blicam
447 2004 659 2044 sunctionem,
693 2017 756 2048 qua
788 2017 902 2041 omnes
936 2010 1031 2042 totius

296 2056 469 2089 decanatus
494 2058 653 2100 parochos
671 2064 701 2091 et
719 2059 797 2092 alios
822 2062 1031 2104 presbyteros

297 2109 330 2142 in
355 2110 423 2142 soro
448 2116 584 2142 externo
614 2111 764 2153 dirigunt,
799 2113 934 2157 insuper
966 2126 1031 2148 non

298 2164 403 2195 solum
428 2174 508 2205 quos
545 2174 653 2196 secum
690 2165 722 2197 in
756 2166 852 2199 domo
885 2168 1032 2201 decanali

299 2216 483 2255 habuerint,
510 2216 566 2248 sed
593 2217 688 2249 etiam
725 2228 836 2251 omnes
869 2219 954 2252 illius
988 2221 1033 2253 di-

300 2267 426 2300 strictus
458 2269 620 2311 parochos
657 2277 687 2303 ct
720 2272 858 2305 clericos
894 2273 970 2316 (qui
997 2284 1033 2306 ex

300 2322 446 2354 instituto
472 2325 564 2365 sunt)
591 2325 769 2357 secundum
805 2326 892 2359 illius
919 2327 1036 2360 consti-

303 2375 441 2407 tutiones
460 2376 696 2417 gubernalnmt,
712 2388 849 2420 quorum
865 2379 1034 2412 directmni

303 2439 414 2461 omnes
433 2435 494 2461 tam
514 2430 543 2461 in
562 2430 783 2472 spiritualibus
803 2443 896 2475 quam
916 2438 1037 2476 tempo-

303 2482 425 2515 ralibus
447 2481 588 2515 filialiter
612 2484 843 2517 suliiacelumt:
876 2486 936 2529 ipsi
963 2497 1035 2519 vero

305 2536 439 2575 eadem,
475 2546 554 2578 quae
592 2547 608 2568 a
645 2538 794 2579 parochis
835 2540 1035 2572 observanda

305 2595 394 2629 sunt,
422 2589 453 2621 iu
480 2589 591 2633 primis
617 2591 853 2632 observabunt,
880 2598 914 2625 ut
938 2592 1035 2625 ceteri

885 205 1064 230 nummum
1088 204 1240 230 ROMANUM

1082 253 1212 287 illorum
1230 253 1411 296 exemplum
1426 253 1639 297 respicientes
1664 253 1813 298 captivati

1082 307 1120 339 ad
1145 306 1359 340 imitationem
1383 307 1509 340 facilius
1534 307 1717 341 trahantur,

1125 369 1225 393 cxxvl.
1252 360 1286 392 In
1311 370 1408 403 quem
1432 359 1529 393 finem
1559 369 1719 393 memores
1743 370 1813 394 esse

1080 413 1202 446 debent
1219 418 1421 457 quantopere
1438 414 1558 447 reserat
1573 418 1609 446 ut
1624 423 1700 446 suos
1726 411 1812 446 domi

1079 471 1110 499 et
1127 476 1241 499 omnes
1259 466 1308 498 sui
1326 466 1490 499 districtus
1509 465 1692 499 sacerdotes
1709 470 1741 499 et
1753 466 1813 499 cle·

1079 519 1162 553 ricos
1189 529 1254 552 non
1279 529 1371 552 secus
1397 519 1559 562 dirigant,
1585 529 1622 552 ac
1650 518 1675 551 si
1701 528 1813 552 omnes

1077 572 1155 616 ipsis
1181 572 1424 606 cohabitatione
1457 572 1631 606 existerent
1661 582 1813 616 praesen-

1078 631 1140 666 tes;
1168 626 1244 659 hinc
1267 626 1300 659 in
1325 626 1421 660 domo
1446 627 1503 659 sua
1526 626 1698 669 vigilanter
1721 635 1812 672 cura-

1077 679 1155 712 bunt
1187 680 1330 713 omnium
1362 680 1630 713 constitutionum
1665 680 1822 713 exactum

1053 733 1196 765 ³servari
1229 733 1376 766 ordinem
1394 760 1402 773 ,
1435 733 1574 766 libenter
1606 742 1736 777 quoque
1766 732 1796 765 vi

1076 786 1188 826 deant,
1218 786 1243 819 si
1268 787 1453 820 sacerdotes
1485 787 1532 819 sui
1558 786 1719 819 districtus
1746 786 1811 830 i're·

1075 844 1212 882 quenter
1236 839 1270 871 in
1294 840 1390 873 domo
1408 839 1553 872 decanali
1572 849 1666 872 suum
1685 848 1826 881 regies--

1074 901 1143 924 sum
1168 897 1336 936 quaerent,
1364 892 1597 936 invigilentque
1622 897 1656 924 ut
1680 901 1812 937 omnem

1075 946 1264 979 charitatem
1289 947 1430 979 sentiant
1454 951 1485 979 et
1515 951 1658 978 mutuam
1687 946 1811 978 animo-

1074 1008 1146 1030 rum
1160 999 1316 1032 unitatem
1333 999 1414 1032 inibi
1432 998 1522 1042 quasi
1540 998 1705 1041 propriam
1720 1008 1809 1031 suam

1075 1052 1196 1084 habere
1215 1051 1424 1084 residentiam
1442 1051 1663 1095 experiantur.
1685 1051 1728 1083 Ex
1746 1061 1809 1093 quo

1073 1106 1178 1148 capite
1203 1105 1283 1137 mire
1316 1105 1354 1137 acl
1379 1105 1570 1148 obsequium
1602 1103 1808 1143 imitationis,
1830 1105 1834 1108 ”

1073 1158 1174 1191 mutui
1201 1158 1317 1191 amoris
1343 1164 1375 1191 et
1399 1158 1605 1191 obedientiae
1627 1158 1806 1190 trahentur.
1829 1175 1832 1177 ·

1117 1221 1231 1245 cxxvii.
1257 1211 1291 1244 ln
1314 1211 1465 1254 gerendis
1491 1211 1587 1244 rebus
1605 1211 1645 1244 ad
1662 1210 1810 1246 directio-
1828 1229 1833 1231 ·

1073 1275 1146 1298 nem
1165 1265 1414 1308 pertinentibus,
1429 1266 1641 1308 quorumdam
1658 1267 1833 1301 sacerdo-‘²

1073 1324 1140 1350 tum
1167 1329 1277 1351 secum
1304 1318 1542 1359 habitantium,
1567 1324 1603 1351 ut
1634 1324 1667 1352 et
1690 1320 1724 1352 in
1749 1331 1808 1354 suo

1073 1371 1221 1404 districtu
1247 1371 1483 1411 existentium,
1512 1371 1684 1405 consilium
1717 1373 1810 1414 adhi-

1072 1424 1179 1465 beant,
1201 1434 1313 1458 eorum
1330 1425 1477 1464 maxime,
1494 1426 1564 1469 qui,
1581 1428 1700 1462 iudicio
1717 1438 1810 1471 prae-

1073 1477 1150 1509 sidis
1184 1477 1381 1517 dioecesani,
1413 1479 1589 1521 prudentia
1624 1486 1656 1514 et
1691 1482 1808 1524 agendi

1074 1530 1262 1563 dexteritate
1289 1541 1366 1573 prae
1391 1531 1528 1574 reliquis
1545 1533 1672 1575 pollere
1690 1534 1803 1568 iudica·

1074 1583 1203 1615 buntur.
1223 1583 1257 1615 In
1276 1584 1371 1616 domo
1396 1586 1450 1617 sua
1473 1585 1637 1619 seniorem
1661 1589 1809 1623 sacerdo-

1076 1641 1138 1668 tem
1165 1635 1374 1676 constituent,
1394 1637 1443 1669 cui
1469 1637 1502 1669 in
1527 1639 1585 1671 sua
1602 1639 1748 1674 absentia
1764 1642 1810 1675 di-

1073 1689 1252 1722 rectionem
1277 1689 1390 1722 domus
1418 1690 1634 1731 committant,
1661 1702 1734 1726 cum
1761 1694 1806 1728 in-

1074 1742 1252 1775 structione
1275 1742 1382 1775 debita
1408 1744 1585 1777 secundum
1611 1754 1705 1788 quam
1729 1746 1810 1781 sciat

1075 1805 1108 1827 se
1133 1803 1259 1837 gerere.

1119 1856 1246 1881 cxxv111.
1271 1847 1439 1881 Ordinarie
1456 1849 1505 1881 bis
1524 1849 1556 1882 in
1575 1860 1659 1884 anno
1684 1851 1810 1896 singula
1834 1865 1837 1867 ·

1075 1900 1124 1933 sui
1150 1900 1311 1933 districtus
1336 1901 1418 1941 loca,
1438 1904 1501 1934 una
1518 1912 1590 1936 cum
1608 1905 1698 1938 socio
1716 1916 1809 1939 oeco-

1074 1964 1183 1994 nomo,
1194 1954 1351 1987 visitando
1367 1955 1539 1997 diligenter
1551 1957 1731 2001 inspiciant,
1743 1971 1809 1994 non
1831 1972 1834 1975 ⁴

1076 2009 1182 2040 solum
1207 2008 1414 2047 transeundo,
1434 2009 1491 2041 sed
1512 2019 1584 2042 eum
1601 2011 1728 2045 clericis
1745 2013 1810 2046 sin-

1076 2061 1223 2103 gulorum
1260 2062 1405 2094 locorum
1441 2061 1510 2095 sine
1542 2073 1618 2096 suae
1649 2075 1810 2107 personae

1076 2113 1298 2156 acceptatione
1324 2124 1385 2157 per
1409 2114 1533 2157 aliquot
1556 2116 1624 2149 dies
1649 2117 1684 2150 in
1709 2119 1810 2161 quoti·
1830 2112 1833 2115 Δ

1076 2167 1162 2201 ‹liani
1181 2179 1292 2202 cursus
1310 2173 1341 2201 et
1359 2169 1587 2204 exercitiorum
1612 2171 1811 2206 observatio-

1077 2233 1116 2255 ne
1142 2222 1320 2262 convivant,
1347 2234 1413 2256 non
1438 2234 1531 2256 secus
1547 2233 1583 2256 ac
1599 2224 1624 2256 si
1643 2224 1730 2258 domi
1759 2226 1812 2259 de-

1078 2281 1210 2318 gerent,
1236 2281 1271 2308 ut
1296 2277 1357 2309 hac
1386 2276 1511 2310 ratione
1538 2277 1637 2310 ceteri
1661 2278 1808 2320 excitati,

1079 2329 1154 2367 eius,
1179 2339 1262 2371 quae
1290 2329 1323 2361 in
1354 2329 1525 2372 disciplina
1553 2334 1584 2362 et
1611 2331 1810 2373 quotidianis

1079 2381 1238 2414 exercitiis
1256 2382 1375 2425 iugiter
1392 2383 1541 2416 adhiberi
1566 2383 1673 2423 debet,
1696 2384 1812 2418 seduli-

1079 2435 1149 2467 tatis
1168 2437 1350 2479 exemplum
1368 2436 1564 2479 concipiant.
1584 2436 1719 2470 Videant
1736 2448 1813 2481 quo-

1080 2499 1140 2530 que
1171 2499 1245 2520 num
1277 2489 1404 2528 omnia,
1437 2494 1498 2521 tam
1531 2489 1562 2521 in
1591 2489 1812 2533 spiritualibus

1079 2551 1174 2582 «piam
1195 2541 1436 2584 temporalibus,
1453 2542 1539 2574 iuxta
1556 2552 1699 2576 normam
1717 2543 1811 2576 huius

1082 2593 1217 2626 instituti
1237 2594 1460 2636 observentur,
1483 2600 1514 2628 ct
1538 2605 1620 2633 quae
1640 2605 1676 2627 ex
1695 2595 1812 2626 mutuis

1824 205 1873 233 An.
1895 204 1924 234 c.
1942 192 2011 234 ιω
