2111 3157
2 229 52 257 An.
65 227 95 256 C.
117 226 183 254 ¹688

21 1652 88 1674 Cur?
102 1653 155 1674 XVl.

14 1681 43 1701 De
53 1683 126 1700 vestitu
140 1680 179 1700 sra-

1 1709 52 1726 iriuu
67 1709 87 1726 et
101 1706 178 1727 utensi·

1 1733 53 1754 lmus
67 1733 139 1754 celtae.

190 274 365 317 diligenter
390 275 573 314 attendere,
591 279 622 307 et
638 279 683 312 ut,
703 283 860 306 memores·
878 282 925 304 ar-

190 328 275 370 repti
300 327 467 370 propositi,
481 326 579 360 sicut¹
597 337 693 360 sanos
719 326 888 368 religiosos
909 336 925 356 a

191 380 292 419 sanis,
319 380 362 412 ita
387 385 537 422 aegrotos
562 380 601 412 ab
622 379 762 420 aegrotis
787 378 926 410 saecula-

189 433 279 465 ribus
306 432 425 465 debere
453 432 599 474 cogitent
627 432 833 474 discrepare,
864 440 924 461 nec

189 484 245 518 illa
269 485 302 517 in
326 486 460 525 eremis,
486 495 569 528 quae
593 485 643 516 vix
669 484 701 516 in
725 483 856 515 urbibus
881 482 925 514 in-

183 538 374 578 veniuntur,
391 548 576 581 exposcere.
599 536 734 570 Omnino
755 541 859 568 tamen
877 545 922 566 ca-

189 596 301 624 veatur
324 601 365 624 ne
390 589 508 623 infirmi
538 601 553 622 a
579 588 793 622 servientibus
821 587 921 629 negli-

190 649 316 686 gantur.

233 705 274 728 iv.
296 695 524 728 Verumtamen
541 704 612 728 esus
629 693 784 731 carnium,
803 692 853 724 cui
871 692 921 724 Or-

189 749 231 781 do
257 748 470 787 renunciavit,
493 747 574 780 nulli
599 756 827 779 conversorum
848 756 920 777 con-

187 802 356 841 cedantur,
379 800 503 833 etiamsi
519 800 558 832 sit
574 800 732 842 leprosus.

231 865 263 887 v.
279 855 472 887 Procurator
487 863 562 886 vero
580 858 611 885 et
628 851 846 894 coquinarius,
864 861 919 883 seu

188 908 404 951 dispensator,
420 917 495 949 erga
512 905 656 939 infirmos
673 905 842 946 diligentes
858 904 921 936 sint

187 966 219 993 et
242 960 384 1002 benigni,
409 964 442 992 et
472 959 569 991 etiam
597 958 679 990 circa
712 957 854 999 hospites
889 962 921 989 et

186 1013 421 1052 mercenarios,
443 1012 570 1056 quando
590 1021 645 1044 eos
670 1011 841 1053 contigerit
861 1020 916 1043 ae-

188 1071 331 1109 grotare.

230 1128 272 1151 vi.
295 1117 325 1151 Si
349 1128 432 1150 unus
458 1117 507 1150 vel
533 1117 644 1159 plures
663 1115 811 1148 conversi
833 1115 920 1147 intir-

187 1176 325 1210 mentur,
346 1170 370 1203 si
389 1180 520 1203 necesse
536 1169 640 1210 suerit,
659 1169 690 1201 in
712 1170 775 1201 una
794 1170 920 1201 camera

186 1228 339 1267 poterunt
362 1222 527 1256 collocari.

231 1285 287 1310 vn.
310 1276 387 1309 Cum
412 1280 517 1308 autem
544 1275 657 1308 fratres
689 1280 779 1308 extra
812 1275 921 1308 termi-

187 1339 246 1362 nos
272 1328 485 1367 infirmantur,
512 1338 572 1361 nec
589 1333 663 1361 sunt
678 1328 773 1360 nimis
791 1328 919 1367 remoti,

188 1387 297 1425 potest
315 1393 370 1415 eos
381 1387 571 1425 procurator
587 1383 636 1415 vel
653 1381 751 1424 prior,
770 1381 793 1413 si
813 1392 922 1414 neces-

187 1445 220 1468 se
247 1434 353 1475 fucrit,
377 1434 518 1467 visitare.
542 1434 670 1466 Fratres
695 1444 770 1467 vero
787 1434 922 1467 Carthu-

187 1487 265 1527 siae,
283 1487 410 1530 priores
428 1486 556 1519 Ordinis
581 1486 634 1529 qni
660 1487 835 1519 viciniores
861 1487 922 1519 sue·

187 1539 262 1580 rint,
289 1540 327 1573 de
356 1540 505 1572 mandato
530 1539 699 1572 reverendi
726 1540 826 1582 patris
852 1540 923 1572 Car-

189 1592 326 1632 thusiac,
352 1591 538 1624 visitabunt.

234 1656 256 1678 1.
282 1645 328 1677 Ad
360 1645 509 1677 vestitum
536 1644 678 1677 habeant
709 1645 787 1677 duas
812 1646 924 1687 longas

189 1703 305 1737 vesteS‚
328 1696 452 1730 tunicas
470 1707 582 1739 parvas
600 1703 678 1737 tres,
707 1699 834 1740 caputia
853 1698 923 1737 tria,

191 1750 368 1793 caligarum
385 1749 476 1792 paria
493 1749 566 1789 tria,
595 1749 761 1792 pedulium
778 1756 925 1793 quatuor,

192 1802 353 1846 pelliciam
370 1812 479 1842 unam,
509 1802 709 1846 pelliciolum
735 1808 790 1835 aut
813 1798 927 1845 Saffum

194 1855 391 1899 duplicatum
410 1865 519 1895 unum,
533 1855 692 1888 lumbaria
710 1855 785 1895 duo,
801 1856 928 1898 cingula

195 1909 270 1949 duo,
305 1909 461 1941 sotulares
494 1918 550 1941 seu
580 1909 704 1941 calceos
737 1909 870 1941 diurnos
899 1914 930 1942 et

194 1966 382 2001 nocturnos,
406 1971 463 1994 seu
487 1962 606 1994 subere
627 1968 825 2005 compactos,
851 1972 930 2006 quos

196 2026 214 2049 a
238 2025 352 2054 coeno,
377 2014 450 2047 nive
476 2019 507 2047 et
530 2015 651 2057 pluvia,
676 2020 832 2058 quantum
857 2025 931 2058 pos-

198 2074 280 2108 sunt,
305 2067 470 2100 custodire
495 2068 626 2100 debent.
646 2068 738 2100 Fiant
755 2074 861 2101 autem
878 2078 932 2101 eo-

199 2132 268 2154 rum
294 2121 449 2153 sotulares
474 2121 513 2153 de
537 2121 624 2163 pelle
649 2121 777 2153 bovina.

246 2185 281 2208 11.
308 2174 342 2206 In
371 2173 467 2206 domo
487 2172 673 2206 Carthusiae
704 2173 851 2207 kalendis
876 2184 934 2207 no-

201 2228 340 2263 vembris
368 2237 465 2259 unam
491 2226 631 2260 tunicam
655 2232 797 2260 veterem
823 2233 853 2260 et
877 2238 936 2271 par

205 2282 378 2324 caligarum
404 2280 563 2320 reddant,
582 2291 743 2323 unamque
768 2291 884 2314 novam
905 2286 937 2314 et

205 2345 266 2378 par
289 2334 462 2376 caligarum
487 2332 656 2375 accipiant.
676 2333 710 2365 ln
734 2333 804 2366 aliis
829 2339 937 2367 autem

207 2387 358 2422 domibus
374 2397 431 2429 pro
450 2386 686 2419 consuetudine
704 2386 885 2419 domorum.

771 225 982 249 mycen-:aruis
1005 226 1034 248 x1
1060 226 1108 249 rr.

1597 215 1661 249 895

968 282 1023 305 seu
1049 283 1159 315 sagum
1184 283 1219 306 ex
1241 273 1382 317 pellibus
1400 272 1575 306 suffultum.
1594 273 1698 307 Novas

967 331 1072 358 autem
1093 326 1238 368 pellicias
1259 337 1321 359 non
1340 331 1502 368 quaerant,
1529 327 1585 359 sed
1604 328 1699 360 vesti-

967 379 1081 410 mentis
1107 385 1139 411 et
1162 380 1286 422 pannis,
1308 390 1389 423 quae
1416 379 1574 413 debentur
1591 391 1628 414 ex
1646 391 1698 414 or-

967 431 1050 469 dine,
1072 431 1135 463 sint
1153 433 1310 464 contenti.

1008 493 1051 516 iv.
1083 484 1215 522 Quando
1251 490 1338 517 extra
1375 486 1528 520 terminos
1565 493 1694 529 exeunt,

962 546 1097 579 eappan]
1135 538 1273 570 castanei
1308 539 1425 571 coloris
1462 545 1517 572 aut
1555 541 1696 582 griseam

964 589 1076 628 serant,
1099 595 1129 622 et
1149 590 1269 632 pileum
1295 591 1509 625 consimilem.
1544 594 1696 627 Volumus

964 641 1047 673 hanc
1080 642 1331 675 uniformitatem
1366 645 1483 676 servari
1520 645 1552 677 in
1588 647 1696 680 colore

963 704 1084 736 cappae
1106 699 1135 726 et
1160 695 1235 737 pilei
1260 706 1318 737 per
1337 700 1436 729 totum
1454 696 1616 738 Ordinem,
1636 709 1696 731 nce

962 756 1103 788 unquam
1129 746 1161 778 in
1186 747 1249 779 hoc
1273 748 1465 790 dispensari,
1482 749 1542 782 nisi
1560 761 1596 782 ex
1616 752 1696 784 mul-

965 804 1027 830 tum
1046 799 1229 833 rationabili
1246 803 1338 833 causa
1355 812 1372 832 a
1389 802 1531 844 capitulo
1549 805 1695 846 generali

963 853 1010 884 vel
1037 853 1217 885 reverendo
1247 859 1336 895 patre
1362 854 1451 897 prius
1475 857 1695 898 approbanda.

1006 915 1037 937 v.
1061 906 1107 937 Ad
1132 906 1300 938 ecclesiam
1330 907 1398 939 sine
1426 909 1562 951 caputiis
1584 915 1615 942 et
1639 911 1696 943 ob-

963 959 1056 999 longa
1079 963 1168 990 veste
1193 959 1241 991 vel
1267 959 1397 1002 pellicia
1421 960 1467 993 ire
1493 961 1539 993 eis
1564 972 1629 994 non
1661 963 1697 995 li-

962 1016 1042 1043 ceat.
1069 1010 1252 1044 Mantellum
1280 1017 1394 1052 tamen,
1416 1023 1472 1046 seu
1491 1013 1576 1047 aliud
1595 1015 1697 1058 quod-

963 1063 1042 1095 libet
1065 1063 1302 1101 indumentum,
1325 1074 1421 1107 supra
1438 1071 1559 1099 vestem
1583 1067 1698 1100 oblon-

962 1126 1032 1157 gam
1070 1120 1122 1147 aut
1155 1115 1324 1158 pelliceam
1357 1117 1441 1150 serre
1478 1129 1542 1151 non
1575 1119 1698 1153 debent

962 1169 1083 1202 ibidem
1108 1169 1292 1202 existentes.

1007 1232 1049 1255 Vl.
1076 1221 1122 1254 Ad
1148 1222 1267 1254 lectum
1292 1222 1432 1256 habeant
1463 1225 1610 1267 paleam,
1639 1236 1696 1259 scu

963 1281 1123 1315 stramem
1149 1274 1269 1307 filtrum
1305 1276 1330 1307 si
1362 1277 1464 1319 possit
1488 1278 1619 1319 haberi,
1645 1284 1698 1311 aut

963 1339 1021 1372 pro
1047 1338 1085 1361 eo
1111 1337 1257 1369 grossum
1282 1338 1425 1370 pannum
1459 1340 1525 1363 non
1558 1331 1700 1375 duplica-

964 1387 1041 1420 tum,
1067 1380 1216 1423 pulvinar
1240 1386 1271 1412 et
1288 1383 1548 1424 coopertorium,
1574 1395 1634 1418 nec
1661 1385 1700 1418 li-

965 1433 1033 1466 neis
1057 1431 1306 1473 linteaminibus,
1324 1444 1385 1467 nec
1404 1436 1590 1469 matallatiis
1609 1442 1701 1469 utan-

966 1491 1026 1518 tur.
1060 1485 1095 1517 ln
1132 1485 1249 1517 itinere
1290 1491 1395 1519 tamen
1428 1488 1533 1522 iacere
1567 1495 1703 1533 possunt

966 1539 997 1571 in
1018 1539 1116 1579 lectis,
1143 1538 1224 1571 sicut
1254 1538 1327 1572 illos
1352 1539 1535 1575 invenerint
1558 1550 1699 1587 paratos,

966 1592 1142 1625 dummodo
1167 1602 1231 1623 non
1257 1592 1333 1624 nudi
1358 1593 1444 1626 inter
1462 1595 1524 1628 duo
1542 1596 1703 1629 linteami-

967 1656 1027 1683 na,
1054 1645 1108 1677 sed
1132 1644 1236 1676 vestiti
1258 1645 1409 1678 tunicella
1426 1652 1458 1679 et
1474 1647 1582 1688 cincti,
1604 1654 1702 1692 atque

968 1708 1040 1730 eum
1076 1696 1203 1739 caputio
1239 1696 1376 1737 iaceant,
1403 1698 1484 1731 sicut
1516 1711 1647 1744 semper
1671 1708 1704 1734 et

970 1750 1091 1792 ubique
1116 1749 1221 1781 iacere
1254 1749 1459 1789 debent.Qui
1496 1763 1573 1785 vero
1609 1754 1704 1787 aliter

971 1804 1003 1836 in
1035 1804 1121 1835 lecto
1148 1802 1186 1834 de
1212 1802 1321 1844 pluma
1352 1803 1456 1836 iacere
1482 1815 1704 1849 praesumpse-

970 1855 1027 1894 rit,
1046 1855 1191 1898 privetur
1209 1855 1282 1887 vino
1301 1859 1347 1887 tot
1364 1855 1478 1889 diebus
1497 1857 1624 1900 quotics
1644 1859 1706 1891 hoc

971 1908 1095 1942 feccrit⁴

1016 1971 1073 1995 vu.
1100 1961 1123 1993 Α
1149 1961 1271 1993 Pascha
1294 1971 1398 2004 usque
1431 1962 1468 1995 ad
1494 1963 1610 1996 festum
1635 1974 1706 1996 san-

973 2014 1014 2047 cti
1031 2014 1196 2047 Michaelis
1217 2024 1234 2046 a
1251 2014 1355 2046 Prima
1379 2025 1481 2058 usque
1502 2016 1541 2048 ad
1559 2015 1707 2059 Comple-

974 2068 1089 2101 terium
1122 2067 1289 2100 nocturnis
1315 2068 1431 2100 calceis
1460 2080 1525 2101 non
1552 2074 1707 2103 utantur:

974 2120 1140 2154 venientes
1171 2125 1276 2152 autem
1303 2121 1342 2152 ab
1372 2120 1517 2154 inferiori
1547 2122 1645 2155 domo
1666 2123 1707 2156 ad

975 2173 1199 2217 superiorem,
1228 2173 1261 2204 in
1289 2183 1359 2204 eain
1386 2173 1526 2206 habeant
1549 2175 1649 2207 lectos
1675 2175 1708 2208 in

976 2225 1165 2260 dormitorio
1190 2225 1364 2265 communi,
1388 2227 1437 2258 vel
1462 2227 1586 2259 cellulis
1615 2226 1710 2259 desti-

977 2280 1072 2320 natis,
1092 2278 1236 2322 pellicias
1254 2283 1285 2310 ct
1301 2279 1428 2311 calceos
1446 2284 1636 2311 nocturnos.

1022 2342 1089 2365 vin.
1112 2331 1144 2363 ln
1167 2330 1317 2363 omnibus
1334 2331 1484 2373 denique,
1503 2341 1584 2374 quae
1602 2332 1641 2364 ad
1659 2342 1710 2365 ve·

979 2385 1075 2418 stium
1093 2393 1205 2416 eorum
1227 2382 1401 2425 pertinent,
1418 2383 1505 2415 aliud
1523 2383 1604 2416 nihil
1622 2394 1706 2417 eurc-

1706 226 1754 254 An,
1771 225 1798 253 C.
1822 225 1887 255 ¹088

252 2451 299 2475 ιιι.
327 2439 475 2472 Pellicias
498 2439 656 2482 accipiant
678 2444 812 2480 vetereS,
829 2450 882 2473 eas
900 2440 939 2472 vi-
981 2443 1041 2478 tur,
1058 2437 1117 2470 nisi
1135 2441 1168 2468 ut
1187 2435 1285 2477 frigus
1306 2441 1453 2468 arceatur
1470 2440 1501 2469 et
1516 2436 1644 2469 nuditas
1669 2442 1712 2470 te-

210 2493 338 2533 dclicet,
358 2503 437 2535 quas
455 2492 598 2524 reddunt
613 2492 774 2532 monachi,
793 2503 865 2525 cum
882 2503 941 2526 no-
958 2477 960 2517 i
980 2496 1085 2535 gatur.
1104 2489 1181 2522 Nam
1210 2494 1242 2521 ct
1269 2499 1381 2521 renum
1407 2489 1537 2531 cingula
1553 2489 1592 2523 de
1613 2491 1712 2525 cruda

210 2556 264 2578 vas
288 2544 470 2588 accipiunt;
503 2544 651 2577 similiter
686 2549 718 2577 et
742 2545 940 2588 pelliciolum
982 2548 1095 2587 gerant
1122 2542 1267 2575 cannabe
1299 2547 1352 2574 aut
1379 2542 1466 2575 corio
1494 2543 1581 2583 albo,
1600 2544 1649 2576 vel
1674 2554 1711 2577 ex

250 2608 259 2623 ¹
283 2605 354 2634 Edit.
375 2605 457 2634 Μαίη.
478 2605 543 2642 legit
561 2608 587 2635 et
606 2608 636 2635 uc
655 2614 701 2642 pro
720 2605 793 2635 sicut
811 2607 852 2642 (n.
867 2608 916 2641 τ.).
981 2602 1138 2641 utroque,
1171 2601 1202 2630 et
1236 2595 1394 2629 lumbaria
1427 2595 1496 2629 insa
1532 2596 1714 2630 cannabina
