2111 3157
415 218 478 243 om

417 243 425 252 a
440 245 478 252 ,aa

178 228 228 255 An.
253 227 279 254 C.
302 229 367 256 Ιυδδ

960 229 1138 252 BFLLARIUM
1164 229 1314 255 ROMANUM

1904 236 1950 265 An.
1968 237 1997 265 C.
2019 237 2085 268 1588

374 293 592 321 conventuum
625 293 657 320 et
691 288 965 320 monasteriorum
1001 286 1114 320 liuius·
1157 279 1188 312 S·
1205 279 1323 313 Mariae
1340 280 1531 322 Gratiarum,
1553 291 1590 315 30
1606 281 1637 315 S·
1659 281 1781 317 ROCChi
1805 284 1894 319 della

373 341 461 373 modi
488 342 579 383 plura
604 342 636 373 in
662 340 837 382 religiosae
868 340 1113 384 tranquillitatis

374 394 611 437 praeiudicium
626 398 737 426 exorta
754 393 874 426 suerint
887 394 1114 427 inconvenien-

374 447 427 486 tia,
447 447 529 479 adeo
547 452 581 478 ut
598 447 631 479 in
653 447 839 480 definitorio
857 447 1002 490 generali
1023 447 1114 480 fami-

372 501 435 533 liae
461 500 681 533 cisniontanae
707 500 844 533 fratrum
869 500 945 533 dicti
970 500 1112 540 Ordinis,

373 563 432 596 pro
451 552 566 585 maiori
591 552 647 586 Dei
673 553 803 586 servitio
825 559 857 586 et
882 553 1040 596 regularis
1067 554 1114 587 di-

372 605 531 648 sciplinae
545 616 733 649 progressu,
752 616 878 639 necnon
893 617 953 649 pro
967 605 1112 649 pacifico,

371 656 520 699 legitimo
554 663 585 690 et
613 658 761 700 regulato
787 658 948 700 gubernio
973 668 1113 691 conven-

373 716 462 742 tuum
493 714 523 742 et
552 711 824 745 monasteriorum
854 711 1111 754 praedictorum,

373 764 592 807 omnibusque
606 765 846 807 emergentibus
858 767 983 797 matura
996 765 1112 797 discus·

373 818 464 850 sione
490 818 673 861 perpensis,
689 828 793 861 nuper
814 820 996 852 consultum
1017 818 1113 851 suerit

372 875 546 904 conventus
576 875 607 903 et
640 871 837 904 monasteria
866 871 1012 914 praefata
1035 881 1113 914 pro-

371 924 453 967 priis
474 924 615 957 Venetae
650 929 681 956 et
711 924 907 958 Bononiensi
932 925 1111 968 respective

371 977 512 1020 antiquis
526 977 710 1020 provinciis,
726 988 742 1010 a
757 977 874 1020 quibus
887 982 1035 1020 separata
1049 978 1111 1010 sue-

372 1030 446 1070 rint,
467 1030 605 1062 inveniri
621 1030 641 1069 ¹,
664 1041 700 1063 ae
722 1031 780 1062 sub
802 1030 962 1063 dictarum
983 1031 1112 1073 provin-

372 1083 496 1116 ciarum
514 1083 669 1116 ministris
684 1083 948 1125 provincialibus,
963 1088 998 1115 ut
1015 1088 1110 1117 antea

371 1137 508 1176 fuerant,
524 1137 603 1179 regi,
620 1136 872 1179 eorumdemque
890 1135 1109 1169 ministrorum

371 1189 620 1233 provincialium
645 1188 861 1222 iurisdictioni
895 1194 927 1221 et
951 1188 1108 1231 gubernio

371 1242 553 1285 respective
568 1242 701 1274 subesse
720 1242 851 1281 debere,
873 1247 1032 1285 quatenus
1053 1252 1109 1275 no-

372 1301 440 1328 ster
466 1296 606 1338 desuper
641 1300 673 1327 et
699 1294 796 1327 huius
833 1294 967 1327 Sanctae
1002 1295 1106 1335 Sedis,

372 1349 501 1392 praevia
524 1349 741 1392 praefatarum
777 1353 963 1381 nostrarum
987 1348 1110 1382 littera-

371 1412 442 1434 rum
479 1402 710 1442 revocatione,
737 1412 887 1434 assensus
918 1402 1106 1435 accederet:

371 1455 467 1487 nobis
494 1460 672 1498 propterea
696 1458 896 1488 memoratus
929 1455 1108 1488 Ferdinan-

372 1509 429 1541 dus
456 1508 587 1541 Carolus
624 1510 687 1541 dux
722 1508 891 1541 humiliter
928 1509 1107 1552 supplicari

372 1562 446 1595 fecit
477 1567 511 1594 ut
544 1563 577 1594 in
601 1562 786 1605 praemissis
818 1566 1003 1605 opportune
1034 1572 1109 1605 pro-

371 1614 482 1648 videre
508 1621 540 1647 et
563 1620 598 1647 ut
622 1615 705 1647 infra
739 1615 909 1656 indulgere
946 1615 985 1648 de
1017 1614 1109 1648 beni-

371 1668 493 1710 gnitate
511 1667 690 1710 apostolica
708 1667 929 1709 dignaremur.

175 1719 361 1770 Βψίξῖθζξᾞὲῗ
416 1720 430 1763 ἓ
455 1720 486 1753 3.
510 1720 572 1753 Nos
588 1720 698 1762 igitur,
716 1720 778 1763 piis
797 1720 895 1762 ipsius
912 1720 1107 1754 Ferdinandi

176 1763 476 1823 ffi’lfflssssjfflfflgjCaroli
502 1773 591 1805 ducis
616 1773 695 1805 votis
727 1773 765 1805 ad
790 1773 1006 1805 salubriorem
1031 1784 1108 1806 con-

175 1828 524 1877 gssfflfflffigffgjventuum
558 1830 591 1857 et
622 1825 891 1858 monasteriorum
924 1826 1107 1869 praedicto-

175 1882 215 1902 ων·
369 1889 439 1911 rum
464 1878 678 1911 directionem
711 1878 925 1918 tendentibus,
951 1884 1106 1922 quantum

369 1942 441 1964 cum
454 1931 589 1964 Domino
610 1938 795 1974 possumus,
817 1931 1037 1964 favorabiliter
1056 1943 1108 1965 an-

369 1994 468 2017 nuere
493 1985 650 2023 volentes,
679 1994 817 2027 eumque
839 1994 857 2017 a
878 1984 1041 2027 quibusvis
1057 1996 1108 2018 ex-

370 2037 687 2076 communicationis,
714 2036 937 2079 suspensionis
962 2041 993 2071 et
1009 2037 1108 2070 inter-

370 2089 455 2128 dicti,
492 2089 627 2132 aliisque
661 2088 885 2121 ecclesiasticis
925 2090 1106 2130 sententiis,

369 2142 516 2174 censuris
534 2147 565 2173 et
582 2142 708 2184 poenis,
727 2152 743 2174 a
760 2141 830 2174 iure
848 2142 896 2174 vel
910 2142 949 2174 ab
964 2143 1104 2183 homine,

370 2195 481 2237 quavis
506 2194 680 2227 occasione
704 2195 753 2227 vel
779 2196 876 2227 causa
893 2194 974 2234 latis,
993 2195 1020 2227 si
1037 2195 1106 2238 qui-

368 2247 427 2279 bus
453 2246 697 2290 quomodolibet
720 2247 895 2279 innodatus
922 2247 1045 2287 existit,
1066 2248 1104 2280 ad

369 2299 517 2332 effectum
543 2300 764 2343 praesentium
798 2301 961 2333 dumtaxat
994 2310 1106 2333 conse-

369 2353 541 2395 quendum,
576 2354 691 2385 harum
726 2353 808 2386 serie
843 2353 1048 2386 absolventes
1074 2359 1105 2387 et

369 2406 551 2438 absolutum
564 2406 633 2439 sore
646 2412 825 2446 censentes,
838 2406 1023 2439 huiusmodi
1034 2417 1104 2449 sup-

369 2458 600 2500 plicationibus
626 2458 786 2499 inclinati,
813 2458 1054 2502 separationem
1074 2465 1104 2492 et

370 2510 690 2543 disinenibiationem
730 2512 991 2553 supradictorum
1027 2522 1103 2544 con-

369 2568 522 2594 ventuum
559 2563 661 2595 sancti
686 2563 848 2595 Francisci
879 2564 1040 2597 Mantuani
1072 2569 1103 2597 et

407 2625 417 2650 1
442 2623 509 2659 Lege
530 2625 614 2652 uniri
635 2626 673 2651 vel
695 2627 809 2653 reuniri
828 2627 867 2661 (n.
884 2626 932 2662 T.).

1162 333 1264 374 Vella,
1295 339 1327 366 et
1361 334 1393 367 S.
1419 334 1536 369 Mariae
1561 336 1761 379 Angelorum
1787 343 1915 373 terrae*

1157 386 1324 427 Hostiliae,
1343 393 1564 432 terrarumque
1582 389 1742 424 Viadanae
1759 396 1791 424 et
1815 391 1892 426 Gua-

1157 442 1293 482 stallae,
1324 453 1361 475 ac
1397 443 1640 486 praedictorum
1677 447 1892 480 monasterio-

1158 505 1227 527 rum
1252 495 1454 537 monialium,
1475 507 1570 531 curae
1596 502 1628 531 et
1649 499 1809 541 gubernio
1833 500 1893 533 sra-

1158 552 1241 580 trum
1260 548 1451 582 eorumdem
1475 555 1692 584 conventuum
1710 552 1892 596 respective

1157 601 1387 643 subiectorum,
1407 613 1424 635 a
1443 604 1630 637 memoratis
1647 605 1769 639 Veneta
1786 611 1819 639 et
1835 607 1892 640 Bo-

1156 654 1306 688 noniensi
1324 656 1503 699 respective
1520 657 1713 699 provinciis,
1740 669 1801 692 nec
1825 669 1892 693 non

1155 707 1320 748 unionem,
1346 709 1563 743 annexionem
1595 715 1627 742 et
1658 710 1892 755 incorporatio·

1155 771 1230 794 nem
1261 762 1453 795 eorumdem
1494 768 1712 796 conventuum
1749 769 1781 798 et
1820 775 1891 799 mo-

1155 815 1371 848 nasteriorum
1403 822 1599 850 memoratae
1620 817 1805 860 provinciae
1829 819 1891 852 Me-

1155 868 1336 903 diolanensi
1357 897 1364 910 ,
1391 881 1409 903 a
1433 870 1527 903 nobis
1568 871 1666 904 saetas
1683 898 1690 911 ,
1723 877 1758 904 ut
1795 883 1892 916 prae-

1155 921 1274 962 fertur,
1314 933 1350 955 ac
1389 929 1554 956 emanatas
1590 924 1731 967 desuper
1765 924 1890 958 litteras

1154 979 1281 1007 nostras
1305 975 1496 1018 praedictas,
1511 976 1702 1010 auctoritate
1715 978 1889 1020 praedicta,

1154 1032 1267 1060 tenore
1300 1028 1529 1070 praesentium,
1555 1039 1757 1070 revocamus,
1785 1041 1889 1064 cassa-

1153 1091 1235 1119 mus,
1260 1080 1423 1114 irritamus
1448 1086 1480 1114 et
1504 1083 1722 1123 annullamus,
1753 1083 1891 1117 viribus-

1154 1143 1215 1176 que
1241 1139 1273 1166 et
1298 1133 1411 1167 effectu
1428 1135 1558 1177 penitus
1576 1139 1607 1168 et
1624 1135 1756 1168 omnino
1773 1146 1890 1169 vacua-

1152 1196 1241 1226 mus·,
1269 1197 1304 1219 ac
1330 1192 1512 1228 revocatas,
1537 1194 1698 1228 cassataS,
1729 1188 1835 1223 irritas
1860 1194 1891 1222 et

1153 1241 1345 1280 annullatas,
1370 1240 1558 1283 viribusque
1584 1245 1616 1273 et
1648 1239 1764 1274 effectu
1795 1242 1889 1285 peni-

1154 1298 1201 1325 tus
1228 1298 1260 1325 et
1284 1293 1416 1327 omnino
1439 1303 1553 1326 vacuas
1578 1304 1650 1327 esse
1675 1299 1707 1327 et
1731 1294 1799 1328 sore
1833 1295 1889 1328 de-

1153 1346 1316 1379 cernimus
1342 1351 1374 1379 et
1399 1346 1622 1386 declaramus,
1642 1346 1796 1390 ipsosque
1817 1357 1891 1380 con-

1154 1404 1265 1432 ventus
1290 1405 1320 1432 et
1344 1399 1539 1432 monasteria
1564 1399 1730 1442 praedicta
1746 1400 1889 1434 Venetae

1153 1458 1184 1484 et
1208 1453 1407 1486 Bononiensi
1432 1453 1611 1495 respective
1636 1453 1812 1496 provinciis
1838 1465 1890 1487 su-

1152 1505 1306 1548 pradictis
1332 1506 1443 1538 eadem
1469 1505 1660 1538 auctoritate
1679 1506 1888 1547 restituimus,

1152 1568 1187 1590 ac
1211 1558 1249 1590 ad
1276 1558 1410 1591 formam
1432 1558 1610 1601 regiminis,
1630 1569 1692 1602 quo
1711 1564 1784 1592 ante
1802 1570 1887 1593 ema-

1152 1616 1241 1643 natas
1268 1617 1392 1645 nostras
1418 1612 1542 1644 litteras
1566 1612 1745 1656 respective
1770 1613 1888 1656 guber-

1151 1665 1320 1705 nabantur,
1339 1665 1534 1698 reducimus.

1195 1719 1210 1761 g
1235 1718 1266 1750 Δ».
1296 1718 1512 1751 Decernentes
1537 1719 1667 1752 easdem
1698 1724 1887 1762 praesentes

1150 1769 1273 1803 litteras
1291 1781 1420 1814 semper
1444 1770 1566 1811 firmas,
1584 1771 1706 1804 validas
1728 1777 1760 1804 et
1783 1771 1890 1805 effica-

1151 1834 1204 1856 ces
1228 1823 1366 1856 existere
1392 1828 1424 1856 et
1449 1823 1527 1864 sore,
1553 1834 1691 1867 suosque
1722 1825 1889 1868 plenarios

1150 1881 1182 1909 et
1198 1876 1344 1918 integros
1358 1876 1488 1910 effectus
1502 1877 1610 1910 sortiri
1629 1883 1660 1910 et
1677 1877 1836 1919 obtinere,
1853 1889 1890 1912 ac

1150 1929 1190 1962 ab
1207 1929 1285 1969 illis,
1308 1930 1347 1962 ad
1363 1940 1444 1973 quos
1461 1935 1587 1972 spectat
1604 1935 1636 1963 et
1652 1941 1712 1974 pro
1738 1936 1889 1974 tempore

1151 1983 1422 2026 quandocumque
1451 1983 1621 2026 spectabit,
1654 1983 1889 2018 inviolabiliter

1149 2035 1335 2075 observari,
1364 2040 1395 2068 et
1422 2035 1487 2068 illis
1518 2036 1697 2079 respective
1726 2037 1759 2070 in
1783 2038 1887 2071 omni-

1149 2089 1209 2121 bus
1232 2094 1264 2121 et
1290 2099 1350 2131 per
1371 2088 1479 2121 omnia
1496 2088 1688 2131 plenissime
1706 2089 1887 2133 suffragari,

1149 2141 1262 2184 sieque
1291 2141 1324 2173 in
1352 2140 1543 2184 praemissis
1570 2152 1632 2184 per
1660 2152 1886 2186 quoscumque

1149 2194 1272 2227 iudices
1304 2194 1488 2227 ordinarios
1521 2199 1554 2227 et
1587 2195 1765 2237 delegatOS,
1789 2196 1887 2230 etiam

1149 2239 1319 2279 causarum
1352 2246 1465 2290 palatii
1500 2247 1671 2288 apostolici
1706 2248 1885 2289 auditores,

1148 2300 1283 2333 iudicari
1316 2305 1347 2333 et
1376 2299 1506 2333 definiri
1537 2301 1670 2341 debere,
1696 2312 1733 2334 ac
1757 2301 1885 2336 irritum

1148 2358 1179 2386 et
1204 2353 1299 2387 inane
1325 2354 1350 2386 si
1372 2364 1467 2387 secus
1484 2354 1649 2397 superbis
1666 2364 1683 2386 a
1705 2365 1881 2398 quoquam,

1147 2407 1258 2449 quavis
1284 2407 1485 2446 auctoritate,
1503 2406 1644 2439 scienter
1666 2408 1717 2440 vel
1737 2406 1886 2450 ignoran-

1148 2464 1205 2497 ter,
1227 2459 1403 2502 contigerit
1427 2459 1592 2492 attentari.

1190 2513 1204 2555 ξ
1229 2513 1260 2545 5.
1291 2513 1359 2545 Non
1392 2513 1600 2545 obstantibus
1623 2512 1799 2556 praedictis
1825 2519 2069 2570 no-doffgfflfgorum

1145 2565 1217 2597 stris
1232 2565 1357 2605 litteris,
1376 2565 1513 2609 aliisque
1540 2566 1737 2608 praemissis,
1755 2576 1791 2598 ac
1808 2576 1879 2599 con-

1144 2617 1368 2651 stitutionibus
1387 2623 1418 2651 et
1437 2618 1703 2652 ordinationibus
1729 2619 1881 2663 apostoli-

1925 1728 2045 1752 Clausulao.
