2111 3157
179 205 231 233 An.
250 204 277 231 C.
302 204 367 232 1078

209 637 328 657 Clausulas.

187 1373 297 1391 obstantia
309 1371 369 1391 toltit.

413 197 454 231 72

374 257 404 288 di
429 257 561 289 facultas
586 256 748 295 tribuitur,
775 251 813 287 de
846 253 910 286 illis
941 252 1104 284 dumtaxat

374 309 519 352 patribus
543 308 729 352 provinciae
755 312 785 339 et
809 306 880 339 aliis
902 304 957 347 qui
974 304 1013 336 de
1034 303 1104 334 solo

374 362 497 403 gremio
518 361 692 394 definitorii
718 359 816 403 ipsius
840 357 1025 401 provinciae
1044 355 1107 388 exi-

374 420 471 451 stunt„
498 425 563 447 non
588 420 693 446 autem
718 414 757 445 de
778 417 845 444 toto
863 420 1001 453 corpore
1027 407 1108 450 capi-

376 469 433 501 tuli
457 468 600 500 eiusdem
621 466 805 509 provinciae
824 463 961 506 intelligi
978 462 1106 499 debere,

375 520 566 553 auctoritate
592 519 788 562 apostoliea,
815 524 929 551 tenore
954 522 1109 559 praesen-

377 573 466 611 tium,
496 574 710 605 declaramus.

419 627 433 667 ἓ
459 626 489 658 4.
518 626 736 657 Deeernentes
767 624 895 657 easdem
924 624 1109 665 praesentes

376 680 499 712 litteras
525 678 643 717 firmas,
667 677 789 710 validas
817 682 848 709 et
877 676 1021 708 efficaces
1045 672 1110 705 exi-

377 738 462 765 stere
488 737 519 764 et
544 732 623 771 sore,
638 742 774 774 suosque
795 729 959 773 plenarios
980 732 1011 760 et
1034 727 1111 758 inte-

377 797 451 826 ‚Qros
477 785 608 818 eli‘ectus
630 785 737 818 sortiri
757 789 789 817 et
804 783 964 821 obtinere,
983 791 1019 813 ac
1035 779 1110 818 illis,

377 840 416 871 ad
443 850 524 881 quos
558 843 682 880 spectat
713 843 744 869 et
779 835 938 879 spectabit
966 835 998 866 in
1032 834 1112 864 tutu-

378 903 457 931 rum,
484 891 670 934 plenissime
695 889 873 931 suffragari,
890 893 921 920 et
938 888 977 920 ab
995 887 1040 919 eis
1065 896 1113 917 re-

378 944 517 987 spective
542 943 773 975 inviolabiliter
797 940 976 980 observari,
1002 939 1112 982 sicque

379 999 410 1030 in
443 996 629 1040 praemissis
653 1006 713 1038 per
739 1004 959 1037 quoscumque
991 992 1113 1024 iudices

378 1051 560 1084 ordinarios
588 1055 618 1082 et
644 1049 819 1089 delegatos,
836 1047 930 1079 etiam
947 1056 1112 1078 causarum

378 1104 488 1147 palatii
514 1101 683 1145 apostolici
709 1100 884 1138 auditores,
913 1099 1046 1131 iudicari
1083 1103 1114 1130 et

379 1158 506 1191 definiri
532 1156 676 1194 debere,
702 1164 737 1186 ac
763 1153 888 1185 irritum
915 1158 946 1186 et
966 1152 1061 1184 inane
1087 1150 1112 1182 si

378 1220 469 1243 secus
494 1218 590 1251 super
615 1208 665 1239 liis
691 1218 707 1239 a
732 1217 906 1248 quoquam,
922 1205 1031 1248 quavis
1061 1215 1115 1236 au-

379 1264 540 1303 ctoritate,
561 1262 703 1294 scienter
727 1261 775 1293 vel
801 1260 1001 1302 ignoranter,
1015 1258 1115 1290 eonti-

380 1317 464 1359 gerit
484 1314 645 1347 attentari.

425 1371 439 1413 ξ
465 1370 495 1401 5.
528 1368 598 1401 Non
625 1366 829 1399 obstantibus
859 1364 1058 1407 praemissis,
1080 1375 1115 1396 ae

380 1420 663 1457 constitutionibus
695 1424 726 1451 et
755 1418 1013 1451 ordinationibus
1042 1428 1118 1460 apo-

381 1476 516 1514 stolicis,
542 1483 668 1506 necnon
694 1471 843 1504 omnibus
868 1476 901 1503 et
924 1470 1057 1512 singulis
1084 1471 1118 1502 il-

381 1530 428 1569 lis,
455 1539 537 1572 quae
570 1527 601 1559 in
634 1525 749 1558 litteris
778 1523 928 1566 praesatIS
961 1523 1118 1556 voluimus

382 1594 448 1615 non
473 1583 621 1619 obstare,
649 1577 831 1620 ceterisque
853 1576 1025 1610 contrariis
1051 1576 1119 1619 qui-

382 1637 598 1677 buscumque.

428 1689 541 1721 Datum
567 1686 701 1723 Romae,
730 1684 814 1727 apud
840 1683 870 1716 S.
894 1683 1032 1722 Petrum,
1059 1684 1118 1715 sub

383 1743 504 1774 annulo
551 1737 722 1772 piscatoris
738 1765 745 1777 ,
796 1737 846 1769 die
895 1748 939 1770 vu
985 1736 1118 1768 ianuarii

383 1803 581 1832 tinetxxvui,
616 1790 820 1834 pontificatus
846 1790 946 1822 nostri
972 1800 1056 1822 anno
1082 1800 1116 1822 ιι.

420 1856 477 1882 Dat.
499 1855 542 1881 die
563 1855 576 1881 7
597 1853 709 1880 ianuarii
734 1852 808 1883 1678,
829 1852 921 1887 pontif.
939 1860 1008 1878 aimo
1024 1859 1053 1878 ιι.

705 1996 811 2029 XXIX.

390 2078 553 2112 [inlicitur
583 2076 824 2121 capitularibus
859 2076 888 2108 S.
918 2076 1052 2108 Ioannis
1088 2076 1120 2107 in

432 2132 592 2164 Laterano
613 2130 650 2162 de
684 2129 774 2167 Urbe,
804 2129 860 2161 sub
881 2129 981 2171 poemi
1004 2139 1123 2160 ercom-

432 2184 667 2216 municationis
681 2183 766 2215 lutae
782 2183 959 2214 sententiae
970 2181 1124 2223 Ponufici

432 2240 621 2275 reservatae,
638 2236 807 2267 silentiam
825 2245 944 2274 eornm,
963 2245 1044 2278 (litae
1057 2235 1124 2266 suis

434 2289 587 2333 capilulis
612 2292 758 2331 afficietur
773 2287 791 2321 ¹.

427 2371 436 2395 t
456 2369 537 2395 Plura
557 2367 590 2394 de
610 2367 641 2393 iis
657 2375 725 2402 quae
742 2367 845 2401 agenda
861 2371 923 2393 sunt.
942 2371 969 2394 et
988 2366 1126 2393 tractanda

390 2412 416 2438 iu
437 2411 571 2446 capitulis,
588 2419 635 2445 pro
652 2413 724 2437 recta
741 2411 973 2438 administratione
995 2411 1125 2437 bonorum

391 2456 424 2482 ad
445 2456 567 2482 basilicas
592 2459 619 2481 et
647 2455 801 2489 collegiatas
828 2456 956 2482 ecclesias
975 2456 1126 2482 saeculares

392 2500 469 2527 Urbis
489 2499 687 2535 pertinentium,
709 2500 800 2525 statuit
820 2500 970 2527 Alexander
985 2501 1042 2532 vti,
1060 2502 1126 2526 Con-

391 2545 477 2571 stitut.
498 2551 530 2570 CL
551 2544 610 2577 q(Ul.
634 2543 679 2577 32)
699 2552 768 2578 qu-'le
788 2544 881 2579 incipit
902 2545 958 2572 Pro
978 2545 1125 2572 commissa

392 2593 455 2617 tom.
473 2596 515 2614 xvi
527 2610 532 2620 ‚
550 2596 610 2622 pag.
627 2588 688 2615 fiee,

954 202 1131 227 [imminuit
1156 200 1306 225 ROMANUM

1894 199 1940 227 aa.
1956 198 1984 228 C.
2007 200 2071 231 1073

1331 248 1527 276 Innocentius
1549 249 1626 282 Papa
1645 250 1698 283 XI,

1270 295 1306 320 ad
1326 297 1499 327 perpetuam
1519 295 1562 321 rei
1582 296 1763 323 memoriam.

1193 356 1207 399 ξ
1230 356 1261 388 1.
1290 356 1364 389 Cum
1381 383 1388 396 ‚
1412 357 1493 389 sicut.
1515 357 1724 401 [accepimus,
1755 360 1881 403 saepius
1919 371 2072 395 Canzaeonsa-

1151 409 1322 452 contigerit
1343 410 1427 453 quod
1446 421 1504 453 per
1521 411 1654 444 dilectos
1672 411 1755 445 filios
1776 401 1987 446 ai·ehi-‘¹¹¹¹⁰¹¹¹⁸'

1151 463 1383 505 presbyterum,
1401 473 1459 495 seu
1478 463 1547 495 eius
1565 464 1728 504 vicarium,
1745 472 1775 498 et
1791 476 1882 498 rano-

1152 516 1240 548 nieos
1259 517 1414 548 eeclesiae
1433 516 1463 548 S.
1480 516 1604 549 loannis
1622 518 1653 550 in
1672 519 1829 551 Laterano
1844 519 1883 552 de

1154 568 1248 607 Urbe,
1268 568 1494 610 capitulariter,
1509 574 1543 601 ut
1559 570 1656 603 moris
1674 575 1733 610 est,
1750 581 1885 613 congre-

1153 626 1252 662 gatos,
1272 621 1461 663 capitularia
1486 628 1626 660 tractata,
1649 629 1750 665 gesta,
1769 629 1885 656 statuta

1154 680 1184 706 et
1209 675 1357 706 ordinata
1377 685 1436 717 per
1454 677 1629 708 nonnullos
1650 687 1685 708 ex
1704 677 1822 710 ibidem
1840 678 1885 710 in-

1155 728 1387 760 teressentibus
1413 728 1577 770 publicata
1601 734 1633 761 et
1660 732 1797 764 revelata
1821 731 1887 764 sue-

1155 781 1228 819 rint,
1244 791 1280 813 ae
1295 780 1504 822 publicentur
1518 786 1549 813 et
1562 784 1747 815 revelentur
1761 784 1792 816 in
1809 784 1887 824 dies,

1156 839 1187 866 et
1212 844 1247 865 ex
1274 833 1495 876 publicatione
1514 840 1545 865 et
1562 835 1757 868 revelatione
1779 837 1890 868 huius-

1156 886 1240 919 modi
1266 897 1332 919 non
1358 886 1518 919 modicum
1545 887 1648 920 dictae
1678 889 1832 922 eeclesiae
1858 895 1890 922 et

1156 939 1386 981 capitularibus
1407 940 1560 981 praefatis
1585 940 1710 973 illatum
1734 941 1775 974 sit
1800 952 1891 984 prae-

1156 991 1309 1023 iudicium
1335 997 1366 1024 et
1391 991 1552 1024 atrei-atur:

1200 1044 1214 1086 ἓ
1232 1044 1262 1076 ⁰2.
1283 1044 1355 1082 Nos,
1371 1044 1401 1076 in
1416 1045 1601 1087 praemissis
1620 1051 1804 1089 opportune
1819 1058 1891 1090 pro·
1951 1058 2083 1084 eram-span,

1158 1096 1265 1129 videre
1298 1099 1458 1136 volentes,
1490 1104 1577 1130 motu
1611 1100 1762 1142 proprio,
1790 1106 1821 1133 et
1853 1085 2082 1136 ex{*.¹.'-.'2ii}{}1'‚'''i'.i'sss¹.{

1903 1143 2020 1158 Serventur«-
2033 1140 2083 1161 San.

1158 1152 1243 1181 certa
1257 1149 1387 1182 scientia
1401 1161 1436 1182 ac
1450 1152 1572 1182 matura
1587 1151 1819 1185 deliberatione
1837 1163 1893 1185 no-
1903 1167 1950 1184 cia..
1960 1164 2083 1187 semrom.

1158 1202 1239 1242 stris,
1258 1204 1361 1246 deque
1379 1203 1576 1246 apostolieae
1594 1205 1765 1247 potestatis
1791 1205 1894 1248 pleni·
1904 1193 2084 1247 {tihi-”isf'fffl‘ss‘ssiffss

1160 1256 1281 1293 tudine,
1296 1256 1589 1299 archipresbytero,
1604 1268 1659 1290 seu
1678 1253 1746 1290 eius
1765 1259 1893 1299 vicario,
1906 1245 2039 1293 v¹.=¹ii{1ii'.''¹¹¹¹⁵
2055 1251 2086 1266 η’

1160 1314 1191 1340 et
1216 1308 1380 1341 canonicis
1401 1311 1554 1343 ecelesiae
1580 1311 1783 1351 huiusmodi,
1810 1311 1896 1344 aliis-

1161 1372 1223 1404 que
1249 1362 1503 1405 quibuseumque
1530 1363 1680 1405 personis
1702 1365 1897 1396 eeclesiasti-

1161 1415 1205 1447 eis
1232 1420 1263 1447 et
1289 1415 1534 1455 saecularibus,
1561 1416 1620 1448 etsi
1647 1417 1821 1459 pontificali
1847 1418 1897 1450 vel

1162 1468 1223 1500 alia
1248 1469 1358 1510 quavis
1385 1469 1611 1511 praefulgeant
1643 1470 1810 1512 dignitate,
1841 1471 1898 1513 qui

1162 1521 1304 1563 capitulo
1322 1521 1423 1564 ipsius
1442 1522 1601 1554 eeclesiae
1622 1522 1838 1563 interfuerint,
1858 1533 1899 1555 ne

1162 1574 1201 1606 de
1226 1580 1334 1607 cetero
1361 1575 1529 1618 perpetuis
1558 1576 1675 1607 suturis
1698 1576 1898 1618 temporibus

1163 1626 1194 1658 in
1219 1628 1288 1670 ipso
1314 1627 1455 1670 capitulo
1480 1638 1538 1670 pro
1571 1633 1718 1671 tempore
1752 1633 1897 1668 tractata,

1163 1686 1263 1722 gesta,
1288 1685 1405 1713 statuta
1430 1685 1461 1712 et
1478 1681 1624 1713 ordinata
1641 1681 1806 1724 quibusvis
1823 1692 1898 1724 per-

1163 1733 1252 1764 sonis
1278 1733 1373 1765 tacite
1398 1733 1447 1765 vel
1473 1743 1624 1775 expresse
1649 1744 1707 1776 per
1724 1744 1756 1766 se
1774 1735 1823 1766 vel
1841 1743 1899 1776 per

1163 1785 1259 1817 alium
1285 1796 1341 1817 seu
1369 1786 1450 1817 alios
1476 1786 1597 1828 absque
1630 1786 1732 1828 ipsius
1765 1786 1898 1828 capituli

1164 1837 1291 1870 lieentia
1322 1838 1490 1881 publicare
1515 1841 1564 1871 vel
1589 1840 1733 1872 revelare
1759 1840 1901 1871 audeant

1163 1893 1212 1924 vel
1236 1898 1451 1935 praesumant,
1471 1893 1529 1924 sub
1555 1893 1899 1926 excommunicationis

1164 1946 1246 1977 latae
1272 1945 1460 1985 sententiae,
1479 1956 1496 1977 a
1517 1956 1578 1988 qua
1602 1945 1664 1977 nisi
1682 1956 1741 1988 per
1765 1956 1824 1978 nos
1851 1947 1900 1978 vel

1156 1997 1367 2030 'successores
1382 2004 1508 2030 nostros
1523 2003 1753 2041 praeterquam
1771 1998 1803 2031 in
1820 2009 1902 2031 mor-

1166 2050 1204 2082 tis
1220 2050 1353 2082 articulo
1368 2050 1534 2082 constituti
1549 2051 1670 2083 absolvi
1685 2061 1749 2083 non
1764 2050 1901 2093 possint,

1166 2103 1236 2145 ipso
1263 2103 1345 2135 sacto
1370 2103 1566 2136 incurrenda
1591 2106 1706 2146 poena,
1728 2103 1902 2136 districtius

1166 2155 1353 2187 inhibemus
1371 2166 1406 2187 ae
1422 2156 1637 2199 praecipimus
1655 2162 1686 2189 et
1701 2157 1899 2189 mandamus.

1210 2209 1224 2251 ἓ
1249 2208 1279 2241 3.
1307 2207 1375 2240 Non
1395 2208 1598 2241 obstantibus
1616 2209 1901 2242 constitutionibus
1912 2215 2087 2238 orisianuaiunti.

1167 2268 1197 2295 et
1222 2263 1477 2295 ordinationibus
1507 2263 1702 2306 apostolicis,
1735 2269 1767 2296 et
1797 2264 1901 2297 dictae

1168 2316 1334 2354 eeclesiae,
1355 2316 1451 2348 etiam
1469 2316 1664 2355 iuramento,
1689 2316 1903 2349 confirmatio-

1169 2379 1207 2401 ne
1233 2368 1423 2411 apostolica,
1451 2371 1498 2402 vel
1524 2369 1635 2411 quavis
1666 2369 1814 2402 firmitate
1841 2369 1903 2403 alia

1168 2421 1346 2459 roboratis,
1369 2421 1494 2453 statutis
1520 2427 1551 2454 et
1586 2421 1900 2461 consuetudinibus,

1169 2475 1344 2517 privilegiis
1371 2485 1526 2517 quoque,
1560 2475 1691 2508 indultis
1724 2480 1756 2508 et
1787 2475 1902 2508 litteris

1169 2528 1354 2570 apostolicis
1380 2527 1411 2560 in
1429 2527 1625 2560 eontrarium
1652 2528 1902 2570 praemissorum

1170 2580 1416 2623 quomodolibet
1440 2581 1621 2619 conceesis,
1648 2580 1845 2614 confirmatis
1870 2586 1902 2614 et
