2111 3157
13 206 64 232 fln.
80 203 108 230 C.
131 202 194 232 last

197 250 284 293 quod
310 250 406 282 tertia
432 249 591 282 dominica
622 253 695 292 post
727 248 848 280 Pascha
873 247 933 280 Re-

195 302 406 336 surrectionis
431 302 609 335 dominicae
643 301 790 344 proxime
824 305 934 332 ventu-

195 367 268 389 rum
293 356 452 389 celebrari
478 356 583 394 debet,
611 355 809 398 incipiendo,
837 358 931 395 atque

194 409 238 441 ita
252 409 418 452 perpetuis
438 409 553 440 suturis
571 407 768 450 temporibus
783 407 822 439 de
837 406 932 437 trien-

193 461 248 494 nio
273 461 306 493 in
324 460 498 493 triennium
515 459 744 498 centinuando,
763 458 931 490 celebren-

193 519 269 553 tur,
296 513 356 553 ita,
390 513 538 552 scilicet,
564 518 600 544 ut
624 512 711 544 dieta
743 509 930 543 huiusmodi

193 567 376 600 octodecim
396 565 562 599 mensibus
586 570 658 607 post
676 563 929 597 celebrationem

194 619 425 661 cuiuscumque
450 618 579 661 capituli
605 617 767 659 generalis
796 626 854 658 pro
879 625 929 648 re-

191 672 252 704 bus
277 676 309 703 et
333 671 487 713 negotiis,
521 670 636 713 quibus
661 669 784 702 interea
812 679 929 701 consu-

191 723 327 756 lendum
352 724 467 762 fuerit,
495 728 567 755 ante
594 726 698 754 tamen
724 722 839 754 festum
863 720 928 753 Cir-

191 774 398 808 cumcisionis
423 774 548 807 Domini
569 774 752 807 immediate
778 783 927 815 sequens,

192 833 224 861 et
248 838 314 860 non
339 827 441 866 aliter,
468 826 579 859 haberi
605 826 756 867 deberet,
785 831 815 858 et
838 826 926 865 alias,

191 885 290 924 prout
313 880 346 912 in
370 880 486 913 litteris
515 879 691 923 praefatis,
718 889 855 922 quarum
881 883 926 912 te-

189 943 304 967 norem
330 933 551 976 praesentibus
573 942 633 975 pro
658 933 753 975 plene
779 937 810 965 et
834 932 922 964 sussi-

191 986 314 1019 cienter
338 995 489 1028 expresso
525 990 557 1018 et
580 985 704 1018 inserto
730 985 844 1017 haberi
870 995 925 1018 vo-

189 1040 309 1078 lumus,
328 1038 460 1070 uberius
477 1038 683 1077 continetur,
705 1048 824 1077 verum,
843 1038 925 1070 sicut

190 1091 325 1124 dilectus
350 1090 434 1123 filius
465 1095 658 1133 procurator
682 1090 843 1132 generalis
880 1090 925 1123 di-

190 1147 259 1176 ctae
275 1142 543 1185 Congregationis
573 1142 665 1174 nobis
685 1152 790 1185 nuper
807 1142 922 1185 exponi

190 1194 274 1235 feeit,
296 1205 332 1228 ex
358 1195 534 1227 mutatione
560 1194 712 1237 temporis
732 1195 925 1227 celebratio-

189 1248 240 1280 nis
266 1247 370 1280 dietae
392 1247 588 1286 huiusmodi,
608 1258 691 1290 quae
711 1247 804 1279 tertia
824 1248 925 1280 dorni-

189 1299 261 1332 nica
283 1305 358 1342 post
381 1299 505 1332 Pascha
536 1299 793 1331 Resurrectionis
818 1299 925 1332 Domi-

188 1351 281 1384 nicae
306 1351 464 1385 celebrari
489 1351 625 1391 solebat,
645 1351 828 1384 necessario
852 1362 923 1384 con-

189 1410 342 1447 sequatur
370 1410 404 1437 ut
435 1404 583 1437 nonnulli
608 1404 739 1436 abbates
769 1413 842 1437 suas
873 1415 924 1438 re-

188 1457 340 1490 sidentias
371 1458 582 1496 sexennalcs,
607 1461 638 1489 et
674 1457 794 1499 pariter
823 1457 921 1500 aliqui

187 1510 331 1554 priores,
356 1510 499 1553 magistri
524 1510 734 1551 novitiorum,
763 1511 922 1543 cellerarii

189 1568 221 1596 et
237 1563 290 1597 alii
304 1563 440 1596 ministri
457 1563 724 1605 Congregationis
736 1563 922 1606 praedictae

188 1627 244 1649 sua
266 1616 446 1659 respective
480 1616 659 1648 ministeria
689 1617 858 1649 absolvant
883 1627 921 1649 eo

187 1674 346 1711 tempore,
372 1679 437 1712 quo
462 1679 522 1701 nec
546 1669 722 1711 capitulum
746 1669 898 1711 generale
914 1694 921 1708 ,

187 1731 248 1755 nec
271 1721 356 1754 dieta
380 1721 523 1754 eiusdem
547 1721 815 1764 Congregationis
839 1722 923 1753 cele-

185 1774 320 1813 bretur;
346 1778 441 1817 atque
465 1774 519 1814 ita,
545 1774 630 1813 licet,
657 1774 743 1806 iuxta
768 1773 923 1806 constitu-

186 1826 293 1859 tiones
315 1826 418 1869 ipsius
442 1825 708 1869 Congregationis
732 1826 921 1859 auctoritate

187 1879 366 1921 apostolica
389 1879 604 1919 confirmatas,
626 1890 643 1911 a
659 1879 726 1911 suis
744 1879 920 1922 respective

186 1931 372 1964 residentiis
396 1937 428 1964 et
450 1932 637 1964 ministeriis
661 1932 803 1965 amoveri
826 1932 922 1964 debc-

185 1988 273 2024 rent,
299 1984 332 2017 id
357 1989 464 2017 tamen
489 1983 559 2017 sieri
584 1991 744 2028 nequeat,
772 1995 809 2017 eo
834 1985 921 2027 quod

185 2037 295 2070 nullus
320 2041 394 2069 tunc
418 2037 572 2079 temporis
591 2047 785 2079 congressus
803 2037 920 2070 habea-

188 2094 249 2129 tur,
265 2089 298 2121 in
315 2100 379 2133 quo
400 2090 453 2122 alii
478 2090 524 2122 eis
549 2090 800 2123 substituantur:
827 2089 920 2122 nobis

185 2149 360 2186 propterea
374 2143 476 2176 dictus
489 2149 681 2185 procurator
691 2143 852 2185 generalis
867 2143 921 2174 lin-

185 2195 304 2228 militer
328 2194 504 2238 supplicari
531 2195 604 2228 fecit
627 2200 661 2228 ut
684 2195 717 2227 in
738 2195 920 2238 praemissis

187 2252 370 2291 opportune
384 2248 555 2290 providere
566 2253 597 2281 et
608 2253 643 2280 ut
656 2248 738 2281 infra
751 2247 919 2290 indulgere

785 200 995 224 INNOCENTIUS
1017 201 1047 223 XI
1071 200 1120 223 PP-

978 247 1114 290 aliisque
1130 246 1356 280 ecclesiasticis
1370 248 1551 289 sententiis,
1569 250 1713 282 censuris

975 306 1007 333 et
1031 300 1156 343 poenis,
1185 311 1202 332 a
1222 300 1292 332 iure
1313 301 1361 333 vel
1383 301 1421 332 ab
1440 301 1580 342 homine,
1600 302 1712 344 quavis

975 354 1147 386 occasione
1172 354 1222 385 vel
1243 355 1336 385 causa
1354 354 1436 394 latis,
1455 353 1480 385 si
1498 354 1613 397 quibus
1632 366 1711 397 quo-

973 406 1151 439 modolibet
1178 406 1349 439 innodatus
1369 406 1485 446 existit,
1503 408 1541 440 ad
1564 407 1710 441 effectum

973 458 1194 500 praesentium
1233 459 1398 491 dumtaxat
1421 461 1707 503 consequendum,

973 511 1089 543 harum
1115 511 1198 543 serie
1228 512 1434 544 absolventes
1465 517 1496 545 et
1526 513 1709 546 absolutum

972 564 1038 596 sore
1063 568 1245 603 censentes,
1263 563 1448 597 huiusmodi
1465 565 1709 608 supplicationi-

971 618 1030 650 bus
1056 617 1213 658 inclinati‚
1238 622 1272 648 ut
1298 621 1361 649 tam
1386 617 1518 650 abbates
1551 618 1607 661 qui
1632 630 1706 651 suas

970 669 1175 709 residentias,
1202 680 1298 711 quam
1324 669 1459 711 priores,
1486 671 1630 712 magistri
1656 682 1707 703 no-

969 723 1126 760 vitiorum,
1153 721 1314 754 cellerarii
1339 727 1371 754 et
1394 722 1447 755 alii
1472 723 1610 755 ministri
1628 724 1707 757 Con-

969 774 1168 818 gregationis
1189 774 1351 816 praefatae
1377 774 1432 817 qui
1457 785 1513 807 sua
1529 777 1705 818 respective

968 827 1145 860 ministeria
1169 826 1355 860 sexennalia
1375 836 1412 859 eo
1430 831 1576 869 tempore
1602 828 1706 861 absol-

969 885 1064 919 vent,
1090 890 1154 922 qno
1180 889 1239 911 nec
1264 878 1442 921 capitulum
1467 881 1620 922 generale
1646 891 1705 913 nec

968 933 1055 965 dieta
1086 932 1229 965 eiusdem
1257 931 1525 973 Congregationis
1560 932 1704 965 celebre-

968 992 1027 1027 tur,
1059 985 1091 1018 in
1123 984 1189 1017 suis
1221 984 1399 1026 respective
1430 984 1614 1017 residentiis
1648 995 1703 1018 seu

967 1038 1078 1072 officiis
1098 1042 1128 1070 et
1145 1036 1344 1076 ministeriis,
1363 1047 1464 1079 usque
1483 1037 1522 1069 ad
1541 1041 1615 1069 tunc
1632 1048 1703 1079 pro-

966 1091 1048 1123 xime
1065 1090 1208 1122 futurum
1228 1099 1436 1131 congressum
1454 1089 1587 1132 capituli
1606 1100 1703 1131 gene-

965 1144 1040 1176 ralis
1059 1144 1108 1176 vel
1126 1143 1231 1176 dietae
1246 1141 1430 1174 huiusmodi
1448 1142 1619 1181 dumtaxat,
1631 1152 1702 1175 con-

966 1195 1124 1236 stitnere¹,
1144 1205 1265 1237 suaque
1283 1194 1388 1227 officia
1413 1199 1445 1227 et
1458 1194 1637 1226 ministeria
1654 1205 1702 1227 re-

965 1248 1110 1291 spective
1136 1248 1260 1280 interea
1285 1246 1377 1279 obire
1396 1251 1427 1279 et
1445 1256 1597 1279 exercere
1621 1246 1702 1279 libe-

966 1311 1012 1340 re,
1037 1300 1123 1333 licite
1149 1304 1180 1332 et
1203 1299 1305 1332 valide
1338 1299 1464 1342 possint
1499 1303 1531 1332 et
1561 1300 1698 1338 valeant,

965 1353 1154 1386 auctoritate
1183 1351 1373 1395 apostolica,
1402 1357 1517 1385 tenore
1546 1361 1700 1394 praesen-

966 1407 1056 1447 tium,
1081 1405 1289 1440 concedimus
1311 1410 1343 1438 et
1367 1404 1587 1447 indulgemus.
1607 1405 1700 1437 Prae-

966 1465 1059 1499 terea,
1086 1459 1112 1491 si
1139 1458 1407 1501 quandocumque
1432 1456 1606 1499 contigerit
1631 1457 1701 1489 offi-

965 1512 1048 1545 cium
1081 1510 1302 1554 procuratoris
1332 1509 1492 1552 generalis
1518 1508 1701 1551 Congrega-

965 1564 1059 1597 tionis
1083 1563 1267 1607 praedictae
1293 1567 1382 1594 extra
1407 1567 1531 1605 tempus
1556 1561 1700 1594 celebra-

967 1617 1062 1650 tionis
1088 1616 1221 1659 capituli
1247 1615 1410 1658 generalis
1436 1615 1537 1657 ipsius
1558 1613 1701 1656 Congre-

965 1669 1102 1712 gationis
1128 1678 1249 1707 vacare,
1276 1667 1416 1701 officium
1441 1667 1545 1710 ipsum
1570 1677 1628 1709 per
1650 1666 1700 1699 ab·

964 1723 1072 1755 batem
1088 1720 1276 1754 monasterii
1291 1720 1322 1753 S.
1335 1720 1425 1753 Pauli
1443 1729 1544 1762 prope
1562 1723 1594 1752 et
1611 1723 1701 1751 extra

964 1774 1092 1807 moenia
1112 1774 1204 1807 Urbis
1225 1773 1328 1806 dictae
1347 1771 1616 1814 Congregationis
1640 1781 1700 1815 pro

965 1832 1110 1870 tempore
1137 1826 1325 1859 existentem
1345 1825 1432 1858 iuxta
1449 1824 1698 1858 constitutiones

964 1879 1146 1923 praedictas
1172 1888 1276 1920 usque
1293 1878 1332 1910 ad
1350 1878 1528 1920 capitulum
1548 1878 1699 1919 generale

965 1937 1040 1965 tunc
1064 1931 1208 1975 proxime
1234 1931 1376 1963 futurum
1393 1929 1539 1963 exerceri
1565 1929 1697 1969 debere,

963 1984 1153 2017 anctoritate
1178 1988 1210 2016 et
1235 1988 1348 2016 tenore
1374 1981 1568 2026 praedictis,
1595 1981 1700 2014 decla-

964 2047 1085 2070 ramus.

1006 2090 1021 2132 ἓ
1045 2089 1076 2122 3.
1099 2089 1318 2122 Decernentes
1356 2087 1486 2121 easdem
1510 2090 1699 2130 praesentes

962 2143 1086 2175 litteras
1113 2151 1242 2184 semper
1265 2141 1384 2180 sirmas,
1403 2139 1525 2172 validas
1542 2143 1575 2172 et
1592 2138 1700 2172 effica-

963 2204 1015 2227 ces
1036 2193 1173 2226 existere
1202 2198 1234 2226 et
1265 2193 1342 2232 sore,
1364 2201 1502 2234 suosque
1534 2190 1700 2234 plenarios

964 2252 995 2279 et
1019 2246 1164 2288 integros
1191 2244 1322 2279 effectus
1348 2243 1456 2277 sortiri
1482 2248 1514 2277 et
1537 2243 1700 2285 obtinere,

963 2310 999 2332 ac
1023 2298 1098 2339 illis,
1115 2298 1155 2331 ad
1177 2308 1260 2353 quos
1285 2302 1410 2341 spectat
1426 2301 1458 2330 et
1473 2306 1532 2340 pro
1551 2300 1698 2340 tempore

1606 192 1670 225 385
1715 204 1763 229 An.
1780 203 1808 230 c.
1831 203 1907 232 1581

1736 2093 1856 2117 Ctausutae.

187 2301 226 2334 de
243 2300 444 2343 benignitate
461 2300 638 2343 apostolica
654 2300 874 2342 dignaremur.

6 2357 176 2406 *admfissgffissfflgr
231 2353 245 2396 ‘g'
262 2353 292 2385 2.
311 2353 373 2386 Nos
391 2353 500 2396 igitur,
518 2353 617 2396 ipsius
636 2353 854 2396 procuratoris
871 2363 921 2396 ge-

0 2411 136 2435 praelatorum
156 2405 305 2439 cineratis
323 2406 405 2439 votis
422 2406 482 2438 hac
502 2405 534 2438 in
551 2416 585 2438 re
602 2410 757 2448 quantum
774 2417 844 2439 cum
860 2406 921 2440 Do-

0 2437 273 2515 Ξὲξιῖἓὶἓῇἒέῗῐηὶηο
313 2468 483 2502 possumus
523 2459 744 2492 favorabiliter
779 2470 920 2493 annuere

0 2515 177 2566 {{*‡⁸3¹3¹,‡?m9“⁵⁷
188 2512 344 2551 volentes,
362 2521 501 2554 eumque
522 2522 540 2544 a
557 2511 720 2554 quibusvis
738 2522 922 2545 excommu-

187 2564 359 2599 nicationis
374 2591 382 2605 ,
413 2564 637 2608 suspensionis
671 2571 702 2598 et
735 2565 918 2608 interdicti,

302 2626 377 2656 Bau.
398 2626 482 2655 Rom.
502 2642 536 2647 —
560 2627 618 2658 Vol.
639 2627 715 2657 XIX.
861 2628 892 2656 40

964 2351 1134 2396 spectabit,
1147 2350 1334 2395 plenissime
1347 2349 1525 2393 suffragari,
1541 2354 1572 2383 et
1588 2349 1627 2383 ab
1653 2349 1699 2383 eis

962 2403 1379 2449 respectiveinviolabiliter
1392 2401 1571 2443 observari,
1589 2402 1699 2445 sicque

962 2458 995 2490 in
1020 2456 1206 2501 praemissis
1241 2466 1300 2499 per
1334 2465 1553 2500 quoscumque
1577 2454 1699 2487 iudices

963 2511 1147 2545 ordinarios
1165 2515 1197 2544 et
1210 2510 1390 2553 delegatos,
1411 2509 1506 2544 etiam
1531 2518 1700 2542 causarum

997 2576 1009 2602 1
1030 2573 1144 2602 Videtur
1162 2572 1309 2609 legendum
1324 2572 1473 2602 consistere
1488 2573 1525 2607 (n.
1541 2570 1594 2606 T.)-
