2111 3157
52 195 100 222 Au.
122 194 152 219 C.
173 193 238 220 2⁴85

829 190 1040 215 INNQCENTH'S
1063 192 1092 214 XI
1118 192 1167 215 PP.

243 241 315 275 talis
351 240 593 281 confirmanda,
627 241 684 274 sed
728 240 883 273 cassanda
922 240 974 271 sit.

242 285 369 328 Electus
402 295 546 338 legitime
570 305 636 328 non
661 299 784 327 tantum
807 293 977 326 confirma-

244 347 364 382 tionem
389 358 407 381 a
431 349 539 380 sancta
561 347 643 381 Sede
668 347 855 390 Apostolica
878 351 976 389 petet,

243 400 369 434 ratione
394 399 668 433 monasteriorum
688 401 813 439 horum,
832 409 914 443 quae
932 404 978 431 ta-

243 457 358 486 xantur
374 452 406 485 in
423 453 515 486 libris
525 452 678 486 Gamerae
695 451 977 496 Apostolieae,sed

244 510 277 538 et
305 515 323 538 a
339 504 619 538 reverendissimis
641 505 803 548 episcopis
820 505 977 543 locorum,

244 557 353 600 quoad
372 557 496 600 reliqua
513 567 595 600 quae
622 557 778 589 hactenus
797 557 835 589 ab
853 557 976 590 eisdem

244 609 403 643 eiusmodi
440 608 718 642 confirmationem
753 614 863 652 petere
901 620 977 643 con-

243 666 432 695 sueverunt.
460 662 550 700 Quod
574 662 600 694 si
625 662 657 694 in
681 672 756 694 casu
790 662 977 705 particulari

244 725 262 748 a
286 714 426 758 quodam
451 714 722 748 reverendissimo
740 715 907 758 episcopo,
927 716 976 748 cui

243 778 261 800 a
278 769 386 800 sancta
402 766 485 800 Sede
500 767 682 810 Apostolica
699 768 749 800 ius
768 768 976 801 confirmandi

243 820 393 854 abbatem
410 820 571 853 addictum
589 820 658 859 suit,
675 821 786 853 eadem
807 821 978 853 confirma-

242 873 289 908 tio
313 883 374 917 per
397 874 602 906 neoelectum
619 874 768 906 abbatem
788 873 977 916 obligationi

244 937 319 960 suae
336 926 544 960 conformiter
561 927 660 969 petita
674 927 893 968 denegaretur,
909 927 978 970 ipse

244 980 343 1013 abbas
363 980 403 1012 ab
428 979 613 1012 huiusmodi
630 980 786 1021 denegata
810 980 979 1013 confirma-

243 1032 332 1066 tione
358 1033 524 1076 appellare
553 1032 673 1075 poterit
696 1033 735 1065 ad
761 1038 902 1066 sanctam
927 1033 979 1066 Se-

245 1086 316 1119 dem
342 1085 560 1129 Apostolicam
592 1095 652 1128 pro
686 1085 842 1118 eiusmodi
868 1086 979 1119 contir-

244 1138 394 1172 mationis
426 1142 457 1171 et
486 1137 724 1171 benedictionis
752 1138 851 1181 gratia
883 1139 980 1182 impe-

249 1191 374 1224 tranda.

289 1243 539 1277 Contirmatione
552 1244 682 1288 praevia
693 1245 835 1283 obtenta,
847 1244 891 1277 sic
908 1254 980 1277 con-

244 1295 388 1329 firmatus
423 1296 522 1330 abhas
557 1298 686 1339 plenam
720 1297 767 1329 sui
793 1296 979 1329 monasterii

246 1348 561 1382 administrationem
594 1354 726 1382 eatenus
750 1354 977 1392 consequetur,

244 1406 280 1434 ut
310 1406 417 1434 tamen
451 1401 482 1434 in
503 1401 597 1434 certis
629 1402 818 1445 quibusdam
844 1402 978 1440 casibus,

244 1454 362 1498 partim
383 1454 414 1487 in
440 1454 510 1488 iure
528 1455 702 1497 expressis,
720 1455 837 1498 partim
855 1455 887 1487 in
906 1465 981 1487 con-

245 1507 418 1541 suetudine
448 1512 502 1540 aut
534 1508 691 1549 singulari
717 1507 842 1540 ratione
868 1508 980 1540 sunda-

245 1560 298 1601 tis,
325 1571 520 1594 consensum
538 1561 585 1593 sui
603 1566 791 1601 conventus,
809 1561 892 1593 idest
916 1571 981 1593 ma-

245 1613 323 1646 ioris
358 1613 458 1658 partis
495 1623 605 1646 eorum
644 1613 698 1656 qui
736 1614 904 1646 commode
942 1614 978 1646 ad

245 1665 422 1709 capitulum
446 1666 558 1698 venire
582 1671 730 1709 possunt.
756 1667 921 1709 requirere
950 1672 981 1700 et

247 1719 395 1752 obtinere
421 1719 548 1752 debeat.
575 1719 609 1751 In
635 1720 745 1762 specie
762 1720 800 1752 ad
819 1719 981 1752 alienatio-

246 1782 320 1805 nem
354 1772 513 1805 honorum
550 1771 779 1811 immobilium,
811 1783 918 1805 sacrae
951 1779 982 1805 et

246 1825 408 1869 pretiosae
440 1825 661 1868 supellectilis,
688 1825 904 1868 reliquiarum,
931 1826 980 1858 vel

248 1879 474 1922 antiquitatum
500 1879 605 1920 magni
624 1879 790 1915 momenti,
811 1879 982 1922 scriptura-

246 1942 317 1965 rum
342 1937 374 1964 et
398 1932 665 1965 documentorum
690 1932 885 1971 monasterii,
905 1937 980 1971 etc„

247 1985 314 2017 sive
340 1984 410 2017 talis
436 1985 587 2017 alienatio
605 1984 659 2017 fiat
677 1995 735 2027 per
751 1984 981 2022 venditionem,

248 2038 316 2071 sive
334 2048 393 2081 per
419 2038 681 2077 transactionem,
694 2043 748 2070 aut
773 2039 980 2079 permutatio-

248 2101 331 2129 nem,
359 2089 486 2133 aliquo¹
508 2090 604 2122 modo
630 2100 690 2132 per
715 2100 822 2122 sacros
841 2100 980 2122 canones

249 2149 281 2177 et
304 2143 550 2176 constitutiones
575 2143 770 2185 apostolicas
798 2143 882 2174 inter
907 2143 981 2175 nlie-

248 2197 398 2229 nationes
422 2196 603 2239 prohibitas
627 2201 807 2229 numerato.

293 2250 465 2282 Praeterea
490 2259 664 2282 consensus
698 2249 910 2292 requirendus
935 2254 983 2281 est

250 2303 288 2336 ad
315 2303 499 2335 debitorum
524 2302 553 2334 in
573 2304 687 2343 magna
713 2304 835 2334 summa
860 2307 983 2334 contra-

250 2355 403 2395 ctionem,
430 2354 615 2388 monasterii
641 2355 731 2387 novis
757 2354 906 2387 censibus
932 2364 982 2386 au-

251 2408 433 2441 niversariis
459 2408 594 2451 aliisque
630 2408 780 2449 gravibus
812 2413 843 2440 et
873 2418 984 2451 perpe-

254 2461 316 2494 tuis
341 2460 592 2503 obligationibus
617 2460 847 2498 onerationem,
869 2460 983 2503 quibus

254 2519 466 2548 accensentur
491 2523 571 2546 nova
603 2513 774 2553 aedificia,
809 2513 892 2545 unde
919 2524 985 2546 mo-

289 2576 301 2602 ¹
324 2574 422 2601 Forsan
439 2575 553 2609 alioque
576 2583 623 2608 pro
638 2575 735 2608 aliquo
753 2574 855 2608 lesend.
878 2575 914 2605 (u.
936 2575 972 2605 τ.)

345 2628 423 2655 Rau.
448 2629 528 2654 nom.
545 2644 578 2648 —-
599 2629 658 2654 Vol.
678 2628 751 2656 XIX.
901 2628 934 2655 82

390 2684 406 2699 δ

1019 240 1151 272 nasterii
1175 237 1419 282 depauperatio,
1436 237 1561 281 ipsique
1579 235 1751 269 conventui

1019 293 1161 325 desectus
1197 292 1456 325 necessariorum
1491 290 1583 334 sequi
1620 295 1750 332 posset:

1019 345 1081 377 hoc
1104 345 1240 388 insuper
1264 346 1447 384 observato,
1474 349 1519 383 ut,
1533 343 1749 386 quandocum-

1019 408 1081 440 que
1107 398 1145 430 de
1167 397 1362 430 alienatione
1388 398 1437 430 vel
1462 396 1661 439 obligatione
1693 405 1753 438 per

1020 459 1126 483 sacros
1150 460 1289 484 canones
1316 456 1347 483 et
1362 449 1606 483 constitutiones
1630 454 1754 491 aposto-

1019 503 1096 536 licas
1115 503 1284 536 interdicta
1308 508 1428 545 agetur,
1448 502 1542 535 etiam
1567 501 1753 544 beneplaci-

1019 561 1085 589 tum
1097 556 1187 589 Sedis
1197 557 1401 599 Apostolicae
1412 557 1550 599 desuper
1559 555 1751 589 obtineatur.

1062 610 1197 652 Insuper
1220 609 1314 642 etiam
1339 619 1410 641 cum
1435 619 1596 642 consensu
1614 618 1753 641 conven-

1019 667 1068 695 tus
1087 662 1306 704 expediendae
1325 666 1400 694 sunt
1415 661 1694 704 praesentationes
1713 662 1753 694 ad

1019 715 1189 758 parochias
1202 716 1252 748 vel
1268 714 1436 753 beneficia,
1454 714 1480 746 si
1496 714 1626 757 quidem
1645 715 1752 758 inspa-

1021 772 1166 800 tronatus
1195 777 1261 799 non
1293 767 1331 800 ad
1365 767 1514 799 abbatem
1540 767 1663 806 solum,
1696 767 1754 799 sed

1020 820 1234 853 communiter
1269 819 1307 851 ad
1348 819 1580 851 monasterium
1616 825 1752 862 spectat.

1019 874 1097 906 ltem
1122 875 1366 906 concessionem
1391 871 1473 904 tituli
1499 882 1647 910 mensae,
1673 872 1757 904 sicut

1021 927 1116 961 etiam
1150 927 1301 960 admissio
1333 926 1528 960 novitiorum
1560 926 1598 959 ad
1630 926 1756 969 profes-

1021 980 1154 1020 sionem,
1181 985 1242 1013 etc.
1270 980 1339 1012 Alia
1364 978 1497 1011 minoris
1521 979 1674 1011 momenti
1701 989 1758 1011 ue-

1021 1033 1116 1076 gotia,
1142 1034 1227 1066 unde
1253 1038 1359 1065 tamen
1377 1032 1553 1075 periculum
1572 1033 1621 1064 vel
1639 1031 1759 1064 incom-

1021 1086 1151 1119 modum
1186 1085 1382 1118 monasterio
1407 1085 1500 1128 sequi
1525 1090 1656 1128 posset,
1684 1095 1757 1118 cum

1023 1140 1156 1174 consilio
1182 1146 1360 1172 conventus
1386 1139 1587 1181 expedienda
1612 1144 1699 1177 sunt,
1726 1143 1759 1171 et

1022 1193 1053 1226 id
1072 1193 1157 1236 quod
1174 1193 1284 1226 utilius
1302 1192 1475 1224 iudicatum
1496 1191 1594 1223 suerit
1611 1201 1647 1224 ex
1666 1201 1759 1234 prae-

1022 1246 1141 1289 scripto
1167 1251 1295 1278 sanctae
1315 1246 1448 1286 regulae
1467 1243 1588 1277 resolvi
1610 1243 1756 1276 debebit.

1022 1299 1059 1331 Et
1076 1299 1216 1341 quidem,
1235 1309 1260 1330 Sl
1278 1309 1372 1330 causa
1389 1297 1493 1340 gravis
1513 1303 1542 1329 et
1563 1297 1757 1339 periculosa,

1022 1351 1143 1383 etiamsi
1171 1361 1207 1383 ex
1234 1350 1272 1382 iis
1298 1361 1379 1393 quae
1405 1350 1443 1383 de
1470 1350 1540 1382 iure
1562 1360 1758 1382 consensum

1022 1404 1190 1446 requirunt
1215 1414 1277 1436 non
1312 1404 1371 1442 sit,
1399 1408 1506 1436 tamen
1543 1403 1758 1435 contbrmiter

1022 1462 1150 1489 sanctae
1181 1457 1312 1498 regulae
1351 1461 1416 1489 tota
1449 1456 1659 1497 congregatio
1692 1466 1759 1488 mo-

1022 1509 1153 1541 nasterii
1176 1509 1381 1542 convocanda
1396 1508 1635 1550 etsingulorum
1655 1508 1760 1540 consi-

1023 1561 1063 1594 lia
1078 1561 1238 1594 audienda
1253 1566 1336 1600 sunt,
1351 1561 1425 1603 quia
1440 1571 1534 1603 saepe
1546 1560 1628 1593 Deus
1644 1560 1759 1593 iuniori

1023 1616 1163 1654 revelat,
1191 1614 1274 1657 quod
1312 1614 1426 1646 melius
1452 1618 1511 1645 est.
1539 1613 1656 1646 Causae
1682 1623 1758 1646 vero

1024 1667 1160 1700 leviores
1186 1667 1305 1699 rectius
1331 1666 1416 1698 inter
1440 1677 1570 1708 paucos,
1587 1666 1671 1699 idest
1688 1676 1760 1698 cum

1024 1721 1169 1764 patribus
1195 1719 1377 1752 senioribus
1401 1720 1632 1757 consulantur,
1659 1719 1761 1751 cuius-

1024 1773 1109 1805 modi
1135 1778 1308 1804 censentur
1333 1771 1407 1813 (nisi
1434 1772 1690 1804 extraordinaria
1713 1783 1761 1804 ra-

1026 1826 1068 1858 tio
1093 1824 1259 1858 dubitandi
1285 1825 1333 1857 vel
1359 1824 1530 1857 laudabilis
1561 1825 1759 1858 consuetudo

1025 1879 1112 1911 aliud
1138 1879 1281 1920 suadeat)
1315 1877 1508 1910 novitiorum
1535 1878 1572 1910 ad
1599 1884 1761 1909 monaste-

1026 1932 1108 1963 rium
1134 1931 1306 1973 susceptio,
1333 1930 1465 1962 fratrum
1485 1931 1524 1962 ad
1550 1940 1657 1962 sacros
1676 1930 1761 1962 ordi-

1026 1995 1081 2017 nes
1117 1983 1296 2022 admissio,
1334 1989 1396 2016 etc.
1431 1982 1597 2016 Graviores
1630 1993 1759 2025 quoque

1026 2048 1171 2070 excessus
1197 2048 1267 2069 cum
1294 2036 1430 2069 consilio
1463 2036 1625 2069 seniorum
1652 2046 1762 2068 emen-

1026 2091 1142 2123 dentur
1167 2095 1199 2122 et
1224 2090 1417 2133 puniantur,
1443 2089 1501 2121 nisi
1529 2088 1682 2121 delictum
1708 2099 1761 2121 oc-

1025 2144 1164 2178 cultum,
1190 2143 1240 2175 vel
1274 2142 1335 2174 alia
1366 2141 1568 2173 rationabilis
1600 2151 1694 2173 causa
1720 2141 1762 2173 sit

1026 2202 1056 2229 et
1080 2196 1226 2228 abbatem
1253 2200 1377 2227 moveat
1402 2196 1459 2226 sua
1484 2194 1672 2226 auctoritate
1691 2193 1759 2227 sine

1027 2251 1113 2281 mora
1139 2249 1187 2280 vel
1214 2247 1349 2279 aliorum
1376 2245 1537 2288 praescitu
1565 2246 1757 2288 procedere.

1025 2300 1240 2342 Singulariter
1265 2298 1501 2332 observandum
1524 2303 1619 2340 atque
1638 2298 1761 2330 abbati-

1026 2355 1084 2386 bus
1116 2359 1242 2385 nostrae
1277 2351 1546 2394 congregationis
1584 2351 1761 2384 cavendum

1027 2406 1107 2444 erit,
1134 2417 1173 2437 ne
1197 2415 1341 2437 reuuiuis
1369 2403 1557 2436 monasterii
1589 2403 1760 2435 immodice

1028 2459 1058 2491 in
1080 2461 1258 2500 superfluos
1293 2458 1427 2489 famulos
1458 2457 1506 2489 vel
1538 2467 1660 2499 equos,
1686 2457 1761 2487 item

1027 2511 1195 2553 splendida
1210 2510 1367 2548 convivia,
1382 2509 1612 2547 recreationes,
1624 2509 1671 2541 rel
1684 2509 1760 2540 alias

1028 2565 1067 2596 ad
1092 2566 1199 2596 luxum
1224 2569 1256 2595 et
1272 2562 1390 2595 fastum
1412 2562 1648 2606 expendantur.
1672 2560 1761 2593 Unde

1647 178 1709 211 itti}
1756 187 1804 212 An.
1822 187 1852 215 c.
1874 186 1939 213 seso
