2111 3157
845 172 938 195 {anax
965 172 1067 195 nanum
1615 164 1671 197 981

179 222 310 255 Ioannes
333 233 351 254 a
375 223 628 256 Praesentatione
654 223 788 256 vicarius
814 223 970 266 generalis
1001 224 1135 256 fratrum
1160 224 1430 258 Discalceatorum
1462 224 1720 268 [long-rogationis

266 274 434 318 Hispaniae
458 275 592 307 fratrum
616 275 829 308 Eremitarum
853 277 883 309 S.
908 276 1085 318 Augustini,
1111 275 1174 308 967
1200 276 1227 308 b.

179 327 310 361 Ioannes
334 326 472 370 Baptista
487 327 626 369 Lasagna
643 328 819 370 praefectus
843 328 1001 371 generalis
1026 328 1286 371 Congregationis
1311 329 1499 362 clericorum
1525 329 1719 371 regularium

267 379 513 412 Ministrantium
538 379 687 420 Infirmis,
713 379 778 413 594
801 381 829 413 b.

177 432 310 466 loannes
334 432 506 464 Matthaeus
531 431 718 472 Felicianus‚
741 432 838 464 abbas
856 433 1011 475 generalis
1035 433 1296 476 Congregationis
1316 433 1574 467 Silvestrinorum
1596 434 1721 467 Ordinis

265 485 295 518 S.
320 484 490 524 Benedicti,
515 484 579 517 437
603 495 635 517 a.

178 538 302 571 loannis
326 538 384 580 (S.)
409 537 626 580 Evangelistae
650 537 793 569 canonici
819 538 982 580 regulares
1007 538 1038 570 in
1064 538 1266 580 portugallia,
1293 538 1355 571 0207
1381 550 1410 572 a.

177 589 301 623 loannis
325 590 382 633 (S.)
409 590 440 622 in
463 591 616 623 Laterano
640 589 679 622 de
704 589 789 622 Urbe
813 590 961 630 ecclesia,
988 590 1027 622 702
1059 591 1088 629 b;
1114 591 1342 634 capitularibus
1379 592 1527 625 indicitur
1559 593 1719 625 silentium

266 643 304 675 de
329 643 366 676 iis
391 652 471 686 quae
495 643 526 675 in
551 642 698 685 capitulis
721 647 869 684 aguntur,
894 643 973 676 ibid,

179 695 292 739 Ioseph
310 696 380 739 (S),
397 696 468 728 vide
484 695 666 727 Patronum.

179 747 305 791 Iosephi
332 748 389 791 (S.)
414 748 638 790 Congregatio‚
662 748 734 780 vide
759 747 970 791 Congregatio
995 749 1025 782 S.
1052 749 1186 793 losephi.

177 800 290 844 Ioseph
314 801 461 833 Ximenes
486 800 673 843 Samaniego
698 800 823 833 Ordinis
847 801 1004 833 Minorum
1030 801 1173 834 minister
1197 803 1366 845 generatis,
1394 804 1435 837 45
1460 816 1495 844 a,
1521 804 1584 837 0218
1610 816 1639 837 α.

177 853 350 886 Iubilaeum
375 853 552 886 universale
576 853 615 885 ad
639 853 872 896 implorandam
908 854 1046 887 divinam
1076 865 1168 898 opem
1200 865 1259 898 pro
1291 855 1448 889 Ecclesiae
1479 857 1719 891 necessitatibus

264 911 339 939 tunc
363 906 600 939 imminentibus
624 907 734 939 indicit
757 906 958 940 Innocentius
975 907 1026 947 xl,
1044 906 1108 939 417
1133 918 1153 939 a
1177 912 1206 939 et
1229 918 1291 950 seq.
1312 918 1318 946 ;
1344 908 1457 940 iterum
1482 908 1520 941 ad
1545 909 1718 952 imploran-

264 959 339 991 dum
364 959 505 992 divinum
529 960 679 992 auxilium
715 965 824 992 eontra
848 960 976 1000 Turcas,
994 960 1052 993 501
1077 971 1097 993 α
1114 966 1220 1003 etseq.

175 1010 354 1044 lurisdictio
385 1021 444 1055 pro
476 1011 668 1055 excipiendis
699 1012 951 1045 confessionibus
984 1013 1193 1045 saecularium
1226 1013 1258 1045 in
1287 1014 1427 1046 ecelesiis
1453 1017 1719 1049 monasteriorum

264 1065 294 1097 S.
312 1064 522 1097 Scholasticae
539 1070 569 1097 ct
588 1065 617 1098 S.
634 1065 762 1108 Specus,
779 1065 923 1097 abbatiae
940 1065 1121 1098 Sublacensi
1143 1065 1315 1106 unitorum,
1332 1067 1395 1110 peti
1412 1067 1505 1101 debet
1522 1079 1538 1100 a
1556 1069 1717 1102 monachis

263 1117 296 1149 in
320 1117 444 1161 scriptis
468 1128 486 1149 a
509 1118 627 1151 vicario
651 1118 791 1161 generali
816 1118 938 1150 abbatis
963 1119 1235 1157 commendatarii⁷
1264 1120 1304 1152 17
1325 1131 1345 1153 a
1374 1125 1403 1153 et
1422 1131 1502 1164 seq.;
1529 1122 1602 1155 item
1628 1132 1718 1155 casus

264 1171 303 1203 ab
329 1171 398 1214 ipso
421 1176 599 1204 reservatos
623 1171 802 1211 observare,
822 1171 899 1203 ibid.

176 1223 226 1256 lus
248 1223 431 1256 nominandi
457 1234 624 1266 personam
650 1223 795 1256 idoneam
820 1223 858 1255 ad
884 1223 1048 1255 eeclesiam
1074 1224 1264 1266 Alhiensem,
1290 1226 1362 1258 licet
1387 1227 1416 1259 in
1443 1230 1716 1272 metropolitanam

264 1281 413 1316 erectam,
431 1276 548 1309 Galliae
565 1276 695 1318 regibus
718 1276 861 1308 illaesum
886 1277 1077 1309 remansisse
1095 1277 1284 1318 declaratur,
1306 1278 1342 1310 tt
1356 1279 1372 1311 'r
1388 1290 1424 1318 α;
1448 1279 1520 1313 item
1546 1281 1593 1313 ius
1619 1284 1718 1315 nomi-

263 1328 358 1360 nandi
383 1329 579 1371 capellanum
605 1339 663 1371 pro
688 1329 820 1361 ecelesia
845 1329 874 1361 S.
900 1329 1005 1361 Gallae
1030 1329 1116 1362 Livio
1136 1329 1207 1362 duci
1233 1330 1448 1364 Odeschalclio
1480 1333 1610 1377 eiusque
1640 1346 1714 1368 suc·

264 1381 442 1414 cessoribus
467 1380 661 1422 conceditur,
687 1380 750 1414 676
775 1392 795 1414 α
820 1387 851 1414 et
874 1392 934 1424 seq.

176 1433 411 1477 Iuspatronatus
436 1434 467 1465 in
491 1433 625 1466 ecclesia
651 1433 821 1466 cathedrali
847 1434 877 1467 S.
905 1434 1075 1468 Salvatoris
1099 1435 1294 1468 Brasiliensis
1320 1436 1530 1480 Portugalliae
1559 1450 1649 1482 reges
1681 1452 1717 1474 ex

263 1487 430 1530 privilegio
444 1487 620 1529 apostolico
637 1487 821 1526 obtinuisse,
839 1486 858 1518 -5
876 1487 913 1525 b;
932 1487 1079 1530 idemque
1096 1486 1126 1519 in
1143 1487 1253 1520 eadem
1267 1489 1410 1529 ecclesia,
1428 1490 1500 1523 licet
1517 1491 1547 1523 in
1563 1499 1719 1537 metropo.

265 1540 392 1572 litanam
418 1542 532 1579 erecta,
557 1539 768 1582 Portugalliac
788 1549 879 1581 reges
903 1539 1047 1572 obtinere
1066 1539 1214 1580 decrevit,
1233 1540 1251 1573 7
1269 1552 1309 1580 α;
1328 1541 1560 1586 iuspatronatus
1581 1551 1610 1580 et
1630 1558 1719 1590 prae-

266 1592 407 1625 sentandi
433 1602 583 1635 personas
619 1592 748 1625 idoneas
785 1597 849 1624 tum
886 1592 925 1624 ad
960 1592 1186 1636 episcopatum,
1212 1599 1276 1626 tum
1310 1594 1349 1626 ad
1383 1595 1460 1628 alias
1484 1597 1651 1640 dignitates
1688 1608 1718 1634 et

266 1645 420 1678 beneficia
444 1645 595 1678 ecclesiae
619 1644 649 1678 S.
667 1645 836 1678 Salvatoris
861 1645 898 1677 de
923 1645 1043 1687 Olinda,
1060 1645 1188 1688 regibus
1206 1646 1416 1689 Portugalliae
1441 1650 1605 1693 concessit,
1624 1652 1660 1685 Μ
1686 1665 1716 1693 α;

264 1698 349 1730 haud
365 1698 519 1738 absimile,
536 1697 638 1741 quoad
655 1697 818 1731 ecclesiam
843 1698 873 1730 S.
894 1697 1067 1731 Sebastiani
1092 1698 1123 1730 in
1147 1708 1247 1742 regno
1267 1699 1426 1741 Brasiliae,
1447 1702 1564 1735 eisdem
1589 1705 1717 1747 regibus

265 1751 382 1791 annuit,
404 1751 445 1783 15
469 1751 505 1790 b;
530 1751 670 1794 aequale,
694 1751 797 1794 quoad
823 1751 987 1784 ecclesiam
1012 1751 1042 1784 S.
1067 1751 1216 1785 Ludovici
1240 1753 1279 1786 de
1302 1754 1501 1797 Maragnauo,
1531 1757 1649 1790 eisdem
1675 1759 1717 1792 in-

266 1803 381 1844 dulsit,
406 1803 447 1836 59
476 1804 514 1843 b,
547 1804 764 1847 supradictum
789 1804 1022 1847 iuspatronatus
1048 1815 1084 1837 ex
1109 1805 1268 1839 dotatione
1293 1812 1323 1839 et
1347 1807 1527 1842 fundatione
1552 1810 1716 1854 Portugal-

266 1857 327 1889 liae
351 1857 478 1900 regibus
503 1862 685 1900 competere
717 1857 909 1897 declaravit,
934 1857 976 1889 60
1000 1868 1037 1896 a;
1063 1857 1145 1890 idem
1171 1859 1219 1891 ius
1239 1859 1271 1891 in
1294 1860 1432 1903 hospitio
1449 1861 1479 1894 S.
1500 1861 1604 1895 Gallae
1629 1863 1716 1898 Livio

267 1908 339 1941 duci
371 1908 597 1949 Odeschalcho,
621 1908 751 1952 eiusque
780 1909 1016 1942 successoribus
1048 1911 1229 1951 reservavit,
1245 1911 1309 1944 676
1334 1923 1353 1945 a
1379 1918 1407 1945 et
1432 1924 1514 1956 seq.;
1540 1916 1714 1957 praefatum

267 1961 326 1994 sub
350 1961 436 1994 nulla
460 1962 664 2004 derogatione
689 1962 915 2005 comprehendi
941 1963 1048 2003 voluit,
1066 1962 1129 1996 678
1154 1975 1174 1997 a
1199 1970 1229 1997 et
1254 1976 1315 2008 seq.

181 2278 375 2311 Lauretanae
399 2279 499 2311 almae
524 2278 640 2311 Domus
665 2278 914 2316 confraternitas,
941 2278 1012 2309 vide
1035 2277 1287 2310 Consi-aternitas.
1329 2279 1332 2281 ’

181 2331 320 2365 Lectoris
343 2332 434 2365 titulo
454 2331 593 2364 contenti
609 2331 745 2364 Minores
761 2331 799 2363 de
815 2329 1020 2363 Observantia
1036 2329 1181 2363 doctores
1205 2335 1235 2364 et
1255 2331 1395 2373 magistri
1415 2333 1519 2365 vocari
1544 2333 1714 2374 desierunt,

270 2384 335 2417 2026
360 2384 376 2417 b
400 2390 431 2417 et
454 2396 516 2428 seq.

182 2437 331 2479 Legatum
356 2437 525 2481 quoddam,
550 2436 723 2470 Minoribus
742 2436 780 2468 de
798 2435 1003 2469 observantia
1023 2436 1099 2468 olim
1117 2436 1320 2480 adscriptum,
1338 2437 1376 2470 ad
1399 2437 1533 2472 Minores
1554 2439 1715 2473 Reforma-

272 2496 320 2523 tos
336 2491 465 2523 minime
484 2491 643 2534 pertinere
659 2490 798 2522 declarat
815 2489 965 2530 Pontifex,
983 2488 1025 2521 39
1046 2489 1062 2521 b
1082 2494 1112 2521 et
1128 2500 1189 2533 seq.

182 2543 360 2587 Leopoldus
385 2545 597 2577 Rornanorum
624 2554 678 2576 rex
703 2542 734 2575 in
758 2543 981 2585 imperatorem
1006 2542 1122 2576 electus
1156 2543 1378 2577 instantissime
1412 2546 1612 2578 commendat
1644 2545 1715 2578 Sedi
