2111 3157
118 169 164 195 ,1.1.
182 168 211 195 1;.
236 169 301 196 test
347 161 412 194 5611.

130 1865 157 1885 Dc*
170 1868 285 1885 oeconomo

103 1891 207 1912 dreanall.

306 224 398 259 nant,
425 224 458 251 ut
485 218 578 251 facile
604 216 743 250 inveniri
768 215 904 259 possint.
932 213 1045 246 Simili-

305 276 354 304 ter
379 277 509 304 servent
534 270 716 303 distinctam
743 273 774 301 et
798 268 979 301 ordinatam
996 277 1045 299 re-

305 324 511 366 gisti-amram
537 323 622 356 circa
644 328 712 354 3013
730 321 778 353 sui
797 320 893 353 officii
919 319 1043 362 publici

305 377 349 419 (si
379 378 410 410 id
435 377 527 409 simul
553 375 734 418 gesserint)
768 375 807 407 ab
829 374 918 406 eain
947 384 1042 417 quani

304 437 372 463 aeta
398 429 533 462 instituti
559 428 727 471 oportebit
751 427 875 460 referri.

347 493 453 516 cxxxv.
481 483 557 514 Post
575 481 701 523 singula
718 479 888 519 sexennia,
910 480 944 512 in
961 479 1042 512 locis

299 536 354 567 ubi
387 536 587 567 decanorum
624 533 760 566 mutatio
795 532 890 565 solita
923 537 980 570 est,
1007 531 1040 563 iii

300 593 461 620 conventu
495 586 642 619 decanali
678 585 868 628 superiores
899 595 960 628 pro
985 584 1039 616 tali

300 640 446 673 districtu
485 639 651 673 constituti
687 643 875 671 mutentur:
901 638 933 670 in
966 637 1037 670 aliis

298 694 389 733 locis,
417 694 470 726 ubi
497 693 560 726 lioc
585 703 722 725 munere
755 697 916 735 perpetuo
950 691 1038 734 fungi

297 747 422 785 solent,
445 746 563 789 elapsis
589 745 682 778 dictis
709 745 813 784 annis,
839 744 966 787 quoties
991 754 1039 776 ra-

296 798 498 831 tionabiliter
522 798 625 830 visum
642 798 755 836 fuerit,
775 797 962 830 confirmari
981 807 1038 839 po-

296 857 417 884 terunt.
453 852 696 885 Constituentur
730 861 808 884 vero
841 861 858 883 3
886 850 1037 894 praeside

297 905 501 944 dioecesano,
516 904 571 936 ubi
587 904 879 947 correspondentia
895 913 961 936 non
979 907 1037 941 est,

297 958 385 1000 quod
410 958 542 990 domum
563 957 741 990 iuventutis
769 961 801 989 et
825 956 1035 989 emeritorum

296 1011 329 1043 in
348 1013 413 1043 una
430 1010 666 1043 arcliidioecesi
683 1021 691 1051 ;
709 1010 764 1042 ubi
782 1019 859 1042 vero
877 1008 1036 1042 eiusmodi

295 1062 591 1107 correspondentia
616 1068 678 1103 est,
697 1073 833 1106 praeses
858 1061 1037 1094 archidioe-

294 1126 431 1149 cesarius
456 1116 597 1155 eosdem,
620 1121 745 1149 servato
763 1115 878 1148 ordine
896 1114 1035 1148 etmodo

294 1169 424 1207 debito,
462 1167 708 1202 constituent¹2
741 1168 795 1212 qui
832 1167 950 1201 deinde
986 1178 1036 1200 30-

294 1223 410 1266 ceptati
437 1234 454 1255 3
479 1223 762 1256 reverendissimis
783 1221 924 1255 dominis
943 1220 1036 1254 Ordi-

293 1275 394 1307 nariis
421 1275 497 1315 suis,
523 1275 647 1308 eisdem
673 1275 760 1307 iuxta
786 1274 957 1309 formulam
983 1285 1035 1306 su-

293 1328 404 1370 perius
430 1328 559 1361 citatam
577 1338 637 1371 per
661 1328 879 1360 iuramentum
897 1337 932 1360 se
957 1327 1035 1360 obli-

295 1381 428 1423 gabunt.
448 1381 482 1413 ln
507 1391 582 1413 casu
608 1391 672 1424 quo
694 1381 834 1413 decanus
854 1385 1033 1423 perpetuus

294 1436 336 1467 ob
362 1434 594 1477 negligentiam
618 1434 669 1466 vel
695 1434 782 1466 aliud
809 1434 958 1466 instituto
986 1433 1034 1466 in-

294 1487 466 1520 tolerabile
492 1487 646 1519 delictum
671 1486 843 1519 mutandus
870 1486 960 1526 soret,
987 1486 1035 1519 in-

293 1540 387 1573 terim
413 1545 519 1572 tamen
551 1544 587 1571 111
618 1539 657 1572 311
690 1539 798 1572 officio
823 1539 955 1582 publico
980 1540 1034 1572 de-

293 1598 435 1636 ponatur
460 1592 629 1625 commode
656 1592 797 1625 obtineri
823 1602 886 1625 non
912 1592 1033 1635 possit,

294 1646 481 1688 superiores
508 1645 663 1688 privatam
695 1645 909 1679 directionem
935 1650 1034 1677 51310-

294 1703 344 1730 130
363 1698 553 1740 disciplinae
580 1697 676 1729 huius
701 1697 838 1729 instituti
864 1697 896 1729 in
923 1708 1033 1740 quem-

294 1762 431 1793 cumque
458 1750 654 1784 habiliorem
690 1751 871 1793 paroclium
902 1751 952 1783 vel
977 1750 1033 1782 be-

295 1804 479 1837 neficiatum
505 1804 591 1837 illius
617 1804 780 1836 districtus
807 1804 1015 1836 transferent.

341 1867 461 1891 cxxxvi.
484 1857 602 1889 Omnes
626 1856 856 1899 parochiarum
882 1856 1034 1889 aliorum-

297 1921 358 1953 que
384 1911 531 1942 locorum
557 1909 740 1949 oeconomi,
772 1909 811 1941 ab
842 1919 908 1942 uno
941 1909 1034 1942 deca-

297 1963 361 1996 nali
387 1973 580 2002 oeconomo,
615 1962 668 2005 qui
703 1961 890 1995 huiusmodi
923 1971 1033 1994 rerum

298 2016 575 2049 administratione
596 2015 814 2058 prudentiam,
828 2014 1034 2048 sedulitatem

299 2074 330 2101 et
354 2069 579 2103 dexteritatem
614 2068 733 2101 babere
765 2072 930 2109 noscatur,
958 2067 1035 2100 diri-

300 2127 432 2164 gentur3
453 2122 506 2164 qui
524 2121 711 2163 vigilantem
738 2122 866 2153 oculum
884 2121 1032 2161 habebit,

299 2180 333 2207 111
346 2186 411 2207 000
424 2180 546 2208 tantuin
562 2174 592 2206 111
605 2175 699 2207 domo
714 2173 892 2217 superioris
904 2174 1037 2206 decana-

301 2228 349 2267 lis,
376 2228 431 2260 sed
456 2233 491 2259 ut
514 2227 620 2260 ubivis
640 2227 749 2260 omnia
766 2232 852 2260 recte
870 2227 1033 2260 ordinent.

346 2290 480 2313 cxxxvii.
510 2281 554 2315 Ad
593 2291 665 2312 eum
703 2280 799 2313 finem
837 2280 967 2323 saepius
1004 2281 1035 2313 in

304 2342 395 2372 anno,
421 2338 517 2375 prout
541 2343 695 2375 praesens
720 2333 895 2366 necessitas
920 2337 952 2365 et
975 2333 1037 2364 uti-

303 2385 377 2417 litas
401 2385 544 2427 requirit„
579 2386 617 2417 ad
653 2386 781 2428 singula
813 2386 883 2418 loca
914 2385 1035 2424 veniet,

306 2437 343 2469 ad
369 2438 633 2479 cognoscendum
652 2439 807 2482 cuiusque
826 2438 1037 2472 oeconomiae

342 2552 352 2580 1
375 2551 483 2579 Videtur
503 2552 643 2588 legendum
664 2554 815 2582 constituet
832 2554 871 2588 (n.
888 2553 936 2589 T.)-

888 165 1068 191 BULLAniUM
1091 164 1243 189 ROMANUM

1087 218 1217 251 statum,
1233 216 1263 244 et
1278 211 1316 244 ad
1334 211 1497 250 desectus,
1515 210 1539 243 si
1558 210 1611 253 qui
1637 215 1821 249 occurrant,

1086 270 1209 298 mature
1234 264 1467 297 emendandos.
1493 263 1528 296 In
1553 264 1713 296 defectum
1730 274 1824 297 oeco-

1086 317 1181 357 nomi,
1209 317 1277 360 ipse
1304 317 1400 349 huius
1426 316 1590 349 districtus
1614 317 1766 359 superior
1789 317 1823 350 id

1086 370 1264 412 praestabit
1288 380 1347 413 per
1368 380 1401 402 se
1426 369 1514 412 quod
1533 379 1593 412 per
1609 379 1823 403 oeconomum

1085 423 1124 455 ab
1149 434 1188 456 eo
1207 423 1448 466 dependentem
1465 422 1623 465 praestari
1645 422 1822 463 (1011015501,

1085 477 1202 516 donec,
1219 477 1315 509 rebus
1335 476 1450 508 melius
1475 475 1644 516 ordinatis,
1663 476 1725 509 alia
1749 486 1822 519 per·

1084 540 1164 562 sona
1190 540 1248 572 pro
1266 528 1328 562 1100
1346 528 1453 563 officio
1474 528 1535 572 ipsi
1554 527 1685 571 adiungi
1703 530 1818 572 possit.

1127 593 1276 616 cxxxviii.
1302 582 1424 615 Iudicio
1448 581 1608 625 praesidis
1639 582 1821 615 dioecesani

1081 645 1163 668 unus
1189 646 1224 668 ex
1251 636 1348 668 (101110
1374 635 1518 667 (10030311
1548 634 1651 677 magis
1683 632 1820 668 idoneus

1082 689 1121 721 ad
1146 688 1356 721 oeconomiae
1382 687 1547 721 inferioris
1573 698 1684 721 curam
1702 688 1822 721 consti-

1083 746 1202 779 tuatur,
1229 741 1282 784 qui
1309 741 1513 783 quotidianas
1539 748 1697 784 expensas
1721 746 1754 774 et
1771 752 1822 774 aee

1081 799 1176 837 cepta
1202 794 1234 827 in
1260 794 1371 827 codice
1408 794 1475 826 sive
1510 793 1652 827 manuali
1684 795 1822 828 conscri-

1080 847 1156 887 bat,
1192 846 1372 889 reddatque
1408 846 1745 895 singulismensibus
1770 857 1821 880 ac-

1079 901 1165 943 cepti
1192 906 1223 932 et
1248 900 1381 943 expensi
1418 899 1598 940 rationem,
1634 904 1670 931 ut
1701 899 1818 933 deinde

1079 963 1116 986 ea
1145 953 1332 987 summatim
1358 953 1390 984 in
1414 952 1533 985 librum
1566 952 1729 991 rationum
1761 951 1819 986 (1ο->

1079 1016 1150 1038 mus
1177 1006 1339 1038 decanalis
1366 1004 1544 1037 secundum
1575 1009 1681 1038 certas
1712 1004 1819 1037 rubri-

1079 1068 1131 1091 cas
1157 1059 1329 1091 reseratur.

1123 1121 1242 1145 cxxxix.
1280 1111 1314 1144 In
1351 1112 1545 1154 unaquaque
1581 1111 1736 1152 dioecesi,
1761 1109 2010 1171 ubisdigacapssiegprigs

1077 1170 1245 1208 receptum
1262 1164 1356 1197 suerit
1369 1164 1561 1205 institutum,
1577 1174 1711 1208 praeses
1730 1165 1817 1198 (1100-
1826 1176 1905 1197 cuono.

1077 1230 1214 1251 cesarius
1241 1219 1302 1251 erit
1333 1218 1388 1260 qui
1414 1217 1542 1250 debitae
1568 1217 1759 1262 disciplinae
1785 1224 1818 1251 et

1077 1271 1340 1304 constitutionum
1365 1270 1589 1303 observantiae
1613 1270 1700 1303 inter
1723 1271 1818 1303 cleri-

1078 1334 1131 1356 cos
1171 1324 1376 1356 districtuum
1411 1323 1614 1357 decanalium
1643 1333 1754 1356 curam
1785 1328 1817 1356 et

1077 1377 1290 1410 directionem
1317 1376 1468 1416 habebit;
1493 1376 1518 1409 si
1544 1375 1647 1419 quae¹
1665 1387 1818 1410 reveren-

1077 1430 1231 1463 dissimus
1269 1429 1419 1462 dominus
1443 1429 1631 1462 Ordinarius
1664 1430 1816 1464 eumdem

1075 1483 1184 1516 vicarii
1210 1483 1241 1515 in
1268 1482 1488 1525 spiritualibus
1506 1482 1667 1524 generalis
1682 1493 1815 1516 munere

1076 1536 1165 1578 fungi
1194 1536 1299 1574 vellet,
1325 1536 1365 1568 ad
1398 1535 1543 1568 eiusdem
1574 1535 1815 1577 beneplacitum

1076 1590 1204 1632 utrique
1230 1588 1359 1621 muneri
1385 1598 1456 1621 cum
1490 1588 1599 1621 debita
1630 1587 1816 1621 obedientia

1075 1642 1257 1681 satisfaciet,
1291 1651 1330 1674 00
1367 1641 1535 1673 minimum
1572 1641 1751 1674 omittendo
1783 1646 1816 1673 et

1076 1696 1235 1734 faciendo,
1276 1695 1363 1738 quod
1399 1694 1570 1727 Ordinario
1605 1695 1673 1727 ullo
1704 1695 1814 1734 modo,

1075 1749 1141 1781 sive
1159 1748 1263 1790 quoad
1282 1752 1476 1790 respectum,
1496 1747 1561 1780 sive
1583 1747 1689 1790 quoad
1709 1747 1813 1787 aliud,

1075 1801 1300 1844 praeiudicare
1338 1801 1407 1832 iure
1442 1800 1545 1833 videri
1581 1804 1722 1843 posset;
1757 1800 1814 1833 sed

1075 1855 1184 1898 potius
1208 1855 1240 1886 in
1266 1854 1417 1886 omnihus
1437 1853 1475 1886 ab
1494 1854 1610 1886 eodem
1627 1853 1671 1885 ita
1692 1853 1814 1896 depen-

1076 1908 1177 1947 1101111,
1205 1910 1306 1950 eaque
1332 1907 1500 1949 vigilantia
1524 1906 1630 1939 officio
1648 1917 1706 1939 suo
1724 1906 1816 1939 satis·

1076 1962 1180 1994 facere
1216 1961 1369 2000 studebit,
1400 1966 1435 1992 ut
1467 1960 1595 1993 debitus
1632 1965 1812 2003 respectus,

1077 2016 1147 2047 iura
1172 2019 1203 2047 et
1228 2015 1324 2046 simul
1351 2014 1446 2046 etiam
1464 2013 1640 2056 perfectior
1658 2012 1815 2046 obedien-

1077 2068 1129 2106 113,
1150 2069 1272 2110 illeque
1290 2072 1460 2110 exoptatus
1481 2067 1571 2107 odor,
1589 2067 1675 2099 bona
1691 2066 1816 2100 scilicet.

1077 2120 1297 2160 conversatio,
1316 2131 1332 2152 a
1350 2121 1447 2159 clero,
1467 2120 1505 2153 ad
1523 2120 1713 2163 obsequium
1732 2119 1826 2164 eius-³

1078 2174 1152 2206 deni
1177 2172 1354 2212 Ordinarii‚
1382 2172 1523 2205 fideliter
1548 2173 1745 2205 deserantur.
1818 2166 1820 2168 ’

1123 2236 1192 2259 ch.
1219 2226 1309 2264 Quod
1334 2226 1358 2258 si
1385 2236 1449 2258 non
1482 2226 1522 2258 sit
1549 2225 1643 2258 simul
1676 2225 1814 2258 vicarius

1079 2279 1240 2322 generalis
1266 2279 1429 2312 Ordinarii
1455 2279 1527 2319 sui,
1554 2284 1630 2311 tunc
1655 2279 1693 2312 ad
1719 2288 1816 2312 oeco-

1079 2333 1237 2365 nomicam
1263 2332 1475 2365 directionem
1502 2338 1534 2365 et
1557 2331 1694 2365 instituti
1720 2330 1829 2369 huius,

1080 2385 1284 2428 disciplinam
1311 2385 1535 2418 tantummodo
1553 2385 1742 2428 invigilabit,
1761 2395 1817 2428 pu-

1079 2438 1183 2471 blice⁹
1196 2449 1237 2471 ne
1251 2439 1283 2470 in
1301 2438 1434 2472 minimo
1458 2438 1666 2481 attingendo;
1681 2437 1771 2475 alias.
1789 2437 1825 2477 si,

1114 2509 1127 2535 1
1149 2509 1280 2544 Legerem
1300 2509 1380 2544 sique
1399 2516 1447 2545 pro
1466 2509 1492 2537 si
1511 2517 1585 2544 quae
1604 2509 1642 2544 (n.
1662 2508 1712 2545 12),

1115 2553 1132 2580 2
1151 2554 1244 2581 Potius
1263 2554 1322 2590 lege
1338 2554 1471 2589 publicae
1490 2554 1528 2590 (n.
1543 2553 1593 2584 T.)-

1827 160 1881 188 Αη.
1897 160 1927 188 c,
1949 161 2019 204 1634
