2111 3157
181 191 228 217 sn.
249 190 275 218 c.
297 189 363 218 1678
409 181 451 215 82

184 1365 271 1389 specie:
289 1364 346 1385 facti.

367 239 547 282 impressis,
568 249 663 271 manu
688 236 822 270 alicuius
846 235 964 268 notarii
981 233 1101 277 publici

367 292 571 335 subscriptis,
590 297 620 324 et
645 290 752 332 sigillo
770 298 929 332 personae
950 288 982 320 in
1000 288 1102 320 eccle-

367 346 497 379 siastica
532 345 687 387 dignitate
719 342 912 375 constitutae
943 340 1098 380 munitis,

367 399 477 431 eadem
492 408 625 440 prorsus
642 396 722 428 tides
739 400 804 427 tam
818 395 851 427 in
867 394 988 427 iudicio
1003 404 1099 436 quam

367 457 457 483 extra
480 451 558 483 illud
585 448 780 490 ubicumque
804 449 951 480 locorum
972 446 1098 486 haberi,

366 514 447 546 quae
470 503 646 535 haberetur
662 501 740 543 ipsis
758 498 987 543 praesentibus
1012 498 1037 531 si
1056 498 1101 531 so-

365 561 437 588 rent
460 554 622 588 exhibitae
647 554 696 586 vel
718 559 877 585 ostensae.

407 608 521 641 Datum
547 607 679 645 Romae,
703 606 790 648 apud
819 605 849 638 S.
877 606 1017 643 Petrum,
1037 605 1098 637 sub

364 662 486 693 annulo
530 658 724 698 Piscatoris,
765 658 815 691 die
862 669 905 691 vn
945 657 1097 690 Februarii

363 724 556 751 iunctxxvlu,
581 711 789 756 pontificatus
820 712 924 745 nostri
947 722 1034 744 anno
1061 722 1095 744 ιι.

397 774 456 801 Dat.
477 774 521 802 die
542 774 554 800 7
575 773 706 801 februarii
727 773 804 806 1678,
827 773 921 808 pontif.
941 780 1011 799 anno
1032 779 1062 798 11.

660 914 795 948 XXXIII.

362 997 582 1039 Confirmutur
606 995 768 1027 decretum
792 993 932 1037 capituli
952 994 983 1027 S.
1005 994 1098 1026 Pelri

404 1050 443 1081 de
470 1049 562 1087 Urbe,
578 1059 641 1091 quo
658 1047 823 1091 adscripta
841 1048 929 1089 fuere
949 1047 1097 1088 beneficia

404 1102 552 1134 abbatiae
582 1102 613 1134 S.
642 1101 760 1142 Rufillz·
783 1100 1097 1143 Foropompiliensis

403 1154 529 1187 clericis
553 1153 676 1185 idoneis
696 1152 799 1196 ipsius
823 1152 972 1184 dioecesis
984 1150 1005 1185 ².

550 1233 744 1261 Innocentius
765 1233 843 1267 Papa
862 1233 910 1263 x1,

472 1280 507 1307 ad
528 1282 705 1313 perpetuam
727 1278 773 1305 rei
797 1278 982 1304 memoriam.

403 1351 460 1393 §l
474 1350 596 1393 Exponi
610 1349 703 1382 nobis
715 1359 819 1392 nuper
829 1349 976 1381 fecerunt
986 1347 1095 1380 dilecti

358 1403 415 1436 filii
437 1404 613 1446 capitulum
631 1407 662 1435 et
679 1401 823 1434 canonici
842 1401 994 1433 basilicae
1010 1401 1096 1433 Prin-

358 1456 438 1499 cipis
464 1457 691 1499 Apostolorum
717 1455 755 1487 de
783 1454 880 1493 Urbe,
897 1454 985 1496 quod
1008 1454 1094 1495 (cum

358 1509 572 1552 quorumdam
609 1513 842 1551 perpetuorum
868 1517 938 1539 cum
965 1509 1039 1538 cura
1064 1512 1096 1539 et

358 1563 427 1595 sine
445 1565 519 1594 cura
544 1561 776 1594 beneficiorum
791 1560 1093 1600 ecclesiasticorum,

357 1615 442 1647 intra
456 1615 575 1647 limites
587 1613 817 1646 iurisdictionis
830 1613 1026 1652 monasterii,
1042 1613 1095 1644 ab-

357 1668 463 1700 batiae
494 1667 680 1709 nuncupati,
706 1666 737 1698 S.
765 1665 874 1698 Rufilli
901 1671 1004 1697 terrae
1035 1666 1095 1698 Fo-

358 1720 557 1763 ropompilii,
579 1719 697 1751 nullius
719 1718 886 1756 dioecesis,
908 1717 1093 1760 provinciae

358 1771 623 1809 Ravennatensis,
632 1771 738 1803 eidem
749 1770 903 1803 basilicae
915 1770 1095 1813 apostolica

359 1825 549 1857 auctoritate
575 1829 743 1866 perpetuo,
767 1829 802 1855 ut
826 1823 987 1861 asseritur,
1001 1822 1092 1862 uniti,

359 1877 617 1915 consistentium,
632 1877 708 1908 dum
726 1886 785 1919 pro
806 1880 954 1918 tempore
970 1881 1092 1915 vacant⁷

359 1930 501 1970 collatio,
519 1929 717 1962 cessantibus
740 1935 846 1961 tamen
871 1928 1092 1961 reservationi

358 1983 418 2015 bus
443 1989 474 2015 et
498 1982 720 2015 affectionibus
745 1981 972 2024 apostolIcieis‚
999 1991 1093 2013 cano-

359 2036 430 2068 nice
455 2041 580 2079 spectet
601 2036 638 2068 ad
664 2035 840 2077 capitulum
866 2039 897 2066 et
921 2034 1092 2066 canonicos

358 2089 458 2131 ipsius
483 2088 635 2121 basilicae
654 2098 713 2131 pro
735 2093 885 2129 tempore
912 2087 1093 2125 existentes,

359 2141 411 2184 qui
439 2141 493 2173 illa
519 2140 672 2173 turnatim
695 2150 752 2182 per
777 2139 997 2171 hebdomadas
1021 2149 1092 2170 con-

359 2194 445 2226 ferre
470 2194 721 2234 consueverunt)
742 2191 801 2234 ipsi
821 2196 1022 2234 exponentes
1043 2191 1092 2223 die

358 2257 420 2279 xxii
440 2246 622 2278 novembris
646 2244 791 2288 proxime
817 2243 983 2286 praeteriti
1009 2243 1093 2285 capi-

360 2298 508 2331 tulariter
529 2297 727 2340 congregati,
746 2303 781 2328 ut
798 2295 1001 2329 subditorum
1019 2295 1090 2328 dicti

393 2395 404 2421 1
424 2394 495 2430 Synt.
511 2393 591 2429 exigit
606 2393 737 2420 eamdem
754 2412 760 2419 .
771 2412 792 2420 ..
810 2392 893 2427 fidem
909 2394 947 2425 (n.
964 2391 1014 2424 Τ.).

395 2438 412 2464 2
431 2439 495 2465 Pius
515 2437 545 2464 IV
576 2445 645 2464 anno
674 2444 784 2468 norim,
804 2443 839 2462 xu
868 2435 998 2463 kalendas
1026 2433 1091 2465 iulii,

358 2484 444 2511 univit
463 2491 571 2510 mensae
595 2482 735 2516 capitulari
762 2482 851 2508 dictae
877 2481 1005 2508 basilicae
1026 2480 1081 2506 Vati

359 2537 441 2555 canae
461 2527 581 2554 eamdem
597 2527 742 2559 abbatiam,
761 2534 820 2553 cuin
835 2525 1006 2561 exemptione
1022 2533 1036 2551 a
1052 2533 1093 2552 so-

357 2573 457 2602 lutione
478 2571 645 2608 quiudeunii.

948 186 1127 211 BULLARIUM
1151 184 1302 210 ROMANUM

1144 233 1330 266 monasterii
1356 231 1533 265 commodis
1558 232 1780 272 consulerent,
1810 241 1880 264 eos-

1145 296 1206 328 que
1231 286 1270 318 ad
1295 285 1490 319 clericalium
1520 284 1674 317 virtutum
1701 289 1796 326 atque
1820 283 1879 316 mi-

1144 340 1352 373 nisteriorum
1382 340 1487 372 studia
1517 338 1695 382 propositis
1725 338 1879 381 praemiis

1143 392 1325 433 incitarent,
1346 393 1561 426 decreverunt
1580 397 1615 424 ut
1643 391 1803 424 beneficia
1821 391 1879 424 hu-

1142 444 1283 478 iusmodi
1297 446 1509 488 imposterum
1529 455 1588 488 per
1606 443 1877 477 hebdomadarios

1142 498 1270 530 clericis
1291 498 1489 531 monasterio
1507 497 1674 541 praedicto
1704 497 1768 530 sive
1789 496 1876 530 illins

1141 550 1355 583 jurisdictioni
1370 550 1516 589 subditis,
1539 550 1668 593 quando
1693 549 1878 592 reperiren-

1144 608 1193 635 tur
1217 604 1339 644 idonei,
1367 604 1505 637 exclusis
1534 602 1665 642 exteris,
1692 603 1877 636 conferren-

1143 662 1200 695 tur,
1220 662 1251 689 et
1268 657 1355 697 alias,
1377 662 1474 700 prout
1490 656 1619 699 plenius
1642 655 1825 689 continetur
1842 656 1876 689 in

1140 720 1252 742 eorum
1278 710 1408 743 decreto
1436 709 1603 752 capitulari
1629 709 1772 752 desuper
1789 720 1876 742 ema-

1141 767 1215 795 nato
1234 762 1354 796 tenoris
1372 763 1425 806 qui
1444 763 1602 806 sequitur,
1614 762 1777 795 videlicet:
1795 774 1808 794 α
1824 762 1875 795 Fi-

1141 815 1212 847 dem
1237 816 1318 848 sacio
1343 826 1402 858 per
1425 820 1615 859 praesentes
1644 825 1705 858 ego
1730 814 1874 848 notarius

1140 868 1288 910 publicus
1306 874 1337 902 et
1354 869 1392 902 ad
1414 879 1522 902 curam
1547 868 1693 901 archiivii
1711 877 1875 901 sacrosan-

1140 927 1207 954 ctae
1232 922 1384 955 basilicae
1409 922 1566 965 Principis
1583 922 1815 964 Apostolorum
1835 921 1874 954 de

1139 973 1224 1006 Urbe
1247 974 1419 1017 deputatus
1433 974 1666 1016 insrascriptus,
1686 973 1825 1016 qualiter
1841 973 1875 1006 in

1140 1027 1222 1059 libro
1248 1027 1452 1059 decretorum
1478 1026 1702 1069 capitularium
1727 1025 1875 1059 eiusdem

1139 1085 1362 1111 sacrosanctae
1387 1079 1540 1111 basilicae
1566 1079 1622 1111 sol.
1649 1077 1692 1111 90
1715 1079 1800 1112 inter
1823 1090 1876 1112 ce-

1141 1138 1206 1164 tera
1223 1133 1341 1175 legitur
1358 1138 1392 1165 ut
1404 1132 1496 1171 infra,
1516 1132 1686 1165 videlicet:
1705 1151 1718 1156 -
1735 1133 1791 1165 Die
1810 1143 1875 1166 xxu

1139 1186 1324 1218 novembris
1348 1195 1520 1218 MDCLxxvu
1546 1186 1606 1218 suit
1629 1186 1819 1228 capitulum,
1842 1190 1876 1218 et

1138 1239 1357 1271 iuterfuerunt
1382 1239 1648 1272 reverendissimi
1674 1238 1794 1272 domini
1826 1239 1875 1272 Io-

1139 1292 1260 1334 sephus
1277 1292 1372 1324 Maria
1399 1292 1568 1324 Suaresius
1598 1292 1769 1334 episcopus
1796 1292 1874 1325 olim

1138 1345 1342 1377 Vasionensis
1365 1345 1511 1384 vicarius,
1526 1345 1642 1377 Nestor
1659 1345 1731 1377 Rita
1747 1345 1875 1378 archie-

1138 1397 1291 1439 piscopus
1315 1397 1538 1437 Sebastensis,
1564 1397 1752 1429 Franciscus
1776 1396 1875 1430 Maria

1136 1450 1273 1490 Scottus,
1288 1450 1427 1483 Thomas
1452 1450 1630 1489 Vanniuus,
1648 1449 1784 1483 Ioannes
1801 1450 1875 1483 vin-

1137 1503 1261 1536 centius
1287 1504 1402 1541 Arata,
1428 1503 1611 1536 Alexander
1635 1502 1789 1542 Casalius,
1814 1503 1875 1536 Lu-

1137 1557 1268 1588 dovicus
1292 1556 1441 1595 Lensius,
1461 1556 1641 1588 Bonamens
1667 1556 1706 1588 de
1724 1557 1875 1598 Augusti-

1137 1609 1203 1649 nis,
1241 1609 1357 1642 Marius
1388 1609 1568 1647 Columna,
1599 1609 1874 1651 Michaelangelus

1136 1662 1296 1701 Zacharia,
1313 1662 1495 1694 Leonardus
1512 1661 1680 1702 Mai-silius,
1694 1661 1791 1695 Iulius
1804 1662 1875 1695 Rie-

1136 1715 1203 1747 cius
1230 1721 1262 1748 et
1285 1715 1410 1748 Marcus
1428 1715 1586 1747 Antonius
1610 1714 1818 1755 Mariscottus‚
1839 1726 1874 1748 0-

1136 1778 1226 1800 nmes
1244 1767 1392 1800 canonici
1417 1767 1621 1810 supradictae
1646 1773 1872 1801 sacrosanctae

1136 1820 1290 1852 basilicae
1305 1820 1528 1862 capitulariter
1544 1820 1744 1863 congregati,
1766 1821 1873 1854 decre-

1136 1879 1261 1911 verunt,
1282 1874 1368 1916 quod
1394 1883 1612 1916 quaecumque
1637 1872 1795 1906 beneficia
1819 1884 1874 1906 cu-

1137 1931 1203 1958 rata
1228 1931 1260 1958 et
1284 1936 1348 1958 non
1373 1930 1485 1958 curata
1513 1925 1659 1958 vacantia
1683 1925 1716 1958 in
1743 1926 1872 1959 abbatia

1136 1980 1167 2012 S.
1194 1978 1301 2012 Rufilli
1327 1978 1640 2021 Foropompiliensis
1664 1979 1872 2012 conserantur

1136 2033 1349 2075 imposterum
1366 2041 1424 2074 per
1437 2031 1587 2064 dominos
1598 2031 1871 2065 hebdomadarios

1136 2084 1215 2119 illis¹
1235 2085 1273 2118 de
1300 2085 1413 2117 eadem
1439 2084 1595 2124 dioecesi,
1624 2085 1753 2127 quando
1777 2095 1872 2128 repe-

1136 2138 1260 2169 riantur
1280 2135 1404 2175 idonei,
1419 2136 1556 2168 exclusis
1574 2136 1705 2176 exteris,
1729 2136 1815 2169 unde
1839 2135 1873 2168 ii-

1136 2190 1209 2222 dem
1235 2189 1274 2221 de
1300 2188 1443 2221 dioecesi
1476 2189 1639 2230 gaudeant
1661 2189 1694 2221 in
1718 2189 1870 2222 clericatu

1136 2243 1312 2286 profecisse
1329 2268 1336 2281 ,
1363 2246 1395 2273 et
1419 2241 1494 2274 inde
1521 2242 1687 2274 servitium
1712 2242 1870 2275 ecelesiae

1135 2302 1166 2329 et
1189 2296 1287 2328 decus
1307 2295 1456 2328 abbatiae
1479 2300 1671 2337 augeantur.
1694 2314 1707 2320 -
1733 2295 1767 2328 In
1791 2306 1870 2338 quo-

1135 2359 1225 2387 rum,
1259 2353 1320 2381 etc.
1348 2348 1462 2380 Datum
1493 2348 1554 2380 hac
1578 2348 1630 2380 die
1654 2357 1709 2381 xm
1735 2347 1870 2381 ianuarii

1135 2410 1331 2434 unetxxvui.
1360 2400 1403 2432 Ita
1428 2405 1487 2433 est.
1515 2400 1666 2433 Iosepuus
1689 2401 1871 2434 Eunomus

1136 2455 1302 2496 presbyter
1327 2454 1501 2493 Romanus,
1521 2453 1670 2491 publicus
1694 2453 1871 2496 apostolica

1136 2506 1324 2539 auctoritate
1351 2507 1507 2546 notarius,
1526 2511 1557 2538 et
1573 2506 1613 2538 ad
1630 2516 1738 2538 curam
1763 2505 1872 2538 archi-

1174 2570 1183 2594 1
1207 2567 1305 2595 Forsan
1326 2568 1438 2595 clericis
1458 2575 1507 2599 pro
1527 2568 1588 2595 illis
1608 2567 1751 2600 legendum
1771 2567 1870 2606 (mn).

1882 181 1935 210 An.
1957 181 1987 210 G.
2005 183 2052 212 167

1912 774 2023 796 Deci-otum
2033 781 2067 797 ca-

1884 802 1954 827 pituli.
