2111 3157
166 198 215 225 An.
234 197 264 225 c.
287 198 354 225 1680
399 188 463 222 292

217 928 350 949 Pasti-andum

166 960 217 976 voce
234 958 254 976 et
268 955 340 976 corde.

359 248 492 280 canticis
512 244 806 280 consuetudinariis
822 254 880 287 per
898 244 1095 286 septimanae

359 301 514 333 circulum
540 301 691 343 psallunt,
713 309 784 331 cum
806 298 948 340 legamus
965 302 1095 329 sanctos

359 360 467 397 patres
493 360 621 386 nostros
645 362 710 384 uno
736 351 786 383 die
805 351 868 383 hoc
888 355 1020 383 strenue
1039 349 1096 381 im-

359 407 522 450 plevisse,
557 406 603 448 (a)
630 404 716 448 quod
749 414 808 436 nos
841 402 941 446 tepidi
973 402 1096 434 utinam

360 460 543 502 septimana
566 459 693 500 integra
716 457 950 500 persolvamus.

628 517 824 540 occeanum.

400 560 442 598 (a)
466 559 541 594 Quod
564 569 610 588 nos
630 559 726 597 tepidi.
755 558 840 588 Pater
871 561 970 587 noster
991 556 1020 587 S.
1044 556 1097 586 Be-

359 608 493 637 nedictus
509 607 622 636 nullum
638 616 671 636 ex
688 606 838 636 monachis
853 605 960 644 excipit
975 615 990 634 a
1006 604 1095 634 divini

359 656 446 685 officii
468 656 658 690 recitatione,
682 655 805 694 ideoque
830 654 1000 684 ordinamus
1022 652 1097 692 quod

359 704 482 743 quilibet
497 704 654 733 monachus
670 703 815 742 professus
827 702 954 732 officium
966 701 1097 731 divinum

358 753 479 788 recitet,
503 752 557 782 etsi
579 762 636 782 non
659 751 696 781 sit
718 751 809 781 sacris
827 750 971 787 initiatus,
995 758 1098 778 secun-

360 801 428 831 dum
447 801 679 840 antiquissimam
696 800 936 830 consuetudinem
955 802 1096 828 nostram.

412 859 509 889 Carur
532 858 603 887 XIX.
622 875 656 880 -
674 857 713 887 Dc
734 856 881 896 disciplina
901 855 1048 895 psallendi.

405 918 451 959 (τι)
463 916 586 958 Ubique
601 915 761 948 credimus
773 914 910 947 divinam
926 923 995 945 esse
1010 922 1099 955 prae-

360 969 499 1001 sentiam
525 973 557 1000 et
581 969 691 1002 oculos
715 966 843 999 Domini
868 966 900 997 in
922 964 1009 997 omni
1027 966 1098 997 loco

360 1021 522 1064 speculari
554 1021 660 1053 bonos
689 1024 721 1051 et
744 1020 861 1057 malos,
888 1017 1025 1050 maxime
1052 1022 1097 1049 ta-

360 1085 433 1107 men
461 1075 522 1106 hoc
546 1073 615 1105 sine
641 1072 749 1114 aliqua
773 1070 976 1103 dubitatione
1001 1068 1099 1102 credi-

360 1137 430 1159 mus
455 1138 527 1159 eum
552 1126 590 1158 ad
615 1135 697 1168 opus
729 1124 873 1156 divinum
905 1122 1096 1155 assistimus.

361 1181 438 1213 Ideo
463 1189 594 1222 semper
624 1187 783 1210 memores
812 1177 909 1209 simus
934 1176 1018 1218 quod
1055 1175 1099 1207 ait

361 1233 546 1276 Propheta:
566 1232 688 1265 servite
704 1230 842 1263 Domino
865 1229 897 1261 in
917 1230 1050 1268 timore;
1068 1234 1101 1261 et

361 1286 494 1319 iterum:
521 1285 661 1318 Psattite
685 1283 867 1326 sapientem
895 1287 944 1314 et:
970 1282 1010 1315 In.
1027 1293 1100 1314 con-

361 1344 468 1381 spectu
482 1338 667 1380 anqeloram
683 1336 823 1380 psallam
843 1336 912 1367 tibi.
932 1335 1014 1377 Ergo
1030 1346 1099 1367 con-

362 1393 543 1424 sideremus
568 1390 707 1434 qualiter
733 1395 881 1432 oporteat
901 1399 959 1421 nos
977 1389 1008 1420 in
1027 1399 1099 1421 con-

362 1450 476 1488 spectu
502 1443 676 1476 divinitatis
702 1448 734 1474 et
754 1443 947 1484 angelorum
966 1451 1048 1480 esse,
1069 1446 1100 1472 ct

363 1498 409 1530 sic
435 1502 553 1530 stemus
579 1497 618 1529 ad
643 1495 858 1539 psallendum,
885 1500 919 1526 ut
935 1504 1026 1527 mens
1045 1504 1100 1526 no-

363 1557 427 1584 stra
451 1550 629 1584 concordet
651 1549 720 1581 voci
744 1554 887 1581 nostrae.

636 1610 830 1631 peccarium.

405 1653 444 1691 (a)
469 1661 488 1682 1.
516 1651 617 1690 Ubique
639 1651 762 1679 diuinam
784 1650 920 1678 credimus
941 1659 996 1677 esse
1017 1658 1098 1686 prae-

362 1703 488 1731 sentiam.
512 1700 672 1730 Statuimus
695 1698 782 1737 quod,
806 1698 965 1727 secundum
989 1706 1098 1726 morem

363 1754 481 1779 nostrae
503 1747 752 1786 Congu—gationis,
770 1747 837 1783 alta,
858 1748 964 1776 sonora
987 1749 1014 1774 et
1037 1745 1097 1784 pari

363 1807 433 1827 voce
455 1797 607 1836 psallatur,
631 1795 716 1825 verba
740 1804 796 1824 non
814 1794 1032 1833 protrahantur,
1050 1803 1100 1832 pa-

363 1846 438 1875 riter
460 1846 614 1875 inchoetur
640 1853 754 1881 versus,
778 1847 804 1872 et
826 1842 999 1880 interposita
1022 1851 1100 1870 com-

364 1896 473 1934 petenti
496 1896 599 1933 pausa,
623 1894 731 1932 pariter
753 1891 940 1921 terminetur.

403 1953 432 1973 ιι.
457 1943 596 1972 Volumus
622 1942 709 1971 etiam
742 1940 816 1979 quod
839 1940 965 1968 osticium
996 1938 1100 1968 Beatae

363 1991 493 2029 Virginis
516 1990 616 2020 eadem
641 1999 759 2028 prorsus
781 1990 867 2025 cura,
891 1997 946 2026 qua
969 1987 1099 2016 divinum

364 2040 551 2079 persolvitur,
575 2039 714 2068 recitetur
737 2038 838 2067 diebus
867 2038 946 2066 iuxta
970 2036 1100 2066 rubricas

363 2088 501 2118 breviarii
525 2087 722 2127 praescriptis,
747 2091 773 2115 et
796 2086 825 2115 in
848 2085 1047 2122 monasteriis,
1071 2086 1099 2114 in

364 2137 471 2177 quibus
486 2141 564 2173 sunt,
579 2137 653 2166 ultra
670 2136 830 2176 praelatum
845 2135 888 2164 vel
907 2135 1098 2173 superiorem,

364 2190 489 2225 quatuor
511 2185 656 2221 monachi,
687 2184 806 2214 omniuo
834 2183 948 2213 dicatur
969 2182 1100 2211 divinum

365 2235 492 2263 officium
523 2234 754 2265 conventualiter
783 2233 811 2262 in
835 2233 936 2269 choro,
963 2235 991 2260 et
1013 2231 1099 2260 missa

364 2283 492 2322 quotidie
509 2283 684 2319 celebretur,
698 2287 725 2311 et
741 2282 841 2311 saltem
858 2280 961 2310 diebus
977 2279 1098 2317 festivis,

364 2332 445 2361 nulla
455 2331 582 2359 adznissa
590 2331 786 2365 excusatione,
798 2329 998 2358 decantentur.
1009 2327 1098 2362 Quam

365 2380 577 2409 ordinationem
610 2380 644 2408 ad
674 2380 739 2408 illos
761 2388 877 2417 quoque
909 2377 1100 2413 intelligimus

364 2428 493 2464 extendi,
516 2428 565 2466 qui
588 2428 616 2457 in
634 2427 876 2456 monasteriorum
893 2424 1031 2455 membris
1051 2425 1100 2453 ha-

365 2477 459 2507 bitant
482 2478 509 2506 iu
530 2477 636 2515 quibus·
656 2477 801 2515 praefatus
819 2475 1026 2504 monachorum
1046 2483 1099 2502 nu-

365 2535 463 2556 merus
487 2526 641 2564 reperitur.
666 2524 771 2553 Cantus
794 2528 901 2561 autem,
920 2523 948 2552 in
965 2532 1021 2561 quo
1038 2521 1097 2551 toni

364 2575 517 2606 monastici
538 2578 702 2611 servantur,
728 2573 766 2602 ita
790 2572 918 2601 studiose
940 2580 972 2601 ac
994 2570 1097 2601 devote

938 194 1119 219 BULLAmUM
1142 193 1294 218 ROMANUM

1138 241 1283 278 ducatur,
1313 244 1344 270 ut
1377 240 1426 280 pist
1457 239 1654 270 modulatione
1685 244 1741 270 tam
1774 243 1873 270 nostra

1138 298 1223 328 quam
1247 289 1376 318 fidelium
1395 289 1571 323 adstantium
1587 288 1674 318 corda
1695 288 1817 318 excitata
1838 287 1873 317 ad

1138 337 1305 367 caelestium
1320 337 1595 376 contemplationem
1609 336 1680 366 ferri
1693 340 1871 366 assuescant.

1177 395 1217 416 111.
1244 386 1275 415 In
1298 386 1400 415 officiis
1431 385 1628 414 hebdomadae
1653 388 1771 414 sanctae
1793 384 1874 414 nullo

1139 439 1222 475 pacto
1254 435 1382 464 varietur
1404 438 1453 464 aut
1475 438 1605 463 mutetur
1627 437 1740 471 cantuS,
1764 437 1822 462 tam
1843 433 1874 463 in

1139 483 1418 520 Lamentationibus,
1434 484 1547 513 cantico
1564 483 1738 520 Benedictus,
1758 486 1787 512 et
1807 482 1876 512 Pas-

1138 533 1219 562 sione
1241 532 1368 569 Domini,
1392 541 1477 571 quam
1500 532 1530 561 in
1553 531 1618 560 aliis
1640 530 1796 567 omnibus3
1825 530 1875 560 sed

1138 581 1298 611 secundum
1331 581 1420 610 ritum
1443 584 1469 610 et
1494 588 1601 609 morem
1625 579 1777 617 antiquum
1799 578 1876 608 Con-

1138 629 1315 667 gregationis
1338 629 1398 666 siat,
1422 631 1453 657 ut
1475 627 1646 666 simplicitas
1675 630 1703 656 et
1725 625 1875 656 uniformi-

1140 682 1182 706 tas
1204 681 1337 706 servetur
1358 677 1388 706 in
1411 675 1557 706 omnibus.

1179 734 1217 756 1v.
1240 725 1283 755 Ad
1305 725 1382 764 quod
1404 724 1517 754 facilius
1548 727 1576 753 et
1607 722 1786 752 commodius
1814 731 1876 752 ser-

1141 774 1267 803 vandum
1290 773 1422 802 volumus
1444 776 1476 802 ut
1498 772 1594 801 omnia
1620 771 1794 801 monasteria
1824 770 1875 801 ha-

1140 822 1227 851 beant
1237 821 1350 851 libellos
1363 821 1520 859 impressos
1533 820 1582 858 quai
1598 819 1764 849 contineant
1775 827 1875 848 omnes

1140 874 1242 899 cantus
1262 869 1459 898 hebdomadae
1477 871 1607 903 sanctae,
1630 871 1658 896 et
1680 866 1780 896 laudes
1801 875 1876 906 quae

1141 918 1169 947 in
1192 918 1358 957 receptione
1380 917 1557 946 novitiorum
1574 916 1603 945 in
1619 915 1746 955 capitulo
1764 914 1876 945 cantari

1140 966 1244 1004 solent,
1268 969 1296 996 et
1317 966 1372 995 alia
1401 964 1578 995 huiusmodi.

1193 1014 1288 1044 CAPUT
1310 1013 1368 1042 XX.
1387 1031 1421 1034 —
1447 1013 1486 1042 De
1503 1013 1657 1042 reverentia
1678 1013 1822 1042 orationis.

1185 1062 1228 1102 Si,
1249 1073 1345 1106 quum
1369 1062 1555 1095 hominibus
1573 1061 1762 1105 potentibus
1786 1063 1877 1095 volu·
1904 1076 2071 1103 mmmm,

1141 1126 1212 1148 mus
1231 1115 1339 1158 aliqua
1357 1125 1540 1157 suggerere,
1554 1124 1620 1150 non
1638 1113 1875 1157 praesumimus
1887 1104 2010 1151 3⁵0⁵?d‘b‘*
2024 1109 2071 1124 ω’

1142 1169 1202 1201 nisi
1233 1169 1280 1211 (α)
1306 1179 1378 1200 cum
1408 1167 1589 1200 humilitate
1615 1172 1647 1199 et
1676 1167 1875 1206 reverentia,

1142 1227 1262 1265 quanto
1288 1221 1389 1264 magis
1410 1220 1546 1254 Domino
1568 1220 1633 1253 Deo
1651 1221 1876 1253 universorum

1142 1285 1213 1307 cum
1232 1274 1318 1307 omni
1346 1273 1530 1306 humilitate
1552 1277 1584 1305 et
1608 1272 1756 1315 puritatis
1782 1273 1878 1305 devo-

1143 1327 1230 1360 tione
1247 1326 1494 1369 supplicandum
1513 1330 1571 1358 est.
1591 1325 1628 1357 Et
1644 1335 1707 1357 non
1723 1325 1755 1357 in
1770 1325 1879 1358 multi-

1143 1381 1261 1423 loquio,
1277 1380 1332 1412 sed
1346 1380 1377 1412 in
1392 1379 1529 1423 puritate
1547 1378 1654 1411 cordis
1675 1383 1707 1410 et
1723 1388 1879 1421 compun-

1141 1434 1248 1466 ctione
1266 1434 1477 1476 lacrymarum
1491 1442 1549 1464 nos
1564 1431 1707 1464 exaudiri
1725 1431 1877 1463 sciamus.

1141 1487 1178 1519 Et
1194 1486 1268 1519 ideo
1286 1485 1392 1518 brevis
1410 1485 1506 1518 debet
1525 1495 1596 1517 esse
1616 1489 1648 1516 et
1665 1493 1745 1526 pura
1763 1482 1876 1523 oratio,

1142 1540 1202 1571 nisi
1220 1539 1301 1572 forte
1317 1549 1353 1571 cx
1372 1537 1485 1571 affectu
1507 1535 1729 1579 inspirationis
1751 1535 1877 1568 divinae

1141 1592 1263 1635 gratiae
1288 1591 1515 1635 protendatur.
1539 1590 1573 1622 In
1592 1594 1751 1622 conventu
1772 1594 1879 1621 tamen

1142 1646 1274 1678 omnino
1298 1644 1463 1677 brevietur
1480 1643 1595 1684 oratio,
1621 1647 1653 1675 et
1677 1643 1760 1674 facto
1785 1640 1878 1684 signo

1141 1710 1157 1731 a
1182 1698 1292 1742 priore
1318 1708 1431 1730 omnes
1452 1696 1574 1740 pariter
1598 1700 1743 1738 surgant.

1409 1757 1603 1778 occeanum.

1180 1799 1220 1837 (α)
1241 1807 1260 1828 Ι.
1286 1797 1356 1828 Cum
1377 1797 1531 1826 humilitate
1552 1801 1577 1825 et
1599 1797 1761 1826 reverentia.
1778 1794 1879 1826 Decla-

1141 1856 1238 1876 ramus
1261 1847 1344 1876 modo
1360 1845 1547 1884 infrascripto
1563 1845 1757 1874 reverentiam
1772 1843 1878 1874 dehere

1141 1896 1249 1925 servari
1265 1895 1372 1924 divinis
1388 1894 1504 1931 officiis,
1522 1902 1587 1923 cum
1607 1892 1742 1922 monachi
1757 1893 1878 1922 chorum

1142 1944 1359 1982 ingrediuntur,
1383 1943 1443 1972 sive
1465 1942 1531 1972 inde
1554 1942 1754 1979 egrediuntur.
1770 1941 1804 1971 In
1818 1949 1881 1971 me-

1142 1994 1201 2031 dio,
1212 1998 1277 2022 ante
1290 1992 1490 2022 sanctissimae
1503 1991 1703 2021 Eucharistiae
1715 1999 1880 2020 sacramen-

1143 2047 1213 2077 tum,
1231 2050 1345 2080 semper
1359 2041 1476 2070 unicum
1500 2049 1577 2078 genu
1599 2049 1691 2079 usque
1713 2039 1748 2069 ad
1769 2042 1878 2068 terram

1143 2091 1280 2127 flectant,
1308 2089 1401 2128 capite
1431 2088 1538 2118 nudato
1564 2092 1592 2117 et
1620 2087 1759 2117 inclinato
1788 2087 1878 2124 (cum

1142 2148 1210 2169 vero
1233 2143 1447 2168 sacramentum
1471 2137 1585 2176 publice
1602 2136 1688 2166 fuerit
1702 2135 1876 2174 expositum,

1143 2192 1299 2225 utrumque
1320 2187 1428 2224 genu),
1452 2186 1476 2215 si
1498 2189 1593 2215 autem
1615 2185 1645 2214 in
1667 2184 1752 2214 altari
1774 2177 1879 2213 maiori

1144 2235 1322 2265 Eucharistia
1345 2244 1403 2264 non
1426 2233 1614 2269 custodiatur,
1632 2232 1773 2271 profunde
1787 2240 1818 2261 se
1832 2231 1878 2260 in-

1143 2285 1252 2314 clinent
1273 2284 1307 2313 ad
1331 2292 1460 2320 crucem,
1485 2286 1582 2321 postea
1605 2281 1755 2311 venientes
1776 2280 1812 2310 ad
1834 2289 1879 2310 se-

1143 2334 1211 2362 dilia
1234 2342 1302 2370 sua,
1327 2332 1421 2370 capite
1443 2330 1625 2369 aliquantulo
1648 2329 1809 2366 inclinato,
1832 2337 1879 2358 re—

1143 2381 1302 2411 verentiam
1326 2380 1432 2410 faciant
1447 2389 1548 2409 versus
1570 2378 1666 2407 sedem
1690 2377 1821 2416 praelati.

1181 2440 1210 2460 11.
1236 2430 1266 2459 ln
1290 2429 1395 2459 ceteris
1419 2434 1513 2458 autem
1537 2427 1607 2457 locis
1636 2426 1744 2456 sufficit
1769 2425 1881 2456 medio-

1141 2478 1198 2507 cris
1220 2476 1382 2512 inclinatio,
1407 2479 1437 2505 ut
1459 2484 1524 2505 cuin
1547 2473 1733 2503 refectorium
1758 2481 1810 2502 seu
1832 2481 1880 2502 ca-

1142 2523 1265 2562 pitulum
1289 2532 1341 2552 seu
1363 2522 1452 2551 alium
1474 2519 1641 2550 huiusmodi
1664 2519 1759 2549 locum
1781 2518 1880 2557 ingre-

1141 2570 1272 2599 diuntur.

1877 191 1926 218 An.
1948 189 1976 218 C.
1999 191 2067 218 ient*
