<?xml version="1.0" encoding="UTF-8"?>
<!DOCTYPE html PUBLIC "-//W3C//DTD XHTML 1.0 Transitional//EN"
    "http://www.w3.org/TR/xhtml1/DTD/xhtml1-transitional.dtd">
<html xmlns="http://www.w3.org/1999/xhtml" xml:lang="en" lang="en">
 <head>
  <title>
</title>
<meta http-equiv="Content-Type" content="text/html;charset=utf-8" />
  <meta name='ocr-system' content='tesseract 3.04.00' />
  <meta name='ocr-capabilities' content='ocr_page ocr_carea ocr_par ocr_line ocrx_word'/>
</head>
<body>
  <div class='ocr_page' id='page_1' title='image "./bullarumdiplomat19cath_0341.png"; bbox 0 0 2111 3157; ppageno 0'>
   <div class='ocr_carea' id='block_1_1' title="bbox 0 230 182 261">
    <p class='ocr_par' dir='ltr' id='par_1_1' title="bbox 0 230 182 261">
     <span class='ocr_line' id='line_1_1' title="bbox 0 230 182 261; baseline -0.016 0"><span class='ocrx_word' id='word_1_1' title='bbox 0 234 49 261; x_wconf 75' lang='lat' dir='ltr'>An.</span> <span class='ocrx_word' id='word_1_2' title='bbox 69 231 98 259; x_wconf 84' lang='lat' dir='ltr'>C.</span> <span class='ocrx_word' id='word_1_3' title='bbox 117 230 182 259; x_wconf 68' lang='lat' dir='ltr'>tego</span> 
     </span>
    </p>
   </div>
   <div class='ocr_carea' id='block_1_2' title="bbox 185 277 922 824">
    <p class='ocr_par' dir='ltr' id='par_1_2' title="bbox 185 277 921 584">
     <span class='ocr_line' id='line_1_2' title="bbox 185 277 918 322; baseline -0.005 -9"><span class='ocrx_word' id='word_1_4' title='bbox 185 279 402 314; x_wconf 84' lang='lat' dir='ltr'>nedictionem</span> <span class='ocrx_word' id='word_1_5' title='bbox 424 279 605 322; x_wconf 78' lang='lat' dir='ltr'>egrediens.</span> <span class='ocrx_word' id='word_1_6' title='bbox 625 279 848 322; x_wconf 75' lang='lat' dir='ltr'>subsequatur</span> <span class='ocrx_word' id='word_1_7' title='bbox 872 277 918 309; x_wconf 92' lang='lat' dir='ltr'>in-</span> 
     </span>
     <span class='ocr_line' id='line_1_3' title="bbox 187 329 918 376; baseline -0.008 -10"><span class='ocrx_word' id='word_1_8' title='bbox 187 332 349 376; x_wconf 82' lang='lat' dir='ltr'>grediens,</span> <span class='ocrx_word' id='word_1_9' title='bbox 369 338 401 365; x_wconf 80' lang='lat' dir='ltr'>et</span> <span class='ocrx_word' id='word_1_10' title='bbox 421 333 524 365; x_wconf 84' lang='lat' dir='ltr'>dicat:</span> <span class='ocrx_word' id='word_1_11' title='bbox 549 333 642 371; x_wconf 84' lang='lat' dir='ltr'>Deus,</span> <span class='ocrx_word' id='word_1_12' title='bbox 663 332 699 364; x_wconf 81' lang='lat' dir='ltr'>in</span> <span class='ocrx_word' id='word_1_13' title='bbox 720 329 918 363; x_wconf 80' lang='lat' dir='ltr'>adiutorium</span> 
     </span>
     <span class='ocr_line' id='line_1_4' title="bbox 187 381 920 424; baseline -0.007 -7"><span class='ocrx_word' id='word_1_14' title='bbox 187 395 294 417; x_wconf 78' lang='lat' dir='ltr'>meum</span> <span class='ocrx_word' id='word_1_15' title='bbox 313 385 461 423; x_wconf 74' lang='lat' dir='ltr'>intende,·</span> <span class='ocrx_word' id='word_1_16' title='bbox 480 385 623 424; x_wconf 75' lang='lat' dir='ltr'>Domine,</span> <span class='ocrx_word' id='word_1_17' title='bbox 637 384 680 416; x_wconf 81' lang='lat' dir='ltr'>ad</span> <span class='ocrx_word' id='word_1_18' title='bbox 695 381 920 415; x_wconf 77' lang='lat' dir='ltr'>adiuvandum</span> 
     </span>
     <span class='ocr_line' id='line_1_5' title="bbox 188 436 920 480; baseline -0.008 -10"><span class='ocrx_word' id='word_1_19' title='bbox 188 448 238 470; x_wconf 84' lang='lat' dir='ltr'>me</span> <span class='ocrx_word' id='word_1_20' title='bbox 253 438 381 480; x_wconf 78' lang='lat' dir='ltr'>festina,</span> <span class='ocrx_word' id='word_1_21' title='bbox 407 443 438 470; x_wconf 85' lang='lat' dir='ltr'>et</span> <span class='ocrx_word' id='word_1_22' title='bbox 462 438 525 470; x_wconf 81' lang='lat' dir='ltr'>lioc</span> <span class='ocrx_word' id='word_1_23' title='bbox 543 437 629 469; x_wconf 86' lang='lat' dir='ltr'>idem</span> <span class='ocrx_word' id='word_1_24' title='bbox 646 436 739 468; x_wconf 87' lang='lat' dir='ltr'>tertio</span> <span class='ocrx_word' id='word_1_25' title='bbox 757 439 920 477; x_wconf 87' lang='lat' dir='ltr'>repetatur</span> 
     </span>
     <span class='ocr_line' id='line_1_6' title="bbox 190 485 921 531; baseline -0.008 -9"><span class='ocrx_word' id='word_1_26' title='bbox 190 489 229 522; x_wconf 86' lang='lat' dir='ltr'>ab</span> <span class='ocrx_word' id='word_1_27' title='bbox 251 490 409 530; x_wconf 88' lang='lat' dir='ltr'>omnibus,</span> <span class='ocrx_word' id='word_1_28' title='bbox 427 494 458 522; x_wconf 86' lang='lat' dir='ltr'>et</span> <span class='ocrx_word' id='word_1_29' title='bbox 477 491 608 531; x_wconf 79' lang='lat' dir='ltr'>accepta</span> <span class='ocrx_word' id='word_1_30' title='bbox 622 486 850 520; x_wconf 89' lang='lat' dir='ltr'>benedictione</span> <span class='ocrx_word' id='word_1_31' title='bbox 875 485 921 516; x_wconf 92' lang='lat' dir='ltr'>in-</span> 
     </span>
     <span class='ocr_line' id='line_1_7' title="bbox 191 542 368 584; baseline 0 -9"><span class='ocrx_word' id='word_1_32' title='bbox 191 542 368 584; x_wconf 74' lang='lat' dir='ltr'>grediatur.</span> 
     </span>
    </p>

    <p class='ocr_par' dir='ltr' id='par_1_3' title="bbox 463 600 659 623">
     <span class='ocr_line' id='line_1_8' title="bbox 463 600 659 623; baseline -0.01 0"><span class='ocrx_word' id='word_1_33' title='bbox 463 600 659 623; x_wconf 73' lang='lat' dir='ltr'>DECLARATIO.</span> 
     </span>
    </p>

    <p class='ocr_par' dir='ltr' id='par_1_4' title="bbox 191 637 922 824">
     <span class='ocr_line' id='line_1_9' title="bbox 231 637 920 681; baseline -0.009 -9"><span class='ocrx_word' id='word_1_34' title='bbox 231 643 273 681; x_wconf 87' lang='lat' dir='ltr'>(o)</span> <span class='ocrx_word' id='word_1_35' title='bbox 295 651 314 672; x_wconf 80' lang='lat' dir='ltr'>i.</span> <span class='ocrx_word' id='word_1_36' title='bbox 339 641 439 672; x_wconf 80' lang='lat' dir='ltr'>Nullus</span> <span class='ocrx_word' id='word_1_37' title='bbox 460 646 613 670; x_wconf 67' lang='lat' dir='ltr'>eaeeusetnr.</span> <span class='ocrx_word' id='word_1_38' title='bbox 638 640 722 669; x_wconf 92' lang='lat' dir='ltr'>Prior</span> <span class='ocrx_word' id='word_1_39' title='bbox 745 637 920 674; x_wconf 83' lang='lat' dir='ltr'>claustralis,</span> 
     </span>
     <span class='ocr_line' id='line_1_10' title="bbox 192 686 921 728; baseline -0.007 -8"><span class='ocrx_word' id='word_1_40' title='bbox 192 691 316 720; x_wconf 82' lang='lat' dir='ltr'>maxime</span> <span class='ocrx_word' id='word_1_41' title='bbox 338 699 403 719; x_wconf 86' lang='lat' dir='ltr'>cum</span> <span class='ocrx_word' id='word_1_42' title='bbox 427 689 572 728; x_wconf 87' lang='lat' dir='ltr'>praelatus</span> <span class='ocrx_word' id='word_1_43' title='bbox 594 689 648 718; x_wconf 87' lang='lat' dir='ltr'>erit</span> <span class='ocrx_word' id='word_1_44' title='bbox 676 688 705 717; x_wconf 90' lang='lat' dir='ltr'>in</span> <span class='ocrx_word' id='word_1_45' title='bbox 733 686 921 723; x_wconf 85' lang='lat' dir='ltr'>monasterio,</span> 
     </span>
     <span class='ocr_line' id='line_1_11' title="bbox 191 733 922 773; baseline -0.007 -6"><span class='ocrx_word' id='word_1_46' title='bbox 191 747 250 767; x_wconf 90' lang='lat' dir='ltr'>non</span> <span class='ocrx_word' id='word_1_47' title='bbox 278 743 432 767; x_wconf 70' lang='lat' dir='ltr'>excusetur</span> <span class='ocrx_word' id='word_1_48' title='bbox 454 746 468 766; x_wconf 89' lang='lat' dir='ltr'>a</span> <span class='ocrx_word' id='word_1_49' title='bbox 496 736 659 766; x_wconf 82' lang='lat' dir='ltr'>ministerio</span> <span class='ocrx_word' id='word_1_50' title='bbox 687 736 845 773; x_wconf 79' lang='lat' dir='ltr'>coquinae,</span> <span class='ocrx_word' id='word_1_51' title='bbox 873 733 922 763; x_wconf 84' lang='lat' dir='ltr'>sed</span> 
     </span>
     <span class='ocr_line' id='line_1_12' title="bbox 192 785 922 824; baseline -0.005 -9"><span class='ocrx_word' id='word_1_52' title='bbox 192 786 270 815; x_wconf 86' lang='lat' dir='ltr'>solus</span> <span class='ocrx_word' id='word_1_53' title='bbox 292 786 477 821; x_wconf 77' lang='lat' dir='ltr'>cellerarius3</span> <span class='ocrx_word' id='word_1_54' title='bbox 494 785 543 823; x_wconf 87' lang='lat' dir='ltr'>qui</span> <span class='ocrx_word' id='word_1_55' title='bbox 560 785 648 824; x_wconf 83' lang='lat' dir='ltr'>prior,</span> <span class='ocrx_word' id='word_1_56' title='bbox 666 792 781 813; x_wconf 80' lang='lat' dir='ltr'>mensae</span> <span class='ocrx_word' id='word_1_57' title='bbox 797 791 922 821; x_wconf 80' lang='lat' dir='ltr'>quoque,</span> 
     </span>
    </p>
   </div>
   <div class='ocr_carea' id='block_1_3' title="bbox 193 831 925 912">
    <p class='ocr_par' dir='ltr' id='par_1_5' title="bbox 193 831 925 912">
     <span class='ocr_line' id='line_1_13' title="bbox 193 831 925 873; baseline -0.007 -9"><span class='ocrx_word' id='word_1_58' title='bbox 193 835 280 864; x_wconf 83' lang='lat' dir='ltr'>etiam</span> <span class='ocrx_word' id='word_1_59' title='bbox 303 834 422 864; x_wconf 85' lang='lat' dir='ltr'>absente</span> <span class='ocrx_word' id='word_1_60' title='bbox 444 834 584 873; x_wconf 87' lang='lat' dir='ltr'>praelato,</span> <span class='ocrx_word' id='word_1_61' title='bbox 607 834 703 871; x_wconf 81' lang='lat' dir='ltr'>legere</span> <span class='ocrx_word' id='word_1_62' title='bbox 729 837 756 861; x_wconf 91' lang='lat' dir='ltr'>et</span> <span class='ocrx_word' id='word_1_63' title='bbox 784 831 925 861; x_wconf 82' lang='lat' dir='ltr'>inservire</span> 
     </span>
     <span class='ocr_line' id='line_1_14' title="bbox 193 882 291 912; baseline -0.01 0"><span class='ocrx_word' id='word_1_64' title='bbox 193 882 291 912; x_wconf 87' lang='lat' dir='ltr'>debet.</span> 
     </span>
    </p>
   </div>
   <div class='ocr_carea' id='block_1_4' title="bbox 9 927 934 1520">
    <p class='ocr_par' dir='ltr' id='par_1_6' title="bbox 182 927 929 1160">
     <span class='ocr_line' id='line_1_15' title="bbox 234 927 926 968; baseline -0.003 -10"><span class='ocrx_word' id='word_1_65' title='bbox 234 930 274 968; x_wconf 69' lang='lat'><em>(11)</em></span> <span class='ocrx_word' id='word_1_66' title='bbox 296 939 326 959; x_wconf 87' lang='lat'>11.</span> <span class='ocrx_word' id='word_1_67' title='bbox 350 929 478 967; x_wconf 67' lang='lat' dir='ltr'>Singulos</span> <span class='ocrx_word' id='word_1_68' title='bbox 500 930 601 958; x_wconf 81' lang='lat' dir='ltr'>biberes</span> <span class='ocrx_word' id='word_1_69' title='bbox 622 934 645 958; x_wconf 81' lang='lat' dir='ltr'>ct</span> <span class='ocrx_word' id='word_1_70' title='bbox 665 938 775 967; x_wconf 79' lang='lat' dir='ltr'>panem.</span> <span class='ocrx_word' id='word_1_71' title='bbox 794 927 870 957; x_wconf 83' lang='lat' dir='ltr'>Infra</span> <span class='ocrx_word' id='word_1_72' title='bbox 892 927 926 956; x_wconf 86' lang='lat' dir='ltr'>de</span> 
     </span>
     <span class='ocr_line' id='line_1_16' title="bbox 194 976 926 1011; baseline -0.004 -4"><span class='ocrx_word' id='word_1_73' title='bbox 194 978 419 1008; x_wconf 87' lang='lat' dir='ltr'>hebdomadario</span> <span class='ocrx_word' id='word_1_74' title='bbox 442 978 547 1007; x_wconf 85' lang='lat' dir='ltr'>lectore</span> <span class='ocrx_word' id='word_1_75' title='bbox 563 977 633 1007; x_wconf 87' lang='lat' dir='ltr'>dicit</span> <span class='ocrx_word' id='word_1_76' title='bbox 650 978 773 1006; x_wconf 56' lang='lat' dir='ltr'>mistum.</span> <span class='ocrx_word' id='word_1_77' title='bbox 789 976 867 1011; x_wconf 87' lang='lat' dir='ltr'>Quod</span> <span class='ocrx_word' id='word_1_78' title='bbox 884 976 926 1004; x_wconf 89' lang='lat' dir='ltr'>in-</span> 
     </span>
     <span class='ocr_line' id='line_1_17' title="bbox 182 1018 927 1064; baseline -0.005 -8"><span class='ocrx_word' id='word_1_79' title='bbox 182 1018 354 1064; x_wconf 51' lang='lat' dir='ltr'>&#39;telligimus</span> <span class='ocrx_word' id='word_1_80' title='bbox 376 1031 490 1055; x_wconf 85' lang='lat' dir='ltr'>tantum</span> <span class='ocrx_word' id='word_1_81' title='bbox 512 1026 583 1062; x_wconf 72' lang='lat' dir='ltr'>vini,</span> <span class='ocrx_word' id='word_1_82' title='bbox 600 1030 741 1064; x_wconf 86' lang='lat' dir='ltr'>quantum</span> <span class='ocrx_word' id='word_1_83' title='bbox 758 1033 860 1063; x_wconf 79' lang='lat' dir='ltr'>capere</span> <span class='ocrx_word' id='word_1_84' title='bbox 878 1033 927 1063; x_wconf 90' lang='lat' dir='ltr'>po-</span> 
     </span>
     <span class='ocr_line' id='line_1_18' title="bbox 196 1071 929 1112; baseline -0.004 -9"><span class='ocrx_word' id='word_1_85' title='bbox 196 1079 251 1104; x_wconf 81' lang='lat' dir='ltr'>test</span> <span class='ocrx_word' id='word_1_86' title='bbox 274 1084 347 1103; x_wconf 90' lang='lat' dir='ltr'>unus</span> <span class='ocrx_word' id='word_1_87' title='bbox 370 1074 499 1112; x_wconf 76' lang='lat' dir='ltr'><strong>cyathus,</strong></span> <span class='ocrx_word' id='word_1_88' title='bbox 523 1074 552 1103; x_wconf 91' lang='lat' dir='ltr'>in</span> <span class='ocrx_word' id='word_1_89' title='bbox 575 1083 632 1112; x_wconf 89' lang='lat' dir='ltr'>quo</span> <span class='ocrx_word' id='word_1_90' title='bbox 654 1073 683 1102; x_wconf 93' lang='lat' dir='ltr'>in</span> <span class='ocrx_word' id='word_1_91' title='bbox 705 1072 858 1102; x_wconf 82' lang='lat' dir='ltr'>refectorio</span> <span class='ocrx_word' id='word_1_92' title='bbox 885 1071 929 1100; x_wconf 91' lang='lat' dir='ltr'>hi-</span> 
     </span>
     <span class='ocr_line' id='line_1_19' title="bbox 196 1121 769 1160; baseline -0.003 -9"><span class='ocrx_word' id='word_1_93' title='bbox 196 1122 287 1160; x_wconf 86' lang='lat' dir='ltr'>bitur,</span> <span class='ocrx_word' id='word_1_94' title='bbox 311 1127 338 1151; x_wconf 89' lang='lat' dir='ltr'>et</span> <span class='ocrx_word' id='word_1_95' title='bbox 360 1123 435 1152; x_wconf 88' lang='lat' dir='ltr'>circa</span> <span class='ocrx_word' id='word_1_96' title='bbox 458 1122 558 1152; x_wconf 87' lang='lat' dir='ltr'>uncias</span> <span class='ocrx_word' id='word_1_97' title='bbox 581 1122 652 1151; x_wconf 88' lang='lat' dir='ltr'>duas</span> <span class='ocrx_word' id='word_1_98' title='bbox 675 1121 769 1159; x_wconf 89' lang='lat' dir='ltr'>panis.</span> 
     </span>
    </p>

    <p class='ocr_par' dir='ltr' id='par_1_7' title="bbox 197 1167 931 1355">
     <span class='ocr_line' id='line_1_20' title="bbox 236 1167 930 1205; baseline -0.006 -5"><span class='ocrx_word' id='word_1_99' title='bbox 236 1179 275 1200; x_wconf 83' lang='lat'>111.</span> <span class='ocrx_word' id='word_1_100' title='bbox 297 1170 377 1205; x_wconf 86' lang='lat' dir='ltr'>Quod</span> <span class='ocrx_word' id='word_1_101' title='bbox 400 1180 467 1200; x_wconf 84' lang='lat' dir='ltr'>vero</span> <span class='ocrx_word' id='word_1_102' title='bbox 495 1170 602 1199; x_wconf 88' lang='lat' dir='ltr'>dicitur</span> <span class='ocrx_word' id='word_1_103' title='bbox 631 1169 666 1198; x_wconf 91' lang='lat' dir='ltr'>de</span> <span class='ocrx_word' id='word_1_104' title='bbox 696 1167 930 1198; x_wconf 80' lang='lat' dir='ltr'>hebdomadariis</span> 
     </span>
     <span class='ocr_line' id='line_1_21' title="bbox 197 1210 929 1257; baseline -0.005 -9"><span class='ocrx_word' id='word_1_105' title='bbox 197 1210 349 1257; x_wconf 87' lang='lat' dir='ltr'>coquinae,</span> <span class='ocrx_word' id='word_1_106' title='bbox 373 1218 448 1248; x_wconf 89' lang='lat' dir='ltr'>idem</span> <span class='ocrx_word' id='word_1_107' title='bbox 471 1218 579 1247; x_wconf 83' lang='lat' dir='ltr'>dicitur</span> <span class='ocrx_word' id='word_1_108' title='bbox 600 1217 636 1246; x_wconf 87' lang='lat' dir='ltr'>de</span> <span class='ocrx_word' id='word_1_109' title='bbox 658 1217 793 1247; x_wconf 89' lang='lat' dir='ltr'>omnibus</span> <span class='ocrx_word' id='word_1_110' title='bbox 821 1215 929 1245; x_wconf 84' lang='lat' dir='ltr'>osticia-</span> 
     </span>
     <span class='ocr_line' id='line_1_22' title="bbox 197 1264 931 1305; baseline -0.004 -10"><span class='ocrx_word' id='word_1_111' title='bbox 197 1267 286 1304; x_wconf 88' lang='lat' dir='ltr'>libus,</span> <span class='ocrx_word' id='word_1_112' title='bbox 310 1267 359 1305; x_wconf 89' lang='lat' dir='ltr'>qui</span> <span class='ocrx_word' id='word_1_113' title='bbox 381 1267 410 1295; x_wconf 92' lang='lat' dir='ltr'>in</span> <span class='ocrx_word' id='word_1_114' title='bbox 434 1266 494 1295; x_wconf 90' lang='lat' dir='ltr'>suis</span> <span class='ocrx_word' id='word_1_115' title='bbox 511 1266 615 1295; x_wconf 82' lang='lat' dir='ltr'>officiis</span> <span class='ocrx_word' id='word_1_116' title='bbox 634 1264 767 1303; x_wconf 85' lang='lat' dir='ltr'>occupati</span> <span class='ocrx_word' id='word_1_117' title='bbox 783 1267 931 1302; x_wconf 86' lang='lat' dir='ltr'>nequeunt</span> 
     </span>
     <span class='ocr_line' id='line_1_23' title="bbox 198 1315 620 1355; baseline -0.005 -10"><span class='ocrx_word' id='word_1_118' title='bbox 198 1316 308 1355; x_wconf 81' lang='lat' dir='ltr'>primae</span> <span class='ocrx_word' id='word_1_119' title='bbox 330 1324 446 1345; x_wconf 83' lang='lat' dir='ltr'>mensae</span> <span class='ocrx_word' id='word_1_120' title='bbox 467 1315 620 1344; x_wconf 74' lang='lat' dir='ltr'>interesse.</span> 
     </span>
    </p>

    <p class='ocr_par' dir='ltr' id='par_1_8' title="bbox 238 1370 893 1409">
     <span class='ocr_line' id='line_1_24' title="bbox 238 1370 893 1409; baseline -0.005 -8"><span class='ocrx_word' id='word_1_121' title='bbox 238 1372 333 1402; x_wconf 72' lang='lat' dir='ltr'>CAPUT</span> <span class='ocrx_word' id='word_1_122' title='bbox 354 1371 474 1400; x_wconf 76' lang='lat' dir='ltr'>xxxvl.</span> <span class='ocrx_word' id='word_1_123' title='bbox 495 1387 534 1393; x_wconf 89' lang='lat'>—</span> <span class='ocrx_word' id='word_1_124' title='bbox 552 1370 590 1400; x_wconf 82' lang='lat' dir='ltr'>De</span> <span class='ocrx_word' id='word_1_125' title='bbox 611 1370 729 1409; x_wconf 81' lang='lat' dir='ltr'>infirmis</span> <span class='ocrx_word' id='word_1_126' title='bbox 750 1370 893 1408; x_wconf 78' lang='lat' dir='ltr'>fratribus.</span> 
     </span>
    </p>

    <p class='ocr_par' dir='ltr' id='par_1_9' title="bbox 9 1426 934 1520">
     <span class='ocr_line' id='line_1_25' title="bbox 59 1426 933 1470; baseline -0.006 -8"><span class='ocrx_word' id='word_1_127' title='bbox 59 1441 144 1470; x_wconf 59' lang='lat' dir='ltr'>Summa</span> <span class='ocrx_word' id='word_1_128' title='bbox 163 1438 189 1459; x_wconf 73' lang='lat' dir='ltr'>sit</span> <span class='ocrx_word' id='word_1_129' title='bbox 243 1428 445 1462; x_wconf 85' lang='lat' dir='ltr'>Infirmorum</span> <span class='ocrx_word' id='word_1_130' title='bbox 463 1439 540 1461; x_wconf 85' lang='lat' dir='ltr'>cura</span> <span class='ocrx_word' id='word_1_131' title='bbox 561 1433 635 1460; x_wconf 86' lang='lat' dir='ltr'>ante</span> <span class='ocrx_word' id='word_1_132' title='bbox 660 1426 767 1460; x_wconf 88' lang='lat' dir='ltr'>omnia</span> <span class='ocrx_word' id='word_1_133' title='bbox 788 1432 819 1459; x_wconf 86' lang='lat' dir='ltr'>et</span> <span class='ocrx_word' id='word_1_134' title='bbox 835 1436 933 1469; x_wconf 88' lang='lat' dir='ltr'>super</span> 
     </span>
     <span class='ocr_line' id='line_1_26' title="bbox 9 1468 934 1520; baseline -0.009 -2"><span class='ocrx_word' id='word_1_135' title='bbox 9 1468 309 1518; x_wconf 51' lang='lat' dir='ltr'>filiii.qiii¹&#39;.iffi=‘i}0mnia</span> <span class='ocrx_word' id='word_1_136' title='bbox 332 1481 516 1514; x_wconf 85' lang='lat' dir='ltr'>adhibenda</span> <span class='ocrx_word' id='word_1_137' title='bbox 541 1486 612 1520; x_wconf 88' lang='lat' dir='ltr'>est,</span> <span class='ocrx_word' id='word_1_138' title='bbox 646 1485 680 1511; x_wconf 88' lang='lat' dir='ltr'>ut</span> <span class='ocrx_word' id='word_1_139' title='bbox 714 1479 795 1512; x_wconf 85' lang='lat' dir='ltr'>sicut</span> <span class='ocrx_word' id='word_1_140' title='bbox 824 1488 934 1511; x_wconf 75' lang='lat' dir='ltr'>revera</span> 
     </span>
    </p>
   </div>
   <div class='ocr_carea' id='block_1_5' title="bbox 9 1518 934 1575">
    <p class='ocr_par' dir='ltr' id='par_1_10' title="bbox 9 1518 934 1575">
     <span class='ocr_line' id='line_1_27' title="bbox 9 1518 918 1540; baseline -0.006 1"><span class='ocrx_word' id='word_1_141' title='bbox 9 1521 88 1540; x_wconf 66' lang='lat' dir='ltr'>molesti</span> <span class='ocrx_word' id='word_1_142' title='bbox 97 1524 137 1538; x_wconf 86' lang='lat' dir='ltr'>uon</span> <span class='ocrx_word' id='word_1_143' title='bbox 143 1518 192 1540; x_wconf 78' lang='lat' dir='ltr'>sini.</span> <span class='ocrx_word' id='word_1_144' title='bbox 267 1534 273 1539; x_wconf 90' lang='lat'>.</span> <span class='ocrx_word' id='word_1_145' title='bbox 362 1534 367 1539; x_wconf 94' lang='lat'>.</span> <span class='ocrx_word' id='word_1_146' title='bbox 449 1534 454 1538; x_wconf 97' lang='lat'>.</span> <span class='ocrx_word' id='word_1_147' title='bbox 575 1533 580 1538; x_wconf 91' lang='lat'>.</span> <span class='ocrx_word' id='word_1_148' title='bbox 742 1533 747 1537; x_wconf 92' lang='lat'>.</span> <span class='ocrx_word' id='word_1_149' title='bbox 796 1531 801 1536; x_wconf 93' lang='lat'>.</span> <span class='ocrx_word' id='word_1_150' title='bbox 913 1532 918 1536; x_wconf 92' lang='lat'>.</span> 
     </span>
     <span class='ocr_line' id='line_1_28' title="bbox 10 1531 934 1575; baseline -0.006 -6"><span class='ocrx_word' id='word_1_151' title='bbox 10 1548 29 1566; x_wconf 80' lang='grc' dir='ltr'>οι</span> <span class='ocrx_word' id='word_1_152' title='bbox 45 1544 130 1566; x_wconf 68' lang='lat' dir='ltr'>nonani</span> <span class='ocrx_word' id='word_1_153' title='bbox 155 1535 340 1572; x_wconf 47' lang='lat' dir='ltr'>ina-Christo,</span> <span class='ocrx_word' id='word_1_154' title='bbox 360 1539 404 1566; x_wconf 85' lang='lat' dir='ltr'>ita</span> <span class='ocrx_word' id='word_1_155' title='bbox 428 1544 474 1566; x_wconf 85' lang='lat' dir='ltr'>eis</span> <span class='ocrx_word' id='word_1_156' title='bbox 498 1538 675 1572; x_wconf 82' lang='lat' dir='ltr'>serviatur;</span> <span class='ocrx_word' id='word_1_157' title='bbox 695 1543 770 1575; x_wconf 85' lang='lat' dir='ltr'>quia</span> <span class='ocrx_word' id='word_1_158' title='bbox 795 1542 864 1574; x_wconf 85' lang='lat' dir='ltr'>ipse</span> <span class='ocrx_word' id='word_1_159' title='bbox 890 1531 934 1564; x_wconf 86' lang='lat' dir='ltr'>di-</span> 
     </span>
    </p>
   </div>
   <div class='ocr_carea' id='block_1_6' title="bbox 10 1572 945 2619">
    <p class='ocr_par' dir='ltr' id='par_1_11' title="bbox 10 1572 940 2047">
     <span class='ocr_line' id='line_1_29' title="bbox 10 1572 932 1628; baseline -0.003 -9"><span class='ocrx_word' id='word_1_160' title='bbox 10 1573 85 1619; x_wconf 54' lang='lat'>3223?</span> <span class='ocrx_word' id='word_1_161' title='bbox 130 1572 262 1619; x_wconf 54' lang='lat' dir='ltr'>sust&#39;&#39;xitz</span> <span class='ocrx_word' id='word_1_162' title='bbox 286 1586 443 1628; x_wconf 78' lang='lat' dir='ltr'>Infirmus</span> <span class='ocrx_word' id='word_1_163' title='bbox 467 1587 528 1628; x_wconf 72' lang='lat' dir='ltr'>fui,</span> <span class='ocrx_word' id='word_1_164' title='bbox 560 1590 588 1618; x_wconf 84' lang='lat' dir='ltr'>ct</span> <span class='ocrx_word' id='word_1_165' title='bbox 607 1585 764 1617; x_wconf 71' lang='lat' dir='ltr'>visitastis</span> <span class='ocrx_word' id='word_1_166' title='bbox 788 1595 857 1617; x_wconf 83' lang='lat' dir='ltr'>me:</span> <span class='ocrx_word' id='word_1_167' title='bbox 885 1589 932 1617; x_wconf 86' lang='lat' dir='ltr'>ct:</span> 
     </span>
     <span class='ocr_line' id='line_1_30' title="bbox 204 1637 934 1682; baseline -0.004 -10"><span class='ocrx_word' id='word_1_168' title='bbox 204 1639 295 1680; x_wconf 78' lang='lat' dir='ltr'>Quod</span> <span class='ocrx_word' id='word_1_169' title='bbox 318 1640 422 1682; x_wconf 75' lang='lat' dir='ltr'>fecisti</span> <span class='ocrx_word' id='word_1_170' title='bbox 445 1639 505 1671; x_wconf 81' lang='lat' dir='ltr'>uni</span> <span class='ocrx_word' id='word_1_171' title='bbox 529 1639 566 1671; x_wconf 78' lang='lat' dir='ltr'>cle</span> <span class='ocrx_word' id='word_1_172' title='bbox 591 1638 642 1670; x_wconf 73' lang='lat' dir='ltr'>lm&#39;s</span> <span class='ocrx_word' id='word_1_173' title='bbox 666 1637 811 1670; x_wconf 78' lang='lat' dir='ltr'>minimis</span> <span class='ocrx_word' id='word_1_174' title='bbox 835 1637 934 1677; x_wconf 75' lang='lat' dir='ltr'>meis,</span> 
     </span>
     <span class='ocr_line' id='line_1_31' title="bbox 203 1688 936 1734; baseline -0.004 -10"><span class='ocrx_word' id='word_1_175' title='bbox 203 1693 288 1724; x_wconf 63' lang='lat' dir='ltr'>milti</span> <span class='ocrx_word' id='word_1_176' title='bbox 311 1691 440 1734; x_wconf 81' lang='lat' dir='ltr'>fecistis.</span> <span class='ocrx_word' id='word_1_177' title='bbox 461 1690 522 1723; x_wconf 85' lang='lat' dir='ltr'>Sed</span> <span class='ocrx_word' id='word_1_178' title='bbox 549 1696 578 1722; x_wconf 89' lang='lat' dir='ltr'>et</span> <span class='ocrx_word' id='word_1_179' title='bbox 604 1690 666 1733; x_wconf 86' lang='lat' dir='ltr'>ipsi</span> <span class='ocrx_word' id='word_1_180' title='bbox 690 1688 807 1721; x_wconf 81' lang='lat' dir='ltr'>infirmi</span> <span class='ocrx_word' id='word_1_181' title='bbox 831 1689 936 1722; x_wconf 90' lang='lat' dir='ltr'>consi-</span> 
     </span>
     <span class='ocr_line' id='line_1_32' title="bbox 205 1741 937 1781; baseline -0.005 -4"><span class='ocrx_word' id='word_1_182' title='bbox 205 1745 319 1778; x_wconf 83' lang='lat' dir='ltr'>derent</span> <span class='ocrx_word' id='word_1_183' title='bbox 342 1743 374 1776; x_wconf 88' lang='lat' dir='ltr'>in</span> <span class='ocrx_word' id='word_1_184' title='bbox 401 1743 559 1776; x_wconf 80' lang='lat' dir='ltr'>honorem</span> <span class='ocrx_word' id='word_1_185' title='bbox 586 1742 641 1774; x_wconf 90' lang='lat' dir='ltr'>Dei</span> <span class='ocrx_word' id='word_1_186' title='bbox 666 1741 726 1774; x_wconf 90' lang='lat' dir='ltr'>sibi</span> <span class='ocrx_word' id='word_1_187' title='bbox 751 1741 876 1781; x_wconf 82' lang='lat' dir='ltr'>serviri,</span> <span class='ocrx_word' id='word_1_188' title='bbox 906 1746 937 1774; x_wconf 88' lang='lat' dir='ltr'>et</span> 
     </span>
     <span class='ocr_line' id='line_1_33' title="bbox 204 1794 938 1839; baseline -0.004 -10"><span class='ocrx_word' id='word_1_189' title='bbox 204 1807 267 1829; x_wconf 90' lang='lat' dir='ltr'>non</span> <span class='ocrx_word' id='word_1_190' title='bbox 293 1796 512 1839; x_wconf 80' lang='lat' dir='ltr'>superfluitate</span> <span class='ocrx_word' id='word_1_191' title='bbox 529 1796 584 1826; x_wconf 78' lang='lat' dir='ltr'>sua</span> <span class='ocrx_word' id='word_1_192' title='bbox 604 1794 797 1827; x_wconf 71' lang='lat' dir='ltr'>contristent</span> <span class='ocrx_word' id='word_1_193' title='bbox 821 1794 938 1827; x_wconf 82' lang='lat' dir='ltr'>sratrcs</span> 
     </span>
     <span class='ocr_line' id='line_1_34' title="bbox 205 1846 939 1889; baseline -0.004 -8"><span class='ocrx_word' id='word_1_194' title='bbox 205 1859 277 1882; x_wconf 89' lang='lat' dir='ltr'>suos</span> <span class='ocrx_word' id='word_1_195' title='bbox 303 1848 479 1881; x_wconf 77' lang='lat' dir='ltr'>servientes</span> <span class='ocrx_word' id='word_1_196' title='bbox 501 1847 574 1880; x_wconf 88' lang='lat' dir='ltr'>sibi.</span> <span class='ocrx_word' id='word_1_197' title='bbox 600 1846 656 1884; x_wconf 86' lang='lat' dir='ltr'>Qui</span> <span class='ocrx_word' id='word_1_198' title='bbox 683 1852 789 1879; x_wconf 81' lang='lat' dir='ltr'>tamen</span> <span class='ocrx_word' id='word_1_199' title='bbox 813 1847 939 1889; x_wconf 83' lang='lat' dir='ltr'>patien-</span> 
     </span>
     <span class='ocr_line' id='line_1_35' title="bbox 206 1899 939 1943; baseline -0.001 -10"><span class='ocrx_word' id='word_1_200' title='bbox 206 1907 254 1934; x_wconf 87' lang='lat' dir='ltr'>ter</span> <span class='ocrx_word' id='word_1_201' title='bbox 277 1899 425 1943; x_wconf 88' lang='lat' dir='ltr'>portandi</span> <span class='ocrx_word' id='word_1_202' title='bbox 451 1904 534 1938; x_wconf 88' lang='lat' dir='ltr'>sunt,</span> <span class='ocrx_word' id='word_1_203' title='bbox 553 1899 626 1942; x_wconf 83' lang='lat' dir='ltr'>quia</span> <span class='ocrx_word' id='word_1_204' title='bbox 644 1899 682 1931; x_wconf 89' lang='lat' dir='ltr'>dc</span> <span class='ocrx_word' id='word_1_205' title='bbox 701 1899 815 1931; x_wconf 84' lang='lat' dir='ltr'>talibus</span> <span class='ocrx_word' id='word_1_206' title='bbox 833 1899 939 1942; x_wconf 89' lang='lat' dir='ltr'>copio-</span> 
     </span>
     <span class='ocr_line' id='line_1_36' title="bbox 207 1951 940 1995; baseline -0.003 -9"><span class='ocrx_word' id='word_1_207' title='bbox 207 1954 272 1986; x_wconf 82' lang='lat' dir='ltr'>sior</span> <span class='ocrx_word' id='word_1_208' title='bbox 296 1963 419 1985; x_wconf 85' lang='lat' dir='ltr'>merces</span> <span class='ocrx_word' id='word_1_209' title='bbox 444 1952 633 1995; x_wconf 84' lang='lat' dir='ltr'>acquiritur.</span> <span class='ocrx_word' id='word_1_210' title='bbox 661 1951 746 1994; x_wconf 76' lang='lat' dir='ltr'>Ergo</span> <span class='ocrx_word' id='word_1_211' title='bbox 775 1962 852 1984; x_wconf 87' lang='lat' dir='ltr'>cura</span> <span class='ocrx_word' id='word_1_212' title='bbox 875 1963 940 1984; x_wconf 86' lang='lat' dir='ltr'>ma-</span> 
     </span>
     <span class='ocr_line' id='line_1_37' title="bbox 206 2004 939 2047; baseline -0.003 -9"><span class='ocrx_word' id='word_1_213' title='bbox 206 2006 290 2039; x_wconf 78' lang='lat' dir='ltr'>xima</span> <span class='ocrx_word' id='word_1_214' title='bbox 308 2006 348 2038; x_wconf 87' lang='lat' dir='ltr'>sit</span> <span class='ocrx_word' id='word_1_215' title='bbox 361 2005 478 2043; x_wconf 84' lang='lat' dir='ltr'>abbati,</span> <span class='ocrx_word' id='word_1_216' title='bbox 493 2015 532 2037; x_wconf 89' lang='lat' dir='ltr'>nc</span> <span class='ocrx_word' id='word_1_217' title='bbox 552 2004 693 2047; x_wconf 77' lang='lat' dir='ltr'>aliquam</span> <span class='ocrx_word' id='word_1_218' title='bbox 711 2005 939 2047; x_wconf 73' lang='lat' dir='ltr'>negligentiam</span> 
     </span>
    </p>

    <p class='ocr_par' dir='ltr' id='par_1_12' title="bbox 20 2057 941 2113">
     <span class='ocr_line' id='line_1_38' title="bbox 20 2057 941 2113; baseline -0.001 -22"><span class='ocrx_word' id='word_1_219' title='bbox 20 2060 382 2113; x_wconf 50' lang='lat' dir='ltr'>212sselilss&#39;g‘lnlffipassmus·</span> <span class='ocrx_word' id='word_1_220' title='bbox 408 2057 527 2095; x_wconf 83' lang='lat' dir='ltr'>Quibus</span> <span class='ocrx_word' id='word_1_221' title='bbox 563 2057 711 2090; x_wconf 76' lang='lat' dir='ltr'>fratribus</span> <span class='ocrx_word' id='word_1_222' title='bbox 736 2058 869 2091; x_wconf 77' lang='lat' dir='ltr'>infirmis</span> <span class='ocrx_word' id='word_1_223' title='bbox 901 2059 941 2090; x_wconf 87' lang='lat' dir='ltr'>sit</span> 
     </span>
    </p>

    <p class='ocr_par' dir='ltr' id='par_1_13' title="bbox 19 2108 942 2205">
     <span class='ocr_line' id='line_1_39' title="bbox 19 2108 942 2154; baseline 0.004 -15"><span class='ocrx_word' id='word_1_224' title='bbox 19 2108 92 2140; x_wconf 59' lang='lat' dir='ltr'>misius.</span> <span class='ocrx_word' id='word_1_225' title='bbox 210 2113 257 2154; x_wconf 84' lang='lat' dir='ltr'>(a)</span> <span class='ocrx_word' id='word_1_226' title='bbox 282 2112 365 2144; x_wconf 89' lang='lat' dir='ltr'>cella</span> <span class='ocrx_word' id='word_1_227' title='bbox 389 2120 485 2153; x_wconf 90' lang='lat' dir='ltr'>super</span> <span class='ocrx_word' id='word_1_228' title='bbox 509 2120 543 2142; x_wconf 91' lang='lat' dir='ltr'>se</span> <span class='ocrx_word' id='word_1_229' title='bbox 569 2110 729 2152; x_wconf 85' lang='lat' dir='ltr'>deputata⁷</span> <span class='ocrx_word' id='word_1_230' title='bbox 752 2115 784 2143; x_wconf 89' lang='lat' dir='ltr'>et</span> <span class='ocrx_word' id='word_1_231' title='bbox 807 2111 942 2144; x_wconf 83' lang='lat' dir='ltr'>servitor</span> 
     </span>
     <span class='ocr_line' id='line_1_40' title="bbox 211 2163 938 2205; baseline 0 -8"><span class='ocrx_word' id='word_1_232' title='bbox 211 2165 327 2197; x_wconf 86' lang='lat' dir='ltr'>timens</span> <span class='ocrx_word' id='word_1_233' title='bbox 351 2164 467 2203; x_wconf 89' lang='lat' dir='ltr'>Deum,</span> <span class='ocrx_word' id='word_1_234' title='bbox 493 2168 524 2195; x_wconf 88' lang='lat' dir='ltr'>et</span> <span class='ocrx_word' id='word_1_235' title='bbox 548 2163 685 2205; x_wconf 76' lang='lat' dir='ltr'>diligens</span> <span class='ocrx_word' id='word_1_236' title='bbox 710 2174 746 2196; x_wconf 87' lang='lat' dir='ltr'>ac</span> <span class='ocrx_word' id='word_1_237' title='bbox 770 2163 938 2197; x_wconf 90' lang='lat' dir='ltr'>sollicitus.</span> 
     </span>
    </p>

    <p class='ocr_par' dir='ltr' id='par_1_14' title="bbox 211 2215 945 2564">
     <span class='ocr_line' id='line_1_41' title="bbox 256 2215 941 2259; baseline -0.001 -11"><span class='ocrx_word' id='word_1_238' title='bbox 256 2217 301 2259; x_wconf 84' lang='lat' dir='ltr'>(b)</span> <span class='ocrx_word' id='word_1_239' title='bbox 327 2216 521 2248; x_wconf 87' lang='lat' dir='ltr'>Balncorum</span> <span class='ocrx_word' id='word_1_240' title='bbox 546 2225 622 2247; x_wconf 86' lang='lat' dir='ltr'>usus</span> <span class='ocrx_word' id='word_1_241' title='bbox 647 2215 790 2255; x_wconf 84' lang='lat' dir='ltr'>infirmis,</span> <span class='ocrx_word' id='word_1_242' title='bbox 817 2216 941 2259; x_wconf 88' lang='lat' dir='ltr'>quoties</span> 
     </span>
     <span class='ocr_line' id='line_1_42' title="bbox 212 2267 943 2312; baseline -0.003 -10"><span class='ocrx_word' id='word_1_243' title='bbox 212 2268 353 2312; x_wconf 75' lang='lat' dir='ltr'>expedit,</span> <span class='ocrx_word' id='word_1_244' title='bbox 377 2267 548 2307; x_wconf 54' lang='lat' dir='ltr'>offeratur,</span> <span class='ocrx_word' id='word_1_245' title='bbox 568 2267 653 2300; x_wconf 85' lang='lat' dir='ltr'>sanis</span> <span class='ocrx_word' id='word_1_246' title='bbox 679 2272 784 2300; x_wconf 84' lang='lat' dir='ltr'>autem</span> <span class='ocrx_word' id='word_1_247' title='bbox 816 2273 848 2300; x_wconf 87' lang='lat' dir='ltr'>et</span> <span class='ocrx_word' id='word_1_248' title='bbox 878 2279 943 2300; x_wconf 84' lang='lat' dir='ltr'>ma-</span> 
     </span>
     <span class='ocr_line' id='line_1_43' title="bbox 211 2319 942 2359; baseline -0.001 -5"><span class='ocrx_word' id='word_1_249' title='bbox 211 2321 295 2354; x_wconf 75' lang='lat' dir='ltr'>xime</span> <span class='ocrx_word' id='word_1_250' title='bbox 316 2320 494 2359; x_wconf 86' lang='lat' dir='ltr'>iuvenibus,</span> <span class='ocrx_word' id='word_1_251' title='bbox 518 2319 635 2352; x_wconf 84' lang='lat' dir='ltr'>tardius</span> <span class='ocrx_word' id='word_1_252' title='bbox 653 2321 861 2353; x_wconf 81' lang='lat' dir='ltr'>concedatur.</span> <span class='ocrx_word' id='word_1_253' title='bbox 881 2320 942 2353; x_wconf 90' lang='lat' dir='ltr'>Sed</span> 
     </span>
     <span class='ocr_line' id='line_1_44' title="bbox 213 2372 944 2407; baseline -0.003 0"><span class='ocrx_word' id='word_1_254' title='bbox 213 2379 244 2407; x_wconf 89' lang='lat' dir='ltr'>ct</span> <span class='ocrx_word' id='word_1_255' title='bbox 267 2373 411 2406; x_wconf 85' lang='lat' dir='ltr'>carnium</span> <span class='ocrx_word' id='word_1_256' title='bbox 436 2383 512 2405; x_wconf 82' lang='lat' dir='ltr'>usus</span> <span class='ocrx_word' id='word_1_257' title='bbox 536 2372 671 2405; x_wconf 82' lang='lat' dir='ltr'>infirmis</span> <span class='ocrx_word' id='word_1_258' title='bbox 696 2373 826 2406; x_wconf 89' lang='lat' dir='ltr'>omnino</span> <span class='ocrx_word' id='word_1_259' title='bbox 856 2373 944 2406; x_wconf 89' lang='lat' dir='ltr'>debi-</span> 
     </span>
     <span class='ocr_line' id='line_1_45' title="bbox 214 2425 942 2469; baseline -0.001 -9"><span class='ocrx_word' id='word_1_260' title='bbox 214 2426 298 2461; x_wconf 81' lang='lat' dir='ltr'>libus</span> <span class='ocrx_word' id='word_1_261' title='bbox 316 2437 375 2469; x_wconf 91' lang='lat' dir='ltr'>pro</span> <span class='ocrx_word' id='word_1_262' title='bbox 391 2426 595 2469; x_wconf 81' lang='lat' dir='ltr'>reparatione</span> <span class='ocrx_word' id='word_1_263' title='bbox 609 2425 815 2459; x_wconf 84' lang='lat' dir='ltr'>concedatur.</span> <span class='ocrx_word' id='word_1_264' title='bbox 835 2427 874 2458; x_wconf 83' lang='lat' dir='ltr'>At</span> <span class='ocrx_word' id='word_1_265' title='bbox 889 2427 942 2459; x_wconf 90' lang='lat' dir='ltr'>ubi</span> 
     </span>
     <span class='ocr_line' id='line_1_46' title="bbox 215 2478 943 2518; baseline 0.001 -7"><span class='ocrx_word' id='word_1_266' title='bbox 215 2478 375 2512; x_wconf 83' lang='lat' dir='ltr'>meliorati</span> <span class='ocrx_word' id='word_1_267' title='bbox 397 2478 524 2518; x_wconf 85' lang='lat' dir='ltr'>suerint,</span> <span class='ocrx_word' id='word_1_268' title='bbox 543 2489 559 2511; x_wconf 87' lang='lat' dir='ltr'>a</span> <span class='ocrx_word' id='word_1_269' title='bbox 577 2478 726 2510; x_wconf 87' lang='lat' dir='ltr'>carnibus</span> <span class='ocrx_word' id='word_1_270' title='bbox 741 2488 830 2512; x_wconf 86' lang='lat' dir='ltr'>more</span> <span class='ocrx_word' id='word_1_271' title='bbox 847 2480 943 2512; x_wconf 88' lang='lat' dir='ltr'>solito</span> 
     </span>
     <span class='ocr_line' id='line_1_47' title="bbox 216 2530 945 2564; baseline 0 0"><span class='ocrx_word' id='word_1_272' title='bbox 216 2540 328 2564; x_wconf 88' lang='lat' dir='ltr'>omncs</span> <span class='ocrx_word' id='word_1_273' title='bbox 353 2531 546 2564; x_wconf 85' lang='lat' dir='ltr'>abstineant.</span> <span class='ocrx_word' id='word_1_274' title='bbox 580 2530 692 2563; x_wconf 85' lang='lat' dir='ltr'>Curam</span> <span class='ocrx_word' id='word_1_275' title='bbox 717 2535 822 2563; x_wconf 85' lang='lat' dir='ltr'>autem</span> <span class='ocrx_word' id='word_1_276' title='bbox 846 2531 945 2564; x_wconf 87' lang='lat' dir='ltr'>maxi-</span> 
     </span>
    </p>

    <p class='ocr_par' dir='ltr' id='par_1_15' title="bbox 187 2582 945 2619">
     <span class='ocr_line' id='line_1_48' title="bbox 187 2582 945 2619; baseline 0 -3"><span class='ocrx_word' id='word_1_277' title='bbox 187 2582 191 2587; x_wconf 83' lang='lat'>&#39;</span> <span class='ocrx_word' id='word_1_278' title='bbox 216 2593 301 2619; x_wconf 80' lang='lat' dir='ltr'>marn</span> <span class='ocrx_word' id='word_1_279' title='bbox 326 2583 443 2617; x_wconf 84' lang='lat' dir='ltr'>babeat</span> <span class='ocrx_word' id='word_1_280' title='bbox 467 2583 564 2617; x_wconf 86' lang='lat' dir='ltr'>abbas</span> <span class='ocrx_word' id='word_1_281' title='bbox 589 2593 628 2617; x_wconf 87' lang='lat' dir='ltr'>nc</span> <span class='ocrx_word' id='word_1_282' title='bbox 653 2594 671 2616; x_wconf 86' lang='lat' dir='ltr'>a</span> <span class='ocrx_word' id='word_1_283' title='bbox 694 2583 869 2617; x_wconf 73' lang='lat' dir='ltr'>cellerariis</span> <span class='ocrx_word' id='word_1_284' title='bbox 893 2590 945 2618; x_wconf 88' lang='lat' dir='ltr'>aut</span> 
     </span>
    </p>
   </div>
   <div class='ocr_carea' id='block_1_7' title="bbox 21 2223 201 2297">
    <p class='ocr_par' dir='ltr' id='par_1_16' title="bbox 21 2223 201 2297">
     <span class='ocr_line' id='line_1_49' title="bbox 59 2223 201 2244; baseline 0.007 -1"><span class='ocrx_word' id='word_1_285' title='bbox 59 2223 108 2244; x_wconf 68' lang='lat' dir='ltr'>lteni</span> <span class='ocrx_word' id='word_1_286' title='bbox 126 2229 201 2244; x_wconf 63' lang='lat' dir='ltr'>conre-</span> 
     </span>
     <span class='ocr_line' id='line_1_50' title="bbox 21 2248 201 2271; baseline 0 -1"><span class='ocrx_word' id='word_1_287' title='bbox 21 2248 95 2270; x_wconf 77' lang='lat' dir='ltr'>damur</span> <span class='ocrx_word' id='word_1_288' title='bbox 125 2251 201 2271; x_wconf 76' lang='lat' dir='ltr'>balnea</span> 
     </span>
     <span class='ocr_line' id='line_1_51' title="bbox 22 2278 137 2297; baseline 0.009 -1"><span class='ocrx_word' id='word_1_289' title='bbox 22 2278 43 2297; x_wconf 78' lang='lat' dir='ltr'>et.</span> <span class='ocrx_word' id='word_1_290' title='bbox 57 2282 137 2297; x_wconf 66' lang='lat' dir='ltr'>carues.</span> 
     </span>
    </p>
   </div>
   <div class='ocr_carea' id='block_1_8' title="bbox 761 225 1097 256">
    <p class='ocr_par' dir='ltr' id='par_1_17' title="bbox 761 225 1097 256">
     <span class='ocr_line' id='line_1_52' title="bbox 761 225 1097 256; baseline -0.012 0"><span class='ocrx_word' id='word_1_291' title='bbox 761 229 971 256; x_wconf 76' lang='lat' dir='ltr'>INNOCENTIUS</span> <span class='ocrx_word' id='word_1_292' title='bbox 992 229 1022 253; x_wconf 76' lang='lat' dir='ltr'>x!</span> <span class='ocrx_word' id='word_1_293' title='bbox 1049 225 1097 253; x_wconf 75' lang='lat'>1³1⁵.</span> 
     </span>
    </p>
   </div>
   <div class='ocr_carea' id='block_1_9' title="bbox 937 277 954 1275">
    <p class='ocr_par' dir='ltr' id='par_1_18' title="bbox 937 277 954 1275">
     <span class='ocr_line' id='line_1_53' title="bbox 937 277 954 1275; baseline 0 0"><span class='ocrx_word' id='word_1_294' title='bbox 937 277 954 1275; x_wconf 95' lang='lat' dir='ltr'> </span> 
     </span>
    </p>
   </div>
   <div class='ocr_carea' id='block_1_10' title="bbox 952 1403 967 2428">
    <p class='ocr_par' dir='ltr' id='par_1_19' title="bbox 952 1403 967 2428">
     <span class='ocr_line' id='line_1_54' title="bbox 952 1403 967 2428; baseline 0 0"><span class='ocrx_word' id='word_1_295' title='bbox 952 1403 967 2428; x_wconf 95' lang='lat' dir='ltr'> </span> 
     </span>
    </p>
   </div>
   <div class='ocr_carea' id='block_1_11' title="bbox 960 214 1880 2628">
    <p class='ocr_par' dir='ltr' id='par_1_20' title="bbox 960 214 1880 422">
     <span class='ocr_line' id='line_1_55' title="bbox 1585 214 1880 251; baseline 0.007 -2"><span class='ocrx_word' id='word_1_296' title='bbox 1585 214 1649 249; x_wconf 72' lang='lat'>307</span> <span class='ocrx_word' id='word_1_297' title='bbox 1694 224 1744 251; x_wconf 73' lang='lat' dir='ltr'>An.</span> <span class='ocrx_word' id='word_1_298' title='bbox 1766 225 1793 251; x_wconf 92' lang='lat' dir='ltr'>c.</span> <span class='ocrx_word' id='word_1_299' title='bbox 1814 225 1880 251; x_wconf 67' lang='lat'>1080</span> 
     </span>
     <span class='ocr_line' id='line_1_56' title="bbox 960 273 1692 318; baseline -0.008 -9"><span class='ocrx_word' id='word_1_300' title='bbox 960 275 1165 309; x_wconf 83' lang='lat' dir='ltr'>servitoribus</span> <span class='ocrx_word' id='word_1_301' title='bbox 1185 275 1226 318; x_wconf 85' lang='lat' dir='ltr'>(c)</span> <span class='ocrx_word' id='word_1_302' title='bbox 1245 274 1451 317; x_wconf 83' lang='lat' dir='ltr'>negligantur</span> <span class='ocrx_word' id='word_1_303' title='bbox 1468 273 1594 311; x_wconf 81' lang='lat' dir='ltr'>infirmi,</span> <span class='ocrx_word' id='word_1_304' title='bbox 1617 273 1692 315; x_wconf 88' lang='lat' dir='ltr'>quia</span> 
     </span>
     <span class='ocr_line' id='line_1_57' title="bbox 961 324 1692 370; baseline -0.005 -10"><span class='ocrx_word' id='word_1_305' title='bbox 961 329 999 360; x_wconf 90' lang='lat' dir='ltr'>ad</span> <span class='ocrx_word' id='word_1_306' title='bbox 1018 328 1124 370; x_wconf 89' lang='lat' dir='ltr'>ipsum</span> <span class='ocrx_word' id='word_1_307' title='bbox 1149 326 1279 370; x_wconf 81' lang='lat' dir='ltr'>respicit</span> <span class='ocrx_word' id='word_1_308' title='bbox 1302 325 1458 370; x_wconf 86' lang='lat' dir='ltr'>quidquid</span> <span class='ocrx_word' id='word_1_309' title='bbox 1481 336 1500 358; x_wconf 89' lang='lat' dir='ltr'>a</span> <span class='ocrx_word' id='word_1_310' title='bbox 1524 324 1692 367; x_wconf 81' lang='lat' dir='ltr'>discipulis</span> 
     </span>
     <span class='ocr_line' id='line_1_58' title="bbox 961 379 1172 422; baseline -0.005 -10"><span class='ocrx_word' id='word_1_311' title='bbox 961 379 1172 422; x_wconf 88' lang='lat' dir='ltr'>delinquitur.</span> 
     </span>
    </p>

    <p class='ocr_par' dir='ltr' id='par_1_21' title="bbox 1230 430 1423 452">
     <span class='ocr_line' id='line_1_59' title="bbox 1230 430 1423 452; baseline -0.005 0"><span class='ocrx_word' id='word_1_312' title='bbox 1230 430 1423 452; x_wconf 74' lang='lat' dir='ltr'>DECLARATIO.</span> 
     </span>
    </p>

    <p class='ocr_par' dir='ltr' id='par_1_22' title="bbox 963 469 1706 1326">
     <span class='ocr_line' id='line_1_60' title="bbox 1001 469 1659 509; baseline 0 -10"><span class='ocrx_word' id='word_1_313' title='bbox 1001 471 1042 509; x_wconf 82' lang='lat' dir='ltr'>(a)</span> <span class='ocrx_word' id='word_1_314' title='bbox 1064 479 1083 500; x_wconf 83' lang='lat'>1.</span> <span class='ocrx_word' id='word_1_315' title='bbox 1109 470 1185 500; x_wconf 82' lang='lat' dir='ltr'>Cella</span> <span class='ocrx_word' id='word_1_316' title='bbox 1206 480 1288 509; x_wconf 80' lang='lat' dir='ltr'>super</span> <span class='ocrx_word' id='word_1_317' title='bbox 1309 480 1335 499; x_wconf 78' lang='lat' dir='ltr'>se</span> <span class='ocrx_word' id='word_1_318' title='bbox 1351 471 1488 509; x_wconf 76' lang='lat' dir='ltr'>deputata.</span> <span class='ocrx_word' id='word_1_319' title='bbox 1505 469 1632 505; x_wconf 80' lang='lat' dir='ltr'>Quilibet</span> <span class='ocrx_word' id='word_1_320' title='bbox 1650 469 1659 499; x_wconf 86' lang='lat' dir='ltr'>i</span> 
     </span>
     <span class='ocr_line' id='line_1_61' title="bbox 963 518 1693 558; baseline 0 -10"><span class='ocrx_word' id='word_1_321' title='bbox 963 519 1062 548; x_wconf 88' lang='lat' dir='ltr'>firmus</span> <span class='ocrx_word' id='word_1_322' title='bbox 1083 518 1185 548; x_wconf 87' lang='lat' dir='ltr'>babeat</span> <span class='ocrx_word' id='word_1_323' title='bbox 1202 543 1209 556; x_wconf 82' lang='lat'>‚</span> <span class='ocrx_word' id='word_1_324' title='bbox 1233 519 1256 548; x_wconf 93' lang='lat' dir='ltr'>si</span> <span class='ocrx_word' id='word_1_325' title='bbox 1278 519 1358 548; x_wconf 88' lang='lat' dir='ltr'>locus</span> <span class='ocrx_word' id='word_1_326' title='bbox 1381 519 1566 558; x_wconf 87' lang='lat' dir='ltr'>permiserit,</span> <span class='ocrx_word' id='word_1_327' title='bbox 1590 518 1693 548; x_wconf 86' lang='lat' dir='ltr'>cellam</span> 
     </span>
     <span class='ocr_line' id='line_1_62' title="bbox 963 566 1696 605; baseline -0.001 -9"><span class='ocrx_word' id='word_1_328' title='bbox 963 571 1125 605; x_wconf 83' lang='lat' dir='ltr'>separatam</span> <span class='ocrx_word' id='word_1_329' title='bbox 1147 576 1212 595; x_wconf 83' lang='lat' dir='ltr'>cuin</span> <span class='ocrx_word' id='word_1_330' title='bbox 1235 566 1359 603; x_wconf 86' lang='lat' dir='ltr'>camino,</span> <span class='ocrx_word' id='word_1_331' title='bbox 1377 576 1429 596; x_wconf 88' lang='lat' dir='ltr'>nec</span> <span class='ocrx_word' id='word_1_332' title='bbox 1448 567 1499 596; x_wconf 92' lang='lat' dir='ltr'>ulli</span> <span class='ocrx_word' id='word_1_333' title='bbox 1521 566 1639 595; x_wconf 91' lang='lat' dir='ltr'>omnino</span> <span class='ocrx_word' id='word_1_334' title='bbox 1655 566 1696 595; x_wconf 85' lang='lat' dir='ltr'>la—</span> 
     </span>
     <span class='ocr_line' id='line_1_63' title="bbox 964 614 1695 653; baseline -0.001 -9"><span class='ocrx_word' id='word_1_335' title='bbox 964 614 1026 644; x_wconf 90' lang='lat' dir='ltr'>bori</span> <span class='ocrx_word' id='word_1_336' title='bbox 1049 614 1157 653; x_wconf 90' lang='lat' dir='ltr'>ullique</span> <span class='ocrx_word' id='word_1_337' title='bbox 1179 614 1327 653; x_wconf 83' lang='lat' dir='ltr'>impensae</span> <span class='ocrx_word' id='word_1_338' title='bbox 1358 618 1492 652; x_wconf 86' lang='lat' dir='ltr'>parcatur</span> <span class='ocrx_word' id='word_1_339' title='bbox 1513 619 1545 644; x_wconf 86' lang='lat' dir='ltr'>ut</span> <span class='ocrx_word' id='word_1_340' title='bbox 1572 614 1695 643; x_wconf 84' lang='lat' dir='ltr'>infirmis</span> 
     </span>
     <span class='ocr_line' id='line_1_64' title="bbox 964 662 1694 700; baseline -0.001 -8"><span class='ocrx_word' id='word_1_341' title='bbox 964 662 1125 692; x_wconf 86' lang='lat' dir='ltr'>necessaria</span> <span class='ocrx_word' id='word_1_342' title='bbox 1147 662 1295 700; x_wconf 87' lang='lat' dir='ltr'>obsequia,</span> <span class='ocrx_word' id='word_1_343' title='bbox 1319 662 1406 691; x_wconf 91' lang='lat' dir='ltr'>immo</span> <span class='ocrx_word' id='word_1_344' title='bbox 1429 662 1559 691; x_wconf 86' lang='lat' dir='ltr'>decentia</span> <span class='ocrx_word' id='word_1_345' title='bbox 1582 662 1694 699; x_wconf 87' lang='lat' dir='ltr'>solatia,</span> 
     </span>
     <span class='ocr_line' id='line_1_65' title="bbox 967 709 1697 748; baseline 0 -10"><span class='ocrx_word' id='word_1_346' title='bbox 967 714 1025 739; x_wconf 87' lang='lat' dir='ltr'>tum</span> <span class='ocrx_word' id='word_1_347' title='bbox 1048 709 1222 748; x_wconf 83' lang='lat' dir='ltr'>spiritualia,</span> <span class='ocrx_word' id='word_1_348' title='bbox 1249 714 1310 738; x_wconf 82' lang='lat' dir='ltr'>tum</span> <span class='ocrx_word' id='word_1_349' title='bbox 1333 709 1504 747; x_wconf 79' lang='lat' dir='ltr'>corporalia,</span> <span class='ocrx_word' id='word_1_350' title='bbox 1523 709 1622 738; x_wconf 89' lang='lat' dir='ltr'>sedulo</span> <span class='ocrx_word' id='word_1_351' title='bbox 1644 709 1697 738; x_wconf 84' lang='lat' dir='ltr'>iin-</span> 
     </span>
     <span class='ocr_line' id='line_1_66' title="bbox 966 756 1697 797; baseline 0 -11"><span class='ocrx_word' id='word_1_352' title='bbox 966 757 1139 797; x_wconf 86' lang='lat' dir='ltr'>pendantur.</span> <span class='ocrx_word' id='word_1_353' title='bbox 1162 756 1243 792; x_wconf 83' lang='lat' dir='ltr'>Quod</span> <span class='ocrx_word' id='word_1_354' title='bbox 1272 757 1442 796; x_wconf 87' lang='lat' dir='ltr'>praesertim</span> <span class='ocrx_word' id='word_1_355' title='bbox 1473 757 1638 786; x_wconf 84' lang='lat' dir='ltr'>attendatur</span> <span class='ocrx_word' id='word_1_356' title='bbox 1667 757 1697 786; x_wconf 86' lang='lat' dir='ltr'>in</span> 
     </span>
     <span class='ocr_line' id='line_1_67' title="bbox 967 806 1698 844; baseline -0.001 -9"><span class='ocrx_word' id='word_1_357' title='bbox 967 806 1149 835; x_wconf 86' lang='lat' dir='ltr'>monasteriis</span> <span class='ocrx_word' id='word_1_358' title='bbox 1180 815 1253 844; x_wconf 84' lang='lat' dir='ltr'>quae</span> <span class='ocrx_word' id='word_1_359' title='bbox 1281 810 1348 834; x_wconf 90' lang='lat' dir='ltr'>sunt</span> <span class='ocrx_word' id='word_1_360' title='bbox 1377 810 1456 835; x_wconf 78' lang='lat' dir='ltr'>extra</span> <span class='ocrx_word' id='word_1_361' title='bbox 1485 806 1637 842; x_wconf 84' lang='lat' dir='ltr'>civitates,</span> <span class='ocrx_word' id='word_1_362' title='bbox 1668 806 1698 834; x_wconf 89' lang='lat' dir='ltr'>in</span> 
     </span>
     <span class='ocr_line' id='line_1_68' title="bbox 967 853 1699 893; baseline -0.003 -9"><span class='ocrx_word' id='word_1_363' title='bbox 967 854 1084 893; x_wconf 89' lang='lat' dir='ltr'>quibus,</span> <span class='ocrx_word' id='word_1_364' title='bbox 1102 858 1159 883; x_wconf 87' lang='lat' dir='ltr'>tam</span> <span class='ocrx_word' id='word_1_365' title='bbox 1175 853 1268 893; x_wconf 86' lang='lat' dir='ltr'>quoad</span> <span class='ocrx_word' id='word_1_366' title='bbox 1284 853 1423 890; x_wconf 85' lang='lat' dir='ltr'>medicos,</span> <span class='ocrx_word' id='word_1_367' title='bbox 1437 862 1523 892; x_wconf 83' lang='lat' dir='ltr'>quam</span> <span class='ocrx_word' id='word_1_368' title='bbox 1536 854 1628 892; x_wconf 85' lang='lat' dir='ltr'>quoad</span> <span class='ocrx_word' id='word_1_369' title='bbox 1644 854 1699 882; x_wconf 86' lang='lat' dir='ltr'>alia</span> 
     </span>
     <span class='ocr_line' id='line_1_69' title="bbox 968 901 1700 941; baseline -0.003 -9"><span class='ocrx_word' id='word_1_370' title='bbox 968 902 1118 941; x_wconf 78' lang='lat' dir='ltr'>requisita,</span> <span class='ocrx_word' id='word_1_371' title='bbox 1142 911 1198 931; x_wconf 91' lang='lat' dir='ltr'>non</span> <span class='ocrx_word' id='word_1_372' title='bbox 1214 902 1253 931; x_wconf 84' lang='lat' dir='ltr'>ita</span> <span class='ocrx_word' id='word_1_373' title='bbox 1269 902 1417 931; x_wconf 88' lang='lat' dir='ltr'>commode</span> <span class='ocrx_word' id='word_1_374' title='bbox 1434 906 1554 940; x_wconf 89' lang='lat' dir='ltr'>possunt</span> <span class='ocrx_word' id='word_1_375' title='bbox 1576 901 1700 930; x_wconf 84' lang='lat' dir='ltr'>infirmis</span> 
     </span>
     <span class='ocr_line' id='line_1_70' title="bbox 969 950 1702 988; baseline -0.003 -8"><span class='ocrx_word' id='word_1_376' title='bbox 969 951 1131 980; x_wconf 85' lang='lat' dir='ltr'>necessaria</span> <span class='ocrx_word' id='word_1_377' title='bbox 1154 950 1296 980; x_wconf 85' lang='lat' dir='ltr'>exhiberi.</span> <span class='ocrx_word' id='word_1_378' title='bbox 1321 950 1492 979; x_wconf 77' lang='lat' dir='ltr'>Provideant</span> <span class='ocrx_word' id='word_1_379' title='bbox 1511 950 1599 987; x_wconf 82' lang='lat' dir='ltr'>igitur</span> <span class='ocrx_word' id='word_1_380' title='bbox 1620 958 1702 988; x_wconf 86' lang='lat' dir='ltr'>prae-</span> 
     </span>
     <span class='ocr_line' id='line_1_71' title="bbox 970 998 1701 1033; baseline -0.003 -5"><span class='ocrx_word' id='word_1_381' title='bbox 970 999 1020 1028; x_wconf 92' lang='lat' dir='ltr'>lati</span> <span class='ocrx_word' id='word_1_382' title='bbox 1042 999 1142 1028; x_wconf 88' lang='lat' dir='ltr'>talium</span> <span class='ocrx_word' id='word_1_383' title='bbox 1166 999 1407 1028; x_wconf 87' lang='lat' dir='ltr'>monasteriorum</span> <span class='ocrx_word' id='word_1_384' title='bbox 1434 1002 1464 1027; x_wconf 91' lang='lat' dir='ltr'>ut</span> <span class='ocrx_word' id='word_1_385' title='bbox 1492 998 1617 1033; x_wconf 80' lang='lat' dir='ltr'>infirmi,</span> <span class='ocrx_word' id='word_1_386' title='bbox 1641 998 1701 1026; x_wconf 78' lang='lat' dir='ltr'>sive</span> 
     </span>
     <span class='ocr_line' id='line_1_72' title="bbox 970 1046 1703 1086; baseline -0.004 -10"><span class='ocrx_word' id='word_1_387' title='bbox 970 1047 1047 1086; x_wconf 89' lang='lat' dir='ltr'>ipsos</span> <span class='ocrx_word' id='word_1_388' title='bbox 1065 1047 1094 1076; x_wconf 93' lang='lat' dir='ltr'>in</span> <span class='ocrx_word' id='word_1_389' title='bbox 1118 1046 1311 1082; x_wconf 76' lang='lat' dir='ltr'>monasteriis,</span> <span class='ocrx_word' id='word_1_390' title='bbox 1328 1046 1387 1075; x_wconf 86' lang='lat' dir='ltr'>sive</span> <span class='ocrx_word' id='word_1_391' title='bbox 1411 1046 1440 1075; x_wconf 89' lang='lat' dir='ltr'>in</span> <span class='ocrx_word' id='word_1_392' title='bbox 1462 1046 1578 1075; x_wconf 75' lang='lat' dir='ltr'>civitate</span> <span class='ocrx_word' id='word_1_393' title='bbox 1600 1054 1703 1074; x_wconf 77' lang='lat' dir='ltr'>curan-</span> 
     </span>
     <span class='ocr_line' id='line_1_73' title="bbox 971 1094 1702 1131; baseline -0.001 -8"><span class='ocrx_word' id='word_1_394' title='bbox 971 1095 1022 1123; x_wconf 90' lang='lat' dir='ltr'>dos</span> <span class='ocrx_word' id='word_1_395' title='bbox 1043 1095 1200 1129; x_wconf 81' lang='lat' dir='ltr'>duxerint,</span> <span class='ocrx_word' id='word_1_396' title='bbox 1225 1094 1305 1123; x_wconf 70' lang='lat' dir='ltr'>nulla</span> <span class='ocrx_word' id='word_1_397' title='bbox 1337 1094 1455 1123; x_wconf 88' lang='lat' dir='ltr'>omnino</span> <span class='ocrx_word' id='word_1_398' title='bbox 1477 1103 1507 1123; x_wconf 87' lang='lat' dir='ltr'>re</span> <span class='ocrx_word' id='word_1_399' title='bbox 1530 1094 1702 1131; x_wconf 73' lang='lat' dir='ltr'>indigeant,</span> 
     </span>
     <span class='ocr_line' id='line_1_74' title="bbox 972 1142 1703 1181; baseline 0 -10"><span class='ocrx_word' id='word_1_400' title='bbox 972 1152 1045 1181; x_wconf 84' lang='lat' dir='ltr'>quae</span> <span class='ocrx_word' id='word_1_401' title='bbox 1070 1143 1104 1171; x_wconf 88' lang='lat' dir='ltr'>ad</span> <span class='ocrx_word' id='word_1_402' title='bbox 1127 1142 1251 1171; x_wconf 81' lang='lat' dir='ltr'>salutem</span> <span class='ocrx_word' id='word_1_403' title='bbox 1282 1142 1412 1181; x_wconf 86' lang='lat' dir='ltr'>corporis</span> <span class='ocrx_word' id='word_1_404' title='bbox 1442 1147 1470 1171; x_wconf 86' lang='lat' dir='ltr'>et</span> <span class='ocrx_word' id='word_1_405' title='bbox 1500 1142 1613 1171; x_wconf 78' lang='lat' dir='ltr'>animae</span> <span class='ocrx_word' id='word_1_406' title='bbox 1647 1151 1703 1171; x_wconf 90' lang='lat' dir='ltr'>non</span> 
     </span>
     <span class='ocr_line' id='line_1_75' title="bbox 973 1190 1705 1227; baseline -0.001 -7"><span class='ocrx_word' id='word_1_407' title='bbox 973 1191 1065 1220; x_wconf 87' lang='lat' dir='ltr'>solum</span> <span class='ocrx_word' id='word_1_408' title='bbox 1089 1191 1262 1227; x_wconf 84' lang='lat' dir='ltr'>necessaria,</span> <span class='ocrx_word' id='word_1_409' title='bbox 1279 1190 1328 1220; x_wconf 82' lang='lat' dir='ltr'>sed</span> <span class='ocrx_word' id='word_1_410' title='bbox 1350 1191 1436 1220; x_wconf 89' lang='lat' dir='ltr'>etiam</span> <span class='ocrx_word' id='word_1_411' title='bbox 1460 1190 1623 1220; x_wconf 84' lang='lat' dir='ltr'>condecens</span> <span class='ocrx_word' id='word_1_412' title='bbox 1643 1190 1705 1219; x_wconf 82' lang='lat' dir='ltr'>fue-</span> 
     </span>
     <span class='ocr_line' id='line_1_76' title="bbox 973 1238 1706 1276; baseline -0.001 -8"><span class='ocrx_word' id='word_1_413' title='bbox 973 1239 1021 1268; x_wconf 89' lang='lat' dir='ltr'>rit.</span> <span class='ocrx_word' id='word_1_414' title='bbox 1044 1239 1073 1268; x_wconf 85' lang='lat' dir='ltr'>Si</span> <span class='ocrx_word' id='word_1_415' title='bbox 1095 1239 1130 1268; x_wconf 89' lang='lat' dir='ltr'>de</span> <span class='ocrx_word' id='word_1_416' title='bbox 1152 1239 1331 1276; x_wconf 66' lang='lat' dir='ltr'>negligenti-22</span> <span class='ocrx_word' id='word_1_417' title='bbox 1360 1239 1466 1268; x_wconf 87' lang='lat' dir='ltr'>suerint</span> <span class='ocrx_word' id='word_1_418' title='bbox 1492 1238 1638 1275; x_wconf 89' lang='lat' dir='ltr'>convicti,</span> <span class='ocrx_word' id='word_1_419' title='bbox 1663 1247 1706 1268; x_wconf 84' lang='lat' dir='ltr'>se-</span> 
     </span>
     <span class='ocr_line' id='line_1_77' title="bbox 974 1287 1434 1326; baseline 0 -10"><span class='ocrx_word' id='word_1_420' title='bbox 974 1296 1042 1316; x_wconf 82' lang='lat' dir='ltr'>vere</span> <span class='ocrx_word' id='word_1_421' title='bbox 1065 1287 1223 1326; x_wconf 87' lang='lat' dir='ltr'>puniantur</span> <span class='ocrx_word' id='word_1_422' title='bbox 1245 1296 1260 1316; x_wconf 88' lang='lat' dir='ltr'>a</span> <span class='ocrx_word' id='word_1_423' title='bbox 1282 1287 1434 1325; x_wconf 77' lang='lat' dir='ltr'>regimine.</span> 
     </span>
    </p>

    <p class='ocr_par' dir='ltr' id='par_1_23' title="bbox 974 1335 1711 1654">
     <span class='ocr_line' id='line_1_78' title="bbox 1013 1335 1706 1374; baseline -0.001 -9"><span class='ocrx_word' id='word_1_424' title='bbox 1013 1345 1042 1365; x_wconf 90' lang='lat'>11.</span> <span class='ocrx_word' id='word_1_425' title='bbox 1068 1335 1241 1366; x_wconf 88' lang='lat' dir='ltr'>Ordinamus</span> <span class='ocrx_word' id='word_1_426' title='bbox 1257 1336 1344 1365; x_wconf 87' lang='lat' dir='ltr'>etiam</span> <span class='ocrx_word' id='word_1_427' title='bbox 1367 1336 1442 1374; x_wconf 81' lang='lat' dir='ltr'>quod</span> <span class='ocrx_word' id='word_1_428' title='bbox 1465 1336 1561 1366; x_wconf 90' lang='lat' dir='ltr'>nullus</span> <span class='ocrx_word' id='word_1_429' title='bbox 1584 1336 1706 1365; x_wconf 81' lang='lat' dir='ltr'>fratrum</span> 
     </span>
     <span class='ocr_line' id='line_1_79' title="bbox 974 1384 1707 1422; baseline 0 -9"><span class='ocrx_word' id='word_1_430' title='bbox 974 1385 1051 1414; x_wconf 85' lang='lat' dir='ltr'>circa</span> <span class='ocrx_word' id='word_1_431' title='bbox 1078 1384 1261 1414; x_wconf 86' lang='lat' dir='ltr'>medicinalia</span> <span class='ocrx_word' id='word_1_432' title='bbox 1286 1384 1421 1422; x_wconf 83' lang='lat' dir='ltr'>loquatur</span> <span class='ocrx_word' id='word_1_433' title='bbox 1450 1385 1561 1414; x_wconf 90' lang='lat' dir='ltr'>medico</span> <span class='ocrx_word' id='word_1_434' title='bbox 1593 1389 1642 1413; x_wconf 86' lang='lat' dir='ltr'>aut</span> <span class='ocrx_word' id='word_1_435' title='bbox 1671 1384 1707 1413; x_wconf 83' lang='lat' dir='ltr'>ab</span> 
     </span>
     <span class='ocr_line' id='line_1_80' title="bbox 975 1432 1706 1471; baseline -0.001 -9"><span class='ocrx_word' id='word_1_436' title='bbox 975 1442 1008 1462; x_wconf 91' lang='lat' dir='ltr'>eo</span> <span class='ocrx_word' id='word_1_437' title='bbox 1031 1437 1107 1471; x_wconf 87' lang='lat' dir='ltr'>petat</span> <span class='ocrx_word' id='word_1_438' title='bbox 1131 1432 1285 1462; x_wconf 86' lang='lat' dir='ltr'>consilium</span> <span class='ocrx_word' id='word_1_439' title='bbox 1308 1433 1370 1461; x_wconf 90' lang='lat' dir='ltr'>sine</span> <span class='ocrx_word' id='word_1_440' title='bbox 1392 1432 1513 1462; x_wconf 71' lang='lat' dir='ltr'>licentia</span> <span class='ocrx_word' id='word_1_441' title='bbox 1528 1432 1706 1471; x_wconf 88' lang='lat' dir='ltr'>superioris,</span> 
     </span>
     <span class='ocr_line' id='line_1_81' title="bbox 976 1480 1709 1519; baseline -0.001 -9"><span class='ocrx_word' id='word_1_442' title='bbox 976 1490 1027 1510; x_wconf 83' lang='lat' dir='ltr'>nec</span> <span class='ocrx_word' id='word_1_443' title='bbox 1051 1481 1196 1519; x_wconf 88' lang='lat' dir='ltr'>potionem</span> <span class='ocrx_word' id='word_1_444' title='bbox 1221 1480 1358 1519; x_wconf 84' lang='lat' dir='ltr'>aliquam,</span> <span class='ocrx_word' id='word_1_445' title='bbox 1383 1480 1426 1510; x_wconf 84' lang='lat' dir='ltr'>vel</span> <span class='ocrx_word' id='word_1_446' title='bbox 1450 1480 1592 1519; x_wconf 86' lang='lat' dir='ltr'>pillulam,</span> <span class='ocrx_word' id='word_1_447' title='bbox 1609 1480 1654 1509; x_wconf 90' lang='lat' dir='ltr'>vel</span> <span class='ocrx_word' id='word_1_448' title='bbox 1670 1481 1709 1509; x_wconf 91' lang='lat' dir='ltr'>si-</span> 
     </span>
     <span class='ocr_line' id='line_1_82' title="bbox 977 1528 1711 1567; baseline -0.001 -9"><span class='ocrx_word' id='word_1_449' title='bbox 977 1529 1056 1558; x_wconf 86' lang='lat' dir='ltr'>milia</span> <span class='ocrx_word' id='word_1_450' title='bbox 1072 1529 1134 1558; x_wconf 89' lang='lat' dir='ltr'>sine</span> <span class='ocrx_word' id='word_1_451' title='bbox 1150 1529 1302 1567; x_wconf 85' lang='lat' dir='ltr'>utriusque</span> <span class='ocrx_word' id='word_1_452' title='bbox 1318 1528 1436 1558; x_wconf 65' lang='lat' dir='ltr'>licentia</span> <span class='ocrx_word' id='word_1_453' title='bbox 1451 1532 1557 1557; x_wconf 84' lang='lat' dir='ltr'>sumat.</span> <span class='ocrx_word' id='word_1_454' title='bbox 1574 1528 1627 1563; x_wconf 81' lang='lat' dir='ltr'>Qui</span> <span class='ocrx_word' id='word_1_455' title='bbox 1643 1537 1711 1557; x_wconf 87' lang='lat' dir='ltr'>con-</span> 
     </span>
     <span class='ocr_line' id='line_1_83' title="bbox 978 1576 1711 1615; baseline 0 -9"><span class='ocrx_word' id='word_1_456' title='bbox 978 1582 1020 1606; x_wconf 89' lang='lat' dir='ltr'>tra</span> <span class='ocrx_word' id='word_1_457' title='bbox 1043 1577 1153 1614; x_wconf 81' lang='lat' dir='ltr'>fecerit,</span> <span class='ocrx_word' id='word_1_458' title='bbox 1173 1576 1250 1606; x_wconf 87' lang='lat' dir='ltr'>dicat</span> <span class='ocrx_word' id='word_1_459' title='bbox 1273 1581 1315 1606; x_wconf 88' lang='lat' dir='ltr'>ter</span> <span class='ocrx_word' id='word_1_460' title='bbox 1337 1580 1446 1615; x_wconf 80' lang='lat' dir='ltr'>septem</span> <span class='ocrx_word' id='word_1_461' title='bbox 1469 1576 1594 1615; x_wconf 87' lang='lat' dir='ltr'>psalmos</span> <span class='ocrx_word' id='word_1_462' title='bbox 1614 1576 1711 1615; x_wconf 89' lang='lat' dir='ltr'>poeni-</span> 
     </span>
     <span class='ocr_line' id='line_1_84' title="bbox 978 1624 1339 1654; baseline -0.003 0"><span class='ocrx_word' id='word_1_463' title='bbox 978 1625 1111 1654; x_wconf 87' lang='lat' dir='ltr'>tentiales</span> <span class='ocrx_word' id='word_1_464' title='bbox 1133 1634 1197 1654; x_wconf 86' lang='lat' dir='ltr'>cum</span> <span class='ocrx_word' id='word_1_465' title='bbox 1221 1624 1339 1654; x_wconf 85' lang='lat' dir='ltr'>litaniis.</span> 
     </span>
    </p>

    <p class='ocr_par' dir='ltr' id='par_1_24' title="bbox 979 1672 1714 1856">
     <span class='ocr_line' id='line_1_85' title="bbox 1017 1672 1712 1711; baseline 0.001 -10"><span class='ocrx_word' id='word_1_466' title='bbox 1017 1682 1057 1702; x_wconf 89' lang='lat'>111.</span> <span class='ocrx_word' id='word_1_467' title='bbox 1082 1672 1123 1702; x_wconf 70' lang='lat' dir='ltr'>Ad</span> <span class='ocrx_word' id='word_1_468' title='bbox 1146 1681 1285 1707; x_wconf 84' lang='lat' dir='ltr'>mensam,</span> <span class='ocrx_word' id='word_1_469' title='bbox 1309 1673 1333 1702; x_wconf 91' lang='lat' dir='ltr'>si</span> <span class='ocrx_word' id='word_1_470' title='bbox 1356 1672 1454 1711; x_wconf 88' lang='lat' dir='ltr'>plures</span> <span class='ocrx_word' id='word_1_471' title='bbox 1476 1677 1542 1702; x_wconf 89' lang='lat' dir='ltr'>sunt</span> <span class='ocrx_word' id='word_1_472' title='bbox 1566 1672 1646 1710; x_wconf 83' lang='lat' dir='ltr'>aegri</span> <span class='ocrx_word' id='word_1_473' title='bbox 1668 1672 1712 1702; x_wconf 81' lang='lat' dir='ltr'>vel</span> 
     </span>
     <span class='ocr_line' id='line_1_86' title="bbox 979 1721 1713 1758; baseline -0.001 -7"><span class='ocrx_word' id='word_1_474' title='bbox 979 1721 1213 1751; x_wconf 86' lang='lat' dir='ltr'>convalescentes</span> <span class='ocrx_word' id='word_1_475' title='bbox 1227 1744 1235 1757; x_wconf 86' lang='lat'>‚</span> <span class='ocrx_word' id='word_1_476' title='bbox 1258 1730 1323 1750; x_wconf 90' lang='lat' dir='ltr'>cum</span> <span class='ocrx_word' id='word_1_477' title='bbox 1345 1721 1489 1750; x_wconf 69' lang='lat' dir='ltr'>modestia</span> <span class='ocrx_word' id='word_1_478' title='bbox 1516 1721 1659 1758; x_wconf 85' lang='lat' dir='ltr'>sedeant,</span> <span class='ocrx_word' id='word_1_479' title='bbox 1684 1725 1713 1750; x_wconf 86' lang='lat' dir='ltr'>et</span> 
     </span>
     <span class='ocr_line' id='line_1_87' title="bbox 980 1769 1714 1808; baseline -0.001 -9"><span class='ocrx_word' id='word_1_480' title='bbox 980 1770 1090 1808; x_wconf 87' lang='lat' dir='ltr'>aliquid</span> <span class='ocrx_word' id='word_1_481' title='bbox 1112 1770 1146 1799; x_wconf 87' lang='lat' dir='ltr'>ad</span> <span class='ocrx_word' id='word_1_482' title='bbox 1169 1769 1398 1799; x_wconf 85' lang='lat' dir='ltr'>aedificationem</span> <span class='ocrx_word' id='word_1_483' title='bbox 1421 1769 1449 1798; x_wconf 91' lang='lat' dir='ltr'>in</span> <span class='ocrx_word' id='word_1_484' title='bbox 1473 1769 1617 1808; x_wconf 87' lang='lat' dir='ltr'>principio</span> <span class='ocrx_word' id='word_1_485' title='bbox 1639 1770 1714 1798; x_wconf 86' lang='lat' dir='ltr'>rese-</span> 
     </span>
     <span class='ocr_line' id='line_1_88' title="bbox 980 1818 1230 1856; baseline -0.008 -8"><span class='ocrx_word' id='word_1_486' title='bbox 980 1818 1084 1848; x_wconf 82' lang='lat' dir='ltr'>ctionis</span> <span class='ocrx_word' id='word_1_487' title='bbox 1106 1818 1230 1856; x_wconf 83' lang='lat' dir='ltr'>legatur.</span> 
     </span>
    </p>

    <p class='ocr_par' dir='ltr' id='par_1_25' title="bbox 982 1865 1717 2194">
     <span class='ocr_line' id='line_1_89' title="bbox 1020 1865 1713 1901; baseline 0 -6"><span class='ocrx_word' id='word_1_488' title='bbox 1020 1875 1057 1895; x_wconf 82' lang='lat' dir='ltr'>iv.</span> <span class='ocrx_word' id='word_1_489' title='bbox 1075 1866 1138 1896; x_wconf 84' lang='lat' dir='ltr'>Sint</span> <span class='ocrx_word' id='word_1_490' title='bbox 1154 1866 1263 1895; x_wconf 84' lang='lat' dir='ltr'>infirmi</span> <span class='ocrx_word' id='word_1_491' title='bbox 1279 1865 1446 1896; x_wconf 85' lang='lat' dir='ltr'>obedientes</span> <span class='ocrx_word' id='word_1_492' title='bbox 1458 1866 1626 1896; x_wconf 76' lang='lat' dir='ltr'>infirmariis</span> <span class='ocrx_word' id='word_1_493' title='bbox 1642 1866 1713 1901; x_wconf 82' lang='lat' dir='ltr'>suis,</span> 
     </span>
     <span class='ocr_line' id='line_1_90' title="bbox 982 1914 1715 1944; baseline 0 0"><span class='ocrx_word' id='word_1_494' title='bbox 982 1919 1009 1944; x_wconf 89' lang='lat' dir='ltr'>et</span> <span class='ocrx_word' id='word_1_495' title='bbox 1032 1924 1047 1944; x_wconf 87' lang='lat' dir='ltr'>e</span> <span class='ocrx_word' id='word_1_496' title='bbox 1069 1918 1169 1944; x_wconf 87' lang='lat' dir='ltr'>contra</span> <span class='ocrx_word' id='word_1_497' title='bbox 1194 1914 1347 1943; x_wconf 83' lang='lat' dir='ltr'>infirmarii</span> <span class='ocrx_word' id='word_1_498' title='bbox 1369 1915 1427 1944; x_wconf 81' lang='lat' dir='ltr'>sint</span> <span class='ocrx_word' id='word_1_499' title='bbox 1450 1914 1569 1944; x_wconf 87' lang='lat' dir='ltr'>discreti</span> <span class='ocrx_word' id='word_1_500' title='bbox 1587 1919 1615 1944; x_wconf 90' lang='lat' dir='ltr'>et</span> <span class='ocrx_word' id='word_1_501' title='bbox 1637 1924 1715 1944; x_wconf 89' lang='lat' dir='ltr'>com-</span> 
     </span>
     <span class='ocr_line' id='line_1_91' title="bbox 983 1961 1715 2002; baseline -0.001 -10"><span class='ocrx_word' id='word_1_502' title='bbox 983 1963 1126 2002; x_wconf 82' lang='lat' dir='ltr'>patientes</span> <span class='ocrx_word' id='word_1_503' title='bbox 1139 1962 1263 1991; x_wconf 83' lang='lat' dir='ltr'>infirmis</span> <span class='ocrx_word' id='word_1_504' title='bbox 1275 1962 1345 1991; x_wconf 90' lang='lat' dir='ltr'>suis.</span> <span class='ocrx_word' id='word_1_505' title='bbox 1359 1961 1411 1997; x_wconf 82' lang='lat' dir='ltr'>Qui</span> <span class='ocrx_word' id='word_1_506' title='bbox 1425 1962 1579 1992; x_wconf 82' lang='lat' dir='ltr'>infirmarii</span> <span class='ocrx_word' id='word_1_507' title='bbox 1597 1963 1715 1991; x_wconf 87' lang='lat' dir='ltr'>omuino</span> 
     </span>
     <span class='ocr_line' id='line_1_92' title="bbox 982 2010 1715 2050; baseline 0 -10"><span class='ocrx_word' id='word_1_508' title='bbox 982 2011 1158 2050; x_wconf 84' lang='lat' dir='ltr'>deputentur</span> <span class='ocrx_word' id='word_1_509' title='bbox 1180 2010 1324 2048; x_wconf 83' lang='lat' dir='ltr'>monachi,</span> <span class='ocrx_word' id='word_1_510' title='bbox 1342 2015 1369 2039; x_wconf 91' lang='lat' dir='ltr'>et</span> <span class='ocrx_word' id='word_1_511' title='bbox 1392 2010 1415 2039; x_wconf 94' lang='lat' dir='ltr'>si</span> <span class='ocrx_word' id='word_1_512' title='bbox 1438 2011 1541 2039; x_wconf 82' lang='lat' dir='ltr'>maiori</span> <span class='ocrx_word' id='word_1_513' title='bbox 1564 2011 1715 2048; x_wconf 68' lang='lat' dir='ltr'>indigeant</span> 
     </span>
     <span class='ocr_line' id='line_1_93' title="bbox 983 2058 1714 2096; baseline 0 -8"><span class='ocrx_word' id='word_1_514' title='bbox 983 2059 1101 2096; x_wconf 82' lang='lat' dir='ltr'>auxilio,</span> <span class='ocrx_word' id='word_1_515' title='bbox 1119 2059 1262 2088; x_wconf 89' lang='lat' dir='ltr'>addantur</span> <span class='ocrx_word' id='word_1_516' title='bbox 1280 2059 1365 2087; x_wconf 84' lang='lat' dir='ltr'>etiam</span> <span class='ocrx_word' id='word_1_517' title='bbox 1381 2058 1526 2087; x_wconf 77' lang='lat' dir='ltr'>commissi</span> <span class='ocrx_word' id='word_1_518' title='bbox 1543 2059 1585 2087; x_wconf 83' lang='lat' dir='ltr'>vel</span> <span class='ocrx_word' id='word_1_519' title='bbox 1603 2059 1714 2095; x_wconf 76' lang='lat' dir='ltr'>l&#39;ainuli;</span> 
     </span>
     <span class='ocr_line' id='line_1_94' title="bbox 984 2106 1717 2145; baseline -0.001 -8"><span class='ocrx_word' id='word_1_520' title='bbox 984 2112 1011 2137; x_wconf 85' lang='lat' dir='ltr'>et</span> <span class='ocrx_word' id='word_1_521' title='bbox 1034 2107 1160 2136; x_wconf 66' lang='lat' dir='ltr'>maxima</span> <span class='ocrx_word' id='word_1_522' title='bbox 1181 2108 1252 2136; x_wconf 69' lang='lat' dir='ltr'>cura</span> <span class='ocrx_word' id='word_1_523' title='bbox 1274 2106 1424 2144; x_wconf 79' lang='lat' dir='ltr'>invigilent</span> <span class='ocrx_word' id='word_1_524' title='bbox 1455 2106 1575 2145; x_wconf 84' lang='lat' dir='ltr'>praelati</span> <span class='ocrx_word' id='word_1_525' title='bbox 1604 2110 1634 2135; x_wconf 90' lang='lat' dir='ltr'>ut</span> <span class='ocrx_word' id='word_1_526' title='bbox 1663 2107 1717 2136; x_wconf 81' lang='lat' dir='ltr'>hoc</span> 
     </span>
     <span class='ocr_line' id='line_1_95' title="bbox 984 2154 1655 2194; baseline -0.001 -9"><span class='ocrx_word' id='word_1_527' title='bbox 984 2155 1133 2185; x_wconf 83' lang='lat' dir='ltr'>charitatis</span> <span class='ocrx_word' id='word_1_528' title='bbox 1155 2155 1282 2185; x_wconf 82' lang='lat' dir='ltr'>officium</span> <span class='ocrx_word' id='word_1_529' title='bbox 1306 2155 1431 2193; x_wconf 82' lang='lat' dir='ltr'>perfecte</span> <span class='ocrx_word' id='word_1_530' title='bbox 1454 2154 1655 2194; x_wconf 86' lang='lat' dir='ltr'>adimpleatur.</span> 
     </span>
    </p>

    <p class='ocr_par' dir='ltr' id='par_1_26' title="bbox 985 2203 1732 2628">
     <span class='ocr_line' id='line_1_96' title="bbox 1024 2203 1717 2242; baseline 0.001 -10"><span class='ocrx_word' id='word_1_531' title='bbox 1024 2204 1079 2242; x_wconf 82' lang='lat' dir='ltr'>(b)</span> <span class='ocrx_word' id='word_1_532' title='bbox 1102 2212 1127 2232; x_wconf 80' lang='lat' dir='ltr'>v.</span> <span class='ocrx_word' id='word_1_533' title='bbox 1151 2203 1317 2232; x_wconf 74' lang='lat' dir='ltr'>Balneorum</span> <span class='ocrx_word' id='word_1_534' title='bbox 1351 2213 1425 2232; x_wconf 78' lang='lat' dir='ltr'>usus.</span> <span class='ocrx_word' id='word_1_535' title='bbox 1459 2203 1649 2241; x_wconf 79' lang='lat' dir='ltr'>Intelligimus</span> <span class='ocrx_word' id='word_1_536' title='bbox 1681 2204 1717 2234; x_wconf 89' lang='lat' dir='ltr'>de</span> 
     </span>
     <span class='ocr_line' id='line_1_97' title="bbox 985 2250 1719 2289; baseline 0.001 -9"><span class='ocrx_word' id='word_1_537' title='bbox 985 2251 1096 2280; x_wconf 90' lang='lat' dir='ltr'>balneis</span> <span class='ocrx_word' id='word_1_538' title='bbox 1119 2260 1192 2289; x_wconf 84' lang='lat' dir='ltr'>quae</span> <span class='ocrx_word' id='word_1_539' title='bbox 1221 2255 1288 2280; x_wconf 91' lang='lat' dir='ltr'>sunt</span> <span class='ocrx_word' id='word_1_540' title='bbox 1317 2250 1346 2279; x_wconf 92' lang='lat' dir='ltr'>in</span> <span class='ocrx_word' id='word_1_541' title='bbox 1370 2251 1565 2280; x_wconf 76' lang='lat' dir='ltr'>monasteriis.</span> <span class='ocrx_word' id='word_1_542' title='bbox 1592 2252 1634 2281; x_wconf 84' lang='lat' dir='ltr'>Ad</span> <span class='ocrx_word' id='word_1_543' title='bbox 1657 2251 1719 2281; x_wconf 87' lang='lat' dir='ltr'>bal-</span> 
     </span>
     <span class='ocr_line' id='line_1_98' title="bbox 985 2300 1720 2339; baseline 0.001 -10"><span class='ocrx_word' id='word_1_544' title='bbox 985 2309 1037 2329; x_wconf 86' lang='lat' dir='ltr'>nea</span> <span class='ocrx_word' id='word_1_545' title='bbox 1054 2308 1121 2328; x_wconf 75' lang='lat' dir='ltr'>vcro</span> <span class='ocrx_word' id='word_1_546' title='bbox 1137 2308 1210 2338; x_wconf 89' lang='lat' dir='ltr'>quac</span> <span class='ocrx_word' id='word_1_547' title='bbox 1230 2303 1295 2328; x_wconf 82' lang='lat' dir='ltr'>sunt</span> <span class='ocrx_word' id='word_1_548' title='bbox 1312 2303 1392 2328; x_wconf 80' lang='lat' dir='ltr'>extra</span> <span class='ocrx_word' id='word_1_549' title='bbox 1411 2300 1629 2336; x_wconf 86' lang='lat' dir='ltr'>monasterium,</span> <span class='ocrx_word' id='word_1_550' title='bbox 1655 2309 1720 2339; x_wconf 77' lang='lat' dir='ltr'>pro-</span> 
     </span>
     <span class='ocr_line' id='line_1_99' title="bbox 987 2347 1719 2387; baseline 0.001 -10"><span class='ocrx_word' id='word_1_551' title='bbox 987 2352 1050 2387; x_wconf 86' lang='lat' dir='ltr'>pter</span> <span class='ocrx_word' id='word_1_552' title='bbox 1073 2348 1233 2387; x_wconf 88' lang='lat' dir='ltr'>periculum</span> <span class='ocrx_word' id='word_1_553' title='bbox 1260 2347 1420 2377; x_wconf 86' lang='lat' dir='ltr'>animarum</span> <span class='ocrx_word' id='word_1_554' title='bbox 1435 2371 1442 2385; x_wconf 90' lang='lat'>,</span> <span class='ocrx_word' id='word_1_555' title='bbox 1466 2357 1550 2378; x_wconf 91' lang='lat' dir='ltr'>nemo</span> <span class='ocrx_word' id='word_1_556' title='bbox 1582 2349 1719 2378; x_wconf 83' lang='lat' dir='ltr'>accedere</span> 
     </span>
     <span class='ocr_line' id='line_1_100' title="bbox 986 2395 1720 2435; baseline 0.001 -10"><span class='ocrx_word' id='word_1_557' title='bbox 986 2400 1149 2435; x_wconf 84' lang='lat' dir='ltr'>praesumat</span> <span class='ocrx_word' id='word_1_558' title='bbox 1173 2396 1236 2425; x_wconf 88' lang='lat' dir='ltr'>sine</span> <span class='ocrx_word' id='word_1_559' title='bbox 1258 2395 1375 2425; x_wconf 69' lang='lat' dir='ltr'>licentia</span> <span class='ocrx_word' id='word_1_560' title='bbox 1397 2396 1513 2434; x_wconf 86' lang='lat' dir='ltr'>speciali</span> <span class='ocrx_word' id='word_1_561' title='bbox 1536 2396 1654 2435; x_wconf 87' lang='lat' dir='ltr'>capituli</span> <span class='ocrx_word' id='word_1_562' title='bbox 1673 2406 1720 2434; x_wconf 78' lang='lat' dir='ltr'>gc-</span> 
     </span>
     <span class='ocr_line' id='line_1_101' title="bbox 986 2444 1720 2482; baseline 0 -8"><span class='ocrx_word' id='word_1_563' title='bbox 986 2445 1115 2481; x_wconf 85' lang='lat' dir='ltr'>neralis,</span> <span class='ocrx_word' id='word_1_564' title='bbox 1139 2444 1162 2473; x_wconf 86' lang='lat' dir='ltr'>si</span> <span class='ocrx_word' id='word_1_565' title='bbox 1186 2444 1314 2482; x_wconf 84' lang='lat' dir='ltr'>proxime</span> <span class='ocrx_word' id='word_1_566' title='bbox 1337 2444 1401 2474; x_wconf 85' lang='lat' dir='ltr'>fieri</span> <span class='ocrx_word' id='word_1_567' title='bbox 1423 2444 1525 2474; x_wconf 86' lang='lat' dir='ltr'>debeat</span> <span class='ocrx_word' id='word_1_568' title='bbox 1549 2448 1577 2474; x_wconf 87' lang='lat' dir='ltr'>et</span> <span class='ocrx_word' id='word_1_569' title='bbox 1604 2454 1660 2474; x_wconf 90' lang='lat' dir='ltr'>nou</span> <span class='ocrx_word' id='word_1_570' title='bbox 1681 2445 1720 2475; x_wconf 84' lang='lat' dir='ltr'>sit</span> 
     </span>
     <span class='ocr_line' id='line_1_102' title="bbox 987 2493 1721 2532; baseline 0.003 -10"><span class='ocrx_word' id='word_1_571' title='bbox 987 2493 1148 2532; x_wconf 75' lang='lat' dir='ltr'>periculum</span> <span class='ocrx_word' id='word_1_572' title='bbox 1172 2493 1201 2522; x_wconf 93' lang='lat' dir='ltr'>in</span> <span class='ocrx_word' id='word_1_573' title='bbox 1224 2494 1316 2530; x_wconf 73' lang='lat' dir='ltr'>mora,</span> <span class='ocrx_word' id='word_1_574' title='bbox 1333 2493 1418 2522; x_wconf 87' lang='lat' dir='ltr'>aliter</span> <span class='ocrx_word' id='word_1_575' title='bbox 1440 2493 1649 2532; x_wconf 85' lang='lat' dir='ltr'>prraesidentis</span> <span class='ocrx_word' id='word_1_576' title='bbox 1671 2497 1721 2524; x_wconf 86' lang='lat' dir='ltr'>aut.</span> 
     </span>
     <span class='ocr_line' id='line_1_103' title="bbox 986 2540 1732 2580; baseline 0 -9"><span class='ocrx_word' id='word_1_577' title='bbox 986 2542 1073 2571; x_wconf 89' lang='lat' dir='ltr'>unius</span> <span class='ocrx_word' id='word_1_578' title='bbox 1095 2550 1127 2570; x_wconf 83' lang='lat' dir='ltr'>ex</span> <span class='ocrx_word' id='word_1_579' title='bbox 1152 2540 1367 2571; x_wconf 86' lang='lat' dir='ltr'>visitatoribus:</span> <span class='ocrx_word' id='word_1_580' title='bbox 1384 2542 1498 2580; x_wconf 83' lang='lat' dir='ltr'>quando</span> <span class='ocrx_word' id='word_1_581' title='bbox 1520 2541 1606 2570; x_wconf 86' lang='lat' dir='ltr'>etiam</span> <span class='ocrx_word' id='word_1_582' title='bbox 1630 2542 1732 2574; x_wconf 80' lang='lat' dir='ltr'>maior,</span> 
     </span>
     <span class='ocr_line' id='line_1_104' title="bbox 987 2589 1724 2628; baseline -0.001 -9"><span class='ocrx_word' id='word_1_583' title='bbox 987 2590 1107 2619; x_wconf 73' lang='lat' dir='ltr'>instaret</span> <span class='ocrx_word' id='word_1_584' title='bbox 1142 2590 1318 2627; x_wconf 74' lang='lat' dir='ltr'>necessitas,</span> <span class='ocrx_word' id='word_1_585' title='bbox 1342 2594 1369 2619; x_wconf 87' lang='lat' dir='ltr'>et</span> <span class='ocrx_word' id='word_1_586' title='bbox 1399 2589 1504 2619; x_wconf 71' lang='lat' dir='ltr'>deferri</span> <span class='ocrx_word' id='word_1_587' title='bbox 1526 2598 1582 2619; x_wconf 86' lang='lat' dir='ltr'>non</span> <span class='ocrx_word' id='word_1_588' title='bbox 1606 2593 1724 2628; x_wconf 63' lang='lat' dir='ltr'>posset,</span> 
     </span>
    </p>
   </div>
  </div>
 </body>
</html>
