<?xml version="1.0" encoding="UTF-8"?>
<!DOCTYPE html PUBLIC "-//W3C//DTD XHTML 1.0 Transitional//EN"
    "http://www.w3.org/TR/xhtml1/DTD/xhtml1-transitional.dtd">
<html xmlns="http://www.w3.org/1999/xhtml" xml:lang="en" lang="en">
 <head>
  <title>
</title>
<meta http-equiv="Content-Type" content="text/html;charset=utf-8" />
  <meta name='ocr-system' content='tesseract 3.04.00' />
  <meta name='ocr-capabilities' content='ocr_page ocr_carea ocr_par ocr_line ocrx_word'/>
</head>
<body>
  <div class='ocr_page' id='page_1' title='image "./bullarumdiplomat19cath_0198.png"; bbox 0 0 2111 3157; ppageno 0'>
   <div class='ocr_carea' id='block_1_1' title="bbox 145 191 446 230">
    <p class='ocr_par' dir='ltr' id='par_1_1' title="bbox 145 191 446 230">
     <span class='ocr_line' id='line_1_1' title="bbox 145 191 446 230; baseline -0.017 -1"><span class='ocrx_word' id='word_1_1' title='bbox 145 201 194 230; x_wconf 71' lang='lat' dir='ltr'>An.</span> <span class='ocrx_word' id='word_1_2' title='bbox 216 201 246 228; x_wconf 84' lang='lat' dir='ltr'>c.</span> <span class='ocrx_word' id='word_1_3' title='bbox 271 199 336 228; x_wconf 65' lang='lat'>1579</span> <span class='ocrx_word' id='word_1_4' title='bbox 382 191 446 225; x_wconf 61' lang='lat' dir='ltr'>21ss4</span> 
     </span>
    </p>
   </div>
   <div class='ocr_carea' id='block_1_2' title="bbox 147 2378 1076 2533">
    <p class='ocr_par' dir='ltr' id='par_1_2' title="bbox 147 2378 1076 2533">
     <span class='ocr_line' id='line_1_2' title="bbox 177 2378 330 2401; baseline 0 -4"><span class='ocrx_word' id='word_1_5' title='bbox 177 2379 208 2401; x_wconf 67' lang='lat' dir='ltr'>De</span> <span class='ocrx_word' id='word_1_6' title='bbox 224 2378 330 2399; x_wconf 68' lang='lat' dir='ltr'>executio-</span> 
     </span>
     <span class='ocr_line' id='line_1_3' title="bbox 147 2407 1057 2428; baseline -0.002 -1"><span class='ocrx_word' id='word_1_7' title='bbox 147 2413 172 2427; x_wconf 58' lang='grc' dir='ltr'>ΙΊ-ΤΙ</span> <span class='ocrx_word' id='word_1_8' title='bbox 198 2407 266 2425; x_wconf 70' lang='lat' dir='ltr'>decret</span> <span class='ocrx_word' id='word_1_9' title='bbox 272 2411 308 2424; x_wconf 60' lang='grc' dir='ltr'>ιιιιι</span> <span class='ocrx_word' id='word_1_10' title='bbox 312 2411 330 2424; x_wconf 84' lang='lat' dir='ltr'>m</span> <span class='ocrx_word' id='word_1_11' title='bbox 427 2424 432 2428; x_wconf 95' lang='lat'>.</span> <span class='ocrx_word' id='word_1_12' title='bbox 473 2423 478 2428; x_wconf 90' lang='lat'><em>.</em></span> <span class='ocrx_word' id='word_1_13' title='bbox 894 2421 899 2426; x_wconf 90' lang='lat'><em>.</em></span> <span class='ocrx_word' id='word_1_14' title='bbox 1052 2420 1057 2425; x_wconf 90' lang='lat'><strong><em>.</em></strong></span> 
     </span>
     <span class='ocr_line' id='line_1_4' title="bbox 148 2422 1076 2465; baseline -0.008 -6"><span class='ocrx_word' id='word_1_15' title='bbox 148 2438 235 2459; x_wconf 71' lang='lat' dir='ltr'>quorum</span> <span class='ocrx_word' id='word_1_16' title='bbox 251 2425 608 2457; x_wconf 61' lang='lat' dir='ltr'>duodeiendissunorum</span> <span class='ocrx_word' id='word_1_17' title='bbox 629 2428 754 2465; x_wconf 87' lang='lat' dir='ltr'>patrum</span> <span class='ocrx_word' id='word_1_18' title='bbox 780 2422 930 2461; x_wconf 83' lang='lat' dir='ltr'>decretis,</span> <span class='ocrx_word' id='word_1_19' title='bbox 952 2426 1076 2453; x_wconf 83' lang='lat' dir='ltr'>statutis</span> 
     </span>
     <span class='ocr_line' id='line_1_5' title="bbox 149 2461 1076 2532; baseline 0 -28"><span class='ocrx_word' id='word_1_20' title='bbox 149 2461 604 2532; x_wconf 59' lang='lat' dir='ltr'>522{¹.{Jl¹1&#39;5‹155133ordinationibus</span> <span class='ocrx_word' id='word_1_21' title='bbox 626 2481 657 2507; x_wconf 86' lang='lat' dir='ltr'>et</span> <span class='ocrx_word' id='word_1_22' title='bbox 681 2474 952 2507; x_wconf 62' lang='lat' dir='ltr'>declarationibus</span> <span class='ocrx_word' id='word_1_23' title='bbox 978 2473 1076 2505; x_wconf 83' lang='lat' dir='ltr'>semel</span> 
     </span>
     <span class='ocr_line' id='line_1_6' title="bbox 149 2518 228 2533; baseline -0.013 0"><span class='ocrx_word' id='word_1_24' title='bbox 149 2518 186 2533; x_wconf 59' lang='lat' dir='ltr'>18ss</span> <span class='ocrx_word' id='word_1_25' title='bbox 198 2518 228 2532; x_wconf 74' lang='lat' dir='ltr'>Us-</span> 
     </span>
    </p>
   </div>
   <div class='ocr_carea' id='block_1_3' title="bbox 336 247 1093 926">
    <p class='ocr_par' dir='ltr' id='par_1_3' title="bbox 336 247 1093 926">
     <span class='ocr_line' id='line_1_7' title="bbox 339 247 1073 293; baseline -0.005 -11"><span class='ocrx_word' id='word_1_26' title='bbox 339 250 531 291; x_wconf 84' lang='lat' dir='ltr'>stitutiones,</span> <span class='ocrx_word' id='word_1_27' title='bbox 559 250 670 284; x_wconf 77' lang='lat' dir='ltr'>eadem</span> <span class='ocrx_word' id='word_1_28' title='bbox 695 255 783 293; x_wconf 90' lang='lat' dir='ltr'>parte</span> <span class='ocrx_word' id='word_1_29' title='bbox 809 258 865 287; x_wconf 82' lang='lat'>111,</span> <span class='ocrx_word' id='word_1_30' title='bbox 891 247 1073 289; x_wconf 87' lang='lat' dir='ltr'>eodemque</span> 
     </span>
     <span class='ocr_line' id='line_1_8' title="bbox 339 301 1074 347; baseline -0.005 -11"><span class='ocrx_word' id='word_1_31' title='bbox 339 315 410 346; x_wconf 82' lang='lat' dir='ltr'>cap.</span> <span class='ocrx_word' id='word_1_32' title='bbox 436 315 495 342; x_wconf 80' lang='lat' dir='ltr'>xxi,</span> <span class='ocrx_word' id='word_1_33' title='bbox 521 303 677 347; x_wconf 71' lang='lat' dir='ltr'>praedicti</span> <span class='ocrx_word' id='word_1_34' title='bbox 705 301 899 345; x_wconf 83' lang='lat' dir='ltr'>praesentati</span> <span class='ocrx_word' id='word_1_35' title='bbox 925 306 956 334; x_wconf 90' lang='lat' dir='ltr'>et</span> <span class='ocrx_word' id='word_1_36' title='bbox 981 311 1074 344; x_wconf 88' lang='lat' dir='ltr'>supe-</span> 
     </span>
     <span class='ocr_line' id='line_1_9' title="bbox 340 355 1072 395; baseline -0.001 -7"><span class='ocrx_word' id='word_1_37' title='bbox 340 357 406 389; x_wconf 92' lang='lat' dir='ltr'>rior</span> <span class='ocrx_word' id='word_1_38' title='bbox 431 361 700 395; x_wconf 71' lang='lat' dir='ltr'>eonventus,wta</span> <span class='ocrx_word' id='word_1_39' title='bbox 717 366 782 388; x_wconf 90' lang='lat' dir='ltr'>non</span> <span class='ocrx_word' id='word_1_40' title='bbox 808 355 976 393; x_wconf 80' lang='lat' dir='ltr'>habentes,</span> <span class='ocrx_word' id='word_1_41' title='bbox 999 359 1072 387; x_wconf 87' lang='lat' dir='ltr'>ante</span> 
     </span>
     <span class='ocr_line' id='line_1_10' title="bbox 338 408 1074 453; baseline -0.003 -12"><span class='ocrx_word' id='word_1_42' title='bbox 338 410 458 442; x_wconf 85' lang='lat' dir='ltr'>socium</span> <span class='ocrx_word' id='word_1_43' title='bbox 486 411 583 453; x_wconf 80' lang='lat' dir='ltr'>patris</span> <span class='ocrx_word' id='word_1_44' title='bbox 604 409 821 452; x_wconf 80' lang='lat' dir='ltr'>provincialis,</span> <span class='ocrx_word' id='word_1_45' title='bbox 841 408 892 451; x_wconf 83' lang='lat' dir='ltr'>qui</span> <span class='ocrx_word' id='word_1_46' title='bbox 912 408 1009 440; x_wconf 84' lang='lat' dir='ltr'>habet.</span> <span class='ocrx_word' id='word_1_47' title='bbox 1027 418 1074 440; x_wconf 87' lang='lat' dir='ltr'>vo-</span> 
     </span>
     <span class='ocr_line' id='line_1_11' title="bbox 339 461 1070 505; baseline -0.004 -9"><span class='ocrx_word' id='word_1_48' title='bbox 339 469 423 501; x_wconf 69' lang='lat' dir='ltr'>tum,</span> <span class='ocrx_word' id='word_1_49' title='bbox 450 465 552 496; x_wconf 82' lang='lat' dir='ltr'>locum</span> <span class='ocrx_word' id='word_1_50' title='bbox 586 468 617 495; x_wconf 86' lang='lat' dir='ltr'>et</span> <span class='ocrx_word' id='word_1_51' title='bbox 641 461 903 505; x_wconf 85' lang='lat' dir='ltr'>praecedentiam</span> <span class='ocrx_word' id='word_1_52' title='bbox 929 466 1070 494; x_wconf 76' lang='lat' dir='ltr'>teneant.</span> 
     </span>
     <span class='ocr_line' id='line_1_12' title="bbox 338 514 1073 558; baseline -0.004 -9"><span class='ocrx_word' id='word_1_53' title='bbox 338 516 394 554; x_wconf 80' lang='lat' dir='ltr'>Oui</span> <span class='ocrx_word' id='word_1_54' title='bbox 414 528 499 556; x_wconf 83' lang='lat' dir='ltr'>vero,</span> <span class='ocrx_word' id='word_1_55' title='bbox 515 516 554 548; x_wconf 89' lang='lat' dir='ltr'>ab</span> <span class='ocrx_word' id='word_1_56' title='bbox 565 516 635 548; x_wconf 87' lang='lat' dir='ltr'>aliis</span> <span class='ocrx_word' id='word_1_57' title='bbox 654 515 827 558; x_wconf 73' lang='lat' dir='ltr'>provinciis</span> <span class='ocrx_word' id='word_1_58' title='bbox 841 514 988 551; x_wconf 87' lang='lat' dir='ltr'>exsiliati,</span> <span class='ocrx_word' id='word_1_59' title='bbox 1001 524 1073 556; x_wconf 90' lang='lat' dir='ltr'>pro-</span> 
     </span>
     <span class='ocr_line' id='line_1_13' title="bbox 336 567 1071 607; baseline -0.001 -7"><span class='ocrx_word' id='word_1_60' title='bbox 336 570 458 602; x_wconf 74' lang='lat' dir='ltr'>vinciae</span> <span class='ocrx_word' id='word_1_61' title='bbox 484 568 627 607; x_wconf 83' lang='lat' dir='ltr'>Quitensi</span> <span class='ocrx_word' id='word_1_62' title='bbox 653 569 845 607; x_wconf 78' lang='lat' dir='ltr'>alliliantur‚</span> <span class='ocrx_word' id='word_1_63' title='bbox 869 568 1018 600; x_wconf 84' lang='lat' dir='ltr'>eumdem</span> <span class='ocrx_word' id='word_1_64' title='bbox 1041 567 1071 599; x_wconf 90' lang='lat' dir='ltr'>in</span> 
     </span>
     <span class='ocr_line' id='line_1_14' title="bbox 337 620 1070 664; baseline -0.004 -10"><span class='ocrx_word' id='word_1_65' title='bbox 337 623 396 654; x_wconf 85' lang='lat' dir='ltr'>hac</span> <span class='ocrx_word' id='word_1_66' title='bbox 417 623 523 655; x_wconf 86' lang='lat' dir='ltr'>locum</span> <span class='ocrx_word' id='word_1_67' title='bbox 550 628 582 654; x_wconf 88' lang='lat' dir='ltr'>et</span> <span class='ocrx_word' id='word_1_68' title='bbox 607 621 866 664; x_wconf 80' lang='lat' dir='ltr'>praecedentiam</span> <span class='ocrx_word' id='word_1_69' title='bbox 891 620 1070 659; x_wconf 87' lang='lat' dir='ltr'>retineant,</span> 
     </span>
     <span class='ocr_line' id='line_1_15' title="bbox 338 673 1073 717; baseline -0.004 -11"><span class='ocrx_word' id='word_1_70' title='bbox 338 686 432 713; x_wconf 72' lang='lat' dir='ltr'>quem</span> <span class='ocrx_word' id='word_1_71' title='bbox 458 675 489 706; x_wconf 92' lang='lat' dir='ltr'>in</span> <span class='ocrx_word' id='word_1_72' title='bbox 516 675 680 717; x_wconf 72' lang='lat' dir='ltr'>provincia</span> <span class='ocrx_word' id='word_1_73' title='bbox 698 686 715 706; x_wconf 86' lang='lat' dir='ltr'>a</span> <span class='ocrx_word' id='word_1_74' title='bbox 733 685 794 717; x_wconf 89' lang='lat' dir='ltr'>qna</span> <span class='ocrx_word' id='word_1_75' title='bbox 815 673 1004 706; x_wconf 84' lang='lat' dir='ltr'>exsiliantur</span> <span class='ocrx_word' id='word_1_76' title='bbox 1022 673 1073 704; x_wconf 83' lang='lat' dir='ltr'>lia-</span> 
     </span>
     <span class='ocr_line' id='line_1_16' title="bbox 336 725 1068 769; baseline -0.004 -10"><span class='ocrx_word' id='word_1_77' title='bbox 336 727 463 767; x_wconf 74' lang='lat' dir='ltr'>rebant,</span> <span class='ocrx_word' id='word_1_78' title='bbox 486 727 565 759; x_wconf 90' lang='lat' dir='ltr'>itaut</span> <span class='ocrx_word' id='word_1_79' title='bbox 590 727 743 769; x_wconf 74' lang='lat' dir='ltr'>magister</span> <span class='ocrx_word' id='word_1_80' title='bbox 768 726 851 758; x_wconf 80' lang='lat' dir='ltr'>inter</span> <span class='ocrx_word' id='word_1_81' title='bbox 876 725 1068 768; x_wconf 70' lang='lat' dir='ltr'>magistros,</span> 
     </span>
     <span class='ocr_line' id='line_1_17' title="bbox 336 779 1069 822; baseline -0.001 -12"><span class='ocrx_word' id='word_1_82' title='bbox 336 784 623 822; x_wconf 66' lang='lat' dir='ltr'>praesentatusque</span> <span class='ocrx_word' id='word_1_83' title='bbox 642 779 727 811; x_wconf 79' lang='lat' dir='ltr'>inter</span> <span class='ocrx_word' id='word_1_84' title='bbox 748 783 976 821; x_wconf 77' lang='lat' dir='ltr'>praesentatos,</span> <span class='ocrx_word' id='word_1_85' title='bbox 994 783 1069 817; x_wconf 89' lang='lat' dir='ltr'>etc.,</span> 
     </span>
     <span class='ocr_line' id='line_1_18' title="bbox 336 830 1071 873; baseline -0.003 -10"><span class='ocrx_word' id='word_1_86' title='bbox 336 831 600 873; x_wconf 82' lang='lat' dir='ltr'>praecedentiam</span> <span class='ocrx_word' id='word_1_87' title='bbox 636 831 796 863; x_wconf 87' lang='lat' dir='ltr'>retineant</span> <span class='ocrx_word' id='word_1_88' title='bbox 826 831 885 863; x_wconf 79' lang='lat' dir='ltr'>sibi</span> <span class='ocrx_word' id='word_1_89' title='bbox 920 830 1071 868; x_wconf 81' lang='lat' dir='ltr'>debitam,</span> 
     </span>
     <span class='ocr_line' id='line_1_19' title="bbox 337 883 1093 926; baseline 0 -11"><span class='ocrx_word' id='word_1_90' title='bbox 337 885 514 917; x_wconf 88' lang='lat' dir='ltr'>dummodo</span> <span class='ocrx_word' id='word_1_91' title='bbox 549 890 652 917; x_wconf 85' lang='lat' dir='ltr'>tamen</span> <span class='ocrx_word' id='word_1_92' title='bbox 680 885 717 917; x_wconf 87' lang='lat' dir='ltr'>de</span> <span class='ocrx_word' id='word_1_93' title='bbox 743 886 800 916; x_wconf 76' lang='lat' dir='ltr'>sna</span> <span class='ocrx_word' id='word_1_94' title='bbox 832 883 974 926; x_wconf 75' lang='lat' dir='ltr'>legitima</span> <span class='ocrx_word' id='word_1_95' title='bbox 999 894 1093 926; x_wconf 68' lang='lat' dir='ltr'>pro-2</span> 
     </span>
    </p>
   </div>
   <div class='ocr_carea' id='block_1_4' title="bbox 921 195 1277 223">
    <p class='ocr_par' dir='ltr' id='par_1_4' title="bbox 921 195 1277 223">
     <span class='ocr_line' id='line_1_20' title="bbox 921 195 1277 223; baseline -0.006 0"><span class='ocrx_word' id='word_1_96' title='bbox 921 197 1100 223; x_wconf 60' lang='lat' dir='ltr'>BULLAmUM</span> <span class='ocrx_word' id='word_1_97' title='bbox 1127 195 1277 221; x_wconf 61' lang='lat' dir='ltr'><strong>ROMANUM</strong></span> 
     </span>
    </p>
   </div>
   <div class='ocr_carea' id='block_1_5' title="bbox 1091 246 1097 1000">
    <p class='ocr_par' dir='ltr' id='par_1_5' title="bbox 1091 246 1097 1000">
     <span class='ocr_line' id='line_1_21' title="bbox 1091 246 1097 1000; baseline 0 0"><span class='ocrx_word' id='word_1_98' title='bbox 1091 246 1097 1000; x_wconf 95' lang='lat' dir='ltr'> </span> 
     </span>
    </p>
   </div>
   <div class='ocr_carea' id='block_1_6' title="bbox 292 936 1093 2145">
    <p class='ocr_par' dir='ltr' id='par_1_6' title="bbox 292 936 1093 2145">
     <span class='ocr_line' id='line_1_22' title="bbox 337 936 1093 979; baseline -0.003 -11"><span class='ocrx_word' id='word_1_99' title='bbox 337 937 481 969; x_wconf 82' lang='lat' dir='ltr'>motione</span> <span class='ocrx_word' id='word_1_100' title='bbox 499 937 537 969; x_wconf 84' lang='lat' dir='ltr'>ad</span> <span class='ocrx_word' id='word_1_101' title='bbox 556 938 690 979; x_wconf 78' lang='lat' dir='ltr'>gradum</span> <span class='ocrx_word' id='word_1_102' title='bbox 714 936 891 979; x_wconf 71' lang='lat' dir='ltr'>magisterii</span> <span class='ocrx_word' id='word_1_103' title='bbox 916 937 966 968; x_wconf 86' lang='lat' dir='ltr'>vel</span> <span class='ocrx_word' id='word_1_104' title='bbox 984 946 1071 978; x_wconf 85' lang='lat' dir='ltr'>prae-</span> <span class='ocrx_word' id='word_1_105' title='bbox 1090 938 1093 964; x_wconf 85' lang='lat' dir='ltr'>l</span> 
     </span>
     <span class='ocr_line' id='line_1_23' title="bbox 336 989 1070 1032; baseline 0.001 -13"><span class='ocrx_word' id='word_1_106' title='bbox 336 994 529 1028; x_wconf 85' lang='lat' dir='ltr'>sentaturae,</span> <span class='ocrx_word' id='word_1_107' title='bbox 549 989 614 1022; x_wconf 87' lang='lat' dir='ltr'>sive</span> <span class='ocrx_word' id='word_1_108' title='bbox 640 990 677 1022; x_wconf 87' lang='lat' dir='ltr'>de</span> <span class='ocrx_word' id='word_1_109' title='bbox 696 989 887 1032; x_wconf 76' lang='lat' dir='ltr'>antiquitate</span> <span class='ocrx_word' id='word_1_110' title='bbox 907 999 982 1021; x_wconf 83' lang='lat' dir='ltr'>suae</span> <span class='ocrx_word' id='word_1_111' title='bbox 1001 998 1070 1031; x_wconf 87' lang='lat' dir='ltr'>pro-</span> 
     </span>
     <span class='ocr_line' id='line_1_24' title="bbox 336 1041 1069 1084; baseline 0 -12"><span class='ocrx_word' id='word_1_112' title='bbox 336 1042 503 1082; x_wconf 64' lang='lat' dir='ltr'>sessionis,</span> <span class='ocrx_word' id='word_1_113' title='bbox 529 1043 554 1075; x_wconf 91' lang='lat' dir='ltr'>si</span> <span class='ocrx_word' id='word_1_114' title='bbox 580 1042 724 1084; x_wconf 78' lang='lat' dir='ltr'>graduali</span> <span class='ocrx_word' id='word_1_115' title='bbox 759 1052 823 1074; x_wconf 90' lang='lat' dir='ltr'>non</span> <span class='ocrx_word' id='word_1_116' title='bbox 850 1041 989 1079; x_wconf 84' lang='lat' dir='ltr'>suerint,</span> <span class='ocrx_word' id='word_1_117' title='bbox 1017 1041 1069 1073; x_wconf 87' lang='lat' dir='ltr'>de-</span> 
     </span>
     <span class='ocr_line' id='line_1_25' title="bbox 336 1090 1070 1137; baseline -0.001 -12"><span class='ocrx_word' id='word_1_118' title='bbox 336 1094 477 1127; x_wconf 71' lang='lat' dir='ltr'>linitorio</span> <span class='ocrx_word' id='word_1_119' title='bbox 501 1096 613 1127; x_wconf 85' lang='lat' dir='ltr'>saltem</span> <span class='ocrx_word' id='word_1_120' title='bbox 639 1095 762 1137; x_wconf 84' lang='lat' dir='ltr'>privato</span> <span class='ocrx_word' id='word_1_121' title='bbox 788 1094 971 1137; x_wconf 76' lang='lat' dir='ltr'>provinciae</span> <span class='ocrx_word' id='word_1_122' title='bbox 997 1090 1070 1131; x_wconf 84' lang='lat' dir='ltr'>Qui-</span> 
     </span>
     <span class='ocr_line' id='line_1_26' title="bbox 336 1147 1069 1189; baseline 0 -11"><span class='ocrx_word' id='word_1_123' title='bbox 336 1147 444 1187; x_wconf 79' lang='lat' dir='ltr'>tensis,</span> <span class='ocrx_word' id='word_1_124' title='bbox 464 1148 513 1179; x_wconf 87' lang='lat' dir='ltr'>cui</span> <span class='ocrx_word' id='word_1_125' title='bbox 538 1147 725 1187; x_wconf 58' lang='lat' dir='ltr'>(illinantur,</span> <span class='ocrx_word' id='word_1_126' title='bbox 752 1147 894 1189; x_wconf 64' lang='lat' dir='ltr'>legitime</span> <span class='ocrx_word' id='word_1_127' title='bbox 921 1152 1069 1179; x_wconf 86' lang='lat' dir='ltr'>constare</span> 
     </span>
     <span class='ocr_line' id='line_1_27' title="bbox 335 1199 1071 1243; baseline 0.001 -14"><span class='ocrx_word' id='word_1_128' title='bbox 335 1199 464 1231; x_wconf 79' lang='lat' dir='ltr'>saciant.</span> <span class='ocrx_word' id='word_1_129' title='bbox 493 1200 531 1232; x_wconf 87' lang='lat' dir='ltr'>Ut</span> <span class='ocrx_word' id='word_1_130' title='bbox 556 1201 635 1232; x_wconf 79' lang='lat' dir='ltr'>liaec</span> <span class='ocrx_word' id='word_1_131' title='bbox 661 1211 742 1243; x_wconf 87' lang='lat' dir='ltr'>quae</span> <span class='ocrx_word' id='word_1_132' title='bbox 767 1200 853 1232; x_wconf 86' lang='lat' dir='ltr'>eirca</span> <span class='ocrx_word' id='word_1_133' title='bbox 877 1199 1071 1242; x_wconf 84' lang='lat' dir='ltr'>praeceden-</span> 
     </span>
     <span class='ocr_line' id='line_1_28' title="bbox 335 1252 1071 1295; baseline 0.001 -12"><span class='ocrx_word' id='word_1_134' title='bbox 335 1252 409 1283; x_wconf 84' lang='lat' dir='ltr'>tiam</span> <span class='ocrx_word' id='word_1_135' title='bbox 435 1253 564 1285; x_wconf 88' lang='lat' dir='ltr'>decreta</span> <span class='ocrx_word' id='word_1_136' title='bbox 585 1259 667 1294; x_wconf 88' lang='lat' dir='ltr'>sunt,</span> <span class='ocrx_word' id='word_1_137' title='bbox 687 1253 828 1286; x_wconf 78' lang='lat' dir='ltr'>exactius</span> <span class='ocrx_word' id='word_1_138' title='bbox 853 1253 885 1285; x_wconf 88' lang='lat' dir='ltr'>in</span> <span class='ocrx_word' id='word_1_139' title='bbox 912 1253 972 1284; x_wconf 79' lang='lat' dir='ltr'>ista</span> <span class='ocrx_word' id='word_1_140' title='bbox 996 1262 1071 1295; x_wconf 88' lang='lat' dir='ltr'>pro-</span> 
     </span>
     <span class='ocr_line' id='line_1_29' title="bbox 333 1303 1070 1349; baseline 0 -12"><span class='ocrx_word' id='word_1_141' title='bbox 333 1305 436 1338; x_wconf 71' lang='lat' dir='ltr'>vincia</span> <span class='ocrx_word' id='word_1_142' title='bbox 462 1312 648 1346; x_wconf 73' lang='lat' dir='ltr'>serventur,</span> <span class='ocrx_word' id='word_1_143' title='bbox 676 1307 874 1339; x_wconf 73' lang='lat' dir='ltr'>declaramus</span> <span class='ocrx_word' id='word_1_144' title='bbox 902 1303 988 1349; x_wconf 77' lang='lat' dir='ltr'>qubd</span> <span class='ocrx_word' id='word_1_145' title='bbox 1016 1316 1070 1348; x_wconf 84' lang='lat' dir='ltr'>pa-</span> 
     </span>
     <span class='ocr_line' id='line_1_30' title="bbox 334 1359 1069 1402; baseline 0.001 -12"><span class='ocrx_word' id='word_1_146' title='bbox 334 1364 399 1391; x_wconf 84' lang='lat' dir='ltr'>tres</span> <span class='ocrx_word' id='word_1_147' title='bbox 424 1359 638 1402; x_wconf 72' lang='lat' dir='ltr'>provinciales</span> <span class='ocrx_word' id='word_1_148' title='bbox 664 1361 804 1392; x_wconf 72' lang='lat' dir='ltr'>actuales</span> <span class='ocrx_word' id='word_1_149' title='bbox 836 1370 893 1391; x_wconf 86' lang='lat' dir='ltr'>seu</span> <span class='ocrx_word' id='word_1_150' title='bbox 929 1365 1069 1392; x_wconf 85' lang='lat' dir='ltr'>rectores</span> 
     </span>
     <span class='ocr_line' id='line_1_31' title="bbox 334 1412 1071 1459; baseline 0.001 -16"><span class='ocrx_word' id='word_1_151' title='bbox 334 1412 558 1454; x_wconf 84' lang='lat' dir='ltr'>provinciales,</span> <span class='ocrx_word' id='word_1_152' title='bbox 576 1413 639 1445; x_wconf 79' lang='lat' dir='ltr'>sire</span> <span class='ocrx_word' id='word_1_153' title='bbox 665 1423 722 1455; x_wconf 78' lang='lat' dir='ltr'>per</span> <span class='ocrx_word' id='word_1_154' title='bbox 747 1423 779 1445; x_wconf 86' lang='lat' dir='ltr'>sc</span> <span class='ocrx_word' id='word_1_155' title='bbox 806 1413 906 1459; x_wconf 44' lang='lat' dir='ltr'>ipso-s,</span> <span class='ocrx_word' id='word_1_156' title='bbox 926 1412 990 1445; x_wconf 89' lang='lat' dir='ltr'>sive</span> <span class='ocrx_word' id='word_1_157' title='bbox 1009 1415 1071 1444; x_wconf 79' lang='lat' dir='ltr'>una</span> 
     </span>
     <span class='ocr_line' id='line_1_32' title="bbox 335 1465 1068 1509; baseline 0.001 -12"><span class='ocrx_word' id='word_1_158' title='bbox 335 1476 408 1497; x_wconf 90' lang='lat' dir='ltr'>cum</span> <span class='ocrx_word' id='word_1_159' title='bbox 434 1465 618 1498; x_wconf 78' lang='lat' dir='ltr'>delinitorio</span> <span class='ocrx_word' id='word_1_160' title='bbox 650 1466 745 1498; x_wconf 85' lang='lat' dir='ltr'>etiam</span> <span class='ocrx_word' id='word_1_161' title='bbox 781 1466 913 1508; x_wconf 85' lang='lat' dir='ltr'>capituli</span> <span class='ocrx_word' id='word_1_162' title='bbox 939 1466 1068 1509; x_wconf 84' lang='lat' dir='ltr'>provin-</span> 
     </span>
     <span class='ocr_line' id='line_1_33' title="bbox 334 1518 1072 1561; baseline 0.001 -11"><span class='ocrx_word' id='word_1_163' title='bbox 334 1518 437 1557; x_wconf 83' lang='lat' dir='ltr'>cialis,</span> <span class='ocrx_word' id='word_1_164' title='bbox 462 1519 549 1551; x_wconf 90' lang='lat' dir='ltr'>nullo</span> <span class='ocrx_word' id='word_1_165' title='bbox 571 1519 666 1551; x_wconf 82' lang='lat' dir='ltr'>niodo</span> <span class='ocrx_word' id='word_1_166' title='bbox 691 1524 826 1561; x_wconf 75' lang='lat' dir='ltr'>possunt</span> <span class='ocrx_word' id='word_1_167' title='bbox 850 1529 955 1561; x_wconf 86' lang='lat' dir='ltr'>neque</span> <span class='ocrx_word' id='word_1_168' title='bbox 981 1524 1072 1561; x_wconf 89' lang='lat' dir='ltr'>pote-</span> 
     </span>
     <span class='ocr_line' id='line_1_34' title="bbox 334 1571 1071 1614; baseline 0.003 -12"><span class='ocrx_word' id='word_1_169' title='bbox 334 1578 411 1604; x_wconf 88' lang='lat' dir='ltr'>runt</span> <span class='ocrx_word' id='word_1_170' title='bbox 435 1571 530 1604; x_wconf 84' lang='lat' dir='ltr'>alicui</span> <span class='ocrx_word' id='word_1_171' title='bbox 554 1572 707 1614; x_wconf 80' lang='lat' dir='ltr'>religioso</span> <span class='ocrx_word' id='word_1_172' title='bbox 732 1571 912 1603; x_wconf 76' lang='lat' dir='ltr'>concedere</span> <span class='ocrx_word' id='word_1_173' title='bbox 937 1581 1071 1613; x_wconf 83' lang='lat' dir='ltr'>praece-</span> 
     </span>
     <span class='ocr_line' id='line_1_35' title="bbox 336 1624 1072 1667; baseline -0.001 -11"><span class='ocrx_word' id='word_1_174' title='bbox 336 1624 492 1664; x_wconf 87' lang='lat' dir='ltr'>dentiam,</span> <span class='ocrx_word' id='word_1_175' title='bbox 514 1625 597 1657; x_wconf 88' lang='lat' dir='ltr'>sicut</span> <span class='ocrx_word' id='word_1_176' title='bbox 613 1635 672 1657; x_wconf 87' lang='lat' dir='ltr'>nee</span> <span class='ocrx_word' id='word_1_177' title='bbox 696 1625 791 1657; x_wconf 85' lang='lat' dir='ltr'>etiam</span> <span class='ocrx_word' id='word_1_178' title='bbox 813 1624 981 1667; x_wconf 83' lang='lat' dir='ltr'>privilegia</span> <span class='ocrx_word' id='word_1_179' title='bbox 1003 1635 1072 1667; x_wconf 90' lang='lat' dir='ltr'>per-</span> 
     </span>
     <span class='ocr_line' id='line_1_36' title="bbox 336 1678 1093 1720; baseline 0 -11"><span class='ocrx_word' id='word_1_180' title='bbox 336 1678 470 1717; x_wconf 83' lang='lat' dir='ltr'>sonalia,</span> <span class='ocrx_word' id='word_1_181' title='bbox 489 1678 607 1720; x_wconf 87' lang='lat' dir='ltr'>quibus</span> <span class='ocrx_word' id='word_1_182' title='bbox 625 1678 673 1710; x_wconf 84' lang='lat' dir='ltr'>vel</span> <span class='ocrx_word' id='word_1_183' title='bbox 692 1688 709 1709; x_wconf 89' lang='lat' dir='ltr'>a</span> <span class='ocrx_word' id='word_1_184' title='bbox 726 1678 836 1717; x_wconf 82' lang='lat' dir='ltr'>choro,</span> <span class='ocrx_word' id='word_1_185' title='bbox 857 1679 903 1710; x_wconf 87' lang='lat' dir='ltr'>vel</span> <span class='ocrx_word' id='word_1_186' title='bbox 925 1688 942 1709; x_wconf 83' lang='lat' dir='ltr'>a</span> <span class='ocrx_word' id='word_1_187' title='bbox 960 1680 1072 1710; x_wconf 76' lang='lat' dir='ltr'>mensa</span> <span class='ocrx_word' id='word_1_188' title='bbox 1092 1692 1093 1700; x_wconf 53' lang='lat'>¹</span> 
     </span>
     <span class='ocr_line' id='line_1_37' title="bbox 336 1730 1071 1770; baseline 0.001 -9"><span class='ocrx_word' id='word_1_189' title='bbox 336 1731 512 1770; x_wconf 85' lang='lat' dir='ltr'>communi,</span> <span class='ocrx_word' id='word_1_190' title='bbox 535 1732 583 1763; x_wconf 88' lang='lat' dir='ltr'>vel</span> <span class='ocrx_word' id='word_1_191' title='bbox 609 1742 626 1762; x_wconf 86' lang='lat' dir='ltr'>a</span> <span class='ocrx_word' id='word_1_192' title='bbox 651 1730 872 1763; x_wconf 80' lang='lat' dir='ltr'>communibus</span> <span class='ocrx_word' id='word_1_193' title='bbox 898 1730 1071 1762; x_wconf 86' lang='lat' dir='ltr'>observan-</span> 
     </span>
     <span class='ocr_line' id='line_1_38' title="bbox 337 1781 1070 1822; baseline 0.001 -8"><span class='ocrx_word' id='word_1_194' title='bbox 337 1783 389 1815; x_wconf 84' lang='lat' dir='ltr'>tiis</span> <span class='ocrx_word' id='word_1_195' title='bbox 414 1783 617 1822; x_wconf 79' lang='lat' dir='ltr'>eximantur;</span> <span class='ocrx_word' id='word_1_196' title='bbox 644 1783 699 1815; x_wconf 91' lang='lat' dir='ltr'>sed</span> <span class='ocrx_word' id='word_1_197' title='bbox 732 1781 970 1815; x_wconf 76' lang='lat' dir='ltr'>Observandam</span> <span class='ocrx_word' id='word_1_198' title='bbox 1001 1794 1070 1815; x_wconf 88' lang='lat' dir='ltr'>esse</span> 
     </span>
     <span class='ocr_line' id='line_1_39' title="bbox 337 1835 1072 1881; baseline -0.001 -13"><span class='ocrx_word' id='word_1_199' title='bbox 337 1836 469 1868; x_wconf 91' lang='lat' dir='ltr'>omnino</span> <span class='ocrx_word' id='word_1_200' title='bbox 493 1837 756 1869; x_wconf 76' lang='lat' dir='ltr'>constitutionem</span> <span class='ocrx_word' id='word_1_201' title='bbox 787 1837 995 1881; x_wconf 87' lang='lat' dir='ltr'>apostolicam</span> <span class='ocrx_word' id='word_1_202' title='bbox 1020 1835 1072 1868; x_wconf 90' lang='lat' dir='ltr'>Ur·</span> 
     </span>
     <span class='ocr_line' id='line_1_40' title="bbox 292 1888 1072 1931; baseline -0.003 -9"><span class='ocrx_word' id='word_1_203' title='bbox 292 1919 295 1922; x_wconf 20' lang='grc' dir='ltr'><em>Α</em></span> <span class='ocrx_word' id='word_1_204' title='bbox 336 1888 412 1921; x_wconf 80' lang='lat' dir='ltr'>bani</span> <span class='ocrx_word' id='word_1_205' title='bbox 438 1889 500 1920; x_wconf 85' lang='lat' dir='ltr'>Vlll</span> <span class='ocrx_word' id='word_1_206' title='bbox 526 1889 577 1921; x_wconf 90' lang='lat' dir='ltr'>die</span> <span class='ocrx_word' id='word_1_207' title='bbox 593 1900 651 1922; x_wconf 89' lang='lat' dir='ltr'>xxx</span> <span class='ocrx_word' id='word_1_208' title='bbox 672 1889 740 1921; x_wconf 86' lang='lat' dir='ltr'>iulii</span> <span class='ocrx_word' id='word_1_209' title='bbox 762 1899 898 1921; x_wconf 68' lang='lat' dir='ltr'>mrzxxvt</span> <span class='ocrx_word' id='word_1_210' title='bbox 915 1888 1072 1931; x_wconf 87' lang='lat' dir='ltr'>incipien-</span> 
     </span>
     <span class='ocr_line' id='line_1_41' title="bbox 338 1942 1073 1985; baseline -0.001 -11"><span class='ocrx_word' id='word_1_211' title='bbox 338 1947 400 1974; x_wconf 90' lang='lat' dir='ltr'>tem</span> <span class='ocrx_word' id='word_1_212' title='bbox 427 1942 621 1981; x_wconf 56' lang='lat' dir='ltr'>Pastor-alis,</span> <span class='ocrx_word' id='word_1_213' title='bbox 650 1953 712 1985; x_wconf 91' lang='lat' dir='ltr'>qua</span> <span class='ocrx_word' id='word_1_214' title='bbox 738 1942 919 1974; x_wconf 59' lang='lat' dir='ltr'>huiusmodi</span> <span class='ocrx_word' id='word_1_215' title='bbox 945 1942 1073 1984; x_wconf 67' lang='lat' dir='ltr'>privile-</span> 
     </span>
     <span class='ocr_line' id='line_1_42' title="bbox 339 1995 1070 2038; baseline -0.001 -10"><span class='ocrx_word' id='word_1_216' title='bbox 339 1997 390 2038; x_wconf 74' lang='lat' dir='ltr'>gia</span> <span class='ocrx_word' id='word_1_217' title='bbox 416 2001 447 2028; x_wconf 90' lang='lat' dir='ltr'>et</span> <span class='ocrx_word' id='word_1_218' title='bbox 472 1995 691 2038; x_wconf 78' lang='lat' dir='ltr'>exemptiones</span> <span class='ocrx_word' id='word_1_219' title='bbox 716 1995 882 2038; x_wconf 83' lang='lat' dir='ltr'>prohibita</span> <span class='ocrx_word' id='word_1_220' title='bbox 907 2001 939 2027; x_wconf 91' lang='lat' dir='ltr'>et</span> <span class='ocrx_word' id='word_1_221' title='bbox 963 1996 1070 2027; x_wconf 90' lang='lat' dir='ltr'>inter-</span> 
     </span>
     <span class='ocr_line' id='line_1_43' title="bbox 339 2049 1073 2092; baseline -0.001 -11"><span class='ocrx_word' id='word_1_222' title='bbox 339 2050 424 2082; x_wconf 87' lang='lat' dir='ltr'>dicta</span> <span class='ocrx_word' id='word_1_223' title='bbox 449 2055 531 2089; x_wconf 88' lang='lat' dir='ltr'>sunt,</span> <span class='ocrx_word' id='word_1_224' title='bbox 554 2050 592 2082; x_wconf 88' lang='lat' dir='ltr'>de</span> <span class='ocrx_word' id='word_1_225' title='bbox 615 2054 789 2092; x_wconf 87' lang='lat' dir='ltr'>ceteroque</span> <span class='ocrx_word' id='word_1_226' title='bbox 803 2050 925 2091; x_wconf 82' lang='lat' dir='ltr'>absque</span> <span class='ocrx_word' id='word_1_227' title='bbox 943 2049 1073 2081; x_wconf 77' lang='lat' dir='ltr'>lieentia</span> 
     </span>
     <span class='ocr_line' id='line_1_44' title="bbox 340 2102 1072 2145; baseline -0.001 -11"><span class='ocrx_word' id='word_1_228' title='bbox 340 2102 431 2135; x_wconf 82' lang='lat' dir='ltr'>Sedis</span> <span class='ocrx_word' id='word_1_229' title='bbox 452 2102 656 2145; x_wconf 86' lang='lat' dir='ltr'>Apostolicae</span> <span class='ocrx_word' id='word_1_230' title='bbox 682 2102 816 2135; x_wconf 88' lang='lat' dir='ltr'>concedi</span> <span class='ocrx_word' id='word_1_231' title='bbox 836 2113 900 2135; x_wconf 88' lang='lat' dir='ltr'>non</span> <span class='ocrx_word' id='word_1_232' title='bbox 926 2108 1072 2145; x_wconf 83' lang='lat' dir='ltr'>possunt:</span> 
     </span>
    </p>
   </div>
   <div class='ocr_carea' id='block_1_7' title="bbox 340 2155 1096 2199">
    <p class='ocr_par' dir='ltr' id='par_1_7' title="bbox 340 2155 1096 2199">
     <span class='ocr_line' id='line_1_45' title="bbox 340 2155 1096 2199; baseline -0.004 -12"><span class='ocrx_word' id='word_1_233' title='bbox 340 2155 465 2188; x_wconf 84' lang='lat' dir='ltr'>irritum</span> <span class='ocrx_word' id='word_1_234' title='bbox 491 2156 623 2199; x_wconf 81' lang='lat' dir='ltr'>insuper</span> <span class='ocrx_word' id='word_1_235' title='bbox 648 2161 678 2188; x_wconf 91' lang='lat' dir='ltr'>et</span> <span class='ocrx_word' id='word_1_236' title='bbox 702 2156 797 2188; x_wconf 90' lang='lat' dir='ltr'>inane</span> <span class='ocrx_word' id='word_1_237' title='bbox 828 2156 899 2199; x_wconf 88' lang='lat' dir='ltr'>ipso</span> <span class='ocrx_word' id='word_1_238' title='bbox 932 2156 1016 2187; x_wconf 85' lang='lat' dir='ltr'>sacto</span> <span class='ocrx_word' id='word_1_239' title='bbox 1042 2160 1073 2187; x_wconf 90' lang='lat' dir='ltr'>et</span> <span class='ocrx_word' id='word_1_240' title='bbox 1094 2177 1096 2184; x_wconf 77' lang='grc'>,</span> 
     </span>
    </p>
   </div>
   <div class='ocr_carea' id='block_1_8' title="bbox 340 2209 1076 2403">
    <p class='ocr_par' dir='ltr' id='par_1_8' title="bbox 341 2209 1075 2252">
     <span class='ocr_line' id='line_1_46' title="bbox 341 2209 1075 2252; baseline -0.003 -11"><span class='ocrx_word' id='word_1_241' title='bbox 341 2209 461 2252; x_wconf 83' lang='lat' dir='ltr'>absque</span> <span class='ocrx_word' id='word_1_242' title='bbox 487 2209 548 2241; x_wconf 79' lang='lat' dir='ltr'>alia</span> <span class='ocrx_word' id='word_1_243' title='bbox 569 2209 787 2242; x_wconf 84' lang='lat' dir='ltr'>declaratione</span> <span class='ocrx_word' id='word_1_244' title='bbox 813 2209 1025 2241; x_wconf 86' lang='lat' dir='ltr'>decernentes</span> <span class='ocrx_word' id='word_1_245' title='bbox 1043 2213 1075 2239; x_wconf 87' lang='lat' dir='ltr'>et</span> 
     </span>
    </p>

    <p class='ocr_par' dir='ltr' id='par_1_9' title="bbox 341 2261 1074 2305">
     <span class='ocr_line' id='line_1_47' title="bbox 341 2261 1074 2305; baseline -0.003 -11"><span class='ocrx_word' id='word_1_246' title='bbox 341 2262 540 2294; x_wconf 81' lang='lat' dir='ltr'>declarantes</span> <span class='ocrx_word' id='word_1_247' title='bbox 556 2289 563 2302; x_wconf 92' lang='lat'>,</span> <span class='ocrx_word' id='word_1_248' title='bbox 597 2262 622 2294; x_wconf 87' lang='lat' dir='ltr'>si</span> <span class='ocrx_word' id='word_1_249' title='bbox 647 2273 738 2295; x_wconf 89' lang='lat' dir='ltr'>secus</span> <span class='ocrx_word' id='word_1_250' title='bbox 763 2272 860 2305; x_wconf 86' lang='lat' dir='ltr'>super</span> <span class='ocrx_word' id='word_1_251' title='bbox 885 2261 935 2294; x_wconf 81' lang='lat' dir='ltr'>liis</span> <span class='ocrx_word' id='word_1_252' title='bbox 962 2261 1074 2303; x_wconf 78' lang='lat' dir='ltr'>quovis</span> 
     </span>
    </p>

    <p class='ocr_par' dir='ltr' id='par_1_10' title="bbox 340 2315 1076 2403">
     <span class='ocr_line' id='line_1_48' title="bbox 340 2315 987 2357; baseline -0.003 -9"><span class='ocrx_word' id='word_1_253' title='bbox 340 2316 437 2348; x_wconf 85' lang='lat' dir='ltr'>modo</span> <span class='ocrx_word' id='word_1_254' title='bbox 459 2315 525 2347; x_wconf 76' lang='lat' dir='ltr'>lieri</span> <span class='ocrx_word' id='word_1_255' title='bbox 551 2317 600 2348; x_wconf 85' lang='lat' dir='ltr'>vel</span> <span class='ocrx_word' id='word_1_256' title='bbox 627 2315 774 2348; x_wconf 82' lang='lat' dir='ltr'>attentari</span> <span class='ocrx_word' id='word_1_257' title='bbox 799 2315 987 2357; x_wconf 74' lang='lat' dir='ltr'>contigerit.</span> 
     </span>
     <span class='ocr_line' id='line_1_49' title="bbox 385 2367 1076 2403; baseline -0.004 0"><span class='ocrx_word' id='word_1_258' title='bbox 385 2381 452 2403; x_wconf 78' lang='lat' dir='ltr'>xxx.</span> <span class='ocrx_word' id='word_1_259' title='bbox 479 2367 630 2402; x_wconf 70' lang='lat' dir='ltr'>Volumus</span> <span class='ocrx_word' id='word_1_260' title='bbox 658 2374 689 2402; x_wconf 85' lang='lat' dir='ltr'>et</span> <span class='ocrx_word' id='word_1_261' title='bbox 714 2370 917 2402; x_wconf 78' lang='lat' dir='ltr'>declaramus</span> <span class='ocrx_word' id='word_1_262' title='bbox 942 2379 959 2400; x_wconf 89' lang='lat' dir='ltr'>a</span> <span class='ocrx_word' id='word_1_263' title='bbox 984 2379 1076 2400; x_wconf 80' lang='lat' dir='ltr'>reve-</span> 
     </span>
    </p>
   </div>
   <div class='ocr_carea' id='block_1_9' title="bbox 1090 1176 1099 2549">
    <p class='ocr_par' dir='ltr' id='par_1_11' title="bbox 1090 1176 1099 2549">
     <span class='ocr_line' id='line_1_50' title="bbox 1090 1176 1099 2549; baseline 0 0"><span class='ocrx_word' id='word_1_264' title='bbox 1090 1176 1099 2549; x_wconf 95' lang='lat' dir='ltr'> </span> 
     </span>
    </p>
   </div>
   <div class='ocr_carea' id='block_1_10' title="bbox 345 2527 1078 2628">
    <p class='ocr_par' dir='ltr' id='par_1_12' title="bbox 345 2527 1078 2628">
     <span class='ocr_line' id='line_1_51' title="bbox 345 2527 1078 2569; baseline -0.007 -6"><span class='ocrx_word' id='word_1_265' title='bbox 345 2530 384 2564; x_wconf 88' lang='lat' dir='ltr'>ab</span> <span class='ocrx_word' id='word_1_266' title='bbox 409 2530 467 2562; x_wconf 74' lang='lat' dir='ltr'>ista</span> <span class='ocrx_word' id='word_1_267' title='bbox 491 2530 599 2561; x_wconf 77' lang='lat' dir='ltr'>nostra</span> <span class='ocrx_word' id='word_1_268' title='bbox 623 2527 766 2564; x_wconf 80' lang='lat' dir='ltr'>Quitcnsi</span> <span class='ocrx_word' id='word_1_269' title='bbox 797 2527 961 2569; x_wconf 74' lang='lat' dir='ltr'>provincia</span> <span class='ocrx_word' id='word_1_270' title='bbox 992 2536 1078 2558; x_wconf 87' lang='lat' dir='ltr'>recc-</span> 
     </span>
     <span class='ocr_line' id='line_1_52' title="bbox 345 2579 1078 2628; baseline -0.008 -12"><span class='ocrx_word' id='word_1_271' title='bbox 345 2584 419 2628; x_wconf 89' lang='lat' dir='ltr'>ptis‚</span> <span class='ocrx_word' id='word_1_272' title='bbox 440 2592 569 2615; x_wconf 86' lang='lat' dir='ltr'>necnon</span> <span class='ocrx_word' id='word_1_273' title='bbox 587 2581 626 2614; x_wconf 89' lang='lat' dir='ltr'>ad</span> <span class='ocrx_word' id='word_1_274' title='bbox 643 2580 709 2613; x_wconf 87' lang='lat' dir='ltr'>cius</span> <span class='ocrx_word' id='word_1_275' title='bbox 735 2579 986 2623; x_wconf 83' lang='lat' dir='ltr'>postulationem</span> <span class='ocrx_word' id='word_1_276' title='bbox 1004 2589 1078 2621; x_wconf 89' lang='lat' dir='ltr'>pro-</span> 
     </span>
    </p>
   </div>
   <div class='ocr_carea' id='block_1_11' title="bbox 1858 184 2036 218">
    <p class='ocr_par' dir='ltr' id='par_1_13' title="bbox 1858 184 2036 218">
     <span class='ocr_line' id='line_1_53' title="bbox 1858 184 2036 218; baseline 0 0"><span class='ocrx_word' id='word_1_277' title='bbox 1858 184 1906 218; x_wconf 67' lang='lat' dir='ltr'>An.</span> <span class='ocrx_word' id='word_1_278' title='bbox 1925 189 1956 218; x_wconf 80' lang='lat' dir='ltr'>C.</span> <span class='ocrx_word' id='word_1_279' title='bbox 1978 185 2036 218; x_wconf 73' lang='lat'>167&#39;</span> 
     </span>
    </p>
   </div>
   <div class='ocr_carea' id='block_1_12' title="bbox 1113 241 1854 2132">
    <p class='ocr_par' dir='ltr' id='par_1_14' title="bbox 1114 241 1854 920">
     <span class='ocr_line' id='line_1_54' title="bbox 1118 241 1853 287; baseline -0.004 -10"><span class='ocrx_word' id='word_1_280' title='bbox 1118 244 1204 285; x_wconf 89' lang='lat' dir='ltr'>visis,</span> <span class='ocrx_word' id='word_1_281' title='bbox 1221 255 1276 277; x_wconf 86' lang='lat' dir='ltr'>seu</span> <span class='ocrx_word' id='word_1_282' title='bbox 1290 254 1348 287; x_wconf 90' lang='lat' dir='ltr'>pro</span> <span class='ocrx_word' id='word_1_283' title='bbox 1362 243 1462 287; x_wconf 89' lang='lat' dir='ltr'>ipsius</span> <span class='ocrx_word' id='word_1_284' title='bbox 1477 241 1707 275; x_wconf 78' lang='lat' dir='ltr'>reformatione</span> <span class='ocrx_word' id='word_1_285' title='bbox 1721 245 1753 275; x_wconf 82' lang='lat' dir='ltr'>et</span> <span class='ocrx_word' id='word_1_286' title='bbox 1766 241 1853 274; x_wconf 91' lang='lat' dir='ltr'>bono</span> 
     </span>
     <span class='ocr_line' id='line_1_55' title="bbox 1117 296 1854 340; baseline -0.004 -10"><span class='ocrx_word' id='word_1_287' title='bbox 1117 298 1274 340; x_wconf 79' lang='lat' dir='ltr'>regimine</span> <span class='ocrx_word' id='word_1_288' title='bbox 1306 308 1378 330; x_wconf 90' lang='lat' dir='ltr'>cum</span> <span class='ocrx_word' id='word_1_289' title='bbox 1410 296 1596 339; x_wconf 78' lang='lat' dir='ltr'>cognitione</span> <span class='ocrx_word' id='word_1_290' title='bbox 1621 305 1734 328; x_wconf 85' lang='lat' dir='ltr'>causae</span> <span class='ocrx_word' id='word_1_291' title='bbox 1768 305 1854 327; x_wconf 81' lang='lat' dir='ltr'>ema·</span> 
     </span>
     <span class='ocr_line' id='line_1_56' title="bbox 1117 348 1850 394; baseline -0.004 -11"><span class='ocrx_word' id='word_1_292' title='bbox 1117 351 1210 391; x_wconf 88' lang='lat' dir='ltr'>natis,</span> <span class='ocrx_word' id='word_1_293' title='bbox 1233 350 1506 394; x_wconf 80' lang='lat' dir='ltr'>supplicationem</span> <span class='ocrx_word' id='word_1_294' title='bbox 1520 350 1570 382; x_wconf 87' lang='lat' dir='ltr'>vel</span> <span class='ocrx_word' id='word_1_295' title='bbox 1588 348 1850 391; x_wconf 82' lang='lat' dir='ltr'>appellationem,</span> 
     </span>
     <span class='ocr_line' id='line_1_57' title="bbox 1117 401 1852 446; baseline -0.004 -10"><span class='ocrx_word' id='word_1_296' title='bbox 1117 414 1152 436; x_wconf 85' lang='lat' dir='ltr'>ex</span> <span class='ocrx_word' id='word_1_297' title='bbox 1179 404 1322 446; x_wconf 74' lang='lat' dir='ltr'>legitima</span> <span class='ocrx_word' id='word_1_298' title='bbox 1347 405 1443 435; x_wconf 78' lang='lat' dir='ltr'>eausa</span> <span class='ocrx_word' id='word_1_299' title='bbox 1471 401 1714 444; x_wconf 75' lang='lat' dir='ltr'>interpositam,</span> <span class='ocrx_word' id='word_1_300' title='bbox 1741 411 1852 434; x_wconf 90' lang='lat' dir='ltr'>eorum</span> 
     </span>
     <span class='ocr_line' id='line_1_58' title="bbox 1117 454 1851 499; baseline -0.003 -10"><span class='ocrx_word' id='word_1_301' title='bbox 1117 456 1365 499; x_wconf 73' lang='lat' dir='ltr'>exequutionem</span> <span class='ocrx_word' id='word_1_302' title='bbox 1384 456 1473 488; x_wconf 90' lang='lat' dir='ltr'>nullo</span> <span class='ocrx_word' id='word_1_303' title='bbox 1498 455 1594 488; x_wconf 93' lang='lat' dir='ltr'>modo</span> <span class='ocrx_word' id='word_1_304' title='bbox 1613 454 1778 487; x_wconf 86' lang='lat' dir='ltr'>retardare</span> <span class='ocrx_word' id='word_1_305' title='bbox 1801 455 1851 487; x_wconf 87' lang='lat' dir='ltr'>vel</span> 
     </span>
     <span class='ocr_line' id='line_1_59' title="bbox 1117 508 1852 552; baseline 0 -12"><span class='ocrx_word' id='word_1_306' title='bbox 1117 509 1273 552; x_wconf 87' lang='lat' dir='ltr'>impedire</span> <span class='ocrx_word' id='word_1_307' title='bbox 1292 519 1406 552; x_wconf 79' lang='lat' dir='ltr'>posse3</span> <span class='ocrx_word' id='word_1_308' title='bbox 1425 509 1491 547; x_wconf 85' lang='lat' dir='ltr'>sed,</span> <span class='ocrx_word' id='word_1_309' title='bbox 1508 508 1541 540; x_wconf 92' lang='lat' dir='ltr'>in</span> <span class='ocrx_word' id='word_1_310' title='bbox 1560 518 1598 540; x_wconf 91' lang='lat' dir='ltr'>eo</span> <span class='ocrx_word' id='word_1_311' title='bbox 1620 508 1750 539; x_wconf 85' lang='lat' dir='ltr'>interim</span> <span class='ocrx_word' id='word_1_312' title='bbox 1766 508 1852 550; x_wconf 87' lang='lat' dir='ltr'>quod</span> 
     </span>
     <span class='ocr_line' id='line_1_60' title="bbox 1117 560 1851 605; baseline -0.001 -11"><span class='ocrx_word' id='word_1_313' title='bbox 1117 573 1308 605; x_wconf 83' lang='lat' dir='ltr'>responsum</span> <span class='ocrx_word' id='word_1_314' title='bbox 1340 564 1387 595; x_wconf 85' lang='lat' dir='ltr'>vel</span> <span class='ocrx_word' id='word_1_315' title='bbox 1414 561 1640 594; x_wconf 87' lang='lat' dir='ltr'>determinatio</span> <span class='ocrx_word' id='word_1_316' title='bbox 1673 560 1851 604; x_wconf 88' lang='lat' dir='ltr'>superioris</span> 
     </span>
     <span class='ocr_line' id='line_1_61' title="bbox 1116 613 1853 657; baseline -0.001 -10"><span class='ocrx_word' id='word_1_317' title='bbox 1116 616 1258 657; x_wconf 69' lang='lat' dir='ltr'>legitime</span> <span class='ocrx_word' id='word_1_318' title='bbox 1285 616 1453 654; x_wconf 83' lang='lat' dir='ltr'>habeatur,</span> <span class='ocrx_word' id='word_1_319' title='bbox 1474 614 1581 647; x_wconf 89' lang='lat' dir='ltr'>omnia</span> <span class='ocrx_word' id='word_1_320' title='bbox 1605 619 1636 646; x_wconf 91' lang='lat' dir='ltr'>et</span> <span class='ocrx_word' id='word_1_321' title='bbox 1653 614 1780 655; x_wconf 74' lang='lat' dir='ltr'>singula</span> <span class='ocrx_word' id='word_1_322' title='bbox 1803 613 1853 646; x_wconf 92' lang='lat' dir='ltr'>in-</span> 
     </span>
     <span class='ocr_line' id='line_1_62' title="bbox 1115 667 1851 710; baseline 0 -10"><span class='ocrx_word' id='word_1_323' title='bbox 1115 668 1310 701; x_wconf 74' lang='lat' dir='ltr'>violabiliter</span> <span class='ocrx_word' id='word_1_324' title='bbox 1334 668 1498 701; x_wconf 85' lang='lat' dir='ltr'>observari</span> <span class='ocrx_word' id='word_1_325' title='bbox 1521 678 1557 700; x_wconf 86' lang='lat' dir='ltr'>ac</span> <span class='ocrx_word' id='word_1_326' title='bbox 1581 667 1715 700; x_wconf 87' lang='lat' dir='ltr'>omnino</span> <span class='ocrx_word' id='word_1_327' title='bbox 1733 667 1851 710; x_wconf 82' lang='lat' dir='ltr'>exequi</span> 
     </span>
     <span class='ocr_line' id='line_1_63' title="bbox 1115 719 1852 762; baseline -0.001 -10"><span class='ocrx_word' id='word_1_328' title='bbox 1115 721 1253 753; x_wconf 83' lang='lat' dir='ltr'>dehere:</span> <span class='ocrx_word' id='word_1_329' title='bbox 1279 721 1405 753; x_wconf 84' lang='lat' dir='ltr'>irritum</span> <span class='ocrx_word' id='word_1_330' title='bbox 1432 726 1462 752; x_wconf 91' lang='lat' dir='ltr'>et</span> <span class='ocrx_word' id='word_1_331' title='bbox 1486 720 1583 752; x_wconf 89' lang='lat' dir='ltr'>inane</span> <span class='ocrx_word' id='word_1_332' title='bbox 1612 719 1681 762; x_wconf 82' lang='lat' dir='ltr'>ipso</span> <span class='ocrx_word' id='word_1_333' title='bbox 1714 720 1795 752; x_wconf 79' lang='lat' dir='ltr'>sacto</span> <span class='ocrx_word' id='word_1_334' title='bbox 1820 724 1852 752; x_wconf 87' lang='lat' dir='ltr'>et</span> 
     </span>
     <span class='ocr_line' id='line_1_64' title="bbox 1115 773 1848 816; baseline 0.001 -12"><span class='ocrx_word' id='word_1_335' title='bbox 1115 774 1234 816; x_wconf 85' lang='lat' dir='ltr'>absque</span> <span class='ocrx_word' id='word_1_336' title='bbox 1264 773 1327 806; x_wconf 70' lang='lat' dir='ltr'>alia</span> <span class='ocrx_word' id='word_1_337' title='bbox 1357 773 1577 806; x_wconf 81' lang='lat' dir='ltr'>declaratione</span> <span class='ocrx_word' id='word_1_338' title='bbox 1613 773 1848 812; x_wconf 86' lang='lat' dir='ltr'>decernentes,</span> 
     </span>
     <span class='ocr_line' id='line_1_65' title="bbox 1114 824 1850 868; baseline 0.001 -12"><span class='ocrx_word' id='word_1_339' title='bbox 1114 825 1139 856; x_wconf 91' lang='lat' dir='ltr'>si</span> <span class='ocrx_word' id='word_1_340' title='bbox 1165 836 1257 857; x_wconf 83' lang='lat' dir='ltr'>secus</span> <span class='ocrx_word' id='word_1_341' title='bbox 1277 836 1373 868; x_wconf 87' lang='lat' dir='ltr'>super</span> <span class='ocrx_word' id='word_1_342' title='bbox 1394 826 1443 857; x_wconf 77' lang='lat' dir='ltr'>liis</span> <span class='ocrx_word' id='word_1_343' title='bbox 1465 825 1577 868; x_wconf 87' lang='lat' dir='ltr'>quovis</span> <span class='ocrx_word' id='word_1_344' title='bbox 1596 825 1691 857; x_wconf 89' lang='lat' dir='ltr'>modo</span> <span class='ocrx_word' id='word_1_345' title='bbox 1712 824 1780 857; x_wconf 78' lang='lat' dir='ltr'>fieri</span> <span class='ocrx_word' id='word_1_346' title='bbox 1800 825 1850 857; x_wconf 85' lang='lat' dir='ltr'>vel</span> 
     </span>
     <span class='ocr_line' id='line_1_66' title="bbox 1114 878 1472 920; baseline 0.003 -11"><span class='ocrx_word' id='word_1_347' title='bbox 1114 878 1262 910; x_wconf 84' lang='lat' dir='ltr'>attentari</span> <span class='ocrx_word' id='word_1_348' title='bbox 1288 878 1472 920; x_wconf 65' lang='lat' dir='ltr'>contigerit.</span> 
     </span>
    </p>

    <p class='ocr_par' dir='ltr' id='par_1_15' title="bbox 1113 931 1851 2132">
     <span class='ocr_line' id='line_1_67' title="bbox 1156 931 1851 974; baseline 0.001 -11"><span class='ocrx_word' id='word_1_349' title='bbox 1156 931 1363 974; x_wconf 73' lang='lat' dir='ltr'>Experientia</span> <span class='ocrx_word' id='word_1_350' title='bbox 1386 931 1520 973; x_wconf 86' lang='lat' dir='ltr'>insuper</span> <span class='ocrx_word' id='word_1_351' title='bbox 1535 931 1639 964; x_wconf 88' lang='lat' dir='ltr'>edocti</span> <span class='ocrx_word' id='word_1_352' title='bbox 1662 931 1748 974; x_wconf 85' lang='lat' dir='ltr'>qnod</span> <span class='ocrx_word' id='word_1_353' title='bbox 1770 931 1851 964; x_wconf 92' lang='lat' dir='ltr'>mul-</span> 
     </span>
     <span class='ocr_line' id='line_1_68' title="bbox 1113 983 1850 1026; baseline 0.004 -12"><span class='ocrx_word' id='word_1_354' title='bbox 1113 987 1142 1015; x_wconf 89' lang='lat' dir='ltr'>ta</span> <span class='ocrx_word' id='word_1_355' title='bbox 1168 983 1359 1026; x_wconf 81' lang='lat' dir='ltr'>irrepserint</span> <span class='ocrx_word' id='word_1_356' title='bbox 1384 984 1480 1016; x_wconf 87' lang='lat' dir='ltr'>dubia</span> <span class='ocrx_word' id='word_1_357' title='bbox 1505 989 1538 1016; x_wconf 86' lang='lat' dir='ltr'>et</span> <span class='ocrx_word' id='word_1_358' title='bbox 1556 984 1636 1016; x_wconf 81' lang='lat' dir='ltr'>‘lites</span> <span class='ocrx_word' id='word_1_359' title='bbox 1655 995 1691 1016; x_wconf 90' lang='lat' dir='ltr'>ex</span> <span class='ocrx_word' id='word_1_360' title='bbox 1711 985 1850 1018; x_wconf 88' lang='lat' dir='ltr'>decretis</span> 
     </span>
     <span class='ocr_line' id='line_1_69' title="bbox 1113 1036 1850 1070; baseline 0.003 -2"><span class='ocrx_word' id='word_1_361' title='bbox 1113 1036 1456 1069; x_wconf 86' lang='lat' dir='ltr'>reverendissimorum</span> <span class='ocrx_word' id='word_1_362' title='bbox 1480 1037 1682 1069; x_wconf 74' lang='lat' dir='ltr'>Vicecomitis</span> <span class='ocrx_word' id='word_1_363' title='bbox 1713 1042 1744 1070; x_wconf 91' lang='lat' dir='ltr'>et</span> <span class='ocrx_word' id='word_1_364' title='bbox 1769 1038 1850 1070; x_wconf 89' lang='lat' dir='ltr'>Lan-</span> 
     </span>
     <span class='ocr_line' id='line_1_70' title="bbox 1114 1089 1846 1132; baseline 0.003 -11"><span class='ocrx_word' id='word_1_365' title='bbox 1114 1089 1271 1121; x_wconf 74' lang='lat' dir='ltr'>franconii</span> <span class='ocrx_word' id='word_1_366' title='bbox 1308 1090 1598 1132; x_wconf 85' lang='lat' dir='ltr'>praedecessorum</span> <span class='ocrx_word' id='word_1_367' title='bbox 1633 1095 1846 1132; x_wconf 89' lang='lat' dir='ltr'>nostrorum,</span> 
     </span>
     <span class='ocr_line' id='line_1_71' title="bbox 1113 1142 1849 1187; baseline 0.005 -15"><span class='ocrx_word' id='word_1_368' title='bbox 1113 1142 1229 1183; x_wconf 82' lang='lat' dir='ltr'>quibus</span> <span class='ocrx_word' id='word_1_369' title='bbox 1250 1142 1448 1185; x_wconf 87' lang='lat' dir='ltr'>praecipitur</span> <span class='ocrx_word' id='word_1_370' title='bbox 1470 1147 1504 1174; x_wconf 90' lang='lat' dir='ltr'>ut</span> <span class='ocrx_word' id='word_1_371' title='bbox 1522 1144 1638 1176; x_wconf 86' lang='lat' dir='ltr'>electio</span> <span class='ocrx_word' id='word_1_372' title='bbox 1657 1143 1759 1185; x_wconf 86' lang='lat' dir='ltr'>patris</span> <span class='ocrx_word' id='word_1_373' title='bbox 1778 1155 1849 1187; x_wconf 87' lang='lat' dir='ltr'>pro-</span> 
     </span>
     <span class='ocr_line' id='line_1_72' title="bbox 1114 1195 1850 1238; baseline 0.004 -11"><span class='ocrx_word' id='word_1_374' title='bbox 1114 1195 1267 1234; x_wconf 86' lang='lat' dir='ltr'>vincialis,</span> <span class='ocrx_word' id='word_1_375' title='bbox 1283 1195 1342 1227; x_wconf 89' lang='lat' dir='ltr'>sub</span> <span class='ocrx_word' id='word_1_376' title='bbox 1358 1199 1465 1238; x_wconf 77' lang='lat' dir='ltr'>poena</span> <span class='ocrx_word' id='word_1_377' title='bbox 1479 1196 1645 1236; x_wconf 88' lang='lat' dir='ltr'>nullitatis,</span> <span class='ocrx_word' id='word_1_378' title='bbox 1664 1197 1850 1230; x_wconf 86' lang='lat' dir='ltr'>celebretur</span> 
     </span>
     <span class='ocr_line' id='line_1_73' title="bbox 1113 1248 1849 1292; baseline 0.004 -12"><span class='ocrx_word' id='word_1_379' title='bbox 1113 1248 1200 1281; x_wconf 85' lang='lat' dir='ltr'>iuxta</span> <span class='ocrx_word' id='word_1_380' title='bbox 1214 1248 1481 1288; x_wconf 83' lang='lat' dir='ltr'>constitutiones,</span> <span class='ocrx_word' id='word_1_381' title='bbox 1501 1249 1663 1291; x_wconf 82' lang='lat' dir='ltr'>quodque,</span> <span class='ocrx_word' id='word_1_382' title='bbox 1681 1249 1733 1292; x_wconf 88' lang='lat' dir='ltr'>qui</span> <span class='ocrx_word' id='word_1_383' title='bbox 1749 1250 1849 1284; x_wconf 81' lang='lat' dir='ltr'>semel</span> 
     </span>
     <span class='ocr_line' id='line_1_74' title="bbox 1114 1301 1848 1344; baseline 0.001 -10"><span class='ocrx_word' id='word_1_384' title='bbox 1114 1302 1233 1334; x_wconf 82' lang='lat' dir='ltr'>electus</span> <span class='ocrx_word' id='word_1_385' title='bbox 1272 1301 1369 1333; x_wconf 84' lang='lat' dir='ltr'>suerit</span> <span class='ocrx_word' id='word_1_386' title='bbox 1403 1302 1436 1334; x_wconf 91' lang='lat' dir='ltr'>in</span> <span class='ocrx_word' id='word_1_387' title='bbox 1470 1302 1722 1344; x_wconf 86' lang='lat' dir='ltr'>provincialem,</span> <span class='ocrx_word' id='word_1_388' title='bbox 1747 1304 1848 1335; x_wconf 78' lang='lat' dir='ltr'>altera</span> 
     </span>
     <span class='ocr_line' id='line_1_75' title="bbox 1113 1354 1846 1397; baseline 0.003 -11"><span class='ocrx_word' id='word_1_389' title='bbox 1113 1354 1179 1386; x_wconf 77' lang='lat' dir='ltr'>vice</span> <span class='ocrx_word' id='word_1_390' title='bbox 1195 1354 1272 1396; x_wconf 79' lang='lat' dir='ltr'>eligi</span> <span class='ocrx_word' id='word_1_391' title='bbox 1286 1365 1351 1386; x_wconf 90' lang='lat' dir='ltr'>non</span> <span class='ocrx_word' id='word_1_392' title='bbox 1365 1360 1484 1397; x_wconf 80' lang='lat' dir='ltr'>posset,</span> <span class='ocrx_word' id='word_1_393' title='bbox 1506 1354 1563 1387; x_wconf 87' lang='lat' dir='ltr'>sub</span> <span class='ocrx_word' id='word_1_394' title='bbox 1577 1357 1682 1397; x_wconf 73' lang='lat' dir='ltr'>poena</span> <span class='ocrx_word' id='word_1_395' title='bbox 1700 1355 1846 1388; x_wconf 88' lang='lat' dir='ltr'>eiusdem</span> 
     </span>
     <span class='ocr_line' id='line_1_76' title="bbox 1114 1406 1848 1450; baseline 0.003 -12"><span class='ocrx_word' id='word_1_396' title='bbox 1114 1406 1286 1439; x_wconf 79' lang='lat' dir='ltr'>nullitatis:</span> <span class='ocrx_word' id='word_1_397' title='bbox 1313 1407 1386 1439; x_wconf 87' lang='lat' dir='ltr'>ideo</span> <span class='ocrx_word' id='word_1_398' title='bbox 1423 1408 1591 1450; x_wconf 86' lang='lat' dir='ltr'>praedicta</span> <span class='ocrx_word' id='word_1_399' title='bbox 1627 1408 1688 1440; x_wconf 91' lang='lat' dir='ltr'>duo</span> <span class='ocrx_word' id='word_1_400' title='bbox 1719 1408 1848 1440; x_wconf 88' lang='lat' dir='ltr'>decreta</span> 
     </span>
     <span class='ocr_line' id='line_1_77' title="bbox 1114 1460 1847 1493; baseline 0.001 -1"><span class='ocrx_word' id='word_1_401' title='bbox 1114 1460 1312 1492; x_wconf 86' lang='lat' dir='ltr'>moderanda</span> <span class='ocrx_word' id='word_1_402' title='bbox 1348 1465 1379 1492; x_wconf 88' lang='lat' dir='ltr'>et</span> <span class='ocrx_word' id='word_1_403' title='bbox 1404 1461 1443 1493; x_wconf 90' lang='lat' dir='ltr'>ad</span> <span class='ocrx_word' id='word_1_404' title='bbox 1475 1460 1632 1493; x_wconf 86' lang='lat' dir='ltr'>terminos</span> <span class='ocrx_word' id='word_1_405' title='bbox 1662 1465 1847 1493; x_wconf 74' lang='lat' dir='ltr'>nostrarum</span> 
     </span>
     <span class='ocr_line' id='line_1_78' title="bbox 1113 1513 1844 1554; baseline 0 -8"><span class='ocrx_word' id='word_1_406' title='bbox 1113 1513 1381 1546; x_wconf 87' lang='lat' dir='ltr'>constitutionum</span> <span class='ocrx_word' id='word_1_407' title='bbox 1422 1513 1608 1545; x_wconf 85' lang='lat' dir='ltr'>reducenda</span> <span class='ocrx_word' id='word_1_408' title='bbox 1652 1513 1822 1546; x_wconf 82' lang='lat' dir='ltr'>statuimus</span> <span class='ocrx_word' id='word_1_409' title='bbox 1837 1541 1844 1554; x_wconf 89' lang='lat'><strong><em>‚</em></strong></span> 
     </span>
     <span class='ocr_line' id='line_1_79' title="bbox 1114 1566 1849 1609; baseline 0.001 -11"><span class='ocrx_word' id='word_1_410' title='bbox 1114 1573 1210 1609; x_wconf 88' lang='lat' dir='ltr'>prout</span> <span class='ocrx_word' id='word_1_411' title='bbox 1245 1571 1357 1599; x_wconf 89' lang='lat' dir='ltr'>tenore</span> <span class='ocrx_word' id='word_1_412' title='bbox 1389 1566 1608 1609; x_wconf 85' lang='lat' dir='ltr'>praesentium</span> <span class='ocrx_word' id='word_1_413' title='bbox 1641 1577 1678 1599; x_wconf 87' lang='lat' dir='ltr'>ea</span> <span class='ocrx_word' id='word_1_414' title='bbox 1701 1567 1849 1599; x_wconf 84' lang='lat' dir='ltr'>modera-</span> 
     </span>
     <span class='ocr_line' id='line_1_80' title="bbox 1114 1619 1848 1662; baseline 0 -11"><span class='ocrx_word' id='word_1_415' title='bbox 1114 1630 1183 1652; x_wconf 89' lang='lat' dir='ltr'>mur</span> <span class='ocrx_word' id='word_1_416' title='bbox 1215 1625 1245 1652; x_wconf 85' lang='lat' dir='ltr'>et</span> <span class='ocrx_word' id='word_1_417' title='bbox 1282 1619 1488 1659; x_wconf 79' lang='lat' dir='ltr'>reducimus,</span> <span class='ocrx_word' id='word_1_418' title='bbox 1523 1620 1724 1652; x_wconf 86' lang='lat' dir='ltr'>declarantes</span> <span class='ocrx_word' id='word_1_419' title='bbox 1761 1620 1848 1662; x_wconf 89' lang='lat' dir='ltr'>quod</span> 
     </span>
     <span class='ocr_line' id='line_1_81' title="bbox 1114 1672 1849 1715; baseline 0 -11"><span class='ocrx_word' id='word_1_420' title='bbox 1114 1672 1166 1715; x_wconf 92' lang='lat' dir='ltr'>qui</span> <span class='ocrx_word' id='word_1_421' title='bbox 1192 1672 1402 1705; x_wconf 80' lang='lat' dir='ltr'>consoriniter</span> <span class='ocrx_word' id='word_1_422' title='bbox 1434 1673 1473 1705; x_wconf 85' lang='lat' dir='ltr'>ad</span> <span class='ocrx_word' id='word_1_423' title='bbox 1506 1683 1616 1705; x_wconf 86' lang='lat' dir='ltr'>sacros</span> <span class='ocrx_word' id='word_1_424' title='bbox 1650 1683 1792 1705; x_wconf 88' lang='lat' dir='ltr'>canones</span> <span class='ocrx_word' id='word_1_425' title='bbox 1817 1677 1849 1705; x_wconf 87' lang='lat' dir='ltr'>et</span> 
     </span>
     <span class='ocr_line' id='line_1_82' title="bbox 1114 1725 1847 1758; baseline 0 -1"><span class='ocrx_word' id='word_1_426' title='bbox 1114 1730 1238 1758; x_wconf 86' lang='lat' dir='ltr'>nostras</span> <span class='ocrx_word' id='word_1_427' title='bbox 1255 1725 1504 1757; x_wconf 81' lang='lat' dir='ltr'>constitutiones</span> <span class='ocrx_word' id='word_1_428' title='bbox 1524 1725 1640 1757; x_wconf 82' lang='lat' dir='ltr'>habilis</span> <span class='ocrx_word' id='word_1_429' title='bbox 1662 1730 1693 1757; x_wconf 90' lang='lat' dir='ltr'>et</span> <span class='ocrx_word' id='word_1_430' title='bbox 1710 1725 1847 1757; x_wconf 87' lang='lat' dir='ltr'>idoneus</span> 
     </span>
     <span class='ocr_line' id='line_1_83' title="bbox 1114 1778 1849 1821; baseline 0 -11"><span class='ocrx_word' id='word_1_431' title='bbox 1114 1779 1152 1810; x_wconf 89' lang='lat' dir='ltr'>ad</span> <span class='ocrx_word' id='word_1_432' title='bbox 1178 1778 1444 1821; x_wconf 86' lang='lat' dir='ltr'>provincialatum</span> <span class='ocrx_word' id='word_1_433' title='bbox 1476 1784 1625 1821; x_wconf 81' lang='lat' dir='ltr'>repertus</span> <span class='ocrx_word' id='word_1_434' title='bbox 1658 1778 1768 1817; x_wconf 86' lang='lat' dir='ltr'>suerit,</span> <span class='ocrx_word' id='word_1_435' title='bbox 1795 1788 1849 1810; x_wconf 87' lang='lat' dir='ltr'>va-</span> 
     </span>
     <span class='ocr_line' id='line_1_84' title="bbox 1115 1831 1847 1874; baseline 0 -11"><span class='ocrx_word' id='word_1_436' title='bbox 1115 1831 1178 1863; x_wconf 89' lang='lat' dir='ltr'>lide</span> <span class='ocrx_word' id='word_1_437' title='bbox 1205 1836 1236 1863; x_wconf 90' lang='lat' dir='ltr'>et</span> <span class='ocrx_word' id='word_1_438' title='bbox 1260 1831 1402 1873; x_wconf 80' lang='lat' dir='ltr'>legitime</span> <span class='ocrx_word' id='word_1_439' title='bbox 1420 1831 1493 1873; x_wconf 78' lang='lat' dir='ltr'>eligi</span> <span class='ocrx_word' id='word_1_440' title='bbox 1516 1831 1634 1874; x_wconf 86' lang='lat' dir='ltr'>possit;</span> <span class='ocrx_word' id='word_1_441' title='bbox 1655 1831 1847 1873; x_wconf 85' lang='lat' dir='ltr'>electioque,</span> 
     </span>
     <span class='ocr_line' id='line_1_85' title="bbox 1115 1885 1848 1927; baseline 0.001 -12"><span class='ocrx_word' id='word_1_442' title='bbox 1115 1895 1198 1927; x_wconf 87' lang='lat' dir='ltr'>quae</span> <span class='ocrx_word' id='word_1_443' title='bbox 1235 1885 1321 1917; x_wconf 88' lang='lat' dir='ltr'>iuxta</span> <span class='ocrx_word' id='word_1_444' title='bbox 1353 1885 1538 1927; x_wconf 87' lang='lat' dir='ltr'>praedictos</span> <span class='ocrx_word' id='word_1_445' title='bbox 1571 1895 1680 1917; x_wconf 79' lang='lat' dir='ltr'>sacros</span> <span class='ocrx_word' id='word_1_446' title='bbox 1706 1894 1848 1917; x_wconf 87' lang='lat' dir='ltr'>canones</span> 
     </span>
     <span class='ocr_line' id='line_1_86' title="bbox 1116 1938 1850 1980; baseline -0.001 -9"><span class='ocrx_word' id='word_1_447' title='bbox 1116 1944 1147 1971; x_wconf 91' lang='lat' dir='ltr'>et</span> <span class='ocrx_word' id='word_1_448' title='bbox 1170 1938 1415 1971; x_wconf 84' lang='lat' dir='ltr'>constitutiones</span> <span class='ocrx_word' id='word_1_449' title='bbox 1432 1938 1600 1980; x_wconf 70' lang='lat' dir='ltr'>religionis</span> <span class='ocrx_word' id='word_1_450' title='bbox 1624 1938 1730 1970; x_wconf 85' lang='lat' dir='ltr'>valida</span> <span class='ocrx_word' id='word_1_451' title='bbox 1755 1943 1786 1970; x_wconf 89' lang='lat' dir='ltr'>et</span> <span class='ocrx_word' id='word_1_452' title='bbox 1805 1939 1850 1970; x_wconf 87' lang='lat' dir='ltr'>le-</span> 
     </span>
     <span class='ocr_line' id='line_1_87' title="bbox 1115 1990 1850 2034; baseline -0.001 -11"><span class='ocrx_word' id='word_1_453' title='bbox 1115 1992 1226 2034; x_wconf 77' lang='lat' dir='ltr'>gitima</span> <span class='ocrx_word' id='word_1_454' title='bbox 1251 1991 1354 2031; x_wconf 84' lang='lat' dir='ltr'>suerit,</span> <span class='ocrx_word' id='word_1_455' title='bbox 1373 2002 1432 2034; x_wconf 85' lang='lat' dir='ltr'>pro</span> <span class='ocrx_word' id='word_1_456' title='bbox 1450 1991 1553 2023; x_wconf 76' lang='lat' dir='ltr'>valida</span> <span class='ocrx_word' id='word_1_457' title='bbox 1578 1996 1609 2023; x_wconf 85' lang='lat' dir='ltr'>et</span> <span class='ocrx_word' id='word_1_458' title='bbox 1633 1990 1777 2033; x_wconf 76' lang='lat' dir='ltr'>legitima</span> <span class='ocrx_word' id='word_1_459' title='bbox 1798 1991 1850 2023; x_wconf 85' lang='lat' dir='ltr'>ha-</span> 
     </span>
     <span class='ocr_line' id='line_1_88' title="bbox 1115 2042 1850 2087; baseline -0.003 -9"><span class='ocrx_word' id='word_1_460' title='bbox 1115 2047 1239 2085; x_wconf 85' lang='lat' dir='ltr'>beatur,</span> <span class='ocrx_word' id='word_1_461' title='bbox 1258 2045 1372 2077; x_wconf 87' lang='lat' dir='ltr'>eodem</span> <span class='ocrx_word' id='word_1_462' title='bbox 1390 2055 1523 2087; x_wconf 86' lang='lat' dir='ltr'>prorsus</span> <span class='ocrx_word' id='word_1_463' title='bbox 1541 2044 1636 2076; x_wconf 88' lang='lat' dir='ltr'>modo</span> <span class='ocrx_word' id='word_1_464' title='bbox 1657 2054 1693 2076; x_wconf 87' lang='lat' dir='ltr'>ac</span> <span class='ocrx_word' id='word_1_465' title='bbox 1714 2042 1739 2076; x_wconf 91' lang='lat' dir='ltr'>si</span> <span class='ocrx_word' id='word_1_466' title='bbox 1756 2053 1850 2086; x_wconf 88' lang='lat' dir='ltr'>prae-</span> 
     </span>
     <span class='ocr_line' id='line_1_89' title="bbox 1116 2096 1849 2132; baseline -0.005 0"><span class='ocrx_word' id='word_1_467' title='bbox 1116 2100 1201 2132; x_wconf 85' lang='lat' dir='ltr'>dicta</span> <span class='ocrx_word' id='word_1_468' title='bbox 1232 2099 1294 2132; x_wconf 89' lang='lat' dir='ltr'>duo</span> <span class='ocrx_word' id='word_1_469' title='bbox 1324 2098 1453 2131; x_wconf 85' lang='lat' dir='ltr'>decreta</span> <span class='ocrx_word' id='word_1_470' title='bbox 1490 2103 1637 2130; x_wconf 86' lang='lat' dir='ltr'>emanata</span> <span class='ocrx_word' id='word_1_471' title='bbox 1674 2107 1738 2129; x_wconf 92' lang='lat' dir='ltr'>non</span> <span class='ocrx_word' id='word_1_472' title='bbox 1770 2096 1849 2129; x_wconf 85' lang='lat' dir='ltr'>suis-</span> 
     </span>
    </p>
   </div>
   <div class='ocr_carea' id='block_1_13' title="bbox 1116 2159 2044 2618">
    <p class='ocr_par' dir='ltr' id='par_1_16' title="bbox 1116 2159 1199 2186">
     <span class='ocr_line' id='line_1_90' title="bbox 1116 2159 1199 2186; baseline -0.012 0"><span class='ocrx_word' id='word_1_473' title='bbox 1116 2159 1199 2186; x_wconf 87' lang='lat' dir='ltr'>sent.</span> 
     </span>
    </p>

    <p class='ocr_par' dir='ltr' id='par_1_17' title="bbox 1117 2205 2044 2618">
     <span class='ocr_line' id='line_1_91' title="bbox 1160 2205 2042 2262; baseline -0.007 -22"><span class='ocrx_word' id='word_1_474' title='bbox 1160 2216 1243 2240; x_wconf 80' lang='lat' dir='ltr'>xxxt.</span> <span class='ocrx_word' id='word_1_475' title='bbox 1270 2205 1514 2243; x_wconf 74' lang='lat' dir='ltr'>Confirmantes7</span> <span class='ocrx_word' id='word_1_476' title='bbox 1531 2210 1563 2237; x_wconf 90' lang='lat' dir='ltr'>et</span> <span class='ocrx_word' id='word_1_477' title='bbox 1587 2209 1743 2247; x_wconf 86' lang='lat' dir='ltr'>quatenus</span> <span class='ocrx_word' id='word_1_478' title='bbox 1768 2214 1848 2247; x_wconf 86' lang='lat' dir='ltr'>opus</span> <span class='ocrx_word' id='word_1_479' title='bbox 1860 2208 2042 2262; x_wconf 50' lang='lat' dir='ltr'>provsseciffictffi</span> 
     </span>
     <span class='ocr_line' id='line_1_92' title="bbox 1117 2249 2043 2309; baseline -0.005 -17"><span class='ocrx_word' id='word_1_480' title='bbox 1117 2260 1156 2293; x_wconf 87' lang='lat' dir='ltr'>sit</span> <span class='ocrx_word' id='word_1_481' title='bbox 1181 2260 1369 2292; x_wconf 80' lang='lat' dir='ltr'>innorantcs</span> <span class='ocrx_word' id='word_1_482' title='bbox 1396 2259 1629 2291; x_wconf 54' lang='lat' dir='ltr'>declarationes</span> <span class='ocrx_word' id='word_1_483' title='bbox 1650 2257 1850 2290; x_wconf 80' lang='lat' dir='ltr'>reverendis-</span> <span class='ocrx_word' id='word_1_484' title='bbox 1861 2268 1901 2308; x_wconf 44' lang='lat' dir='ltr'>{23³5x</span> <span class='ocrx_word' id='word_1_485' title='bbox 1918 2295 1941 2309; x_wconf 54' lang='grc' dir='ltr'>Ἠ</span> <span class='ocrx_word' id='word_1_486' title='bbox 1955 2249 2043 2309; x_wconf 46' lang='grc' dir='ltr'>ἓῑῑυιὶῖἱί</span> 
     </span>
     <span class='ocr_line' id='line_1_93' title="bbox 1117 2294 2043 2362; baseline -0.004 -17"><span class='ocrx_word' id='word_1_487' title='bbox 1117 2313 1272 2345; x_wconf 87' lang='lat' dir='ltr'>simorum</span> <span class='ocrx_word' id='word_1_488' title='bbox 1299 2317 1423 2355; x_wconf 86' lang='lat' dir='ltr'>patrum</span> <span class='ocrx_word' id='word_1_489' title='bbox 1452 2313 1546 2343; x_wconf 77' lang='lat' dir='ltr'>ctiam</span> <span class='ocrx_word' id='word_1_490' title='bbox 1572 2321 1629 2353; x_wconf 89' lang='lat' dir='ltr'>pro</span> <span class='ocrx_word' id='word_1_491' title='bbox 1654 2311 1766 2343; x_wconf 75' lang='lat' dir='ltr'>eadem</span> <span class='ocrx_word' id='word_1_492' title='bbox 1792 2320 1849 2342; x_wconf 88' lang='lat' dir='ltr'>no-</span> <span class='ocrx_word' id='word_1_493' title='bbox 1860 2294 2043 2362; x_wconf 44' lang='grc' dir='ltr'>ἒῇνοὲἷὲῑηθῖῑνίσξξ</span> 
     </span>
     <span class='ocr_line' id='line_1_94' title="bbox 1117 2363 2044 2421; baseline -0.004 -23"><span class='ocrx_word' id='word_1_494' title='bbox 1117 2369 1182 2398; x_wconf 80' lang='lat' dir='ltr'>stra</span> <span class='ocrx_word' id='word_1_495' title='bbox 1203 2365 1366 2408; x_wconf 78' lang='lat' dir='ltr'>provincia</span> <span class='ocrx_word' id='word_1_496' title='bbox 1385 2364 1528 2403; x_wconf 48' lang='lat' dir='ltr'>(filititensi</span> <span class='ocrx_word' id='word_1_497' title='bbox 1551 2368 1722 2403; x_wconf 84' lang='lat' dir='ltr'>emanatas,</span> <span class='ocrx_word' id='word_1_498' title='bbox 1743 2363 1849 2396; x_wconf 82' lang='lat' dir='ltr'>decla·</span> <span class='ocrx_word' id='word_1_499' title='bbox 1861 2368 2044 2421; x_wconf 49' lang='lat' dir='ltr'>railssgyffigfgrffl</span> 
     </span>
     <span class='ocr_line' id='line_1_95' title="bbox 1118 2415 1947 2460; baseline -0.005 -9"><span class='ocrx_word' id='word_1_500' title='bbox 1118 2429 1224 2451; x_wconf 76' lang='lat' dir='ltr'>ramus</span> <span class='ocrx_word' id='word_1_501' title='bbox 1254 2424 1414 2451; x_wconf 86' lang='lat' dir='ltr'>rectorem</span> <span class='ocrx_word' id='word_1_502' title='bbox 1445 2417 1677 2460; x_wconf 83' lang='lat' dir='ltr'>provincialem</span> <span class='ocrx_word' id='word_1_503' title='bbox 1707 2415 1947 2458; x_wconf 77' lang='lat' dir='ltr'>legitimemssium·</span> 
     </span>
     <span class='ocr_line' id='line_1_96' title="bbox 1120 2468 1852 2512; baseline -0.004 -8"><span class='ocrx_word' id='word_1_504' title='bbox 1120 2473 1258 2505; x_wconf 83' lang='lat' dir='ltr'>electum</span> <span class='ocrx_word' id='word_1_505' title='bbox 1283 2482 1338 2504; x_wconf 85' lang='lat' dir='ltr'>seu</span> <span class='ocrx_word' id='word_1_506' title='bbox 1365 2471 1568 2509; x_wconf 86' lang='lat' dir='ltr'>institutum,</span> <span class='ocrx_word' id='word_1_507' title='bbox 1596 2469 1650 2512; x_wconf 87' lang='lat' dir='ltr'>qui</span> <span class='ocrx_word' id='word_1_508' title='bbox 1681 2479 1751 2502; x_wconf 88' lang='lat' dir='ltr'>cnm</span> <span class='ocrx_word' id='word_1_509' title='bbox 1777 2468 1852 2502; x_wconf 70' lang='lat' dir='ltr'>elle-</span> 
     </span>
     <span class='ocr_line' id='line_1_97' title="bbox 1120 2523 1852 2567; baseline -0.005 -10"><span class='ocrx_word' id='word_1_510' title='bbox 1120 2531 1169 2557; x_wconf 87' lang='lat' dir='ltr'>ctu</span> <span class='ocrx_word' id='word_1_511' title='bbox 1196 2524 1396 2567; x_wconf 79' lang='lat' dir='ltr'>provinciam</span> <span class='ocrx_word' id='word_1_512' title='bbox 1414 2534 1474 2566; x_wconf 83' lang='lat' dir='ltr'>per</span> <span class='ocrx_word' id='word_1_513' title='bbox 1494 2523 1625 2565; x_wconf 87' lang='lat' dir='ltr'>aliquod</span> <span class='ocrx_word' id='word_1_514' title='bbox 1652 2527 1777 2565; x_wconf 88' lang='lat' dir='ltr'>tempus</span> <span class='ocrx_word' id='word_1_515' title='bbox 1795 2532 1852 2564; x_wconf 84' lang='lat' dir='ltr'>gu-</span> 
     </span>
     <span class='ocr_line' id='line_1_98' title="bbox 1121 2574 1851 2618; baseline -0.003 -9"><span class='ocrx_word' id='word_1_516' title='bbox 1121 2575 1314 2618; x_wconf 80' lang='lat' dir='ltr'>bernaverit,</span> <span class='ocrx_word' id='word_1_517' title='bbox 1340 2582 1371 2610; x_wconf 88' lang='lat' dir='ltr'>et</span> <span class='ocrx_word' id='word_1_518' title='bbox 1395 2578 1499 2609; x_wconf 86' lang='lat' dir='ltr'>locum</span> <span class='ocrx_word' id='word_1_519' title='bbox 1526 2580 1555 2607; x_wconf 90' lang='lat' dir='ltr'>et</span> <span class='ocrx_word' id='word_1_520' title='bbox 1580 2584 1689 2608; x_wconf 81' lang='lat' dir='ltr'>vocem</span> <span class='ocrx_word' id='word_1_521' title='bbox 1715 2574 1851 2608; x_wconf 87' lang='lat' dir='ltr'>activam</span> 
     </span>
    </p>
   </div>
  </div>
 </body>
</html>
