<?xml version="1.0" encoding="UTF-8"?>
<!DOCTYPE html PUBLIC "-//W3C//DTD XHTML 1.0 Transitional//EN"
    "http://www.w3.org/TR/xhtml1/DTD/xhtml1-transitional.dtd">
<html xmlns="http://www.w3.org/1999/xhtml" xml:lang="en" lang="en">
 <head>
  <title>
</title>
<meta http-equiv="Content-Type" content="text/html;charset=utf-8" />
  <meta name='ocr-system' content='tesseract 3.04.00' />
  <meta name='ocr-capabilities' content='ocr_page ocr_carea ocr_par ocr_line ocrx_word'/>
</head>
<body>
  <div class='ocr_page' id='page_1' title='image "./bullarumdiplomat19cath_0855.png"; bbox 0 0 2111 3157; ppageno 0'>
   <div class='ocr_carea' id='block_1_1' title="bbox 226 190 1932 711">
    <p class='ocr_par' dir='ltr' id='par_1_1' title="bbox 819 190 1932 225">
     <span class='ocr_line' id='line_1_1' title="bbox 819 190 1932 225; baseline 0.001 -1"><span class='ocrx_word' id='word_1_1' title='bbox 819 199 1031 224; x_wconf 61' lang='lat' dir='ltr'>ixuocnarws</span> <span class='ocrx_word' id='word_1_2' title='bbox 1053 200 1083 223; x_wconf 75' lang='lat' dir='ltr'>xi</span> <span class='ocrx_word' id='word_1_3' title='bbox 1109 199 1155 222; x_wconf 76' lang='lat' dir='ltr'>pr.</span> <span class='ocrx_word' id='word_1_4' title='bbox 1638 190 1701 222; x_wconf 65' lang='lat' dir='ltr'>sta</span> <span class='ocrx_word' id='word_1_5' title='bbox 1748 200 1796 225; x_wconf 78' lang='grc' dir='ltr'>Λη.</span> <span class='ocrx_word' id='word_1_6' title='bbox 1813 199 1841 225; x_wconf 78' lang='lat' dir='ltr'>c.</span> <span class='ocrx_word' id='word_1_7' title='bbox 1864 199 1932 225; x_wconf 72' lang='grc'>1688</span> 
     </span>
    </p>

    <p class='ocr_par' dir='ltr' id='par_1_2' title="bbox 232 246 1744 393">
     <span class='ocr_line' id='line_1_2' title="bbox 234 246 1741 287; baseline 0 -8"><span class='ocrx_word' id='word_1_8' title='bbox 234 246 364 287; x_wconf 76' lang='lat' dir='ltr'>danius,</span> <span class='ocrx_word' id='word_1_9' title='bbox 398 247 459 280; x_wconf 87' lang='lat' dir='ltr'>nisi</span> <span class='ocrx_word' id='word_1_10' title='bbox 495 249 670 281; x_wconf 79' lang='lat' dir='ltr'>necessitas</span> <span class='ocrx_word' id='word_1_11' title='bbox 705 252 758 281; x_wconf 87' lang='lat' dir='ltr'>aut</span> <span class='ocrx_word' id='word_1_12' title='bbox 782 249 968 282; x_wconf 76' lang='lat' dir='ltr'>scandalunt</span> <span class='ocrx_word' id='word_1_13' title='bbox 988 247 990 261; x_wconf 66' lang='lat'>¹</span> <span class='ocrx_word' id='word_1_14' title='bbox 1010 252 1041 279; x_wconf 73' lang='lat' dir='ltr'>et</span> <span class='ocrx_word' id='word_1_15' title='bbox 1066 248 1104 280; x_wconf 89' lang='lat' dir='ltr'>de</span> <span class='ocrx_word' id='word_1_16' title='bbox 1131 247 1280 280; x_wconf 87' lang='lat' dir='ltr'>tarditate</span> <span class='ocrx_word' id='word_1_17' title='bbox 1305 247 1455 280; x_wconf 83' lang='lat' dir='ltr'>veniendi</span> <span class='ocrx_word' id='word_1_18' title='bbox 1486 247 1523 279; x_wconf 90' lang='lat' dir='ltr'>ad</span> <span class='ocrx_word' id='word_1_19' title='bbox 1557 248 1741 280; x_wconf 82' lang='lat' dir='ltr'>ecclesiam.</span> 
     </span>
     <span class='ocr_line' id='line_1_3' title="bbox 232 288 1744 342; baseline 0.001 -11"><span class='ocrx_word' id='word_1_20' title='bbox 232 299 319 332; x_wconf 86' lang='lat' dir='ltr'>aliud</span> <span class='ocrx_word' id='word_1_21' title='bbox 345 300 462 342; x_wconf 83' lang='lat' dir='ltr'>exigat,</span> <span class='ocrx_word' id='word_1_22' title='bbox 488 306 522 333; x_wconf 92' lang='lat' dir='ltr'>ut</span> <span class='ocrx_word' id='word_1_23' title='bbox 547 301 578 333; x_wconf 92' lang='lat' dir='ltr'>in</span> <span class='ocrx_word' id='word_1_24' title='bbox 605 301 657 334; x_wconf 89' lang='lat' dir='ltr'>tali</span> <span class='ocrx_word' id='word_1_25' title='bbox 683 311 757 333; x_wconf 83' lang='lat' dir='ltr'>casu</span> <span class='ocrx_word' id='word_1_26' title='bbox 783 312 799 333; x_wconf 88' lang='lat' dir='ltr'>a</span> <span class='ocrx_word' id='word_1_27' title='bbox 824 301 968 342; x_wconf 78' lang='lat' dir='ltr'>celebra·</span> <span class='ocrx_word' id='word_1_28' title='bbox 987 288 989 308; x_wconf 31' lang='grc' dir='ltr'><em>Ἀ</em></span> <span class='ocrx_word' id='word_1_29' title='bbox 1011 300 1286 334; x_wconf 85' lang='lat' dir='ltr'>Hebdomadarius</span> <span class='ocrx_word' id='word_1_30' title='bbox 1313 307 1420 333; x_wconf 86' lang='lat' dir='ltr'>autem</span> <span class='ocrx_word' id='word_1_31' title='bbox 1446 301 1609 340; x_wconf 68' lang='lat' dir='ltr'>sacerdos,</span> <span class='ocrx_word' id='word_1_32' title='bbox 1638 301 1744 333; x_wconf 76' lang='lat' dir='ltr'>diaeo-</span> 
     </span>
     <span class='ocr_line' id='line_1_4' title="bbox 233 344 1744 393; baseline 0.003 -10"><span class='ocrx_word' id='word_1_33' title='bbox 233 351 320 385; x_wconf 91' lang='lat' dir='ltr'>tione</span> <span class='ocrx_word' id='word_1_34' title='bbox 346 358 377 385; x_wconf 91' lang='lat' dir='ltr'>et</span> <span class='ocrx_word' id='word_1_35' title='bbox 401 353 628 386; x_wconf 83' lang='lat' dir='ltr'>communione</span> <span class='ocrx_word' id='word_1_36' title='bbox 654 354 825 386; x_wconf 84' lang='lat' dir='ltr'>abstineat.</span> <span class='ocrx_word' id='word_1_37' title='bbox 987 344 1088 393; x_wconf 74' lang='lat' dir='ltr'>nus,</span> <span class='ocrx_word' id='word_1_38' title='bbox 1115 360 1229 387; x_wconf 84' lang='lat' dir='ltr'>cantor</span> <span class='ocrx_word' id='word_1_39' title='bbox 1254 360 1286 386; x_wconf 81' lang='lat' dir='ltr'>et</span> <span class='ocrx_word' id='word_1_40' title='bbox 1314 355 1416 387; x_wconf 81' lang='lat' dir='ltr'>lector</span> <span class='ocrx_word' id='word_1_41' title='bbox 1448 355 1628 390; x_wconf 67' lang='lat' dir='ltr'>refectorii,</span> <span class='ocrx_word' id='word_1_42' title='bbox 1655 354 1744 387; x_wconf 80' lang='lat' dir='ltr'>finita</span> 
     </span>
    </p>

    <p class='ocr_par' dir='ltr' id='par_1_3' title="bbox 230 404 1744 502">
     <span class='ocr_line' id='line_1_5' title="bbox 275 406 1744 450; baseline 0.002 -13"><span class='ocrx_word' id='word_1_43' title='bbox 275 415 297 438; x_wconf 81' lang='grc' dir='ltr'>ι.</span> <span class='ocrx_word' id='word_1_44' title='bbox 324 406 484 439; x_wconf 79' lang='lat' dir='ltr'>intrantes</span> <span class='ocrx_word' id='word_1_45' title='bbox 515 412 546 439; x_wconf 90' lang='lat' dir='ltr'>et</span> <span class='ocrx_word' id='word_1_46' title='bbox 570 412 724 440; x_wconf 79' lang='lat' dir='ltr'>exeuntes</span> <span class='ocrx_word' id='word_1_47' title='bbox 750 408 788 441; x_wconf 90' lang='lat' dir='ltr'>de</span> <span class='ocrx_word' id='word_1_48' title='bbox 815 404 987 450; x_wconf 83' lang='lat' dir='ltr'>capitulo,</span> <span class='ocrx_word' id='word_1_49' title='bbox 1009 407 1222 447; x_wconf 78' lang='lat' dir='ltr'>hebdomada,</span> <span class='ocrx_word' id='word_1_50' title='bbox 1248 407 1408 439; x_wconf 80' lang='lat' dir='ltr'>dominica</span> <span class='ocrx_word' id='word_1_51' title='bbox 1433 408 1576 450; x_wconf 72' lang='lat' dir='ltr'>sequenti</span> <span class='ocrx_word' id='word_1_52' title='bbox 1603 408 1634 440; x_wconf 88' lang='lat' dir='ltr'>in</span> <span class='ocrx_word' id='word_1_53' title='bbox 1657 408 1744 450; x_wconf 85' lang='lat' dir='ltr'>capi-</span> 
     </span>
     <span class='ocr_line' id='line_1_6' title="bbox 230 457 1743 502; baseline 0.002 -13"><span class='ocrx_word' id='word_1_54' title='bbox 230 457 268 490; x_wconf 81' lang='lat' dir='ltr'>ad</span> <span class='ocrx_word' id='word_1_55' title='bbox 282 468 420 493; x_wconf 85' lang='lat' dir='ltr'>crucem.</span> <span class='ocrx_word' id='word_1_56' title='bbox 436 460 563 491; x_wconf 84' lang='lat' dir='ltr'>nudatis</span> <span class='ocrx_word' id='word_1_57' title='bbox 578 459 962 502; x_wconf 84' lang='lat' dir='ltr'>capitibus‚inclinarnus,</span> <span class='ocrx_word' id='word_1_58' title='bbox 985 462 987 487; x_wconf 67' lang='lat' dir='ltr'>l</span> <span class='ocrx_word' id='word_1_59' title='bbox 1008 460 1074 491; x_wconf 91' lang='lat' dir='ltr'>tulo</span> <span class='ocrx_word' id='word_1_60' title='bbox 1107 459 1220 491; x_wconf 88' lang='lat' dir='ltr'>dicunt.</span> <span class='ocrx_word' id='word_1_61' title='bbox 1255 461 1367 502; x_wconf 87' lang='lat' dir='ltr'>culpas</span> <span class='ocrx_word' id='word_1_62' title='bbox 1400 471 1471 492; x_wconf 85' lang='lat' dir='ltr'>suas</span> <span class='ocrx_word' id='word_1_63' title='bbox 1500 461 1538 492; x_wconf 91' lang='lat' dir='ltr'>de</span> <span class='ocrx_word' id='word_1_64' title='bbox 1564 460 1743 493; x_wconf 78' lang='lat' dir='ltr'>defectibus</span> 
     </span>
    </p>

    <p class='ocr_par' dir='ltr' id='par_1_4' title="bbox 226 510 1743 711">
     <span class='ocr_line' id='line_1_7' title="bbox 273 510 1742 554; baseline 0.001 -12"><span class='ocrx_word' id='word_1_65' title='bbox 273 520 307 543; x_wconf 86' lang='lat' dir='ltr'>u.</span> <span class='ocrx_word' id='word_1_66' title='bbox 344 511 457 544; x_wconf 79' lang='lat' dir='ltr'>Lector</span> <span class='ocrx_word' id='word_1_67' title='bbox 486 513 619 554; x_wconf 88' lang='lat' dir='ltr'>capituli</span> <span class='ocrx_word' id='word_1_68' title='bbox 656 512 822 554; x_wconf 83' lang='lat' dir='ltr'>egreditur</span> <span class='ocrx_word' id='word_1_69' title='bbox 851 512 965 544; x_wconf 85' lang='lat' dir='ltr'>diebus</span> <span class='ocrx_word' id='word_1_70' title='bbox 1007 510 1098 542; x_wconf 86' lang='lat' dir='ltr'>factis</span> <span class='ocrx_word' id='word_1_71' title='bbox 1122 510 1153 542; x_wconf 88' lang='lat' dir='ltr'>in</span> <span class='ocrx_word' id='word_1_72' title='bbox 1191 511 1315 544; x_wconf 84' lang='lat' dir='ltr'>eisdem</span> <span class='ocrx_word' id='word_1_73' title='bbox 1345 512 1470 544; x_wconf 80' lang='lat' dir='ltr'>officiis.</span> <span class='ocrx_word' id='word_1_74' title='bbox 1497 511 1630 550; x_wconf 83' lang='lat' dir='ltr'>Quando</span> <span class='ocrx_word' id='word_1_75' title='bbox 1665 522 1742 545; x_wconf 82' lang='lat' dir='ltr'>vero</span> 
     </span>
     <span class='ocr_line' id='line_1_8' title="bbox 228 559 1739 605; baseline 0.001 -11"><span class='ocrx_word' id='word_1_76' title='bbox 228 563 399 596; x_wconf 86' lang='lat' dir='ltr'>dominicis</span> <span class='ocrx_word' id='word_1_77' title='bbox 417 574 487 596; x_wconf 90' lang='lat' dir='ltr'>cum</span> <span class='ocrx_word' id='word_1_78' title='bbox 503 565 619 597; x_wconf 89' lang='lat' dir='ltr'>dicitur</span> <span class='ocrx_word' id='word_1_79' title='bbox 635 574 848 603; x_wconf 87' lang='lat' dir='ltr'>versus‚unus</span> <span class='ocrx_word' id='word_1_80' title='bbox 866 565 965 597; x_wconf 87' lang='lat' dir='ltr'>omni·</span> <span class='ocrx_word' id='word_1_81' title='bbox 985 559 986 562; x_wconf 34' lang='lat'>¹</span> <span class='ocrx_word' id='word_1_82' title='bbox 1006 572 1065 604; x_wconf 84' lang='lat' dir='ltr'>pro</span> <span class='ocrx_word' id='word_1_83' title='bbox 1108 563 1170 595; x_wconf 88' lang='lat' dir='ltr'>alio</span> <span class='ocrx_word' id='word_1_84' title='bbox 1209 564 1287 604; x_wconf 77' lang='lat' dir='ltr'>legit</span> <span class='ocrx_word' id='word_1_85' title='bbox 1321 563 1438 605; x_wconf 84' lang='lat' dir='ltr'>aliquis</span> <span class='ocrx_word' id='word_1_86' title='bbox 1478 565 1511 596; x_wconf 89' lang='lat' dir='ltr'>in</span> <span class='ocrx_word' id='word_1_87' title='bbox 1546 565 1739 604; x_wconf 83' lang='lat' dir='ltr'>refectorio,</span> 
     </span>
     <span class='ocr_line' id='line_1_9' title="bbox 226 615 1742 660; baseline 0.003 -15"><span class='ocrx_word' id='word_1_88' title='bbox 226 625 282 648; x_wconf 89' lang='lat' dir='ltr'>no.</span> <span class='ocrx_word' id='word_1_89' title='bbox 309 615 342 647; x_wconf 88' lang='lat' dir='ltr'>ln</span> <span class='ocrx_word' id='word_1_90' title='bbox 369 616 455 648; x_wconf 78' lang='lat' dir='ltr'>sestis</span> <span class='ocrx_word' id='word_1_91' title='bbox 480 627 579 659; x_wconf 81' lang='lat' dir='ltr'>super</span> <span class='ocrx_word' id='word_1_92' title='bbox 603 617 851 655; x_wconf 78' lang='lat' dir='ltr'>hebdomadam,</span> <span class='ocrx_word' id='word_1_93' title='bbox 878 618 963 650; x_wconf 77' lang='lat' dir='ltr'>dicto</span> <span class='ocrx_word' id='word_1_94' title='bbox 1005 625 1068 646; x_wconf 87' lang='lat' dir='ltr'>non</span> <span class='ocrx_word' id='word_1_95' title='bbox 1095 616 1259 647; x_wconf 77' lang='lat' dir='ltr'>tenebitur</span> <span class='ocrx_word' id='word_1_96' title='bbox 1291 616 1397 649; x_wconf 83' lang='lat' dir='ltr'>dicere</span> <span class='ocrx_word' id='word_1_97' title='bbox 1432 619 1558 660; x_wconf 79' lang='lat' dir='ltr'>culpam</span> <span class='ocrx_word' id='word_1_98' title='bbox 1595 628 1684 650; x_wconf 71' lang='lat' dir='ltr'>suam</span> <span class='ocrx_word' id='word_1_99' title='bbox 1710 618 1742 650; x_wconf 90' lang='lat' dir='ltr'>in</span> 
     </span>
     <span class='ocr_line' id='line_1_10' title="bbox 228 667 1743 711; baseline 0.005 -15"><span class='ocrx_word' id='word_1_100' title='bbox 228 667 393 709; x_wconf 76' lang='lat' dir='ltr'>Confiteor,</span> <span class='ocrx_word' id='word_1_101' title='bbox 419 669 520 711; x_wconf 82' lang='lat' dir='ltr'>ipsius</span> <span class='ocrx_word' id='word_1_102' title='bbox 542 674 591 701; x_wconf 75' lang='lat' dir='ltr'>est</span> <span class='ocrx_word' id='word_1_103' title='bbox 610 669 698 711; x_wconf 80' lang='lat' dir='ltr'>prius</span> <span class='ocrx_word' id='word_1_104' title='bbox 715 669 865 702; x_wconf 76' lang='lat' dir='ltr'>claudere</span> <span class='ocrx_word' id='word_1_105' title='bbox 884 671 963 702; x_wconf 70' lang='lat' dir='ltr'>ostia</span> <span class='ocrx_word' id='word_1_106' title='bbox 983 672 985 702; x_wconf 72' lang='lat' dir='ltr'>J</span> <span class='ocrx_word' id='word_1_107' title='bbox 1005 667 1147 708; x_wconf 72' lang='lat' dir='ltr'>capitulo</span> <span class='ocrx_word' id='word_1_108' title='bbox 1172 668 1210 699; x_wconf 83' lang='lat' dir='ltr'>dc</span> <span class='ocrx_word' id='word_1_109' title='bbox 1236 669 1356 700; x_wconf 69' lang='lat' dir='ltr'>tectura</span> <span class='ocrx_word' id='word_1_110' title='bbox 1375 670 1550 707; x_wconf 76' lang='lat' dir='ltr'>refectorii,</span> <span class='ocrx_word' id='word_1_111' title='bbox 1568 681 1627 702; x_wconf 70' lang='lat' dir='ltr'>noc</span> <span class='ocrx_word' id='word_1_112' title='bbox 1642 672 1743 703; x_wconf 78' lang='lat' dir='ltr'>lector</span> 
     </span>
    </p>
   </div>
   <div class='ocr_carea' id='block_1_2' title="bbox 45 198 233 226">
    <p class='ocr_par' dir='ltr' id='par_1_5' title="bbox 45 198 233 226">
     <span class='ocr_line' id='line_1_11' title="bbox 45 198 233 226; baseline -0.011 0"><span class='ocrx_word' id='word_1_113' title='bbox 45 201 96 226; x_wconf 80' lang='grc' dir='ltr'>Αη.</span> <span class='ocrx_word' id='word_1_114' title='bbox 114 199 141 225; x_wconf 90' lang='lat' dir='ltr'>C.</span> <span class='ocrx_word' id='word_1_115' title='bbox 167 198 233 225; x_wconf 59' lang='lat' dir='ltr'>tras</span> 
     </span>
    </p>
   </div>
   <div class='ocr_carea' id='block_1_3' title="bbox 59 416 202 474">
    <p class='ocr_par' dir='ltr' id='par_1_6' title="bbox 59 416 202 474">
     <span class='ocr_line' id='line_1_12' title="bbox 66 416 200 437; baseline -0.007 0"><span class='ocrx_word' id='word_1_116' title='bbox 66 416 133 437; x_wconf 61' lang='lat' dir='ltr'>cim</span> <span class='ocrx_word' id='word_1_117' title='bbox 150 416 200 436; x_wconf 77' lang='lat' dir='ltr'>vul.</span> 
     </span>
     <span class='ocr_line' id='line_1_13' title="bbox 59 444 202 474; baseline -0.007 -10"><span class='ocrx_word' id='word_1_118' title='bbox 59 444 89 464; x_wconf 73' lang='lat' dir='ltr'>De</span> <span class='ocrx_word' id='word_1_119' title='bbox 104 446 202 474; x_wconf 61' lang='lat' dir='ltr'>capixu&#39;o.</span> 
     </span>
    </p>
   </div>
   <div class='ocr_carea' id='block_1_4' title="bbox 219 721 963 1502">
    <p class='ocr_par' dir='ltr' id='par_1_7' title="bbox 222 721 963 1132">
     <span class='ocr_line' id='line_1_14' title="bbox 226 721 963 764; baseline 0.003 -12"><span class='ocrx_word' id='word_1_120' title='bbox 226 731 308 763; x_wconf 84' lang='lat' dir='ltr'>quae</span> <span class='ocrx_word' id='word_1_121' title='bbox 335 726 408 753; x_wconf 88' lang='lat' dir='ltr'>sunt</span> <span class='ocrx_word' id='word_1_122' title='bbox 425 721 606 754; x_wconf 85' lang='lat' dir='ltr'>claudenda</span> <span class='ocrx_word' id='word_1_123' title='bbox 626 732 685 764; x_wconf 86' lang='lat' dir='ltr'>pro</span> <span class='ocrx_word' id='word_1_124' title='bbox 702 721 871 754; x_wconf 85' lang='lat' dir='ltr'>domorum</span> <span class='ocrx_word' id='word_1_125' title='bbox 891 733 963 755; x_wconf 86' lang='lat' dir='ltr'>con-</span> 
     </span>
     <span class='ocr_line' id='line_1_15' title="bbox 225 774 959 818; baseline 0.005 -14"><span class='ocrx_word' id='word_1_126' title='bbox 225 774 412 814; x_wconf 80' lang='lat' dir='ltr'>suetudine,</span> <span class='ocrx_word' id='word_1_127' title='bbox 449 781 563 817; x_wconf 84' lang='lat' dir='ltr'>postea</span> <span class='ocrx_word' id='word_1_128' title='bbox 598 774 715 807; x_wconf 87' lang='lat' dir='ltr'>librum</span> <span class='ocrx_word' id='word_1_129' title='bbox 750 786 959 818; x_wconf 88' lang='lat' dir='ltr'>praeparare.</span> 
     </span>
     <span class='ocr_line' id='line_1_16' title="bbox 223 825 959 867; baseline 0.005 -10"><span class='ocrx_word' id='word_1_130' title='bbox 223 825 379 864; x_wconf 81' lang='lat' dir='ltr'>Quamdiu</span> <span class='ocrx_word' id='word_1_131' title='bbox 406 832 453 859; x_wconf 88' lang='lat' dir='ltr'>est</span> <span class='ocrx_word' id='word_1_132' title='bbox 477 828 515 860; x_wconf 90' lang='lat' dir='ltr'>ad</span> <span class='ocrx_word' id='word_1_133' title='bbox 541 827 724 867; x_wconf 77' lang='lat' dir='ltr'>lectorIum,</span> <span class='ocrx_word' id='word_1_134' title='bbox 749 828 792 860; x_wconf 87' lang='lat' dir='ltr'>ibi</span> <span class='ocrx_word' id='word_1_135' title='bbox 817 839 881 861; x_wconf 91' lang='lat' dir='ltr'>non</span> <span class='ocrx_word' id='word_1_136' title='bbox 908 829 959 861; x_wconf 90' lang='lat' dir='ltr'>in-</span> 
     </span>
     <span class='ocr_line' id='line_1_17' title="bbox 223 879 962 914; baseline 0.005 -3"><span class='ocrx_word' id='word_1_137' title='bbox 223 879 321 912; x_wconf 87' lang='lat' dir='ltr'>clinat</span> <span class='ocrx_word' id='word_1_138' title='bbox 345 880 420 912; x_wconf 92' lang='lat' dir='ltr'>dum</span> <span class='ocrx_word' id='word_1_139' title='bbox 445 880 562 912; x_wconf 89' lang='lat' dir='ltr'>dicitur</span> <span class='ocrx_word' id='word_1_140' title='bbox 583 880 696 913; x_wconf 80' lang='lat' dir='ltr'>Gloria</span> <span class='ocrx_word' id='word_1_141' title='bbox 717 881 816 914; x_wconf 73' lang='lat' dir='ltr'>Patri</span> <span class='ocrx_word' id='word_1_142' title='bbox 829 883 878 914; x_wconf 88' lang='lat' dir='ltr'>vel</span> <span class='ocrx_word' id='word_1_143' title='bbox 898 883 962 914; x_wconf 82' lang='lat' dir='ltr'>Pa-</span> 
     </span>
     <span class='ocr_line' id='line_1_18' title="bbox 225 933 960 974; baseline 0.003 -10"><span class='ocrx_word' id='word_1_144' title='bbox 225 935 271 964; x_wconf 77' lang='lat' dir='ltr'>ter</span> <span class='ocrx_word' id='word_1_145' title='bbox 293 937 408 972; x_wconf 75' lang='lat' dir='ltr'>noster,</span> <span class='ocrx_word' id='word_1_146' title='bbox 434 933 510 966; x_wconf 88' lang='lat' dir='ltr'>licet</span> <span class='ocrx_word' id='word_1_147' title='bbox 528 938 603 965; x_wconf 91' lang='lat' dir='ltr'>tunc</span> <span class='ocrx_word' id='word_1_148' title='bbox 620 939 799 968; x_wconf 86' lang='lat' dir='ltr'>conventus</span> <span class='ocrx_word' id='word_1_149' title='bbox 816 934 960 974; x_wconf 79' lang='lat' dir='ltr'>inclinet,</span> 
     </span>
     <span class='ocr_line' id='line_1_19' title="bbox 222 985 961 1028; baseline 0.001 -10"><span class='ocrx_word' id='word_1_150' title='bbox 222 996 283 1018; x_wconf 85' lang='lat' dir='ltr'>nec</span> <span class='ocrx_word' id='word_1_151' title='bbox 308 996 365 1028; x_wconf 90' lang='lat' dir='ltr'>pro</span> <span class='ocrx_word' id='word_1_152' title='bbox 391 985 570 1019; x_wconf 78' lang='lat' dir='ltr'>defectibus</span> <span class='ocrx_word' id='word_1_153' title='bbox 587 986 707 1019; x_wconf 90' lang='lat' dir='ltr'>ibidem</span> <span class='ocrx_word' id='word_1_154' title='bbox 728 987 817 1019; x_wconf 81' lang='lat' dir='ltr'>factis</span> <span class='ocrx_word' id='word_1_155' title='bbox 837 988 961 1020; x_wconf 82' lang='lat' dir='ltr'>veniam</span> 
     </span>
     <span class='ocr_line' id='line_1_20' title="bbox 222 1038 961 1082; baseline 0.004 -12"><span class='ocrx_word' id='word_1_156' title='bbox 222 1038 320 1081; x_wconf 82' lang='lat' dir='ltr'>capit,</span> <span class='ocrx_word' id='word_1_157' title='bbox 347 1038 407 1070; x_wconf 90' lang='lat' dir='ltr'>nisi</span> <span class='ocrx_word' id='word_1_158' title='bbox 433 1044 601 1081; x_wconf 82' lang='lat' dir='ltr'>postquam</span> <span class='ocrx_word' id='word_1_159' title='bbox 628 1039 737 1071; x_wconf 87' lang='lat' dir='ltr'>omnia</span> <span class='ocrx_word' id='word_1_160' title='bbox 761 1040 899 1082; x_wconf 81' lang='lat' dir='ltr'>legenda</span> <span class='ocrx_word' id='word_1_161' title='bbox 917 1041 961 1073; x_wconf 90' lang='lat' dir='ltr'>le-</span> 
     </span>
     <span class='ocr_line' id='line_1_21' title="bbox 222 1090 618 1132; baseline 0.003 -10"><span class='ocrx_word' id='word_1_162' title='bbox 222 1090 268 1132; x_wconf 82' lang='lat' dir='ltr'>git</span> <span class='ocrx_word' id='word_1_163' title='bbox 293 1095 325 1123; x_wconf 86' lang='lat' dir='ltr'>et</span> <span class='ocrx_word' id='word_1_164' title='bbox 348 1091 466 1123; x_wconf 90' lang='lat' dir='ltr'>librum</span> <span class='ocrx_word' id='word_1_165' title='bbox 492 1091 618 1123; x_wconf 89' lang='lat' dir='ltr'>clausit.</span> 
     </span>
    </p>

    <p class='ocr_par' dir='ltr' id='par_1_8' title="bbox 219 1143 961 1502">
     <span class='ocr_line' id='line_1_22' title="bbox 266 1143 961 1187; baseline 0.003 -12"><span class='ocrx_word' id='word_1_166' title='bbox 266 1153 313 1176; x_wconf 85' lang='lat' dir='ltr'>iu.</span> <span class='ocrx_word' id='word_1_167' title='bbox 340 1143 432 1176; x_wconf 88' lang='lat' dir='ltr'>Omni</span> <span class='ocrx_word' id='word_1_168' title='bbox 455 1149 600 1186; x_wconf 86' lang='lat' dir='ltr'>tempore</span> <span class='ocrx_word' id='word_1_169' title='bbox 619 1149 693 1187; x_wconf 89' lang='lat' dir='ltr'>post</span> <span class='ocrx_word' id='word_1_170' title='bbox 710 1145 892 1183; x_wconf 84' lang='lat' dir='ltr'>lectionem,</span> <span class='ocrx_word' id='word_1_171' title='bbox 911 1155 961 1177; x_wconf 90' lang='lat' dir='ltr'>re-</span> 
     </span>
     <span class='ocr_line' id='line_1_23' title="bbox 221 1197 958 1238; baseline 0.001 -10"><span class='ocrx_word' id='word_1_172' title='bbox 221 1206 334 1238; x_wconf 81' lang='lat' dir='ltr'>gresso</span> <span class='ocrx_word' id='word_1_173' title='bbox 366 1197 488 1229; x_wconf 86' lang='lat' dir='ltr'>lectore</span> <span class='ocrx_word' id='word_1_174' title='bbox 514 1197 552 1229; x_wconf 91' lang='lat' dir='ltr'>ad</span> <span class='ocrx_word' id='word_1_175' title='bbox 578 1197 689 1229; x_wconf 80' lang='lat' dir='ltr'>sedem</span> <span class='ocrx_word' id='word_1_176' title='bbox 715 1207 823 1236; x_wconf 83' lang='lat' dir='ltr'>suam,</span> <span class='ocrx_word' id='word_1_177' title='bbox 851 1198 958 1229; x_wconf 90' lang='lat' dir='ltr'>statim</span> 
     </span>
     <span class='ocr_line' id='line_1_24' title="bbox 220 1248 959 1293; baseline 0.003 -13"><span class='ocrx_word' id='word_1_178' title='bbox 220 1249 310 1291; x_wconf 90' lang='lat' dir='ltr'>prior</span> <span class='ocrx_word' id='word_1_179' title='bbox 334 1248 518 1281; x_wconf 74' lang='lat' dir='ltr'>Benedicite</span> <span class='ocrx_word' id='word_1_180' title='bbox 543 1249 640 1289; x_wconf 83' lang='lat' dir='ltr'>dicit,</span> <span class='ocrx_word' id='word_1_181' title='bbox 668 1255 699 1282; x_wconf 91' lang='lat' dir='ltr'>et</span> <span class='ocrx_word' id='word_1_182' title='bbox 723 1260 796 1289; x_wconf 77' lang='lat' dir='ltr'>nos,</span> <span class='ocrx_word' id='word_1_183' title='bbox 825 1260 959 1293; x_wconf 87' lang='lat' dir='ltr'>respon-</span> 
     </span>
     <span class='ocr_line' id='line_1_25' title="bbox 221 1302 959 1346; baseline 0.003 -13"><span class='ocrx_word' id='word_1_184' title='bbox 221 1302 334 1334; x_wconf 83' lang='lat' dir='ltr'>dentes</span> <span class='ocrx_word' id='word_1_185' title='bbox 358 1302 529 1346; x_wconf 67' lang='lat' dir='ltr'>Domz&#39;mm‚</span> <span class='ocrx_word' id='word_1_186' title='bbox 556 1303 791 1345; x_wconf 80' lang='lat' dir='ltr'>aliquantulum</span> <span class='ocrx_word' id='word_1_187' title='bbox 823 1303 959 1335; x_wconf 84' lang='lat' dir='ltr'>inclina-</span> 
     </span>
     <span class='ocr_line' id='line_1_26' title="bbox 219 1354 958 1397; baseline 0.001 -11"><span class='ocrx_word' id='word_1_188' title='bbox 219 1364 350 1392; x_wconf 84' lang='lat' dir='ltr'>namus,</span> <span class='ocrx_word' id='word_1_189' title='bbox 376 1360 409 1386; x_wconf 89' lang='lat' dir='ltr'>et</span> <span class='ocrx_word' id='word_1_190' title='bbox 432 1354 465 1386; x_wconf 90' lang='lat' dir='ltr'>in</span> <span class='ocrx_word' id='word_1_191' title='bbox 490 1354 585 1387; x_wconf 85' lang='lat' dir='ltr'>certis</span> <span class='ocrx_word' id='word_1_192' title='bbox 616 1355 745 1397; x_wconf 85' lang='lat' dir='ltr'>quidem</span> <span class='ocrx_word' id='word_1_193' title='bbox 771 1356 958 1388; x_wconf 84' lang='lat' dir='ltr'>solemnita-</span> 
     </span>
     <span class='ocr_line' id='line_1_27' title="bbox 219 1406 958 1450; baseline 0.003 -12"><span class='ocrx_word' id='word_1_194' title='bbox 219 1406 305 1439; x_wconf 87' lang='lat' dir='ltr'>tibus</span> <span class='ocrx_word' id='word_1_195' title='bbox 330 1407 363 1439; x_wconf 80' lang='lat' dir='ltr'>fit</span> <span class='ocrx_word' id='word_1_196' title='bbox 380 1417 496 1448; x_wconf 87' lang='lat' dir='ltr'>sermo,</span> <span class='ocrx_word' id='word_1_197' title='bbox 522 1413 619 1450; x_wconf 86' lang='lat' dir='ltr'>prout</span> <span class='ocrx_word' id='word_1_198' title='bbox 634 1413 765 1440; x_wconf 87' lang='lat' dir='ltr'>notatur</span> <span class='ocrx_word' id='word_1_199' title='bbox 790 1408 820 1439; x_wconf 93' lang='lat' dir='ltr'>in</span> <span class='ocrx_word' id='word_1_200' title='bbox 847 1409 958 1440; x_wconf 82' lang='lat' dir='ltr'>kalen-</span> 
     </span>
     <span class='ocr_line' id='line_1_28' title="bbox 220 1459 957 1502; baseline 0.003 -11"><span class='ocrx_word' id='word_1_201' title='bbox 220 1459 324 1492; x_wconf 87' lang='lat' dir='ltr'>dario.</span> <span class='ocrx_word' id='word_1_202' title='bbox 343 1459 466 1492; x_wconf 89' lang='lat' dir='ltr'>Ceteris</span> <span class='ocrx_word' id='word_1_203' title='bbox 488 1463 591 1492; x_wconf 84' lang='lat' dir='ltr'>autern</span> <span class='ocrx_word' id='word_1_204' title='bbox 613 1459 702 1492; x_wconf 84' lang='lat' dir='ltr'>festis</span> <span class='ocrx_word' id='word_1_205' title='bbox 724 1470 805 1502; x_wconf 88' lang='lat' dir='ltr'>quae</span> <span class='ocrx_word' id='word_1_206' title='bbox 821 1461 957 1493; x_wconf 88' lang='lat' dir='ltr'>dicenda</span> 
     </span>
    </p>
   </div>
   <div class='ocr_carea' id='block_1_5' title="bbox 220 1512 979 1564">
    <p class='ocr_par' dir='ltr' id='par_1_9' title="bbox 220 1512 979 1564">
     <span class='ocr_line' id='line_1_29' title="bbox 220 1512 979 1564; baseline 0.003 -20"><span class='ocrx_word' id='word_1_207' title='bbox 220 1517 297 1544; x_wconf 86' lang='lat' dir='ltr'>sunt</span> <span class='ocrx_word' id='word_1_208' title='bbox 319 1522 378 1555; x_wconf 89' lang='lat' dir='ltr'>pro</span> <span class='ocrx_word' id='word_1_209' title='bbox 406 1512 643 1545; x_wconf 88' lang='lat' dir='ltr'>consuetudine</span> <span class='ocrx_word' id='word_1_210' title='bbox 675 1513 843 1546; x_wconf 90' lang='lat' dir='ltr'>domorum</span> <span class='ocrx_word' id='word_1_211' title='bbox 868 1514 979 1564; x_wconf 44' lang='lat' dir='ltr'>prior¹</span> 
     </span>
    </p>
   </div>
   <div class='ocr_carea' id='block_1_6' title="bbox 220 1565 958 1608">
    <p class='ocr_par' dir='ltr' id='par_1_10' title="bbox 220 1565 958 1608">
     <span class='ocr_line' id='line_1_30' title="bbox 220 1565 958 1608; baseline 0.003 -11"><span class='ocrx_word' id='word_1_212' title='bbox 220 1565 306 1604; x_wconf 87' lang='lat' dir='ltr'>dicit,</span> <span class='ocrx_word' id='word_1_213' title='bbox 333 1570 364 1597; x_wconf 89' lang='lat' dir='ltr'>et</span> <span class='ocrx_word' id='word_1_214' title='bbox 387 1570 557 1608; x_wconf 79' lang='lat' dir='ltr'>antequam</span> <span class='ocrx_word' id='word_1_215' title='bbox 592 1565 706 1608; x_wconf 78' lang='lat' dir='ltr'>incipit</span> <span class='ocrx_word' id='word_1_216' title='bbox 729 1567 885 1608; x_wconf 84' lang='lat' dir='ltr'>psalmum</span> <span class='ocrx_word' id='word_1_217' title='bbox 912 1568 958 1599; x_wconf 74' lang='lat' dir='ltr'>De.</span> 
     </span>
    </p>
   </div>
   <div class='ocr_carea' id='block_1_7' title="bbox 219 1616 979 1661">
    <p class='ocr_par' dir='ltr' id='par_1_11' title="bbox 219 1616 979 1661">
     <span class='ocr_line' id='line_1_31' title="bbox 219 1616 979 1661; baseline 0.005 -13"><span class='ocrx_word' id='word_1_218' title='bbox 219 1616 402 1661; x_wconf 78' lang='lat' dir='ltr'>profundis,</span> <span class='ocrx_word' id='word_1_219' title='bbox 424 1617 478 1660; x_wconf 77' lang='lat' dir='ltr'>qui</span> <span class='ocrx_word' id='word_1_220' title='bbox 495 1617 533 1649; x_wconf 91' lang='lat' dir='ltr'>de</span> <span class='ocrx_word' id='word_1_221' title='bbox 550 1622 668 1650; x_wconf 84' lang='lat' dir='ltr'>statuto</span> <span class='ocrx_word' id='word_1_222' title='bbox 689 1624 828 1660; x_wconf 77' lang='lat' dir='ltr'>possunt</span> <span class='ocrx_word' id='word_1_223' title='bbox 846 1625 957 1661; x_wconf 86' lang='lat' dir='ltr'>petere</span> <span class='ocrx_word' id='word_1_224' title='bbox 978 1629 979 1638; x_wconf 64' lang='lat'>¹</span> 
     </span>
    </p>
   </div>
   <div class='ocr_carea' id='block_1_8' title="bbox 220 1670 958 1713">
    <p class='ocr_par' dir='ltr' id='par_1_12' title="bbox 220 1670 958 1713">
     <span class='ocr_line' id='line_1_32' title="bbox 220 1670 958 1713; baseline 0.003 -11"><span class='ocrx_word' id='word_1_225' title='bbox 220 1670 304 1703; x_wconf 88' lang='lat' dir='ltr'>orari</span> <span class='ocrx_word' id='word_1_226' title='bbox 330 1680 390 1713; x_wconf 91' lang='lat' dir='ltr'>pro</span> <span class='ocrx_word' id='word_1_227' title='bbox 414 1680 448 1703; x_wconf 88' lang='lat' dir='ltr'>se</span> <span class='ocrx_word' id='word_1_228' title='bbox 474 1671 523 1703; x_wconf 90' lang='lat' dir='ltr'>vel</span> <span class='ocrx_word' id='word_1_229' title='bbox 541 1670 621 1710; x_wconf 84' lang='lat' dir='ltr'>suis,</span> <span class='ocrx_word' id='word_1_230' title='bbox 640 1675 753 1713; x_wconf 88' lang='lat' dir='ltr'>petant</span> <span class='ocrx_word' id='word_1_231' title='bbox 770 1671 958 1705; x_wconf 85' lang='lat' dir='ltr'>misericor-</span> 
     </span>
    </p>
   </div>
   <div class='ocr_carea' id='block_1_9' title="bbox 220 1723 978 1772">
    <p class='ocr_par' dir='ltr' id='par_1_13' title="bbox 220 1723 978 1772">
     <span class='ocr_line' id='line_1_33' title="bbox 220 1723 978 1772; baseline 0.001 -16"><span class='ocrx_word' id='word_1_232' title='bbox 220 1723 326 1763; x_wconf 88' lang='lat' dir='ltr'>diam;</span> <span class='ocrx_word' id='word_1_233' title='bbox 345 1733 405 1766; x_wconf 92' lang='lat' dir='ltr'>pro</span> <span class='ocrx_word' id='word_1_234' title='bbox 423 1723 549 1766; x_wconf 86' lang='lat' dir='ltr'>quibus,</span> <span class='ocrx_word' id='word_1_235' title='bbox 567 1729 599 1756; x_wconf 90' lang='lat' dir='ltr'>et</span> <span class='ocrx_word' id='word_1_236' title='bbox 618 1734 677 1766; x_wconf 90' lang='lat' dir='ltr'>pro</span> <span class='ocrx_word' id='word_1_237' title='bbox 694 1725 957 1758; x_wconf 76' lang='lat' dir='ltr'>benefactoribus</span> <span class='ocrx_word' id='word_1_238' title='bbox 977 1734 978 1772; x_wconf 58' lang='lat' dir='ltr'><strong>j</strong></span> 
     </span>
    </p>
   </div>
   <div class='ocr_carea' id='block_1_10' title="bbox 218 1777 957 2237">
    <p class='ocr_par' dir='ltr' id='par_1_14' title="bbox 219 1777 957 1872">
     <span class='ocr_line' id='line_1_34' title="bbox 221 1777 957 1821; baseline 0.001 -11"><span class='ocrx_word' id='word_1_239' title='bbox 221 1781 254 1810; x_wconf 87' lang='lat' dir='ltr'>et</span> <span class='ocrx_word' id='word_1_240' title='bbox 271 1777 557 1817; x_wconf 62' lang='lat' dir='ltr'>recommandaffls,</span> <span class='ocrx_word' id='word_1_241' title='bbox 572 1778 716 1820; x_wconf 86' lang='lat' dir='ltr'>psalmus</span> <span class='ocrx_word' id='word_1_242' title='bbox 730 1778 774 1810; x_wconf 80' lang='lat' dir='ltr'>De</span> <span class='ocrx_word' id='word_1_243' title='bbox 785 1779 957 1821; x_wconf 78' lang='lat' dir='ltr'>profundis</span> 
     </span>
     <span class='ocr_line' id='line_1_35' title="bbox 219 1829 437 1872; baseline 0 -9"><span class='ocrx_word' id='word_1_244' title='bbox 219 1829 437 1872; x_wconf 86' lang='lat' dir='ltr'>subiungitur.</span> 
     </span>
    </p>

    <p class='ocr_par' dir='ltr' id='par_1_15' title="bbox 218 1881 957 2237">
     <span class='ocr_line' id='line_1_36' title="bbox 264 1881 953 1923; baseline 0 -7"><span class='ocrx_word' id='word_1_245' title='bbox 264 1892 308 1916; x_wconf 82' lang='lat' dir='ltr'>w.</span> <span class='ocrx_word' id='word_1_246' title='bbox 334 1881 401 1920; x_wconf 90' lang='lat' dir='ltr'>Quo</span> <span class='ocrx_word' id='word_1_247' title='bbox 426 1892 496 1914; x_wconf 88' lang='lat' dir='ltr'>cum</span> <span class='ocrx_word' id='word_1_248' title='bbox 521 1882 588 1914; x_wconf 91' lang='lat' dir='ltr'>suis</span> <span class='ocrx_word' id='word_1_249' title='bbox 619 1883 820 1915; x_wconf 75' lang='lat' dir='ltr'>orationibus</span> <span class='ocrx_word' id='word_1_250' title='bbox 845 1883 953 1923; x_wconf 82' lang='lat' dir='ltr'>finito,</span> 
     </span>
     <span class='ocr_line' id='line_1_37' title="bbox 221 1934 957 1974; baseline 0.003 -7"><span class='ocrx_word' id='word_1_251' title='bbox 221 1934 476 1974; x_wconf 83' lang='lat' dir='ltr'>exeuntnovitii,</span> <span class='ocrx_word' id='word_1_252' title='bbox 494 1939 526 1967; x_wconf 91' lang='lat' dir='ltr'>et</span> <span class='ocrx_word' id='word_1_253' title='bbox 543 1935 713 1967; x_wconf 88' lang='lat' dir='ltr'>dominicis</span> <span class='ocrx_word' id='word_1_254' title='bbox 733 1935 848 1968; x_wconf 88' lang='lat' dir='ltr'>diebus</span> <span class='ocrx_word' id='word_1_255' title='bbox 866 1938 957 1969; x_wconf 91' lang='lat' dir='ltr'>dum-</span> 
     </span>
     <span class='ocr_line' id='line_1_38' title="bbox 220 1987 957 2031; baseline 0.001 -12"><span class='ocrx_word' id='word_1_256' title='bbox 220 1993 305 2030; x_wconf 77' lang='lat' dir='ltr'>taxat</span> <span class='ocrx_word' id='word_1_257' title='bbox 327 1987 478 2020; x_wconf 86' lang='lat' dir='ltr'>monachi</span> <span class='ocrx_word' id='word_1_258' title='bbox 505 1997 617 2019; x_wconf 87' lang='lat' dir='ltr'>omnes</span> <span class='ocrx_word' id='word_1_259' title='bbox 642 1988 756 2020; x_wconf 88' lang='lat' dir='ltr'>ordine</span> <span class='ocrx_word' id='word_1_260' title='bbox 787 1988 957 2031; x_wconf 88' lang='lat' dir='ltr'>antiquita—</span> 
     </span>
     <span class='ocr_line' id='line_1_39' title="bbox 219 2040 954 2083; baseline 0 -10"><span class='ocrx_word' id='word_1_261' title='bbox 219 2040 259 2074; x_wconf 87' lang='lat' dir='ltr'>tis</span> <span class='ocrx_word' id='word_1_262' title='bbox 282 2040 413 2083; x_wconf 85' lang='lat' dir='ltr'>publiee</span> <span class='ocrx_word' id='word_1_263' title='bbox 438 2046 678 2081; x_wconf 83' lang='lat' dir='ltr'>recognoscunt</span> <span class='ocrx_word' id='word_1_264' title='bbox 694 2041 806 2083; x_wconf 82' lang='lat' dir='ltr'>culpas</span> <span class='ocrx_word' id='word_1_265' title='bbox 825 2043 954 2083; x_wconf 30' lang='lat' dir='ltr'>suas-t‘)</span> 
     </span>
     <span class='ocr_line' id='line_1_40' title="bbox 220 2091 956 2131; baseline -0.001 -4"><span class='ocrx_word' id='word_1_266' title='bbox 220 2094 260 2127; x_wconf 82' lang='lat' dir='ltr'>de</span> <span class='ocrx_word' id='word_1_267' title='bbox 286 2092 467 2126; x_wconf 85' lang='lat' dir='ltr'>defectibus</span> <span class='ocrx_word' id='word_1_268' title='bbox 494 2092 525 2123; x_wconf 91' lang='lat' dir='ltr'>in</span> <span class='ocrx_word' id='word_1_269' title='bbox 550 2091 659 2124; x_wconf 93' lang='lat' dir='ltr'>divino</span> <span class='ocrx_word' id='word_1_270' title='bbox 685 2092 802 2131; x_wconf 81' lang='lat' dir='ltr'>officio,</span> <span class='ocrx_word' id='word_1_271' title='bbox 831 2093 870 2125; x_wconf 85' lang='lat' dir='ltr'>de</span> <span class='ocrx_word' id='word_1_272' title='bbox 895 2100 956 2126; x_wconf 84' lang='lat' dir='ltr'>sta-</span> 
     </span>
     <span class='ocr_line' id='line_1_41' title="bbox 219 2144 954 2184; baseline 0.001 -6"><span class='ocrx_word' id='word_1_273' title='bbox 219 2145 295 2178; x_wconf 86' lang='lat' dir='ltr'>tutis</span> <span class='ocrx_word' id='word_1_274' title='bbox 319 2150 351 2178; x_wconf 91' lang='lat' dir='ltr'>et</span> <span class='ocrx_word' id='word_1_275' title='bbox 375 2144 591 2177; x_wconf 87' lang='lat' dir='ltr'>caeremoniis</span> <span class='ocrx_word' id='word_1_276' title='bbox 613 2146 695 2178; x_wconf 87' lang='lat' dir='ltr'>male</span> <span class='ocrx_word' id='word_1_277' title='bbox 713 2145 899 2184; x_wconf 84' lang='lat' dir='ltr'>observatis,</span> <span class='ocrx_word' id='word_1_278' title='bbox 916 2146 954 2179; x_wconf 92' lang='lat' dir='ltr'>de</span> 
     </span>
     <span class='ocr_line' id='line_1_42' title="bbox 218 2197 954 2237; baseline -0.001 -7"><span class='ocrx_word' id='word_1_279' title='bbox 218 2197 376 2231; x_wconf 84' lang='lat' dir='ltr'>fractione</span> <span class='ocrx_word' id='word_1_280' title='bbox 402 2197 534 2237; x_wconf 84' lang='lat' dir='ltr'>silentii,</span> <span class='ocrx_word' id='word_1_281' title='bbox 561 2197 600 2229; x_wconf 89' lang='lat' dir='ltr'>de</span> <span class='ocrx_word' id='word_1_282' title='bbox 625 2197 772 2229; x_wconf 79' lang='lat' dir='ltr'>absentia</span> <span class='ocrx_word' id='word_1_283' title='bbox 796 2208 814 2230; x_wconf 84' lang='lat' dir='ltr'>a</span> <span class='ocrx_word' id='word_1_284' title='bbox 838 2197 954 2230; x_wconf 88' lang='lat' dir='ltr'>divinis</span> 
     </span>
    </p>
   </div>
   <div class='ocr_carea' id='block_1_11' title="bbox 217 2311 954 2615">
    <p class='ocr_par' dir='ltr' id='par_1_16' title="bbox 217 2311 954 2615">
     <span class='ocr_line' id='line_1_43' title="bbox 254 2311 954 2346; baseline 0 -6"><span class='ocrx_word' id='word_1_285' title='bbox 254 2314 282 2345; x_wconf 78' lang='lat'>‘)</span> <span class='ocrx_word' id='word_1_286' title='bbox 303 2312 454 2340; x_wconf 79' lang='lat' dir='ltr'>Ordinatio</span> <span class='ocrx_word' id='word_1_287' title='bbox 482 2311 556 2338; x_wconf 80' lang='lat' dir='ltr'>anni</span> <span class='ocrx_word' id='word_1_288' title='bbox 583 2318 724 2340; x_wconf 76' lang='lat' dir='ltr'>MDCLxxlx.</span> <span class='ocrx_word' id='word_1_289' title='bbox 752 2321 763 2337; x_wconf 84' lang='lat'><strong>«</strong></span> <span class='ocrx_word' id='word_1_290' title='bbox 794 2312 954 2346; x_wconf 82' lang='lat' dir='ltr'>Recognitio</span> 
     </span>
     <span class='ocr_line' id='line_1_44' title="bbox 218 2356 954 2394; baseline -0.001 -9"><span class='ocrx_word' id='word_1_291' title='bbox 218 2358 358 2394; x_wconf 87' lang='lat' dir='ltr'>culparum</span> <span class='ocrx_word' id='word_1_292' title='bbox 372 2357 467 2383; x_wconf 85' lang='lat' dir='ltr'>diebus</span> <span class='ocrx_word' id='word_1_293' title='bbox 478 2356 618 2383; x_wconf 84' lang='lat' dir='ltr'>dominicis</span> <span class='ocrx_word' id='word_1_294' title='bbox 628 2365 764 2392; x_wconf 86' lang='lat' dir='ltr'>nunquam</span> <span class='ocrx_word' id='word_1_295' title='bbox 774 2358 954 2384; x_wconf 83' lang='lat' dir='ltr'>committatur</span> 
     </span>
     <span class='ocr_line' id='line_1_45' title="bbox 217 2400 953 2442; baseline 0 -14"><span class='ocrx_word' id='word_1_296' title='bbox 217 2401 419 2442; x_wconf 74' lang='lat' dir='ltr'>(omittatur‘I)</span> <span class='ocrx_word' id='word_1_297' title='bbox 441 2401 467 2426; x_wconf 90' lang='lat' dir='ltr'>in</span> <span class='ocrx_word' id='word_1_298' title='bbox 487 2400 608 2426; x_wconf 72' lang='lat' dir='ltr'>absentia</span> <span class='ocrx_word' id='word_1_299' title='bbox 627 2400 734 2435; x_wconf 83' lang='lat' dir='ltr'>prioris,</span> <span class='ocrx_word' id='word_1_300' title='bbox 750 2401 867 2428; x_wconf 76' lang='lat' dir='ltr'>vicarius</span> <span class='ocrx_word' id='word_1_301' title='bbox 882 2403 953 2428; x_wconf 86' lang='lat' dir='ltr'>enim</span> 
     </span>
     <span class='ocr_line' id='line_1_46' title="bbox 219 2444 954 2480; baseline 0.001 -9"><span class='ocrx_word' id='word_1_302' title='bbox 219 2450 265 2471; x_wconf 85' lang='lat' dir='ltr'>aut</span> <span class='ocrx_word' id='word_1_303' title='bbox 279 2445 414 2480; x_wconf 83' lang='lat' dir='ltr'>antiquior</span> <span class='ocrx_word' id='word_1_304' title='bbox 431 2444 530 2471; x_wconf 84' lang='lat' dir='ltr'>debent</span> <span class='ocrx_word' id='word_1_305' title='bbox 544 2444 708 2479; x_wconf 85' lang='lat' dir='ltr'>respondere</span> <span class='ocrx_word' id='word_1_306' title='bbox 729 2445 821 2480; x_wconf 82' lang='lat' dir='ltr'>culpas</span> <span class='ocrx_word' id='word_1_307' title='bbox 835 2453 898 2472; x_wconf 82' lang='lat' dir='ltr'>suas</span> <span class='ocrx_word' id='word_1_308' title='bbox 914 2455 954 2472; x_wconf 88' lang='lat' dir='ltr'>re-</span> 
     </span>
     <span class='ocr_line' id='line_1_47' title="bbox 219 2488 953 2523; baseline 0.003 -9"><span class='ocrx_word' id='word_1_309' title='bbox 219 2489 443 2523; x_wconf 81' lang='lat' dir='ltr'>cognoscentibus</span> <span class='ocrx_word' id='word_1_310' title='bbox 471 2488 544 2515; x_wconf 80' lang='lat' dir='ltr'>iuxta</span> <span class='ocrx_word' id='word_1_311' title='bbox 575 2496 602 2514; x_wconf 93' lang='lat' dir='ltr'>n.</span> <span class='ocrx_word' id='word_1_312' title='bbox 621 2495 667 2521; x_wconf 83' lang='lat' dir='ltr'>vl,</span> <span class='ocrx_word' id='word_1_313' title='bbox 684 2497 743 2523; x_wconf 87' lang='lat' dir='ltr'>cap.</span> <span class='ocrx_word' id='word_1_314' title='bbox 764 2496 780 2515; x_wconf 92' lang='lat' dir='ltr'>v</span> <span class='ocrx_word' id='word_1_315' title='bbox 793 2510 799 2521; x_wconf 91' lang='lat'><em>,</em></span> <span class='ocrx_word' id='word_1_316' title='bbox 819 2490 953 2517; x_wconf 84' lang='lat' dir='ltr'>secundae</span> 
     </span>
     <span class='ocr_line' id='line_1_48' title="bbox 219 2532 954 2568; baseline -0.001 -8"><span class='ocrx_word' id='word_1_317' title='bbox 219 2533 304 2568; x_wconf 82' lang='lat' dir='ltr'>partis</span> <span class='ocrx_word' id='word_1_318' title='bbox 332 2536 490 2560; x_wconf 86' lang='lat' dir='ltr'>statutorum</span> <span class='ocrx_word' id='word_1_319' title='bbox 509 2554 515 2565; x_wconf 83' lang='lat'>,</span> <span class='ocrx_word' id='word_1_320' title='bbox 545 2532 776 2568; x_wconf 78' lang='lat' dir='ltr'>poenitentiasque</span> <span class='ocrx_word' id='word_1_321' title='bbox 804 2541 820 2560; x_wconf 91' lang='lat' dir='ltr'>a</span> <span class='ocrx_word' id='word_1_322' title='bbox 848 2535 954 2561; x_wconf 84' lang='lat' dir='ltr'>statutis</span> 
     </span>
     <span class='ocr_line' id='line_1_49' title="bbox 219 2577 602 2615; baseline 0.003 -11"><span class='ocrx_word' id='word_1_323' title='bbox 219 2578 401 2615; x_wconf 81' lang='lat' dir='ltr'>praescriptas</span> <span class='ocrx_word' id='word_1_324' title='bbox 420 2577 561 2614; x_wconf 86' lang='lat' dir='ltr'>imponere</span> <span class='ocrx_word' id='word_1_325' title='bbox 577 2586 602 2605; x_wconf 78' lang='grc' dir='ltr'>ι.</span> 
     </span>
    </p>
   </div>
   <div class='ocr_carea' id='block_1_12' title="bbox 975 720 1752 2614">
    <p class='ocr_par' dir='ltr' id='par_1_17' title="bbox 980 720 1744 1184">
     <span class='ocr_line' id='line_1_50' title="bbox 983 720 1739 764; baseline 0.007 -13"><span class='ocrx_word' id='word_1_326' title='bbox 983 739 984 762; x_wconf 56' lang='lat'>3</span> <span class='ocrx_word' id='word_1_327' title='bbox 1006 720 1289 759; x_wconf 46' lang='lat' dir='ltr'>hebdomadarius</span> <span class='ocrx_word' id='word_1_328' title='bbox 1317 722 1378 753; x_wconf 71' lang='lat' dir='ltr'>uisi</span> <span class='ocrx_word' id='word_1_329' title='bbox 1405 723 1520 764; x_wconf 65' lang='lat' dir='ltr'>legerit</span> <span class='ocrx_word' id='word_1_330' title='bbox 1544 725 1658 756; x_wconf 81' lang='lat' dir='ltr'>saltem</span> <span class='ocrx_word' id='word_1_331' title='bbox 1685 735 1739 757; x_wconf 84' lang='lat' dir='ltr'>se-</span> 
     </span>
     <span class='ocr_line' id='line_1_51' title="bbox 982 773 1743 815; baseline 0.008 -12"><span class='ocrx_word' id='word_1_332' title='bbox 982 773 1087 805; x_wconf 50' lang='lat' dir='ltr'>¹niel:</span> <span class='ocrx_word' id='word_1_333' title='bbox 1118 783 1357 815; x_wconf 76' lang='lat' dir='ltr'>recognoscere</span> <span class='ocrx_word' id='word_1_334' title='bbox 1393 775 1487 807; x_wconf 84' lang='lat' dir='ltr'>etiam</span> <span class='ocrx_word' id='word_1_335' title='bbox 1522 781 1650 808; x_wconf 75' lang='lat' dir='ltr'>tenetur</span> <span class='ocrx_word' id='word_1_336' title='bbox 1675 778 1743 809; x_wconf 91' lang='lat' dir='ltr'>eul-</span> 
     </span>
     <span class='ocr_line' id='line_1_52' title="bbox 1004 826 1743 870; baseline 0.007 -14"><span class='ocrx_word' id='word_1_337' title='bbox 1004 835 1076 867; x_wconf 89' lang='lat' dir='ltr'>pam</span> <span class='ocrx_word' id='word_1_338' title='bbox 1101 836 1191 858; x_wconf 84' lang='lat' dir='ltr'>suam</span> <span class='ocrx_word' id='word_1_339' title='bbox 1220 826 1252 857; x_wconf 88' lang='lat' dir='ltr'>in</span> <span class='ocrx_word' id='word_1_340' title='bbox 1289 827 1440 868; x_wconf 77' lang='lat' dir='ltr'>capitulo,</span> <span class='ocrx_word' id='word_1_341' title='bbox 1469 828 1522 870; x_wconf 86' lang='lat' dir='ltr'>qui</span> <span class='ocrx_word' id='word_1_342' title='bbox 1549 835 1743 861; x_wconf 84' lang='lat' dir='ltr'>conventum</span> 
     </span>
     <span class='ocr_line' id='line_1_53' title="bbox 1004 879 1744 922; baseline 0.007 -13"><span class='ocrx_word' id='word_1_343' title='bbox 1004 888 1112 910; x_wconf 89' lang='lat' dir='ltr'>errare</span> <span class='ocrx_word' id='word_1_344' title='bbox 1128 879 1248 917; x_wconf 85' lang='lat' dir='ltr'>fecerit,</span> <span class='ocrx_word' id='word_1_345' title='bbox 1265 884 1317 911; x_wconf 90' lang='lat' dir='ltr'>aut</span> <span class='ocrx_word' id='word_1_346' title='bbox 1334 880 1386 922; x_wconf 81' lang='lat' dir='ltr'>qui</span> <span class='ocrx_word' id='word_1_347' title='bbox 1405 886 1567 912; x_wconf 75' lang='lat' dir='ltr'>correctus</span> <span class='ocrx_word' id='word_1_348' title='bbox 1581 882 1620 913; x_wconf 85' lang='lat' dir='ltr'>ab</span> <span class='ocrx_word' id='word_1_349' title='bbox 1636 892 1744 914; x_wconf 83' lang='lat' dir='ltr'>emen-</span> 
     </span>
     <span class='ocr_line' id='line_1_54' title="bbox 981 925 1742 977; baseline 0.005 -15"><span class='ocrx_word' id='word_1_350' title='bbox 981 925 983 930; x_wconf 66' lang='grc'>’</span> <span class='ocrx_word' id='word_1_351' title='bbox 1004 931 1114 963; x_wconf 85' lang='lat' dir='ltr'>datore</span> <span class='ocrx_word' id='word_1_352' title='bbox 1133 942 1278 964; x_wconf 82' lang='lat' dir='ltr'>errorem</span> <span class='ocrx_word' id='word_1_353' title='bbox 1297 942 1388 964; x_wconf 85' lang='lat' dir='ltr'>suum</span> <span class='ocrx_word' id='word_1_354' title='bbox 1410 933 1603 972; x_wconf 75' lang='lat' dir='ltr'>defenderit,</span> <span class='ocrx_word' id='word_1_355' title='bbox 1620 935 1669 966; x_wconf 78' lang='lat' dir='ltr'>vel</span> <span class='ocrx_word' id='word_1_356' title='bbox 1689 935 1742 977; x_wconf 82' lang='lat' dir='ltr'>qui</span> 
     </span>
     <span class='ocr_line' id='line_1_55' title="bbox 1004 983 1742 1026; baseline 0.004 -12"><span class='ocrx_word' id='word_1_357' title='bbox 1004 983 1224 1016; x_wconf 86' lang='lat' dir='ltr'>confusionem</span> <span class='ocrx_word' id='word_1_358' title='bbox 1250 984 1389 1026; x_wconf 78' lang='lat' dir='ltr'>aliquam</span> <span class='ocrx_word' id='word_1_359' title='bbox 1415 984 1445 1015; x_wconf 90' lang='lat' dir='ltr'>in</span> <span class='ocrx_word' id='word_1_360' title='bbox 1472 985 1572 1017; x_wconf 81' lang='lat' dir='ltr'>choro</span> <span class='ocrx_word' id='word_1_361' title='bbox 1598 987 1645 1017; x_wconf 81' lang='lat' dir='ltr'>vel</span> <span class='ocrx_word' id='word_1_362' title='bbox 1664 986 1742 1018; x_wconf 85' lang='lat' dir='ltr'>alibi</span> 
     </span>
     <span class='ocr_line' id='line_1_56' title="bbox 1004 1035 1744 1079; baseline 0.004 -12"><span class='ocrx_word' id='word_1_363' title='bbox 1004 1035 1034 1067; x_wconf 89' lang='lat' dir='ltr'>in</span> <span class='ocrx_word' id='word_1_364' title='bbox 1061 1042 1221 1068; x_wconf 81' lang='lat' dir='ltr'>conventu</span> <span class='ocrx_word' id='word_1_365' title='bbox 1247 1036 1370 1075; x_wconf 79' lang='lat' dir='ltr'>fecerit,</span> <span class='ocrx_word' id='word_1_366' title='bbox 1395 1037 1443 1069; x_wconf 71' lang='lat' dir='ltr'>vel</span> <span class='ocrx_word' id='word_1_367' title='bbox 1469 1037 1521 1079; x_wconf 83' lang='lat' dir='ltr'>qui</span> <span class='ocrx_word' id='word_1_368' title='bbox 1546 1042 1662 1069; x_wconf 87' lang='lat' dir='ltr'>tantam</span> <span class='ocrx_word' id='word_1_369' title='bbox 1676 1048 1744 1070; x_wconf 80' lang='lat' dir='ltr'>ino-</span> 
     </span>
     <span class='ocr_line' id='line_1_57' title="bbox 980 1089 1742 1133; baseline 0.004 -14"><span class='ocrx_word' id='word_1_370' title='bbox 980 1092 982 1132; x_wconf 68' lang='lat' dir='ltr'>l</span> <span class='ocrx_word' id='word_1_371' title='bbox 1004 1098 1070 1120; x_wconf 86' lang='lat' dir='ltr'>rani</span> <span class='ocrx_word' id='word_1_372' title='bbox 1096 1089 1208 1120; x_wconf 86' lang='lat' dir='ltr'>fecerit</span> <span class='ocrx_word' id='word_1_373' title='bbox 1229 1089 1379 1121; x_wconf 81' lang='lat' dir='ltr'>veniendi</span> <span class='ocrx_word' id='word_1_374' title='bbox 1398 1089 1437 1121; x_wconf 91' lang='lat' dir='ltr'>ad</span> <span class='ocrx_word' id='word_1_375' title='bbox 1454 1089 1635 1130; x_wconf 82' lang='lat' dir='ltr'>ecclesiam,</span> <span class='ocrx_word' id='word_1_376' title='bbox 1655 1091 1742 1133; x_wconf 90' lang='lat' dir='ltr'>quod</span> 
     </span>
     <span class='ocr_line' id='line_1_58' title="bbox 1002 1141 1575 1184; baseline 0.003 -12"><span class='ocrx_word' id='word_1_377' title='bbox 1002 1142 1041 1173; x_wconf 87' lang='lat' dir='ltr'>ab</span> <span class='ocrx_word' id='word_1_378' title='bbox 1066 1141 1241 1174; x_wconf 78' lang='lat' dir='ltr'>infirmario</span> <span class='ocrx_word' id='word_1_379' title='bbox 1267 1142 1440 1184; x_wconf 75' lang='lat' dir='ltr'>requisitus</span> <span class='ocrx_word' id='word_1_380' title='bbox 1466 1142 1575 1174; x_wconf 78' lang='lat' dir='ltr'>fuerit.</span> 
     </span>
    </p>

    <p class='ocr_par' dir='ltr' id='par_1_18' title="bbox 977 1195 1752 1977">
     <span class='ocr_line' id='line_1_59' title="bbox 1045 1195 1742 1237; baseline 0.001 -10"><span class='ocrx_word' id='word_1_381' title='bbox 1045 1205 1075 1227; x_wconf 88' lang='lat' dir='ltr'>v.</span> <span class='ocrx_word' id='word_1_382' title='bbox 1103 1195 1252 1227; x_wconf 79' lang='lat' dir='ltr'>Dicentes</span> <span class='ocrx_word' id='word_1_383' title='bbox 1278 1200 1382 1227; x_wconf 83' lang='lat' dir='ltr'>autem</span> <span class='ocrx_word' id='word_1_384' title='bbox 1407 1196 1516 1237; x_wconf 81' lang='lat' dir='ltr'>culpas</span> <span class='ocrx_word' id='word_1_385' title='bbox 1540 1196 1665 1228; x_wconf 83' lang='lat' dir='ltr'>suasde</span> <span class='ocrx_word' id='word_1_386' title='bbox 1681 1195 1742 1228; x_wconf 85' lang='lat' dir='ltr'>fra-</span> 
     </span>
     <span class='ocr_line' id='line_1_60' title="bbox 979 1247 1740 1290; baseline 0.001 -10"><span class='ocrx_word' id='word_1_387' title='bbox 979 1266 981 1287; x_wconf 60' lang='lat'><em>3</em></span> <span class='ocrx_word' id='word_1_388' title='bbox 1002 1248 1107 1280; x_wconf 89' lang='lat' dir='ltr'>ctione</span> <span class='ocrx_word' id='word_1_389' title='bbox 1133 1247 1252 1280; x_wconf 80' lang='lat' dir='ltr'>silentii</span> <span class='ocrx_word' id='word_1_390' title='bbox 1271 1248 1391 1279; x_wconf 86' lang='lat' dir='ltr'>debent</span> <span class='ocrx_word' id='word_1_391' title='bbox 1415 1248 1597 1290; x_wconf 77' lang='lat' dir='ltr'>exprimere</span> <span class='ocrx_word' id='word_1_392' title='bbox 1624 1249 1740 1289; x_wconf 85' lang='lat' dir='ltr'>locum,</span> 
     </span>
     <span class='ocr_line' id='line_1_61' title="bbox 979 1290 1741 1350; baseline 0.001 -17"><span class='ocrx_word' id='word_1_393' title='bbox 979 1290 981 1350; x_wconf 47' lang='grc' dir='ltr'><em>ξ</em></span> <span class='ocrx_word' id='word_1_394' title='bbox 1000 1302 1083 1333; x_wconf 76' lang='lat' dir='ltr'>vices</span> <span class='ocrx_word' id='word_1_395' title='bbox 1099 1306 1129 1332; x_wconf 79' lang='lat' dir='ltr'>et</span> <span class='ocrx_word' id='word_1_396' title='bbox 1147 1301 1317 1343; x_wconf 82' lang='lat' dir='ltr'>qualitates</span> <span class='ocrx_word' id='word_1_397' title='bbox 1336 1311 1557 1343; x_wconf 87' lang='lat' dir='ltr'>personarum,</span> <span class='ocrx_word' id='word_1_398' title='bbox 1577 1307 1608 1333; x_wconf 85' lang='lat' dir='ltr'>ct</span> <span class='ocrx_word' id='word_1_399' title='bbox 1627 1307 1741 1334; x_wconf 86' lang='lat' dir='ltr'>tenen-</span> 
     </span>
     <span class='ocr_line' id='line_1_62' title="bbox 978 1354 1740 1396; baseline 0.003 -11"><span class='ocrx_word' id='word_1_400' title='bbox 978 1360 980 1396; x_wconf 46' lang='grc' dir='ltr'>ρ</span> <span class='ocrx_word' id='word_1_401' title='bbox 1003 1360 1052 1386; x_wconf 87' lang='lat' dir='ltr'>tur</span> <span class='ocrx_word' id='word_1_402' title='bbox 1077 1354 1266 1396; x_wconf 75' lang='lat' dir='ltr'>disciplinas</span> <span class='ocrx_word' id='word_1_403' title='bbox 1292 1364 1363 1385; x_wconf 77' lang='lat' dir='ltr'>cuni</span> <span class='ocrx_word' id='word_1_404' title='bbox 1382 1354 1478 1395; x_wconf 78' lang='lat' dir='ltr'>virgis</span> <span class='ocrx_word' id='word_1_405' title='bbox 1499 1364 1514 1385; x_wconf 89' lang='lat' dir='ltr'>a</span> <span class='ocrx_word' id='word_1_406' title='bbox 1533 1354 1740 1396; x_wconf 85' lang='lat' dir='ltr'>praesidente</span> 
     </span>
     <span class='ocr_line' id='line_1_63' title="bbox 978 1400 1743 1449; baseline 0.003 -11"><span class='ocrx_word' id='word_1_407' title='bbox 978 1400 980 1447; x_wconf 55' lang='grc' dir='ltr'><em>ζ</em></span> <span class='ocrx_word' id='word_1_408' title='bbox 1001 1407 1157 1449; x_wconf 82' lang='lat' dir='ltr'>recipcre,</span> <span class='ocrx_word' id='word_1_409' title='bbox 1183 1406 1244 1437; x_wconf 87' lang='lat' dir='ltr'>nisi</span> <span class='ocrx_word' id='word_1_410' title='bbox 1271 1408 1307 1437; x_wconf 76' lang='lat' dir='ltr'>ea</span> <span class='ocrx_word' id='word_1_411' title='bbox 1332 1405 1383 1438; x_wconf 91' lang='lat' dir='ltr'>die</span> <span class='ocrx_word' id='word_1_412' title='bbox 1409 1407 1575 1438; x_wconf 86' lang='lat' dir='ltr'>celebrare</span> <span class='ocrx_word' id='word_1_413' title='bbox 1600 1407 1743 1440; x_wconf 85' lang='lat' dir='ltr'>habeant</span> 
     </span>
     <span class='ocr_line' id='line_1_64' title="bbox 1000 1459 1741 1497; baseline 0.001 -5.971"><span class='ocrx_word' id='word_1_414' title='bbox 1000 1460 1031 1491; x_wconf 91' lang='lat' dir='ltr'>iu</span> <span class='ocrx_word' id='word_1_415' title='bbox 1057 1464 1228 1497; x_wconf 70' lang='lat' dir='ltr'>conventu,</span> <span class='ocrx_word' id='word_1_416' title='bbox 1255 1459 1303 1491; x_wconf 75' lang='lat' dir='ltr'>vel</span> <span class='ocrx_word' id='word_1_417' title='bbox 1331 1459 1391 1490; x_wconf 88' lang='lat' dir='ltr'>nisi</span> <span class='ocrx_word' id='word_1_418' title='bbox 1417 1462 1453 1491; x_wconf 78' lang='lat' dir='ltr'>ea</span> <span class='ocrx_word' id='word_1_419' title='bbox 1474 1459 1524 1491; x_wconf 90' lang='lat' dir='ltr'>die</span> <span class='ocrx_word' id='word_1_420' title='bbox 1543 1459 1583 1491; x_wconf 90' lang='lat' dir='ltr'>sit</span> <span class='ocrx_word' id='word_1_421' title='bbox 1600 1470 1741 1492; x_wconf 89' lang='lat' dir='ltr'>commu-</span> 
     </span>
     <span class='ocr_line' id='line_1_65' title="bbox 977 1502 1742 1554; baseline 0 -10"><span class='ocrx_word' id='word_1_422' title='bbox 977 1502 1054 1544; x_wconf 59' lang='lat' dir='ltr'>‘nio</span> <span class='ocrx_word' id='word_1_423' title='bbox 1081 1512 1251 1554; x_wconf 75' lang='lat' dir='ltr'>generalis,</span> <span class='ocrx_word' id='word_1_424' title='bbox 1278 1512 1325 1543; x_wconf 86' lang='lat' dir='ltr'>vel</span> <span class='ocrx_word' id='word_1_425' title='bbox 1351 1511 1411 1543; x_wconf 88' lang='lat' dir='ltr'>nisi</span> <span class='ocrx_word' id='word_1_426' title='bbox 1448 1522 1483 1543; x_wconf 76' lang='lat' dir='ltr'>ex</span> <span class='ocrx_word' id='word_1_427' title='bbox 1511 1512 1619 1554; x_wconf 81' lang='lat' dir='ltr'>aliqua</span> <span class='ocrx_word' id='word_1_428' title='bbox 1644 1515 1742 1545; x_wconf 72' lang='lat' dir='ltr'>causa</span> 
     </span>
     <span class='ocr_line' id='line_1_66' title="bbox 1000 1564 1739 1607; baseline 0.003 -11"><span class='ocrx_word' id='word_1_429' title='bbox 1000 1564 1185 1597; x_wconf 77' lang='lat' dir='ltr'>rationabili</span> <span class='ocrx_word' id='word_1_430' title='bbox 1222 1564 1412 1606; x_wconf 83' lang='lat' dir='ltr'>praesidens</span> <span class='ocrx_word' id='word_1_431' title='bbox 1456 1565 1661 1607; x_wconf 86' lang='lat' dir='ltr'>disciplinam</span> <span class='ocrx_word' id='word_1_432' title='bbox 1706 1566 1739 1598; x_wconf 92' lang='lat' dir='ltr'>in</span> 
     </span>
     <span class='ocr_line' id='line_1_67' title="bbox 1000 1616 1739 1659; baseline 0.001 -10"><span class='ocrx_word' id='word_1_433' title='bbox 1000 1617 1093 1650; x_wconf 85' lang='lat' dir='ltr'>aliam</span> <span class='ocrx_word' id='word_1_434' title='bbox 1118 1616 1353 1659; x_wconf 83' lang='lat' dir='ltr'>poenitentiam</span> <span class='ocrx_word' id='word_1_435' title='bbox 1371 1623 1557 1656; x_wconf 86' lang='lat' dir='ltr'>commutet,</span> <span class='ocrx_word' id='word_1_436' title='bbox 1576 1623 1607 1650; x_wconf 84' lang='lat' dir='ltr'>et</span> <span class='ocrx_word' id='word_1_437' title='bbox 1625 1629 1739 1650; x_wconf 85' lang='lat' dir='ltr'>omnes</span> 
     </span>
     <span class='ocr_line' id='line_1_68' title="bbox 1000 1670 1740 1713; baseline 0.001 -11"><span class='ocrx_word' id='word_1_438' title='bbox 1000 1670 1126 1713; x_wconf 88' lang='lat' dir='ltr'>priores</span> <span class='ocrx_word' id='word_1_439' title='bbox 1151 1675 1283 1702; x_wconf 82' lang='lat' dir='ltr'>servent</span> <span class='ocrx_word' id='word_1_440' title='bbox 1305 1674 1333 1701; x_wconf 91' lang='lat' dir='ltr'>et</span> <span class='ocrx_word' id='word_1_441' title='bbox 1360 1670 1481 1701; x_wconf 80' lang='lat' dir='ltr'>servari</span> <span class='ocrx_word' id='word_1_442' title='bbox 1508 1670 1625 1702; x_wconf 82' lang='lat' dir='ltr'>faciant</span> <span class='ocrx_word' id='word_1_443' title='bbox 1653 1671 1740 1704; x_wconf 86' lang='lat' dir='ltr'>istud</span> 
     </span>
     <span class='ocr_line' id='line_1_69' title="bbox 999 1722 1752 1764; baseline 0.003 -10"><span class='ocrx_word' id='word_1_444' title='bbox 999 1727 1152 1755; x_wconf 85' lang='lat' dir='ltr'>statutum</span> <span class='ocrx_word' id='word_1_445' title='bbox 1178 1723 1216 1754; x_wconf 87' lang='lat' dir='ltr'>dc</span> <span class='ocrx_word' id='word_1_446' title='bbox 1242 1722 1422 1764; x_wconf 86' lang='lat' dir='ltr'>disciplinis</span> <span class='ocrx_word' id='word_1_447' title='bbox 1448 1733 1507 1764; x_wconf 90' lang='lat' dir='ltr'>pro</span> <span class='ocrx_word' id='word_1_448' title='bbox 1529 1723 1684 1757; x_wconf 88' lang='lat' dir='ltr'>fractione</span> <span class='ocrx_word' id='word_1_449' title='bbox 1701 1725 1752 1756; x_wconf 79' lang='lat' dir='ltr'>si-·</span> 
     </span>
     <span class='ocr_line' id='line_1_70' title="bbox 977 1773 1740 1819; baseline 0.001 -11"><span class='ocrx_word' id='word_1_450' title='bbox 977 1773 978 1785; x_wconf 63' lang='lat'>¹</span> <span class='ocrx_word' id='word_1_451' title='bbox 999 1776 1090 1808; x_wconf 86' lang='lat' dir='ltr'>lentii</span> <span class='ocrx_word' id='word_1_452' title='bbox 1117 1775 1247 1814; x_wconf 85' lang='lat' dir='ltr'>dandis;</span> <span class='ocrx_word' id='word_1_453' title='bbox 1268 1775 1344 1807; x_wconf 71' lang='lat' dir='ltr'>alias</span> <span class='ocrx_word' id='word_1_454' title='bbox 1362 1774 1542 1808; x_wconf 81' lang='lat' dir='ltr'>visitatores</span> <span class='ocrx_word' id='word_1_455' title='bbox 1561 1786 1660 1819; x_wconf 89' lang='lat' dir='ltr'>super</span> <span class='ocrx_word' id='word_1_456' title='bbox 1678 1777 1740 1809; x_wconf 87' lang='lat' dir='ltr'>hoc</span> 
     </span>
     <span class='ocr_line' id='line_1_71' title="bbox 977 1828 1739 1876; baseline 0.003 -15"><span class='ocrx_word' id='word_1_457' title='bbox 977 1829 1199 1876; x_wconf 28' lang='lat' dir='ltr'>iprovideant.</span> <span class='ocrx_word' id='word_1_458' title='bbox 1228 1828 1376 1860; x_wconf 70' lang='lat' dir='ltr'>Dicentes</span> <span class='ocrx_word' id='word_1_459' title='bbox 1402 1829 1498 1861; x_wconf 88' lang='lat' dir='ltr'>etiam</span> <span class='ocrx_word' id='word_1_460' title='bbox 1530 1830 1640 1872; x_wconf 84' lang='lat' dir='ltr'>culpas</span> <span class='ocrx_word' id='word_1_461' title='bbox 1666 1840 1739 1863; x_wconf 85' lang='lat' dir='ltr'>suas</span> 
     </span>
     <span class='ocr_line' id='line_1_72' title="bbox 977 1881 1748 1924; baseline 0.001 -10"><span class='ocrx_word' id='word_1_462' title='bbox 977 1892 978 1902; x_wconf 61' lang='lat'>¹</span> <span class='ocrx_word' id='word_1_463' title='bbox 999 1882 1038 1915; x_wconf 92' lang='lat' dir='ltr'>de</span> <span class='ocrx_word' id='word_1_464' title='bbox 1063 1892 1193 1924; x_wconf 78' lang='lat' dir='ltr'>egressu</span> <span class='ocrx_word' id='word_1_465' title='bbox 1220 1883 1320 1914; x_wconf 84' lang='lat' dir='ltr'>cellae</span> <span class='ocrx_word' id='word_1_466' title='bbox 1334 1881 1530 1921; x_wconf 88' lang='lat' dir='ltr'>inordinato,</span> <span class='ocrx_word' id='word_1_467' title='bbox 1546 1882 1666 1915; x_wconf 88' lang='lat' dir='ltr'>debent</span> <span class='ocrx_word' id='word_1_468' title='bbox 1683 1893 1748 1916; x_wconf 50' lang='lat' dir='ltr'>ex»</span> 
     </span>
     <span class='ocr_line' id='line_1_73' title="bbox 999 1934 1468 1977; baseline 0 -11"><span class='ocrx_word' id='word_1_469' title='bbox 999 1934 1139 1977; x_wconf 79' lang='lat' dir='ltr'>priniere</span> <span class='ocrx_word' id='word_1_470' title='bbox 1166 1939 1292 1977; x_wconf 82' lang='lat' dir='ltr'>tempus</span> <span class='ocrx_word' id='word_1_471' title='bbox 1317 1939 1348 1966; x_wconf 86' lang='lat' dir='ltr'>et</span> <span class='ocrx_word' id='word_1_472' title='bbox 1371 1934 1468 1966; x_wconf 69' lang='lat' dir='ltr'>vices</span> 
     </span>
    </p>

    <p class='ocr_par' dir='ltr' id='par_1_19' title="bbox 975 1987 1738 2346">
     <span class='ocr_line' id='line_1_74' title="bbox 1042 1987 1738 2031; baseline 0.003 -12"><span class='ocrx_word' id='word_1_473' title='bbox 1042 1997 1084 2020; x_wconf 83' lang='lat' dir='ltr'>vi.</span> <span class='ocrx_word' id='word_1_474' title='bbox 1107 1987 1187 2019; x_wconf 88' lang='lat' dir='ltr'>Dum</span> <span class='ocrx_word' id='word_1_475' title='bbox 1206 1988 1320 2029; x_wconf 86' lang='lat' dir='ltr'>culpae</span> <span class='ocrx_word' id='word_1_476' title='bbox 1338 1992 1629 2028; x_wconf 80' lang='lat' dir='ltr'>recognoscuntur,</span> <span class='ocrx_word' id='word_1_477' title='bbox 1649 1989 1738 2031; x_wconf 88' lang='lat' dir='ltr'>capi-</span> 
     </span>
     <span class='ocr_line' id='line_1_75' title="bbox 977 2039 1733 2075; baseline 0.005 -4"><span class='ocrx_word' id='word_1_478' title='bbox 977 2040 1098 2072; x_wconf 66' lang='lat' dir='ltr'>=tulum</span> <span class='ocrx_word' id='word_1_479' title='bbox 1132 2040 1241 2072; x_wconf 90' lang='lat' dir='ltr'>nullus</span> <span class='ocrx_word' id='word_1_480' title='bbox 1275 2039 1398 2071; x_wconf 87' lang='lat' dir='ltr'>intrare</span> <span class='ocrx_word' id='word_1_481' title='bbox 1431 2044 1483 2071; x_wconf 89' lang='lat' dir='ltr'>aut</span> <span class='ocrx_word' id='word_1_482' title='bbox 1507 2039 1595 2072; x_wconf 81' lang='lat' dir='ltr'>exire</span> <span class='ocrx_word' id='word_1_483' title='bbox 1622 2040 1733 2075; x_wconf 85' lang='lat' dir='ltr'>debet.</span> 
     </span>
     <span class='ocr_line' id='line_1_76' title="bbox 997 2092 1735 2134; baseline 0.001 -9"><span class='ocrx_word' id='word_1_484' title='bbox 997 2092 1108 2125; x_wconf 89' lang='lat' dir='ltr'>Nullus</span> <span class='ocrx_word' id='word_1_485' title='bbox 1134 2092 1230 2125; x_wconf 82' lang='lat' dir='ltr'>etiam</span> <span class='ocrx_word' id='word_1_486' title='bbox 1254 2093 1383 2134; x_wconf 88' lang='lat' dir='ltr'>culpam</span> <span class='ocrx_word' id='word_1_487' title='bbox 1408 2102 1497 2124; x_wconf 83' lang='lat' dir='ltr'>suam</span> <span class='ocrx_word' id='word_1_488' title='bbox 1528 2093 1576 2125; x_wconf 88' lang='lat' dir='ltr'>vel</span> <span class='ocrx_word' id='word_1_489' title='bbox 1601 2094 1735 2127; x_wconf 87' lang='lat' dir='ltr'>alterius</span> 
     </span>
     <span class='ocr_line' id='line_1_77' title="bbox 975 2145 1736 2198; baseline 0.003 -20"><span class='ocrx_word' id='word_1_490' title='bbox 975 2151 1181 2198; x_wconf 72' lang='lat' dir='ltr'>¹praesumat</span> <span class='ocrx_word' id='word_1_491' title='bbox 1206 2145 1237 2178; x_wconf 90' lang='lat' dir='ltr'>in</span> <span class='ocrx_word' id='word_1_492' title='bbox 1258 2146 1399 2188; x_wconf 88' lang='lat' dir='ltr'>capitulo</span> <span class='ocrx_word' id='word_1_493' title='bbox 1424 2147 1474 2178; x_wconf 84' lang='lat' dir='ltr'>vel</span> <span class='ocrx_word' id='word_1_494' title='bbox 1501 2145 1575 2178; x_wconf 90' lang='lat' dir='ltr'>alibi</span> <span class='ocrx_word' id='word_1_495' title='bbox 1601 2146 1633 2179; x_wconf 89' lang='lat' dir='ltr'>iu</span> <span class='ocrx_word' id='word_1_496' title='bbox 1663 2158 1736 2180; x_wconf 93' lang='lat' dir='ltr'>con-</span> 
     </span>
     <span class='ocr_line' id='line_1_78' title="bbox 997 2198 1735 2239; baseline 0.003 -9"><span class='ocrx_word' id='word_1_497' title='bbox 997 2205 1091 2231; x_wconf 86' lang='lat' dir='ltr'>ventu</span> <span class='ocrx_word' id='word_1_498' title='bbox 1117 2199 1305 2231; x_wconf 83' lang='lat' dir='ltr'>defendere.</span> <span class='ocrx_word' id='word_1_499' title='bbox 1333 2198 1389 2235; x_wconf 85' lang='lat' dir='ltr'>Qui</span> <span class='ocrx_word' id='word_1_500' title='bbox 1426 2199 1667 2239; x_wconf 85' lang='lat' dir='ltr'>contrafecerit,</span> <span class='ocrx_word' id='word_1_501' title='bbox 1695 2200 1735 2232; x_wconf 84' lang='lat' dir='ltr'>ad</span> 
     </span>
     <span class='ocr_line' id='line_1_79' title="bbox 997 2251 1735 2295; baseline 0.003 -11"><span class='ocrx_word' id='word_1_502' title='bbox 997 2258 1112 2285; x_wconf 86' lang='lat' dir='ltr'>terram</span> <span class='ocrx_word' id='word_1_503' title='bbox 1128 2252 1285 2290; x_wconf 86' lang='lat' dir='ltr'>comedat,</span> <span class='ocrx_word' id='word_1_504' title='bbox 1302 2252 1364 2290; x_wconf 89' lang='lat' dir='ltr'>vel,</span> <span class='ocrx_word' id='word_1_505' title='bbox 1378 2251 1497 2284; x_wconf 86' lang='lat' dir='ltr'>arbirio</span> <span class='ocrx_word' id='word_1_506' title='bbox 1511 2251 1640 2295; x_wconf 88' lang='lat' dir='ltr'>prioris,</span> <span class='ocrx_word' id='word_1_507' title='bbox 1656 2263 1735 2295; x_wconf 87' lang='lat' dir='ltr'>poe-</span> 
     </span>
     <span class='ocr_line' id='line_1_80' title="bbox 996 2303 1423 2346; baseline -0.005 -9"><span class='ocrx_word' id='word_1_508' title='bbox 996 2316 1055 2337; x_wconf 88' lang='lat' dir='ltr'>nae</span> <span class='ocrx_word' id='word_1_509' title='bbox 1081 2304 1247 2337; x_wconf 86' lang='lat' dir='ltr'>subiaceat</span> <span class='ocrx_word' id='word_1_510' title='bbox 1271 2303 1423 2346; x_wconf 77' lang='lat' dir='ltr'>graviori.</span> 
     </span>
    </p>

    <p class='ocr_par' dir='ltr' id='par_1_20' title="bbox 996 2357 1734 2614">
     <span class='ocr_line' id='line_1_81' title="bbox 1039 2357 1733 2400; baseline 0.001 -9"><span class='ocrx_word' id='word_1_511' title='bbox 1039 2368 1094 2391; x_wconf 87' lang='lat' dir='ltr'>vu.</span> <span class='ocrx_word' id='word_1_512' title='bbox 1130 2357 1164 2390; x_wconf 86' lang='lat' dir='ltr'>ln</span> <span class='ocrx_word' id='word_1_513' title='bbox 1193 2357 1335 2400; x_wconf 79' lang='lat' dir='ltr'>capitulo</span> <span class='ocrx_word' id='word_1_514' title='bbox 1368 2368 1434 2390; x_wconf 93' lang='lat' dir='ltr'>non</span> <span class='ocrx_word' id='word_1_515' title='bbox 1468 2358 1647 2400; x_wconf 85' lang='lat' dir='ltr'>loquimur,</span> <span class='ocrx_word' id='word_1_516' title='bbox 1671 2359 1733 2392; x_wconf 91' lang='lat' dir='ltr'>nisi</span> 
     </span>
     <span class='ocr_line' id='line_1_82' title="bbox 996 2411 1734 2454; baseline 0.004 -12"><span class='ocrx_word' id='word_1_517' title='bbox 996 2411 1126 2454; x_wconf 86' lang='lat' dir='ltr'>quando</span> <span class='ocrx_word' id='word_1_518' title='bbox 1158 2411 1370 2450; x_wconf 84' lang='lat' dir='ltr'>confitemur,</span> <span class='ocrx_word' id='word_1_519' title='bbox 1396 2416 1450 2443; x_wconf 89' lang='lat' dir='ltr'>aut</span> <span class='ocrx_word' id='word_1_520' title='bbox 1484 2411 1662 2454; x_wconf 88' lang='lat' dir='ltr'>capitulum</span> <span class='ocrx_word' id='word_1_521' title='bbox 1688 2418 1734 2446; x_wconf 92' lang='lat' dir='ltr'>te—</span> 
     </span>
     <span class='ocr_line' id='line_1_83' title="bbox 996 2463 1731 2507; baseline 0.004 -12"><span class='ocrx_word' id='word_1_522' title='bbox 996 2468 1105 2503; x_wconf 88' lang='lat' dir='ltr'>netur,</span> <span class='ocrx_word' id='word_1_523' title='bbox 1131 2468 1162 2495; x_wconf 90' lang='lat' dir='ltr'>et</span> <span class='ocrx_word' id='word_1_524' title='bbox 1198 2470 1274 2496; x_wconf 90' lang='lat' dir='ltr'>tunc</span> <span class='ocrx_word' id='word_1_525' title='bbox 1309 2463 1403 2496; x_wconf 89' lang='lat' dir='ltr'>etiam</span> <span class='ocrx_word' id='word_1_526' title='bbox 1433 2465 1542 2497; x_wconf 89' lang='lat' dir='ltr'>nullus</span> <span class='ocrx_word' id='word_1_527' title='bbox 1567 2466 1731 2507; x_wconf 86' lang='lat' dir='ltr'>loquitur,</span> 
     </span>
     <span class='ocr_line' id='line_1_84' title="bbox 996 2516 1732 2559; baseline 0.005 -12"><span class='ocrx_word' id='word_1_528' title='bbox 996 2516 1055 2548; x_wconf 90' lang='lat' dir='ltr'>nisi</span> <span class='ocrx_word' id='word_1_529' title='bbox 1082 2526 1119 2548; x_wconf 88' lang='lat' dir='ltr'>ea</span> <span class='ocrx_word' id='word_1_530' title='bbox 1137 2521 1260 2549; x_wconf 88' lang='lat' dir='ltr'>tantum</span> <span class='ocrx_word' id='word_1_531' title='bbox 1278 2527 1361 2559; x_wconf 88' lang='lat' dir='ltr'>quae</span> <span class='ocrx_word' id='word_1_532' title='bbox 1382 2517 1420 2549; x_wconf 86' lang='lat' dir='ltr'>ad</span> <span class='ocrx_word' id='word_1_533' title='bbox 1439 2518 1665 2550; x_wconf 86' lang='lat' dir='ltr'>necessitatem</span> <span class='ocrx_word' id='word_1_534' title='bbox 1683 2520 1732 2552; x_wconf 81' lang='lat' dir='ltr'>vel</span> 
     </span>
     <span class='ocr_line' id='line_1_85' title="bbox 996 2569 1733 2614; baseline 0.004 -13"><span class='ocrx_word' id='word_1_535' title='bbox 996 2569 1164 2612; x_wconf 87' lang='lat' dir='ltr'>religionis</span> <span class='ocrx_word' id='word_1_536' title='bbox 1200 2570 1436 2603; x_wconf 84' lang='lat' dir='ltr'>observantiam</span> <span class='ocrx_word' id='word_1_537' title='bbox 1472 2571 1637 2614; x_wconf 88' lang='lat' dir='ltr'>pertinere</span> <span class='ocrx_word' id='word_1_538' title='bbox 1676 2582 1733 2605; x_wconf 90' lang='lat' dir='ltr'>no-</span> 
     </span>
    </p>
   </div>
   <div class='ocr_carea' id='block_1_13' title="bbox 975 1517 981 2441">
    <p class='ocr_par' dir='ltr' id='par_1_21' title="bbox 975 1517 981 2441">
     <span class='ocr_line' id='line_1_86' title="bbox 975 1517 981 2441; baseline 0 0"><span class='ocrx_word' id='word_1_539' title='bbox 975 1517 981 2441; x_wconf 95' lang='lat' dir='ltr'> </span> 
     </span>
    </p>
   </div>
  </div>
 </body>
</html>
