2111 3157
177 191 226 218 An.
248 191 362 220 (11617
409 183 451 216 lio

370 241 479 274 dinuiz·
501 241 617 274 Beatae
633 239 749 273 Mariae
768 240 806 272 de
823 239 928 273 Monte
946 240 1103 279 Carmelo,

371 300 402 328 et
418 295 632 328 Eremitarum
657 294 759 328 sancti
784 294 962 336 Augustini,
984 304 1021 326 ac
1043 298 1105 326 tan·

371 349 444 382 dem
468 348 738 388 praedicatorum,
754 348 793 381 ad
811 348 873 380 hoc
893 352 928 379 111
945 346 1104 379 eiusmodi

370 411 530 444 pauperes
556 401 699 443 religiosi
728 400 914 433 necessaria
937 410 998 443 pro
1022 399 1104 431 victu

371 454 541 495 haberent,
560 459 591 486 et
615 454 690 486 inde
716 453 839 486 facilius
865 453 897 485 in
922 452 1034 484 studiis
1051 453 1106 484 hu-

371 506 507 538 iusmodi
524 505 681 548 proficere
703 512 848 549 possent.
871 505 954 543 Quae
974 505 1104 547 quidem

370 558 478 591 omnia
503 558 657 600 religiose
687 568 816 601 semper
847 559 1015 591 observata
1041 558 1105 589 fue·

370 616 445 643 runt
471 621 573 654 usque
599 612 637 644 ad
662 622 780 643 annum
806 621 902 644 nncv.
929 610 995 648 Quo
1020 621 1105 643 anno

371 665 486 697 fratres
511 664 638 697 Ordinis
656 664 813 697 Minorum
838 663 982 696 eiusdem
1006 663 1105 695 sancti

371 716 532 749 Francisci
550 716 809 749 Recollectorum
836 721 1103 758 nuncupatorum,

371 770 513 813 expulsis
526 780 541 802 e
556 769 682 802 civitate
698 769 880 803 Arelatensi
891 769 1042 801 fratribus
1058 769 1104 800 Mi

371 822 503 855 noribus
522 823 560 855 de
576 822 796 863 Observantia,
819 822 1103 856 renunciaverunt'

371 875 456 908 inter
480 886 594 908 manns
625 876 756 918 capituli
791 881 823 908 et
847 875 1103 914 canonicorum⁷

375 939 433 961 seu
458 929 593 961 aliarum
626 939 841 972 personarum
873 928 1049 961 saecularis
1076 933 1107 959 et

371 981 562 1024 collegiatae
599 981 753 1015 eeclesiae
792 981 823 1014 S.
859 981 973 1013 Mariae
1011 980 1106 1012 Maio-

371 1035 414 1067 ris
450 1040 656 1078 nuncupatae
692 1035 794 1067 dietae
830 1033 966 1066 civitatis
1001 1033 1106 1065 Arela-

371 1088 483 1127 tensis,
503 1087 609 1120 omnia
625 1087 784 1130 capitalia,
806 1087 950 1120 redditus
972 1097 1104 1125 annuos,

372 1151 408 1173 ac
432 1140 638 1173 fundationes
668 1139 790 1172 debitas
826 1139 918 1171 dictis
955 1139 1106 1171 fratribus

372 1194 411 1226 de
436 1192 656 1233 Observantia,
681 1203 752 1225 cum
770 1202 870 1225 onere
888 1191 1105 1224 satisfaciendi
1127 1201 1128 1236 1

372 1246 523 1279 omnibus
547 1245 816 1288 obligationibus,
841 1245 957 1287 quibus
983 1244 1107 1277 satisfa-

372 1310 444 1332 cere
466 1299 661 1332 tenebantur
685 1298 748 1342 ipsi
774 1298 889 1331 fratres
910 1298 1050 1330 Minores
1067 1298 1105 1330 de
1126 1288 1127 1296 ¹

372 1352 602 1392 observanti&
639 1361 700 1384 nee
730 1351 853 1384 interea
884 1351 968 1383 ullus
1004 1351 1105 1383 dicto-

372 1417 444 1439 rum
459 1406 589 1438 sratrum
609 1405 867 1437 Recolleetornm
885 1404 924 1437 ad
943 1404 1027 1437 dieta
1043 1410 1107 1437 stu·
1127 1416 1128 1419 ¹

373 1460 425 1492 <lia
450 1469 522 1491 cum
540 1459 746 1501 eleemosyna
763 1458 929 1500 sexaginta
953 1457 1107 1491 librarum
1126 1488 1128 1492 ,

373 1511 560 1545 huiusmodi
574 1510 656 1542 mitti
670 1510 772 1553 petiit,
787 1510 849 1542 nisi
864 1510 902 1543 ab
920 1511 1043 1553 aliquot
1057 1521 1108 1543 an·
1126 1538 1128 1545 ,

373 1565 435 1597 1115.
452 1564 552 1603 Unde,
568 1573 639 1595 cum
655 1573 671 1594 a
690 1562 836 1606 pluribus
851 1562 1055 1595 dubitaretur
1068 1574 1107 1596 an

374 1617 434 1661 ipsi
452 1618 564 1649 fratres
578 1616 751 1649 Recollecti
770 1626 826 1648 seu
842 1615 1017 1648 Reformati
1033 1627 1108 1659 pos·
1127 1616 1128 1621 ’

374 1675 446 1703 56111
463 1669 583 1702 habere
609 1668 739 1711 aliquod
756 1667 804 1700 ius
829 1668 867 1700 ad
886 1668 1003 1700 dietam
1023 1669 1109 1701 elee-

373 1733 538 1767 mosynam
556 1732 613 1754 seu
631 1721 794 1754 redditum
809 1731 958 1760 annuum,
974 1727 1006 1753 et
1023 1721 1108 1754 licite

951 192 1130 215 nrtliAtut'M
1153 191 1304 216 nontrtmt

1889 192 1936 218 Αη.
1954 191 1981 218 C.
2006 192 2070 220 ¹677

1147 240 1187 272 de
1211 239 1420 272 Observantia
1443 249 1515 272 cum
1539 240 1700 274 solutione
1725 239 1879 284 stipendii

1146 303 1205 335 per
1239 294 1369 326 modum
1402 294 1627 337 eleemosynae
1664 294 1703 326 ad
1737 293 1878 326 studium

1146 346 1325 386 mittendo,
1361 357 1393 379 se
1430 357 1563 379 censere
1589 352 1621 379 et
1645 347 1804 380 actionem
1830 349 1879 381 vel

1147 399 1343 431 solutionem
1378 399 1450 432 talis
1482 399 1577 441 legati
1603 409 1668 431 non
1694 405 1879 442 competere

1147 452 1339 485 Recolleetis
1357 452 1514 495 (quamvis
1538 453 1616 485 alias
1641 458 1777 495 possent
1793 453 1880 485 licito

1148 505 1243 537 modo
1262 515 1329 538 esse
1347 515 1479 547 capaces
1495 505 1711 547 legatorum),
1726 505 1783 538 sed
1800 515 1881 538 com-

1148 563 1257 599 petere
1280 557 1429 590 fratribus
1456 558 1493 590 de
1519 557 1727 590 Observantia
1751 558 1882 601 provin-

1148 610 1215 642 ciae
1242 611 1445 650 Arelatensis,
1464 616 1496 643 et
1519 611 1654 643 maxime
1681 611 1809 654 quando
1834 610 1882 643 in-

1149 669 1196 695 ter
1222 663 1308 705 ipsos
1334 663 1471 706 reperiri
1493 669 1599 706 potest
1622 663 1795 706 religiosus
1828 674 1882 696 na-

1149 715 1260 746 turalis
1286 713 1389 746 dictae
1416 713 1553 746 civitatis
1583 714 1780 746 Arelatensis
1811 724 1882 746 eum

1147 767 1315 808 requisitis
1341 765 1581 799 conditionibus
1615 765 1806 798 sufficientis
1831 766 1884 799 ob-

1147 820 1326 852 servantiae
1349 824 1380 852 et
1396 819 1651 862 approbationis.

1191 873 1204 915 ξ
1229 873 1260 904 3.
1288 872 1363 905 Cum
1388 878 1506 911 autem,
1533 872 1615 904 sicut
1640 872 1751 904 eadem
1784 882 1883 915 expo·
1933 883 2077 916 emecca-

1148 927 1221 959 sitio
1239 926 1467 969 subiungebat,
1496 926 1575 959 nulli
1602 926 1737 968 amplius
1763 925 1827 958 sint
1851 911 2077 958 initiis'ii'ss'fe‘i‘i's'T

1148 981 1232 1013 (licta
1258 979 1385 1011 civitate
1403 978 1581 1011 Arelatensi
1608 979 1721 1010 fratres
1746 978 1884 1011 Minores

1147 1032 1276 1065 Ordinis
1309 1031 1410 1064 saneti
1443 1031 1607 1063 Francisci
1634 1031 1673 1063 de
1705 1030 1883 1063 Observan-

1148 1086 1190 1118 tia
1209 1085 1395 1128 nuncupati,
1418 1085 1584 1126 dictusque
1602 1083 1784 1127 Gaspardus
1810 1094 1885 1127 pro-

1124 1130 1128 1167 ἕ
1147 1144 1258 1181 pterea
1275 1138 1446 1181 plurimum
1463 1137 1569 1179 cupiat
1582 1136 1740 1169 declarari
1758 1147 1797 1168 an
1816 1147 1885 1180 pos-

1147 1191 1187 1223 sit,
1213 1190 1298 1223 licite
1325 1189 1487 1231 denegare
1515 1188 1667 1220 fratribus
1692 1188 1886 1221 Recollectis

1147 1244 1324 1287 praefatam
1353 1253 1492 1275 annuam
1526 1243 1766 1285 eleemosynam
1796 1251 1886 1274 sexa-

1148 1298 1235 1340 ginta
1260 1297 1425 1335 librarum,
1451 1295 1555 1328 dando
1580 1294 1668 1327 illam
1694 1294 1765 1327 aliis
1791 1305 1886 1337 regu-

1147 1350 1276 1389 laribus,
1304 1349 1420 1392 quibus
1444 1347 1529 1380 illius
1554 1347 1730 1389 praestatio
1752 1347 1790 1380 de
1815 1347 1884 1379 iure

1147 1403 1312 1446 competit,
1330 1402 1443 1434 saltem
1461 1411 1518 1443 per
1533 1400 1704 1432 triennium
1719 1399 1802 1432 intra
1817 1410 1885 1443 spa-

1148 1457 1227 1489 tium
1246 1454 1429 1498 quindecim
1447 1463 1604 1486 annorum
1622 1463 1629 1484 ·.

1191 1510 1205 1553 ἓ
1225 1509 1256 1541 4.
1284 1507 1358 1547 Nos,
1385 1506 1490 1549 ipsum
1513 1505 1715 1549 Gaspardum
1735 1506 1885 1549 speciali·
1921 1515 2048 1536 nectat-atur
2065 1521 2078 1536 a

1126 1550 1128 1567 Ι
1148 1563 1206 1595 bus
1231 1560 1393 1594 favoribus
1417 1565 1449 1592 et
1471 1559 1582 1601 gratiis
1601 1559 1756 1602 prosequi
1777 1560 1886 1592 volen-
1896 1541 2080 1590 ἱῖῗῖῗρὶῖηηζῖἒῖ

1147 1621 1204 1656 tes⁷
1229 1619 1261 1647 et
1284 1624 1301 1646 a
1334 1612 1499 1656 quibusvis
1524 1596 2080 1652 excommunicationis,ZZmssiit'ffi-“fflfflffl

1148 1667 1375 1713 cuspensionis
1400 1671 1433 1699 et
1456 1665 1643 1705 interdicti,
1672 1665 1810 1709 aliisque
1836 1676 1887 1698 ec-

1127 1749 1129 1751 .
1150 1721 1340 1756 clesiastieis
1364 1719 1551 1759 sententiis,
1579 1718 1728 1751 censuris
1755 1724 1786 1751 et
1811 1729 1889 1761 poe-

374 1776 504 1809 stndere
529 1780 619 1807 extra
643 1784 698 1806 sua
722 1774 920 1816 professoria
941 1774 972 1806 in
991 1769 1127 1821 quibust
1150 1776 1206 1812 nis,
1225 1786 1242 1808 a
1267 1774 1334 1806 iure
1358 1773 1408 1805 vel
1434 1772 1473 1804 ab
1499 1771 1642 1809 homine,
1659 1771 1771 1814 quavis
1797 1782 1889 1804 occa-

374 1829 456 1863 nihil
488 1829 580 1860 datur
615 1827 654 1859 ab
690 1826 768 1869 ipsis
805 1826 977 1865 fratribus,
1005 1827 1109 1859 dictus
1150 1829 1239 1861 sione
1264 1827 1313 1859 vel
1331 1827 1427 1858 eausa
1444 1824 1533 1863 latis,
1562 1824 1587 1856 si
1607 1825 1724 1866 quibus
1753 1834 1890 1866 quomo-

375 1881 566 1924 Garpardus,
594 1880 631 1912 ad
659 1890 752 1922 quem
775 1879 821 1921 (ut
840 1879 961 1921 pariter
981 1880 1109 1921 asserit)
1129 1907 1131 1928 Ι
1151 1881 1275 1914 delibet
1306 1879 1479 1911 innodatus
1515 1876 1631 1913 existit,
1667 1877 1705 1909 ad
1738 1876 1888 1909 effectum

375 1936 423 1968 ius
441 1932 628 1967 nominandi
646 1932 780 1973 singulis
802 1931 950 1963 trienniis
969 1931 1109 1974 aliquem

376 1997 524 2031 capacem
543 1985 597 2028 qui
623 1985 707 2017 dicta
731 1985 936 2026 eleemosyna
961 1994 1016 2015 seu
1038 1984 1111 2016 red-

376 2042 443 2075 ditu
458 2050 565 2072 annuo
578 2044 694 2078 utatur,
710 2043 842 2080 spectat,
858 2048 893 2070 ea
907 2037 1013 2070 omnia
1028 2048 1110 2080 qnae

377 2105 394 2127 a
419 2094 503 2127 dieto
534 2097 684 2125 testatore
718 2090 865 2124 ordinata
897 2096 972 2123 sunt
1003 2091 1111 2122 obser-

376 2158 450 2180 vare
486 2146 693 2184 desiderans,
727 2155 891 2176 recursum
930 2144 1042 2176 babuit
1072 2144 1109 2176 ad

378 2200 560 2233 ministrnm
586 2198 771 2240 generalem
797 2197 873 2229 ‹licti
899 2196 1027 2229 Ordinis
1052 2196 1111 2228 fra-

379 2258 465 2285 trum
490 2252 646 2284 Minorum
671 2250 772 2283 sancti
802 2249 959 2282 Francisci
986 2250 1024 2282 de
1051 2249 1111 2282 Ob-

380 2305 516 2338 servatia
537 2309 804 2346 nuncupatorum,
824 2303 877 2346 qui
897 2303 946 2335 die
967 2313 1037 2335 xxm<
1058 2313 1110 2335 au-

381 2358 463 2400 gusti
489 2366 633 2390 MDCLxxv
662 2356 840 2398 respondit,
856 2357 976 2388 attenta
1000 2357 1112 2388 volun-

381 2416 443 2444 tate
470 2410 629 2442 testatoris
654 2420 804 2452 expresse
828 2409 964 2450 legantis
986 2418 1044 2451 pro
1062 2419 1112 2440 re-

380 2464 498 2507 ligioso
513 2463 688 2495 Arelatensi
708 2461 755 2494 et'
772 2462 921 2493 fratribus
938 2461 1112 2494 Minoribus

394 2565 397 2568 Α
415 2534 426 2560 1
448 2534 501 2559 Non
518 2533 581 2560 satis
597 2532 741 2558 cohaerent
757 2540 824 2567 quae
840 2536 988 2567 sequuntur
1003 2534 1039 2566 (fl.
1050 2532 1097 2566 τ.).

397 2576 432 2612 '22
453 2577 541 2605 Potius
560 2578 617 2613 lege
637 2586 672 2603 ea:
691 2585 738 2612 pro
758 2580 783 2604 et
802 2579 840 2612 (11.
856 2577 905 2614 Tr)-

1151 1932 1372 1976 praesentium
1399 1931 1565 1962 dumtaxat
1597 1930 1864 1972 consequendum
1881 1957 1888 1969 ,

1151 1984 1373 2018 harumserie
1402 1984 1607 2016 absolventes
1639 1988 1670 2015 et
1701 1983 1888 2015 absolutum

1131 2076 1132 2082 ἵ
1153 2040 1221 2071 fore
1240 2043 1421 2075 censentes,
1442 2035 1733 2078 supplicationibus
1751 2036 1819 2068 eins
1837 2045 1892 2069 no-

1129 2085 1237 2125 smine
1263 2090 1356 2123 nobis
1382 2099 1476 2131 super
1501 2088 1562 2121 hoc
1588 2088 1756 2121 humiliter
1778 2099 1891 2132 porre-

1153 2145 1212 2178 ctis
1234 2143 1387 2182 111611111111,
1421 2142 1460 2174 (16
1491 2141 1723 2174 venerabilium
1758 2141 1892 2173 fratrum

1130 2220 1133 2234 .
1153 2202 1336 2230 nostrorum
1361 2195 1392 2227 S.
1412 2195 1449 2226 R.
1471 2194 1504 2226 E.
1526 2194 1738 2226 cardinalium
1757 2193 1892 2226 Concilii

1152 2249 1332 2283 Tridentini
1358 2249 1571 2290 interpretum
1597 2247 1749 2286 consilio,
1782 2257 1893 2289 supra-

1154 2303 1257 2336 dictos
1284 2302 1486 2334 Recollectos
1504 2311 1566 2333 non
1585 2311 1655 2334 esse
1681 2301 1894 2343 comprehen-

1155 2366 1206 2387 sos
1224 2355 1255 2387 in
1274 2355 1381 2396 legato
1400 2354 1592 2396 praemisso,
1607 2353 1797 2386 auctoritate
1817 2364 1893 2397 apo-

1154 2408 1279 2447 stoliea,
1296 2414 1407 2439 tenore
1426 2405 1657 2449 praesentium,
1676 2406 1888 2440 declaramus.

1198 2461 1212 2503 ἓ
1238 2460 1268 2492 5.
1296 2460 1513 2492 Decernentes
1538 2459 1668 2491 easdem
1700 2464 1892 2502 praesentes
1928 2463 2047 2485 Clausum·

1154 2514 1274 2547 litteras
1295 2512 1411 2552 firmas,
1437 2512 1558 2544 validas
1591 2518 1623 2544 et
1654 2511 1800 2544 efficaces
1825 2522 1876 2545 exi

1156 2573 1240 2609 stere
1267 2572 1299 2600 et
1323 2567 1401 2607 fore,
1428 2576 1571 2610 suosque
1595 2565 1762 2609 plenarios
1787 2570 1818 2599 et
1844 2575 1878 2599 111
