2111 3157
156 272 204 298 ..sni
224 272 252 296 e.
279 270 341 297 2087
388 260 452 294 740

193 333 261 354 Ιῖιρυτ
279 332 302 352 V.

182 360 500 410 ἲῖζ(ι”.ἷῖιὲἷῗ.Αἷριῖἶειειτυιιεὶὲι,
527 371 640 412 quarta
666 373 697 400 et
721 367 818 404 sexta,
841 362 1016 396 habebitur
1041 360 1088 393 di-

226 412 338 433 hemonia>

392 319 424 351 1.
451 317 512 350 Ter
537 317 568 349 in
606 312 833 351 hebdomada,
859 319 976 352 nempe
1007 307 1086 340 seria

350 424 486 467 sciplina
509 419 749 455 communitatis
773 418 805 450 in
823 415 968 450 ecclesia.
990 414 1087 457 idque

350 476 418 509 sieri
443 475 564 518 poterit
594 478 666 517 post
701 471 881 505 orationem
911 467 1088 501 mentalem

350 533 557 562 nocturnam:
577 525 752 559 habebitur
771 529 837 556 toto
854 528 1011 564 tempore,
1025 529 1088 562 quo

350 579 572 613 recitabuntur
596 577 711 622 psalmi
739 576 891 609 Miserere
916 578 948 606 ct
970 572 1090 614 Depre-

348 632 474 676 sundis‚
490 632 704 674 adiunctoque
730 634 801 662 actu
819 625 1029 664 contritionis
1048 624 1091 656 si-

351 696 448 728 gnum
473 685 561 718 dabit
585 683 750 728 superior,
777 687 807 715 et
832 680 971 714 cessabit
997 677 1091 712 disci-

350 739 449 782 plina.

394 792 424 824 2.
464 791 679 835 Cappcllanus
710 789 895 822 nominatus
931 796 992 830 pro
1029 784 1087 816 ad-

351 844 586 878 ministratione
618 847 890 876 sacramentorum
912 867 919 879 ,
956 838 1090 881 singulis

352 898 538 941 quindecim
565 897 688 936 dicbus,
704 897 783 929 liora
801 893 938 936 septima
956 902 1026 924 cum
1049 890 1092 922 di-

343 951 451 984 *midi-:1
468 952 636 990 nocturna,
659 948 793 982 habebit
813 947 851 980 ad
878 947 991 979 fratres
1016 954 1091 976 con-

352 1005 478 1038 cionem
511 1005 558 1037 vel
592 1012 777 1037 sermonem
817 999 1034 1043 spiritualem,
1061 1001 1092 1029 et

354 1058 483 1102 quando
508 1057 538 1090 id
560 1056 622 1096 siet,
640 1055 747 1088 media
764 1055 845 1086 liora
862 1049 1092 1093 anticipabitur

353 1121 472 1145 corona
496 1115 528 1143 et
552 1109 670 1149 oratio,
696 1118 736 1140 ne
761 1106 845 1139 desit
880 1109 1008 1147 tempus
1033 1112 1092 1145 pro

354 1163 571 1199 conscientiae
597 1161 758 1196 examine.

398 1219 429 1253 3.
445 1218 562 1251 Omnes
577 1217 689 1249 fratres
708 1214 830 1247 debent
846 1211 991 1244 ieiunare
1005 1208 1092 1240 iuxta

355 1273 488 1305 sormam
509 1275 637 1303 sanctae
655 1266 769 1300 matris
787 1263 947 1298 Ecclesiae
963 1267 995 1295 et
1012 1261 1092 1294 seria

355 1327 444 1359 sexta
468 1324 642 1356 Parasceve
669 1321 834 1353 dumtaxat
851 1327 935 1361 pane
957 1320 988 1349 et
1011 1316 1092 1358 aqua

357 1378 557 1412 ieiunabunt.

399 1431 431 1464 4.
465 1431 582 1464 Omnes
612 1428 751 1472 pedibus
788 1425 908 1458 debent
942 1422 1092 1455 incedere

356 1485 389 1518 in
414 1483 492 1517 locis
518 1481 688 1520 liabitatis3
709 1479 763 1513 sed
789 1488 846 1521 per
871 1476 999 1514 itinera,
1020 1474 1094 1507 dum

357 1536 536 1579 longinqua
562 1535 687 1572 suerint,
706 1531 851 1575 equitare
868 1532 1040 1572 poterunt3
1060 1527 1096 1559 il-

357 1592 462 1634 lisque
487 1590 527 1622 de
542 1587 733 1621 necessariis
752 1585 790 1618 ad
813 1595 849 1617 ca
868 1581 1095 1627 prosequenda

358 1654 488 1687 semper
511 1640 746 1685 providebitur.

406 1697 436 1730 5.
476 1697 606 1729 Attento
645 1692 729 1735 quod
766 1689 1023 1724 efficacissimum
1056 1687 1094 1719 ad

359 1748 595 1784 observantiam
621 1746 809 1789 regularem
834 1752 1013 1787 pacemque
1030 1741 1097 1773 ani-

359 1814 429 1836 mae
455 1801 643 1835 interiorem
669 1796 924 1831 conservandam
956 1794 1095 1826 medium

360 1861 408 1889 est
427 1864 589 1893 secessus,
609 1862 720 1885 omnes
738 1849 840 1883 nostri
863 1849 973 1880 fratres
993 1846 1098 1878 distri-

361 1908 501 1942 ctissime
532 1906 696 1940 evitabunt
728 1912 879 1946 egressus
904 1912 920 1934 e
947 1901 1041 1933 domo
1067 1905 1099 1931 et

360 1961 574 1995 saecularium
596 1958 796 1991 visitationes
827 1955 859 1987 in
890 1965 971 1987 vana
994 1953 1099 1986 officia

361 2013 582 2057 temporisque
607 2011 758 2043 iacturam
785 2008 973 2046 tendentes,
1001 2012 1032 2039 et
1056 2006 1099 2038 ita

362 2077 457 2100 nemo
490 2064 652 2098 licentiam
689 2067 780 2106 petet
818 2072 879 2103 pro
910 2058 1099 2092 huiusmodi

363 2119 548 2162 egressibus
577 2122 608 2149 et
643 2114 899 2153 visitationibus,
926 2113 1021 2146 etiam
1046 2122 1100 2155 pa-

364 2178 490 2205 rentum
523 2170 773 2214 proximiorum,
812 2173 1037 2212 praeterquam
1069 2167 1101 2198 in

365 2235 441 2258 casu
466 2223 673 2261 necessitatis,
695 2227 747 2254 aut
765 2221 868 2263 gravis
893 2220 1098 2259 infirmitatis,

366 2278 404 2310 ad
430 2275 583 2319 praefecti
608 2274 786 2313 arbitrium,
812 2273 1009 2316 autquando
1035 2272 1103 2315 ipse

927 261 1006 285 ΒΙΪΙᾸΔ
1015 261 1048 283 ΧΠ
1055 261 1108 284 {UH
1133 259 1282 282 nostwet!

1129 306 1354 345 minutionem,
1376 304 1500 338 admitti
1515 309 1670 348 poterunt
1687 314 1723 337 ex
1741 303 1865 347 praese·-

1130 358 1171 391 cti
1196 358 1356 401 generalis
1381 363 1412 390 et
1436 357 1657 390 assistentium
1678 355 1808 389 licentia

1175 411 1205 444 7.
1233 410 1365 449 Quando
1394 411 1510 443 fratres
1542 420 1578 442 ex
1610 409 1718 452 aliquo
1750 408 1866 443 itinere

1131 469 1219 497 extra
1244 464 1402 496 civitatem
1428 463 1590 502 redibunt,
1617 473 1688 495 eum
1706 462 1785 505 ipsis
1802 461 1868 495 dis-

1131 518 1320 560 pensabitur
1351 523 1386 549 ut
1416 527 1480 550 non
1517 516 1667 549 assistant
1705 515 1866 549 exercitiis

1132 570 1319 603 domesticis
1343 576 1374 603 et
1398 570 1617 614 spiritualibus
1635 580 1693 612 per
1718 569 1867 610 triduum,

1133 628 1163 656 et
1189 634 1254 656 non
1286 624 1434 656 ulterius.
1462 623 1561 656 Poiro
1597 623 1622 656 si
1655 623 1715 657 iter
1741 623 1869 666 longin-

1133 687 1230 719 quum
1267 677 1378 714 suerit,
1409 682 1463 709 aut
1486 676 1732 710 ultramarinum
1759 676 1870 720 (prout

1134 732 1326 774 plerumque
1352 731 1511 773 contingit
1538 731 1570 763 in
1594 731 1692 764 lndiis
1704 732 1727 775 ),
1752 742 1868 765 novem

1134 783 1257 816 dierum
1283 784 1344 816 erit
1369 784 1553 817 huiusmodi
1580 784 1788 828 dispensatio,
1807 796 1870 830 quo

1134 847 1151 869 a
1166 837 1351 880 fatigatione
1371 838 1589 880 subleventur,
1607 840 1801 881 proutbene
1821 850 1873 873 or-

1134 889 1243 922 dinata
1273 890 1411 923 charitas
1437 891 1583 934 requirit.
1603 892 1641 924 Et
1663 897 1698 924 ut
1717 893 1781 925 hoc
1805 903 1872 926 me—

1134 943 1193 975 lius
1212 948 1243 975 et
1259 943 1371 975 maiori
1389 943 1593 977 alleviatione
1612 945 1715 978 facere
1735 945 1871 989 possint,

1134 996 1164 1028 id
1183 996 1336 1039 temporis
1359 997 1521 1029 dabuntur
1546 997 1622 1040 ipsis
1648 998 1810 1031 indusium
1828 999 1873 1032 le-

1134 1053 1270 1092 ctusque
1304 1059 1376 1082 cum
1402 1049 1535 1082 culcitra
1569 1055 1600 1082 et
1625 1050 1733 1083 linteis
1759 1051 1874 1085 cubili-

1134 1101 1212 1141 bus3
1232 1107 1263 1134 et
1288 1101 1494 1140 infirmarius,
1518 1108 1572 1135 aut
1589 1103 1670 1136 alius
1696 1103 1765 1137 eius
1790 1105 1872 1145 loco,

1135 1164 1242 1186 curam
1260 1154 1395 1186 habebit
1420 1154 1484 1186 illi<¹
1499 1157 1534 1187 ea
1549 1155 1652 1198 prima
1668 1161 1761 1189 nocte
1775 1157 1875 1200 pedes

1135 1206 1300 1247 abluendi,
1327 1207 1464 1249 illosque
1488 1208 1627 1251 excipiet
1651 1208 1682 1241 in
1708 1209 1875 1253 hospitio,

1135 1260 1220 1302 quod
1246 1260 1284 1292 ad
1318 1260 1404 1293 lnme
1429 1260 1578 1293 ell'eetum
1609 1262 1729 1295 nostris
1754 1262 1785 1295 in
1818 1263 1877 1296 do-

1135 1313 1239 1346 mibus
1253 1318 1284 1346 et
1306 1313 1522 1356 hospitalibus
1539 1313 1672 1347 debebit
1689 1325 1760 1349 esse
1781 1325 1878 1360 appa-

1136 1371 1252 1399 ratum.

1180 1418 1211 1452 8.
1247 1419 1366 1452 Omnes
1399 1420 1514 1453 fratres
1551 1421 1605 1465 qui
1643 1421 1706 1454 iter
1735 1421 1874 1463 sacient,

1137 1478 1191 1505 aut
1212 1472 1339 1505 civitate
1355 1473 1576 1515 egredientur,
1594 1474 1731 1516 singulis
1751 1474 1875 1513 diebus,

1138 1528 1175 1558 ea
1199 1536 1258 1568 qua
1285 1531 1439 1569 poterunt
1470 1527 1571 1567 hora,
1599 1526 1724 1560 etiamsi
1758 1527 1878 1572 tripar-

1138 1578 1219 1610 titim
1238 1579 1299 1612 hoc
1320 1578 1386 1618 liat,
1406 1579 1588 1612 recitabunt
1604 1579 1765 1622 integrum
1784 1581 1878 1624 quin-

1139 1631 1241 1664 decim
1266 1631 1493 1674 mysteriorum
1528 1633 1686 1665 rosarium
1723 1644 1758 1665 ac
1781 1643 1878 1667 unam

1139 1685 1190 1718 SS.
1218 1686 1415 1717 Sacramenti
1449 1686 1629 1718 stationem.
1655 1686 1692 1719 Et
1716 1687 1878 1730 superiori

1139 1749 1234 1772 curae
1261 1738 1321 1770 erit
1347 1739 1377 1770 isl
1403 1739 1548 1771 muneris
1574 1739 1620 1772 eis
1641 1738 1672 1771 in
1691 1741 1879 1774 memoriam

1140 1793 1297 1825 adducere
1318 1797 1465 1835 tempore
1484 1792 1657 1833 discessus,
1679 1797 1710 1825 et
1728 1793 1790 1827 hoc
1807 1793 1878 1827 aliis

1141 1845 1362 1888 spiritualibus
1389 1845 1550 1878 exercitiis
1577 1845 1881 1889 aequivalehit,nec

1141 1899 1261 1941 poterit
1286 1898 1357 1941 quis
1382 1898 1474 1937 mitti,
1500 1908 1560 1930 nec
1585 1899 1679 1931 domo
1698 1899 1809 1941 egredi
1828 1909 1880 1932 so-

1141 1953 1204 1990 lus,
1231 1951 1286 1983 sed
1312 1961 1442 1993 semper
1474 1951 1667 1991 associatus,
1694 1956 1726 1984 et
1749 1952 1880 1995 quando

1142 2005 1180 2037 ad
1193 2005 1253 2037 iter
1267 2004 1446 2036 faciendum
1464 2004 1683 2046 egredientur,
1702 2008 1734 2036 et
1751 2005 1880 2048 quando

1142 2058 1220 2101 ipsis
1245 2057 1385 2089 eundum
1411 2057 1472 2089 erit.
1496 2066 1555 2099 per
1579 2056 1751 2097 civitatem,
1777 2062 1813 2090 ut
1836 2057 1881 2090 ita

1143 2116 1307 2154 respectus
1334 2109 1490 2142 habeatur
1521 2109 1709 2150 decentiae,
1737 2120 1799 2153 qua
1823 2121 1882 2143 no-

1145 2170 1230 2197 stros
1255 2164 1367 2196 fratres
1388 2163 1481 2195 decet
1506 2163 1669 2203 incedere,
1691 2168 1723 2196 et
1740 2163 1811 2197 aliis
1833 2164 1881 2196 in-

1145 2216 1433 2255 convenieutilnis,
1462 2226 1544 2259 quae
1578 2226 1615 2248 ex
1641 2216 1803 2249 contrario
1826 2226 1882 2249 no·

1147 2271 1228 2303 toric
1254 2268 1439 2309 resultant¹,
1467 2269 1625 2302 obvietur.

1870 254 1917 280 Λη.
1935 251 1962 279 C.
1985 252 2051 280 1087

368 2341 421 2363 eos
442 2330 546 2362 mittet
569 2339 629 2372 pro
655 2338 689 2360 re
715 2328 811 2360 (livini
838 2327 968 2366 servitii,
996 2326 1104 2369 proxi-

368 2385 411 2416 mi
436 2383 656 2421 subventione,
682 2382 732 2414 vel
759 2380 928 2424 hospitalis
952 2380 1102 2412 utilitate.

412 2438 443 2469 (3.
470 2435 647 2479 llospitalia
678 2440 708 2467 ct
737 2435 851 2466 fratres
885 2434 1007 2466 debent
1036 2442 1104 2465 sus-

371 2489 486 2522 tentari
521 2499 557 2521 ex
583 2487 815 2530 eleemosynis,
842 2491 873 2519 et
897 2486 921 2518 si
948 2485 1105 2529 temporis

371 2552 524 2585 processu
551 2546 751 2583 compertum
771 2540 864 2571 t'uerit
881 2539 1032 2582 expedire
1051 2538 1108 2570 ali-

373 2595 445 2627 cubi
473 2594 656 2627 reddituum
688 2593 917 2625 admissionem
950 2593 990 2625 ob
1016 2593 1104 2624 eleo<

373 2657 576 2690 mosynarum
609 2647 766 2678 ‹lel'eetum
793 2651 823 2678 ct
848 2645 1026 2678 devotionis
1051 2646 1109 2677 im-

1191 2324 1221 2356 Ἰ.
1250 2324 1323 2356 Cum
1350 2323 1530 2366 principale
1548 2322 1680 2355 fratrum
1697 2321 1880 2356 institutum
1924 2326 1993 2348 CM?
2006 2325 2041 2348 Ἦ-

1149 2379 1189 2411 sit
1213 2378 1410 2421 pauperibus
1448 2376 1585 2409 infirmis
1610 2376 1786 2417 inservire,
1806 2380 2075 2428 0ffl*'⁵„{,².,',*³⁵fi‘1‘3'‡„¹,‘3,¹¹‘

1149 2431 1244 2464 nibus
1270 2441 1460 2474 persuasum
1490 2440 1559 2462 esse
1588 2429 1698 2468 debet,
1728 2428 1760 2461 id
1789 2412 1904 2472 prae-¹⁷
1982 2414 1987 2427 Ι
2061 2418 2077 2433 ”

1149 2485 1241 2528 cipue
1256 2484 1319 2516 illis
1334 2483 1533 2522 incumbere,
1548 2487 1583 2514 ut
1598 2486 1660 2514 tam
1674 2486 1783 2514 sancto
1797 2491 1883 2515 exer—

1150 2538 1224 2570 citio
1250 2537 1314 2569 sint
1337 2536 1463 2575 addicti,
1490 2546 1549 2568 nec
1574 2535 1605 2567 in
1630 2535 1718 2567 nullo
1736 2534 1798 2567 alio
1817 2544 1884 2567 ma·

1152 2592 1197 2623 ius
1215 2590 1407 2633 obsequium
1426 2589 1560 2622 Domino
1577 2593 1689 2621 nostro
1709 2588 1884 2631 praestitw

1189 2654 1198 2679 1
1224 2652 1292 2678 Edit.
1314 2651 1395 2678 Maia.
1417 2650 1481 2686 legit
1499 2651 1619 2678 resulcat
1635 2653 1671 2686 (n.
1689 2650 1740 2686 Τὼ

1908 2353 2015 2374 Exi-reaia
2025 2353 2074 2374 clia·
2097 2348 2102 2354 ”
