2111 3157
55 157 105 184 An.
117 154 146 182 C.
168 153 236 183 ¹682

66 738 182 762 mutulae.

84 1422 213 1445 Oti-tunium

34 1453 126 1471 romono.

67 1579 211 1608 'transumpto-

33 1611 77 1627 rum
89 1606 149 1628 fidos.

240 267 278 290 eo
304 257 473 297 contentis,
499 256 687 289 auctoritate
712 256 898 299 apostolica,
927 261 972 289 te-

238 319 318 342 nore
330 308 558 352 praesentium,
573 308 798 341 confirmamus
813 313 844 341 et
858 319 971 351 appro-

237 362 366 401 bamus,
390 361 519 404 illisque
552 361 744 394 inviolabilis
771 361 970 404 apostolicae

234 413 394 447 firmitatis
419 414 518 446 robur
541 412 718 452 adjicimus,
744 423 780 445 ac
804 423 917 445 omnes
939 419 969 446 et

235 467 379 509 singulos
410 466 488 498 iuris
514 471 547 498 et
571 465 643 498 sacti
668 465 833 504 defectus,
862 466 887 497 si
913 466 967 509 qui

233 519 373 562 desuper
386 517 632 561 quomodolibet
643 517 888 558 intervenerint,
898 528 968 561 sup-

231 572 377 615 plemus:
412 570 495 603 salva
524 574 631 602 tamen
661 579 790 612 semper
815 569 847 601 in
877 580 968 612 prae-

223 623 338 657 ·missis
361 622 548 655 auctoritate
573 626 769 654 memoratae
786 621 965 665 Congrega-

230 675 329 709 tionis
347 675 572 709 cardinalium.

272 729 288 772 5
311 728 343 762 3.
369 728 588 761 Decernentes
604 728 689 771 ipsas
706 733 898 770 praesentes
916 728 965 761 lit-

229 787 315 815 teras
340 791 471 823 semper
494 779 612 820 firmas,
644 780 766 813 validas
799 786 831 814 et
861 781 964 814 effica-

228 845 280 869 ces
307 835 445 868 existere
469 839 502 867 et
528 834 605 873 sore,
627 844 768 877 suosque
796 835 962 877 plenarios

227 892 260 921 et
283 888 428 930 integros
454 885 585 920 effectus
609 887 718 919 sortiri
744 892 775 919 et
800 887 960 928 obtinere,

226 951 264 974 ac
294 940 371 980 illis,
402 940 442 972 ad
473 949 553 982 quos
579 946 703 982 spectat
735 945 767 972 et
797 951 856 983 pro
886 945 963 973 tem-

225 1002 305 1036 pore
329 992 599 1036 quandocumque
632 992 807 1034 spectabit,
840 994 961 1035 plenis-

225 1045 305 1078 sime
325 1044 502 1088 suffragari,
521 1044 631 1086 sicque
657 1044 688 1076 in
709 1045 961 1088 praemissisper

226 1107 448 1140 quoscumque
472 1096 596 1129 iudices
621 1097 805 1129 ordinarios
830 1102 861 1130 et
877 1098 961 1130 dele-

225 1155 327 1193 gatos,
345 1150 441 1183 etiam
459 1160 628 1183 causarum
653 1151 762 1193 palatii
787 1151 958 1193 apostolici

223 1202 403 1243 auditores,
438 1202 574 1235 iudicari
605 1207 637 1235 et
663 1202 790 1235 deffiniri
816 1204 956 1243 dobere,

223 1265 259 1288 ac
282 1255 409 1287 irritum
436 1260 468 1288 et
491 1255 588 1287 inane
609 1255 634 1287 si
660 1265 752 1287 secus
778 1266 876 1298 super
909 1256 958 1288 his

222 1318 240 1340 a
260 1317 432 1351 quoquam,
457 1307 566 1350 quavis
590 1308 795 1349 auctoritate,
819 1308 960 1341 scienter

221 1361 271 1394 vel
296 1360 496 1403 ignoranter,
512 1360 684 1403 contigerit
707 1361 868 1393 attentari.

266 1414 281 1457 g
305 1413 336 1446 4.
357 1413 426 1446 Νοη
443 1414 649 1446 obstantibus
669 1413 956 1447 constitutionibus

222 1471 255 1500 et
274 1466 533 1499 ordinationibus
552 1466 752 1509 apostolicis,
773 1467 955 1511 ceterisque

222 1519 393 1552 contrariis
419 1518 687 1562 quibuscumque,

265 1572 280 1614 ἓ
315 1571 346 1604 5.
380 1571 532 1604 Volumus
568 1576 676 1604 autem
708 1577 741 1604 ut
769 1574 955 1606 earumdem

219 1624 441 1668 praesentium
466 1624 646 1657 litterarum
672 1626 878 1668 transumptis
899 1637 954 1658 seu

221 1677 387 1720 exemplis,
415 1676 510 1709 etiam
535 1677 714 1720 impressis,
739 1689 834 1711 manu
860 1680 956 1712 alicu-

221 1730 310 1763 cuius
334 1730 450 1763 notarii
482 1730 602 1773 publici
634 1731 834 1774 subscriptis,
862 1738 891 1765 et
916 1733 955 1765 si·

220 1783 298 1826 gillo
322 1793 481 1826 personae
505 1782 538 1815 in
559 1783 778 1817 ecclesiastica
798 1785 953 1827 dignitate

220 1835 412 1869 constitutae
433 1836 573 1876 munitis,
596 1837 708 1869 eadem
726 1848 859 1880 prorsus
877 1838 954 1871 tiirles

219 1887 340 1931 ubique
374 1889 520 1922 locorum
547 1893 609 1921 tam
638 1889 670 1921 in
706 1889 824 1923 iudicio
857 1901 952 1933 quain

220 1946 310 1973 extra
338 1941 418 1974 illud
445 1941 625 1981 habeatur,
654 1952 734 1984 quae
760 1943 837 1985 ipsis
862 1954 952 1986 prac-

219 1993 363 2026 sentihus
388 1994 561 2026 haberetur
596 1994 622 2026 si
653 1994 761 2027 forent
790 1996 952 2028 exhibitae

218 2047 270 2080 vel
294 2051 456 2080 ostensae.

263 2099 376 2132 Datum
401 2099 535 2138 Romae,
562 2100 645 2142 apud
671 2099 702 2132 S.
730 2100 859 2133 Mariam
891 2101 952 2133 Ma-

220 2151 334 2191 iorem,
359 2152 419 2184 sub
450 2153 571 2184 annulo
604 2152 791 2193 piscatoris,
811 2153 863 2186 die
882 2164 952 2187 xx1v

221 2204 365 2237 octobris
390 2214 574 2244 MDCLxxxn,
605 2204 810 2247 pontificatus
850 2208 951 2240 nostri

221 2267 306 2290 anno
332 2267 374 2291 v1.

254 2318 314 2347 Dat.
330 2319 375 2348 die
390 2320 423 2347 24
438 2320 555 2348 octobris
571 2320 649 2355 1682,
665 2320 763 2356 pontif.
780 2329 852 2351 anno
866 2329 901 2350 vt.

292 2585 370 2613 Ball.
389 2587 466 2613 Rom.
482 2602 514 2606 —
536 2588 595 2614 Vol.
612 2588 687 2615 XIX.
831 2589 864 2615 55

825 154 1034 179 lNNOCENTlUS
1057 155 1086 179 xi
1112 155 1159 178 ιη».

240 202 419 244 insertum,
444 212 516 236 cum
541 202 691 236 omnibus
722 207 754 236 et
779 203 914 245 singulis
938 203 971 235 in
991 204 994 256 j

1329 203 1430 238 CXIX.

1015 272 1235 315 Confirmatur
1265 274 1428 306 decretum
1459 272 1640 306 cardinalis
1673 284 1749 316 pro-

1057 327 1183 358 tectoris
1214 326 1299 358 circa
1331 326 1573 369 abroqalz'onem
1602 326 1748 357 commis-

1054 378 1217 410 sariorum
1240 379 1445 421 9eneralz'um
1475 388 1535 421 pro
1567 378 1747 420 provinciis

1053 431 1230 464 Incliarum
1256 431 1476 464 Orientalium
1509 431 1646 464 Ordinis
1675 432 1746 473 sra-

1055 488 1141 515 lrum
1173 485 1341 517 Minoi-um
1372 484 1477 517 sancti
1510 485 1680 518 Francisci
1708 485 1746 518 de

1054 535 1266 569 observantia
1275 536 1296 569 ¹.

1196 615 1389 644 Innocentius
1410 617 1487 651 Papa
1506 618 1554 651 xl,

1144 661 1179 686 ad
1195 659 1327 687 futuram
1347 661 1391 688 rei
1411 662 1594 689 memoriam.

1050 729 1091 761 Ex
1118 729 1227 762 debito
1253 731 1425 773 pastoralis
1450 731 1554 771 officii,
1582 732 1668 776 quod
1694 734 1741 766 in-

1007 783 1190 815 scrutabilis
1228 783 1355 816 divinae
1387 785 1565 827 sapientiae
1603 786 1739 819 altitudo

1007 830 1179 863 humilitati
1205 836 1344 872 nostrae,
1371 832 1492 865 viribus
1523 833 1597 866 licet
1622 839 1652 867 et
1676 846 1740 867 nie-

1004 882 1073 914 ritis
1108 883 1202 925 longe
1240 884 1365 927 impari,
1400 885 1569 928 imponere
1609 886 1739 929 dignata

1004 940 1060 975 est,
1086 941 1252 978 paternam
1278 937 1534 971 christifidelium
1560 940 1612 982 qui
1638 950 1654 972 e
1679 942 1738 973 ssu-

1003 989 1106 1022 ctibus
1131 991 1252 1023 saeculi
1276 991 1308 1023 in
1333 996 1462 1034 portum
1494 992 1577 1024 vitae
1609 993 1738 1036 religio-

1003 1052 1057 1073 sae
1082 1042 1296 1084 confugerunt
1320 1054 1427 1076 curam
1452 1045 1606 1087 peculiari
1631 1046 1737 1078 chari-

1003 1099 1066 1127 tate
1091 1095 1219 1128 assidue
1236 1101 1396 1138 gerenteS,
1422 1108 1468 1137 ea,
1495 1108 1577 1140 quae
1602 1109 1662 1141 pro
1691 1100 1736 1133 se-

1002 1147 1052 1179 lici
1086 1158 1312 1191 prosperoque
1347 1149 1476 1181 illorum
1512 1150 1669 1192 regimine
1705 1157 1737 1184 et

1002 1200 1160 1242 gubernio
1190 1201 1322 1243 provide
1348 1202 1523 1234 constituta
1554 1208 1649 1246 atquc
1683 1215 1736 1237 or-

1002 1253 1109 1285 dinata
1134 1264 1205 1286 esse
1230 1259 1415 1294 noscuntur,
1441 1260 1476 1287 ut
1500 1255 1592 1288 firma
1617 1262 1649 1289 et
1673 1257 1736 1290 illi-

1000 1306 1073 1338 bata
1114 1307 1303 1349 persistant,
1340 1308 1509 1350 apostolici
1545 1310 1733 1343 muniminis

1002 1359 1173 1402 pracsidio,
1199 1371 1270 1393 cum
1289 1360 1320 1393 id
1339 1371 1356 1393 a
1372 1361 1465 1394 nobis
1486 1361 1616 1405 petitur,
1634 1363 1735 1396 liben-

1001 1417 1048 1444 ter
1072 1413 1331 1446 corroboramus.

1043 1465 1111 1507 gi.
1144 1466 1266 1509 Exponi
1303 1467 1460 1510 siquidem
1496 1468 1590 1500 nobis
1629 1479 1733 1512 nuper

999 1518 1075 1551 fecit
1110 1519 1246 1552 dilectus
1273 1520 1356 1552 filius
1390 1521 1579 1553 Ambrosius
1605 1522 1644 1553 ab
1678 1522 1731 1553 As-

998 1572 1180 1615 sumptionc
1207 1572 1303 1604 frater
1329 1583 1478 1615 expresse
1503 1574 1671 1616 professus
1696 1584 1732 1606 ac

998 1630 1189 1667 procurator
1213 1625 1451 1668 provinciarum
1478 1626 1508 1658 S.
1536 1627 1678 1659 Tliomae
1701 1638 1732 1660 a-

997 1679 1117 1720 postoli
1144 1683 1175 1710 et
1198 1678 1303 1710 Matris
1328 1678 1382 1711 Dei
1408 1679 1439 1711 in
1466 1679 1563 1711 Indiis
1588 1680 1733 1713 Orienta-

997 1730 1079 1762 libus
1114 1730 1241 1763 Ordinis
1279 1731 1409 1763 fratrum
1434 1732 1592 1765 Minorum
1628 1734 1731 1765 sancti

996 1783 1159 1815 Francisci
1179 1783 1218 1814 de
1236 1783 1442 1816 Observantia
1462 1790 1731 1828 mincupatorum,

997 1836 1082 1878 quod
1107 1835 1301 1868 venerabilis
1335 1837 1432 1869 frater
1455 1842 1566 1869 noster
1597 1839 1731 1871 Aldera-

996 1899 1055 1920 nus
1079 1888 1253 1931 episcopus
1278 1888 1477 1921 Tusculanus
1502 1890 1532 1922 S.
1554 1890 1589 1922 R.
1610 1891 1643 1922 E.
1663 1902 1732 1923 car-

997 1942 1113 1974 dinalis
1139 1942 1223 1985 Cybo
1249 1948 1465 1985 nuncupatus,
1495 1943 1571 1976 dicti
1601 1944 1729 1976 Ordinis

996 1995 1078 2037 apud
1102 2004 1160 2027 nos
1178 1999 1209 2027 ct
1233 1994 1348 2027 Sedent
1374 1996 1594 2038 Apostolicam
1620 2001 1731 2038 prote<

996 2052 1074 2087 ctor,
1101 2048 1304 2080 inhaerendo
1329 2048 1519 2090 quibusdam
1543 2048 1730 2091 patentibus

995 2100 1108 2133 litteris
1134 2111 1150 2131 a
1176 2100 1293 2133 dilecto
1318 2100 1385 2133 silio
1407 2100 1500 2133 Petro
1522 2101 1642 2133 Marino
1660 2102 1731 2134 Sor-

996 2164 1090 2185 mano
1116 2153 1260 2195 generali
1286 2152 1432 2186 eiusdem
1458 2153 1585 2186 Ordinis
1610 2154 1660 2187 die
1677 2165 1730 2188 xxl

994 2206 1068 2239 maii
1094 2206 1240 2249 proxime
1265 2206 1432 2249 praeteriti
1465 2207 1629 2247 emanans,
1661 2218 1730 2240 eas-

994 2270 1056 2303 que
1082 2251 1266 2303 opportune
1293 2260 1497 2300 declarando,
1517 2265 1548 2293 et
1568 2271 1650 2304 (luae
1676 2262 1730 2294 de-

994 2316 1083 2346 erant
1108 2313 1304 2355 supplendo,
1331 2313 1476 2346 decrevit
1495 2319 1527 2346 et
1551 2314 1725 2355 mandavit,

993 2378 1032 2400 ne
1058 2367 1097 2399 de
1122 2372 1229 2399 cetero
1254 2367 1465 2400 commissarii
1495 2369 1662 2410 generales
1687 2368 1727 2401 ad

1028 2447 1038 2472 1
1062 2446 1098 2472 De
1117 2445 1307 2472 commissariis
1320 2445 1492 2479 generalibus
1508 2445 1641 2472 indiarum
1668 2445 1725 2472 vide

993 2490 1090 2517 Urbani
1111 2490 1169 2516 Vlll
1193 2493 1276 2517 coust.
1301 2490 1341 2517 ed.
1366 2496 1482 2524 mcxxv,
1503 2491 1547 2517 die
1562 2490 1596 2517 20
1616 2497 1726 2518 novem-

993 2535 1058 2569 bris,
1081 2539 1154 2569 pont.
1177 2541 1215 2562 11¹.

1642 145 1706 178 433
1753 154 1801 180 An.
1822 152 1851 180 c.
1875 153 1943 181 1682

1778 744 1899 767 Exordium:

1763 1476 1850 1503 Species
1866 1477 1923 1499 sacti.
