2111 3157
0 242 36 262 ln.
52 233 81 261 C.
103 230 170 259 ¹676

179 281 250 319 lica,
272 281 320 313 vel
346 280 456 323 quavis
482 280 628 312 firmitate
649 279 709 312 alia
734 278 904 315 roboratis,

179 334 306 366 statutis
337 339 369 366 et
400 332 705 368 consuetudinibus.
732 331 906 373 privilegiis

179 397 321 429 quoque,
340 386 471 419 indultis
489 390 520 418 et
537 385 650 417 litteris
667 383 850 426 apostolicis
875 382 907 414 in

178 439 374 471 contrarium
395 437 641 480 praemissorum
663 435 907 478 quomodolibet

179 491 347 529 concessis,
372 489 562 522 confirmatis
587 493 620 520 et
643 487 816 525 innovatis,
839 486 907 529 qui-

178 543 236 574 bus
253 543 401 575 omnibus
419 547 451 573 et
468 540 609 580 singulis,
628 540 757 571 illorum
776 544 905 570 tenores

178 595 399 638 praesentibus
436 604 493 635 pro
522 594 618 635 plene
651 597 683 624 et
712 592 906 624 sufficienter

178 647 334 689 expressis
354 651 385 678 et
408 645 539 677 insertis
561 645 726 682 habentes,
746 643 808 675 illis
828 643 905 675 alias

177 700 209 731 in
226 710 283 731 suo
308 699 425 730 robore
446 696 672 740 permansuris,
688 696 725 728 ad
752 695 906 737 praemis-

177 761 283 783 sorum
307 749 463 787 ell'eetnm,
484 749 541 781 liac
560 748 627 780 vice
649 749 821 784 dumtaxat,
837 757 905 789 spe-

176 803 299 836 cialiter
319 808 350 835 ct
374 812 522 843 expresse
544 801 753 842 derogamus3
774 799 905 832 ceteris-

176 865 237 898 que
263 854 431 887 contrariis
456 854 723 896 quibuscumque.

219 907 329 939 Datum
354 907 486 944 Romae,
513 906 597 948 apud
621 905 652 938 S.
681 905 818 944 Petrum,
844 905 903 936 sub

175 960 295 992 annulo
318 958 502 996 piscatoris,
533 958 584 990 die
609 968 692 990 xxvii
720 957 903 989 novembris

174 1020 343 1050 MDCLxxw,
360 1009 565 1053 pontificatus
582 1010 684 1042 nostri
701 1019 786 1041 anno
812 1019 835 1042 1.

210 1071 269 1098 Dat.
291 1071 334 1098 die
349 1071 381 1097 Ξῖ
399 1071 552 1098 novembris
569 1071 646 1103 1676,
663 1070 759 1105 pontif.
775 1078 845 1096 anno
860 1077 878 1096 i.

503 1211 563 1244 Vll.

178 1290 386 1332 Confirmatio
402 1289 616 1332 quorumdam
635 1292 827 1320 statutorum
845 1298 902 1330 pro

220 1341 341 1374 Ordine
364 1342 395 1374 S.
424 1341 526 1373 Pauli
555 1341 658 1383 primi
689 1340 836 1372 eremitae
868 1339 901 1371 in

216 1403 314 1436 reyno
337 1393 563 1436 Porticyalliae
587 1391 675 1427 etad.

362 1471 556 1500 Innocentius
578 1472 656 1505 Papa
678 1471 726 1502 xl,

312 1516 348 1543 ad
363 1517 494 1543 futuram
509 1515 553 1542 rei
572 1515 752 1542 memoriam.

11 1595 85 1616 Preces
99 1595 166 1614 Ponti-

0 1624 18 1642 ci
33 1622 124 1642 obl-itae.

220 1587 234 1629 ξ
254 1587 285 1620 l.
312 1586 433 1629 Exponi
451 1585 543 1618 nobis
567 1596 670 1628 nuper
690 1586 836 1618 fecerunt
856 1585 903 1617 di-

177 1640 251 1672 lecti
281 1640 337 1672 lilii
366 1639 515 1681 superior
539 1639 699 1679 generalis
726 1643 758 1670 et.
789 1638 901 1670 fratres

176 1690 305 1724 Ordinis
322 1691 421 1723 sancti
436 1691 521 1722 Pauli
538 1690 630 1733 primi
645 1690 796 1722 eremitae
813 1690 845 1722 in
859 1701 903 1723 re-

177 1753 240 1786 gno
254 1743 478 1785 Portugalliae‚
493 1743 586 1785 quod,
602 1743 711 1785 vigore
730 1743 901 1781 facultatis,

177 1806 270 1838 quam
295 1795 537 1827 constitutiones
554 1795 629 1827 dicti
646 1795 773 1827 Ordinis
798 1794 904 1827 desini-

178 1847 259 1880 torio
284 1847 316 1879 in
340 1847 478 1889 capitulo
496 1847 638 1888 generali
659 1847 759 1889 ipsius
776 1846 905 1879 Ordinis

178 1905 373 1941 congregato
392 1900 545 1939 tribuunt,
564 1900 758 1941 adiungendi
775 1901 813 1932 ad
830 1910 905 1932 con-

179 1951 360 1984 stitutiones
377 1952 561 1985 huiusmodi
579 1963 616 1984 ea
635 1963 716 1995 quae
742 1963 800 1994 pro
817 1952 903 1985 bono

181 2004 324 2036 eiusdem
344 2003 470 2036 Ordinis
498 2004 651 2046 regimine
680 2006 782 2047 magis
814 2015 906 2047 expe-

182 2056 250 2088 dire
274 2056 484 2096 videbuntur,
518 2057 733 2090 delinitorium
762 2058 794 2090 in
821 2058 906 2101 capi—

183 2109 249 2140 tulo
267 2109 407 2150 generali
422 2109 496 2141 dicti
509 2109 634 2141 Ordinis
651 2110 796 2152 proxime
815 2121 907 2153 prae-

183 2160 275 2192 terito
294 2166 520 2203 congregatum
540 2163 647 2194 statuit
669 2173 723 2195 seu
741 2164 903 2195 decrevit:

0 2217 174 2265 {1211141123323133-
226 2212 346 2251 Primo,
378 2217 412 2244 ut
444 2213 468 2245 is
502 2213 606 2251 frater,
635 2215 689 2256 qui
721 2225 779 2257 per
811 2215 907 2247 trien-

0 2271 145 2292 ticuormue-
183 2264 270 2296 nium
301 2265 469 2297 visitatoris
493 2265 597 2298 ossicio
634 2267 759 2299 functus
794 2268 906 2307 suerit,

236 2326 246 2352 1
270 2325 307 2352 De
326 2325 376 2352 hoo
395 2326 495 2352 Ordine
511 2326 670 2354 mentionem
690 2328 790 2355 faciunt
808 2328 907 2355 Paulus

183 2368 308 2404 Morigius
327 2370 369 2396 De
388 2370 462 2396 llist.
479 2370 562 2403 reliq.
579 2378 639 2404 cap.
658 2377 718 2397 xux
734 2375 761 2398 et
779 2372 909 2406 Sylvester

183 2413 309 2440 Marutius
334 2413 360 2440 in
380 2414 483 2440 ocean.
509 2414 613 2448 Reli9.;
634 2416 745 2449 eiusque
772 2417 910 2451 privilegia

185 2456 268 2484 habes
294 2457 321 2483 in
345 2457 456 2484 constit.
484 2458 518 2484 In
536 2465 666 2492 supremo
684 2459 827 2485 Alexandri
849 2460 908 2491 Vtt·,

185 2500 272 2535 quoad
287 2501 447 2528 monasteria
460 2509 507 2536 pro
522 2501 618 2528 studiis
626 2502 796 2537 generalibus
810 2508 837 2530 et
851 2512 911 2538 gra-

753 231 965 255 INNOCENTIUS
988 232 1018 255 XI
1044 232 1091 255 PP-

1602 220 1642 255 lo
1690 231 1783 258 Aine.
1809 231 1874 258 1676

952 279 1093 311 triennio
1114 278 1323 321 subsequenti
1341 278 1372 310 in
1392 278 1587 311 visitatorem
1605 279 1681 321 eligi

952 336 1105 373 nequeat:
1125 331 1276 369 secundo,
1297 336 1330 363 ut
1347 331 1437 373 prior
1450 331 1516 363 sive
1532 332 1682 373 superior

951 383 1111 424 generalis
1128 384 1230 426 primo
1247 395 1330 416 anno
1348 384 1395 416 sui
1422 384 1553 416 triennii
1578 384 1683 416 visitet

951 446 1048 477 super
1079 446 1233 478 processu
1264 436 1437 468 visitatoris
1469 437 1522 478 qui
1554 442 1683 468 antece-

951 488 1038 523 denti
1060 488 1199 520 trieunio
1225 488 1364 520 osticium
1383 499 1475 520 suum
1496 489 1681 526 absolverit,

950 540 1046 582 idque
1076 540 1170 572 saciat
1204 551 1264 582 per
1290 545 1377 572 actus
1409 547 1575 583 separatos
1601 551 1682 583 quos

951 593 1073 626 deterat
1097 593 1136 625 ad
1162 593 1295 635 primam
1314 604 1456 625 mensam
1474 593 1682 630 delinitionis,

950 645 988 677 ad
1015 646 1076 677 lioc
1100 651 1134 677 ut
1157 645 1278 677 ibidem
1303 645 1505 676 iudicentur:
1529 645 1631 683 tertio,
1650 651 1684 677 ut

950 698 981 729 in
1008 698 1147 729 futurum
1172 697 1281 729 vicarii
1309 697 1422 729 domus
1455 697 1612 738 regularis
1644 698 1682 729 de

948 749 1149 782 Valdinsante
1175 754 1380 791 nuncupatae
1406 749 1438 780 in
1464 749 1614 781 omnibus
1639 760 1683 781 ca-

949 802 1056 844 pitulis
1080 802 1287 844 generalibus
1305 801 1435 833 Ordinis
1454 801 1607 843 praedicti
1630 812 1683 833 vo-

949 865 1017 887 cem
1036 855 1187 894 babeant,
1206 859 1237 886 et
1254 854 1285 886 in
1305 854 1454 886 omnibus
1474 853 1683 885 conventibus

950 907 981 939 in
1008 908 1124 950 quibus
1150 907 1363 949 reperientur,
1399 907 1513 938 sedere
1545 906 1685 938 debeant

949 959 981 991 in
1014 959 1188 992 refectorio
1213 960 1252 992 ad
1288 969 1432 991 mensam
1465 969 1546 1001 quae
1581 964 1685 991 trans-

948 1021 1038 1044 versa
1063 1018 1205 1044 vocatur.

992 1065 1006 1107 ἓ
1030 1064 1060 1097 2.
1088 1064 1164 1097 Cum
1183 1070 1300 1102 autem,
1321 1065 1402 1097 sicut
1420 1065 1532 1097 eadem
1557 1065 1682 1107 exposi-

948 1117 993 1149 tio
1030 1117 1262 1158 subiungebat,
1303 1122 1419 1149 statuta
1459 1128 1513 1149 seu
1553 1118 1683 1150 decreta

949 1169 1133 1202 huiusmodi
1160 1170 1246 1202 bono
1273 1170 1347 1202 dicti
1379 1170 1507 1202 Ordinis
1534 1171 1683 1212 regimini

947 1222 1165 1254 conducibilia
1190 1222 1265 1262 sint,
1293 1228 1325 1254 et
1343 1229 1516 1265 propterca
1538 1223 1613 1255 dicti
1633 1233 1685 1254 ex-

947 1279 1105 1317 ponentes
1131 1274 1192 1313 illa,
1211 1284 1276 1316 quo
1302 1273 1334 1305 in
1360 1275 1500 1306 futurum
1523 1281 1683 1316 tamquam

946 1325 1195 1358 constitutiones
1221 1325 1367 1358 eiusdem
1399 1325 1526 1358 Ordinis
1553 1326 1685 1358 inviola-

946 1378 1055 1410 biliter
1091 1377 1313 1415 observentur,
1347 1378 1543 1420 apostolicae
1569 1377 1683 1409 contir-

946 1431 1095 1463 mationis
1119 1435 1248 1462 nostrae
1274 1430 1454 1472 patrocinio
1487 1429 1682 1462 communiri

947 1493 1150 1526 summopere
1172 1483 1371 1515 desiderent:

990 1536 1004 1579 ξ
1028 1535 1059 1569 3.
1086 1535 1156 1573 Nos,
1183 1535 1358 1578 specialem
1385 1534 1462 1577 ipsis
1487 1535 1877 1587 Oxt‘fflffiss‘i‘.=..*,'.'g⁰1¹.³.s;25.i'3'1.

946 1589 1005 1622 bus
1039 1589 1173 1630 gratiam
1202 1588 1305 1621 facere
1333 1589 1488 1626 volentes,
1522 1594 1876 1621 eteorummet-lenem·

946 1642 1126 1683 singulares
1151 1651 1305 1683 personas
1331 1651 1347 1672 a
1367 1640 1532 1683 quibusvis
1556 1651 1683 1673 excom-

947 1693 1184 1732 municationis,
1212 1693 1436 1736 suspensionis
1460 1698 1491 1726 et
1508 1693 1682 1731 interdicti,

947 1747 1082 1788 aliisque
1101 1745 1322 1778 ecclesiasticis
1340 1743 1519 1783 sententiis,
1538 1745 1682 1776 censuris

948 1805 980 1832 et
1003 1799 1126 1842 poenis,
1153 1809 1170 1830 a
1194 1798 1263 1830 iure
1285 1798 1333 1829 vel
1352 1798 1390 1829 ab
1408 1797 1552 1835 homine,
1573 1797 1683 1839 quavis

947 1851 1117 1884 occasione
1141 1850 1190 1882 vel
1212 1850 1307 1881 causa
1325 1849 1405 1887 latis,
1425 1849 1450 1881 si
1470 1848 1585 1892 quibus
1604 1859 1683 1891 quo-

947 1903 1127 1936 modolibet
1150 1902 1322 1934 innodatae
1348 1902 1497 1939 existunt,
1527 1901 1565 1933 ad
1592 1912 1684 1943 prae-

947 1957 1118 1989 missorum
1137 1955 1284 1988 effectum
1304 1954 1467 1986 dumtaxat
1483 1964 1685 1996 consequeu-

948 2010 1031 2047 dum,
1051 2009 1163 2041 harum
1181 2008 1263 2040 serie
1281 2007 1487 2039 absolventes
1508 2011 1539 2038 et
1556 2007 1684 2038 absolu-

949 2067 994 2094 tas
1021 2061 1087 2093 sore
1114 2065 1295 2098 censentes,
1318 2058 1609 2101 supplicationibus
1633 2068 1685 2090 eo-

948 2125 1018 2146 rum
1045 2114 1175 2146 nomine
1201 2112 1293 2144 nobis
1319 2122 1417 2153 super
1436 2112 1497 2143 lioc
1515 2110 1684 2143 humiliter

949 2166 1107 2209 porrectis
1131 2164 1289 2203 inclinati,
1309 2164 1347 2195 de
1365 2162 1600 2195 venerabilium
1624 2163 1685 2194 sra-

951 2224 1032 2250 trum
1058 2223 1242 2250 nostrorum
1275 2216 1306 2249 S.
1338 2216 1375 2248 R.
1402 2215 1437 2248 E.
1471 2215 1684 2248 cardinalium

950 2270 1089 2313 negotiis
1122 2276 1154 2302 et
1187 2269 1479 2302 consultationibus
1516 2268 1685 2311 episcopo-

950 2333 1020 2355 rum
1049 2328 1081 2355 et
1110 2322 1307 2363 regularium
1324 2321 1583 2364 praepositorum
1609 2331 1684 2352 con-

951 2374 1036 2413 silio,
1063 2374 1192 2406 attentis
1219 2374 1383 2416 expositis,
1409 2379 1526 2405 statuta
1554 2384 1607 2405 seu
1629 2373 1685 2404 de-

951 2432 1039 2459 creta
1062 2437 1158 2469 supra
1182 2436 1341 2468 expressa,
1363 2437 1379 2457 a
1400 2424 1584 2458 delinitorio
1603 2425 1684 2456 sacta

953 2484 987 2510 ut
1011 2478 1196 2521 praefertur,
1223 2478 1412 2510 auctoritate
1435 2477 1622 2520 apostolica,
1642 2482 1686 2508 te-

1734 1073 1813 1092 Petitur
1829 1078 1877 1092 ron·

1693 1099 1789 1119 tiriliano.

186 2543 266 2570 dibus
283 2544 342 2571 vide
360 2544 470 2572 constit.
492 2544 539 2572 ΕΦ
552 2545 681 2573 iniuncto
695 2546 776 2575 ηοω,
796 2552 831 2575 Lx
850 2546 910 2576 Cle·
952 2541 1031 2564 nore
1049 2530 1274 2575 praesentium,
1289 2530 1514 2564 confirmamus
1528 2534 1559 2562 et
1571 2539 1685 2572 appro-

187 2588 282 2617 meniis
301 2589 324 2616 X
343 2589 424 2627 (tom.
445 2595 522 2625 xvia,
545 2597 607 2627 pag.
627 2590 701 2625 ¹8⁴2).

952 2583 1073 2625 bamus,
1100 2583 1227 2630 illisque
1256 2582 1452 2618 inviolabilis
1483 2582 1685 2629 apostelicae
