2111 3157
185 233 237 259 An.
263 232 292 259 c.
311 230 380 258 ¹686
425 220 489 255 '713

375 279 550 319 indiarum,
574 288 633 311 nec
659 288 771 311 eorum
798 275 1024 320 guaroiani'et
1050 276 1112 309 dis-

377 332 454 365 creti
475 331 748 367 determinationi,
782 340 800 362 a
830 329 1006 373 praedictis
1039 330 1114 361 mis-

377 385 501 417 sionum
528 390 558 416 et
584 383 745 415 Indiarum
770 381 1001 415 commissariis
1030 382 1114 414 circa

376 437 538 481 praefatos
560 436 673 468 fratres
690 440 803 478 sponte
829 435 861 467 in
885 435 992 467 Iudias
1014 440 1114 467 trans-

376 489 422 521 ire
448 489 606 530 eligentes
632 494 756 534 mature
791 486 923 527 sactae¹‚
951 498 983 520 se
1010 497 1113 530 oppo-

376 551 453 573 nere
479 541 535 573 sub
561 541 670 583 aliquo
696 534 865 583 praetextu
890 541 1040 581 audeant,
1057 540 1112 573 sed

376 592 450 625 eas²
474 593 581 626 statim
602 592 784 626 executioni
809 593 962 626 mandare
980 593 1112 626 omnino

376 650 561 688 procurent.
589 645 792 686 Missionarii,
819 646 884 690 qui,
903 645 1062 678 decennio
1080 645 1113 677 in

376 699 529 732 exercitio
566 699 758 732 missionum
790 699 995 732 laudabiliter
1027 709 1114 732 com-

376 753 485 794 pleto,
510 753 549 785 ad
575 753 740 796 propriam
773 753 974 796 provinciam
1006 753 1112 786 redire

377 806 547 846 voluerint,
574 807 757 840 facultatem
784 807 821 839 ad
847 806 879 839 id
904 817 921 839 a
944 805 1112 839 seminarii

377 860 555 902 guardiano
581 865 612 892 et
637 859 860 893 testimonium
886 859 925 892 ab
951 859 1065 892 eodem
1084 863 1114 892 et

377 911 528 945 discretis
554 917 685 955 petant·‚
713 912 774 955 ipsi
800 917 905 944 autem
932 922 991 945 nec
1016 911 1113 944 sacul-

377 970 472 998 tatem
515 976 575 998 nec
608 965 829 998 testimonium
869 975 987 1008 negare
1021 969 1114 1008 pote-

376 1023 467 1058 runt,
490 1023 522 1051 et
546 1018 754 1061 provincialis
778 1018 963 1061 praedictae
987 1017 1114 1060 provin-

376 1071 443 1104 ciae
459 1076 672 1104 revertentem
685 1071 832 1114 recipere
851 1072 911 1104 sub
928 1071 1114 1104 memoratis

375 1124 489 1166 poenis
515 1134 644 1167 semper
664 1129 824 1164 teneatur,
848 1124 1036 1167 eisdemque
1054 1124 1115 1167 pri-

375 1177 507 1219 vilegiis,
535 1177 789 1210 antelationibus
808 1182 839 1210 et
860 1177 970 1219 gratiis
992 1178 1115 1220 praesa-

375 1235 427 1262 tus
459 1230 683 1269 missionarius
719 1241 755 1262 ex
797 1236 871 1262 tunc
911 1230 942 1262 in
981 1231 1114 1273 propria

375 1284 542 1327 provincia
567 1283 612 1318 uti
649 1294 685 1316 ac
710 1284 851 1326 gaudere
876 1283 1019 1326 poterit,
1046 1284 1115 1327 qui-

375 1337 436 1369 bus
462 1337 624 1369 frueretur
654 1336 679 1369 si
716 1335 892 1368 triennium
924 1336 1115 1379 guardiana-

376 1394 427 1422 tus
454 1394 598 1432 tempore
624 1389 674 1421 sui
710 1389 877 1431 ingressus
910 1389 1115 1422 laudabiliter

374 1441 408 1474 in
441 1442 527 1475 dicta
563 1441 728 1484 provincia
764 1440 888 1474 finiret:
916 1442 968 1485 qui
1008 1448 1115 1475 autem

375 1500 450 1528 ante
475 1495 667 1528 decennium
693 1496 899 1538 completum,
914 1496 961 1527 vel
983 1496 1051 1528 sine
1070 1500 1115 1528 te-

376 1548 541 1589 stimonio,
570 1548 602 1580 in
628 1559 690 1592 quo
717 1548 942 1581 discretorium
975 1549 1013 1581 de
1044 1550 1114 1582 zelo

375 1606 406 1634 et
422 1601 585 1644 plausibili
607 1601 764 1645 praedicti
783 1600 975 1634 missionarii
995 1601 1025 1633 in
1044 1602 1116 1634 mis-

375 1654 522 1687 sionibus
541 1665 719 1698 progressu
733 1659 878 1693 testetur,
897 1655 935 1686 ad
950 1655 1114 1697 propriam

375 1708 574 1752 provinciam
600 1708 733 1747 venerit,
759 1708 873 1750 poenis
900 1708 1042 1750 expulsis
1064 1718 1115 1740 su-

375 1771 434 1805 pra
471 1761 631 1804 impositis
671 1761 973 1804 indispensabiliter
1011 1761 1116 1794 subia-

375 1819 464 1855 ceat3
498 1814 560 1848 nisi
586 1814 692 1857 aliqua
725 1814 895 1846 iufirmitas
927 1813 1115 1847 incurabilis

376 1868 525 1911 (propter
550 1879 644 1911 quam
664 1878 681 1899 a
699 1867 881 1900 seminariis
906 1867 1043 1910 quilibet
1062 1878 1117 1900 an-

375 1927 405 1955 te
439 1922 559 1955 dictum
585 1921 776 1954 decennium
797 1948 804 1961 ,
832 1927 861 1953 et
889 1932 954 1954 uon
981 1927 1113 1964 postea,

376 1975 501 2008 etiamsi
527 1980 692 2007 senectute
718 1975 852 2013 laboret,
880 1975 999 2017 expelli
1025 1980 1116 2017 pote·

376 2029 431 2071 rit)
450 2029 635 2071 praedictae
661 2028 862 2071 expulsionis
882 2038 977 2060 causa
994 2030 1043 2061 vel
1065 2039 1116 2061 oc-

376 2081 463 2114 casio
489 2082 603 2121 suerit·,
631 2080 704 2124 qui³
729 2081 761 2112 in
800 2081 861 2113 boc
901 2091 975 2113 casu
1006 2083 1114 2114 nullus

377 2135 483 2178 aliqua
507 2137 612 2178 poena
638 2134 753 2176 dignus
778 2134 904 2167 censeri
939 2134 1047 2167 debet.
1083 2135 1115 2167 Si

377 2188 552 2231 aliquando
578 2187 751 2230 contigerit
771 2187 911 2230 aliquem
937 2198 973 2220 ex
992 2187 1116 2221 missio-

377 2241 476 2273 nariis
503 2240 536 2273 in
559 2241 756 2273 visitatorem
782 2241 830 2272 vel
870 2241 1115 2274 reformatorem

379 2300 430 2326 aut
443 2294 623 2326 ministrum
641 2294 871 2337 provincialem
887 2294 1019 2326 alicuius
1041 2305 1116 2337 pro-

964 228 1145 252 nrtLARtUM
1168 228 1319 253 ROMANUM

1155 282 1326 320 postquam
1351 276 1552 320 praedictum
1584 287 1701 311 munus
1731 267 1887 315 adimple·

1154 330 1245 371 verit,
1272 330 1311 363 ad
1336 331 1505 374 proprium
1526 331 1735 365 seminarium
1756 338 1892 366 reverta·

1156 387 1229 424 tur,
1257 384 1355 417 immo
1391 384 1511 428 aliquid
1547 395 1657 417 secum
1688 395 1752 418 non
1789 385 1890 426 ferat,

1155 435 1243 478 quod
1282 436 1481 479 apostolicae
1521 437 1659 469 nuditati
1703 437 1891 470 contrariari

1155 489 1277 529 valeat;
1306 493 1346 530 et,
1372 489 1396 521 si
1422 500 1439 521 a
1464 489 1547 522 dicta
1571 490 1751 533 provincia,
1777 491 1827 523 vel
1853 490 1892 523 ab

1154 541 1263 584 aliquo
1288 547 1459 581 conventu,
1486 547 1541 574 aut
1564 543 1604 575 ab
1630 543 1792 586 aliquibus
1815 542 1894 575 utri-

1155 604 1258 637 usque
1290 605 1382 627 sexus
1415 595 1551 627 subditis
1588 596 1636 628 vel
1668 595 1893 639 superioribus

1155 647 1262 690 aliqua
1279 648 1481 688 munuscula,
1502 659 1583 691 quae
1598 649 1794 682 coniunctim
1812 660 1895 682 sum-

1155 705 1209 742 pta
1235 701 1447 744 quantitatem
1474 701 1568 733 unius
1593 701 1671 734 scuti
1705 702 1795 735 aurei
1821 712 1895 745 per-

1157 752 1291 795 tingant,
1319 758 1391 785 ante
1429 753 1477 786 vel
1504 758 1576 796 post
1602 753 1699 786 finem
1725 754 1772 786 sui
1797 754 1894 788 officii

1156 805 1302 849 recipere
1333 816 1430 838 ausus
1461 806 1558 839 suerit
1582 807 1722 850 <etiamsi
1758 807 1798 839 sit
1833 807 1894 840 sub

1156 863 1323 900 praetextu
1349 859 1483 893 devotae
1502 860 1744 901 recordationis,
1763 861 1812 893 vel
1833 870 1894 904 pro

1156 911 1257 952 libris,
1283 911 1489 954 imaginibus,
1517 913 1675 956 reliquiis,
1708 924 1763 946 seu
1797 914 1895 947 rebus

1156 964 1256 997 sacris
1283 964 1485 998 devotionem
1511 966 1655 999 fidelium
1686 972 1718 999 et
1738 966 1896 1000 sufficien-

1156 1018 1231 1050 tiam
1267 1028 1301 1051 ac
1330 1018 1508 1051 efficaciam
1539 1019 1818 1053 missionariorum
1844 1031 1895 1054 so-

1155 1070 1259 1103 lidare
1285 1071 1491 1115 valentibus),
1510 1072 1580 1116 ipso
1598 1072 1681 1106 sacto
1706 1073 1830 1106 actibus
1849 1074 1896 1107 le-

1156 1123 1276 1166 gitimis
1302 1130 1471 1157 remaneat
1502 1136 1560 1168 per
1589 1126 1794 1169 septennium
1829 1126 1896 1170 pri-

1156 1182 1262 1217 vatus;
1287 1176 1458 1222 eidemque
1480 1189 1605 1222 poenae
1634 1178 1897 1222 indispensabili-

1157 1234 1204 1262 ter
1228 1229 1402 1270 subiaceat,
1420 1231 1456 1271 si,
1475 1236 1607 1274 peracto
1631 1231 1747 1273 officio,
1772 1232 1895 1276 absque

1157 1283 1301 1326 legitima
1326 1286 1423 1318 causa
1437 1296 1454 1318 a
1471 1283 1552 1318 Sede
1571 1285 1758 1328 Apostolica
1780 1295 1896 1329 appro-

1156 1340 1270 1381 banda,
1286 1336 1485 1374 domicilium
1503 1339 1535 1371 in
1550 1338 1717 1382 praedicta
1730 1338 1896 1381 provincia

1157 1393 1304 1436 elegerit,
1332 1398 1386 1425 aut
1421 1392 1445 1424 si
1480 1391 1563 1424 intra
1595 1396 1733 1434 quatuor
1766 1401 1896 1425 menses

1157 1446 1368 1479 seminarium
1408 1445 1585 1488 praefatum
1616 1455 1727 1478 versus
1764 1444 1803 1477 ab
1840 1444 1896 1478 illa

1157 1509 1221 1532 non
1248 1499 1445 1541 egrediatur.
1473 1497 1561 1531 Ultra
1579 1507 1750 1530 numerum
1769 1497 1896 1541 religio·

1158 1562 1269 1585 sorum
1295 1552 1445 1595 superius
1471 1550 1719 1594 praescriptum,
1740 1560 1821 1583 unus
1840 1560 1897 1594 po-

1158 1605 1232 1638 terit
1255 1604 1287 1637 in
1313 1604 1460 1648 quolibet
1484 1603 1657 1637 seminario
1683 1603 1815 1644 admitti,
1838 1603 1895 1647 qui

1158 1669 1383 1702 progressum,
1418 1669 1454 1691 ac
1480 1658 1603 1690 fructus
1640 1662 1672 1690 et
1704 1667 1809 1699 casus,
1836 1668 1895 1692 seu

1159 1717 1292 1744 eventus
1314 1711 1501 1745 missionum
1524 1710 1807 1751 extraordinarios,
1824 1711 1896 1744 mis·

1158 1765 1437 1808 sionariorumque
1478 1769 1566 1807 gesta
1602 1770 1634 1797 et
1673 1764 1896 1808 exemplarem

1158 1818 1261 1858 vitam,
1287 1817 1529 1860 privilegiorum
1560 1821 1689 1856 statum,
1722 1816 1896 1850 dubiorum

1158 1870 1188 1902 in
1204 1870 1408 1902 missionibus
1427 1869 1666 1902 occurrentium
1684 1868 1892 1910 decisionem,

1158 1924 1377 1957 doctrinarum
1412 1922 1554 1954 securius
1595 1921 1896 1964 amplectendarum

1158 1983 1188 2010 et
1220 1976 1510 2020 praedicaudarum
1542 1974 1753 2018 compendia,
1791 1974 1894 2008 libros

1158 2036 1190 2064 et
1215 2030 1387 2063 summaria
1413 2029 1568 2068 scribere,
1596 2034 1639 2068 et,
1667 2027 1802 2061 servatis
1828 2038 1896 2061 ser-

1157 2083 1280 2123 vandis,
1299 2083 1337 2115 de
1355 2082 1488 2114 licentia
1502 2087 1607 2114 tamen
1620 2080 1790 2121 Ordinarii,
1811 2081 1894 2125 typis

1158 2137 1309 2170 mandare
1335 2136 1462 2168 studeat
1480 2146 1515 2167 ac
1533 2135 1647 2175 valeat,
1673 2134 1805 2177 ipseque
1823 2133 1895 2167 scri-

1157 2195 1231 2233 ptor
1255 2188 1420 2222 seminarii
1445 2189 1637 2231 appelletur,
1662 2192 1693 2220 et
1717 2187 1896 2230 exemptio-

1157 2242 1251 2275 nibus
1270 2253 1306 2274 ac
1321 2241 1462 2281 indultis,
1485 2252 1501 2273 a
1520 2238 1710 2273 discretorio
1728 2239 1895 2273 seminarii

1159 2296 1313 2335 taxandis,
1333 2294 1466 2338 pacifice
1485 2294 1621 2327 fruetur.

1898 230 1948 258 An.
1968 230 1996 259 C.
2013 232 2075 261 ¹686

377 2346 499 2379 vinciae
534 2347 626 2389 eligi,
666 2347 822 2379 eiusmodi
849 2346 1040 2379 electionem
1067 2358 1116 2380 ra-

379 2404 442 2430 tam
469 2399 582 2431 baberi
616 2405 646 2432 et
671 2400 855 2432 executioni
885 2400 1031 2433 mandari
1065 2411 1116 2433 vo-

379 2452 484 2485 lumus
517 2457 549 2484 et
583 2453 810 2493 decernimus;
850 2455 971 2487 electus
995 2459 1113 2495 tamen,

1201 2359 1248 2381 in.
1275 2347 1366 2386 Quod
1392 2347 1508 2380 electio
1534 2346 1703 2390 guardiani
1722 2346 2088 2403 ⁰¹¹i¹¹³¹ibetmsslfiflss‘dlffssv'il

1157 2401 1322 2435 seminarii
1348 2401 1402 2433 siat
1425 2412 1442 2434 a
1467 2399 1633 2443 superiore
1659 2401 1804 2443 generali
1828 2401 1895 2433 illa·
1905 2394 2087 2454 flgrgigarflfffffl·

1157 2466 1226 2487 rum
1266 2455 1417 2498 partium,
1458 2455 1490 2487 in
1530 2454 1645 2498 quibus
1685 2453 1895 2487 seminarium
1923 2447 1939 2458 ”
2033 2446 2039 2457 ’
2080 2444 2090 2460 '⁷

1158 2508 1263 2548 suerit,
1290 2508 1355 2541 sive
1388 2508 1427 2540 ab
1453 2507 1521 2540 eius
1546 2506 1676 2550 speciali
1706 2506 1894 2540 commissa-

1157 2560 1205 2593 rio
1231 2561 1389 2603 delegate,
1404 2571 1440 2595 ex
1467 2561 1570 2594 tribus
1595 2560 1739 2593 eiusdem
1760 2559 1895 2593 semina-

1158 2614 1197 2647 rii
1215 2614 1359 2658 patribus
1375 2625 1432 2659 per
1450 2620 1572 2649 secreta
1590 2614 1737 2658 suffragia
1752 2613 1896 2649 omnium

416 2537 426 2557 1
450 2532 514 2558 Male
531 2532 594 2559 edit.
612 2533 689 2559 Μαίη.
711 2534 773 2567 legit
787 2536 879 2569 saclas
895 2537 931 2567 (a.
948 2535 997 2569 Τ.).

413 2573 430 2602 2
451 2576 540 2603 Potius
561 2577 617 2609 lege
634 2585 695 2603 eam
716 2579 754 2620 (tt.
770 2580 818 2610 T.).

414 2620 430 2649 3
451 2620 558 2648 Videtur
577 2621 665 2658 potius
685 2622 826 2656 legendum
847 2624 914 2657 quia
935 2624 972 2659 (R.
994 2623 1042 2660 Τ.).
