2111 3157
145 199 192 225 an.
215 197 241 225 c.
261 197 326 225 1680
371 188 434 223 ⁶26ss

172 366 291 387 Clausulas.

338 254 488 286 neantur,
510 252 622 280 tenore
648 244 882 289 praesentium,
903 241 1073 275 statuimus

339 306 370 333 ct
394 302 592 334 ordinamus.

383 354 397 396 ξ
423 352 454 385 3.
482 353 700 385 Decernentes
729 349 859 382 easdem
884 353 1073 391 praesentes

339 406 475 445 litteras,
496 411 526 437 ct
547 404 577 436 in
596 404 641 435 cis
659 407 813 435 contenta
837 411 1071 444 quaecumque,

340 459 437 491 etiam
459 468 495 490 ex
522 468 559 489 eo
586 456 672 499 quod
701 455 839 498 quilibet
862 454 894 486 in
920 453 1074 496 praemis—

340 512 383 543 sis
408 511 563 542 interesse
590 509 749 541 habentes
777 518 835 540 seu
856 507 977 539 habere
996 517 1074 548 quo-

339 563 518 595 modolibet
531 561 795 604 praetendentes,
815 559 912 593 etiam
926 559 1074 602 specifica

341 622 372 648 et
397 615 563 647 individua
600 613 763 646 mentione
800 618 830 645 et
866 611 1072 654 expressione

340 668 438 710 digni,
459 668 521 700 illis
546 678 612 699 non
637 665 869 704 consenserint,
896 675 955 697 nec
980 665 1018 696 ad
1036 675 1074 697 ea

338 721 453 760 vocati,
470 720 554 752 citati
573 725 604 752 et
616 719 727 758 auditi,
743 729 847 760 neque
863 728 987 755 causae,
1006 727 1074 760 pro-

338 780 412 817 pter
437 784 515 816 quas
541 773 629 815 ipsae
655 777 843 814 praesentes
869 771 1072 810 emanarint,

339 826 538 858 sufficienter
562 825 730 863 adductae,
761 823 946 856 verificatae
972 829 1004 856 et
1027 824 1074 855 iu-

340 879 495 911 stificatae
523 878 658 916 suerint,
688 882 743 909 aut
768 887 803 909 ex
830 877 891 909 alia
916 876 1072 918 qualibet,

339 932 436 964 etiam
461 930 663 973 quantumvis
689 930 831 969 iuridica,
851 929 903 972 pia
923 935 955 962 et
978 929 1075 972 privi-

339 985 456 1025 legiata
486 985 589 1021 causa,
616 984 738 1022 colore,
768 985 934 1025 praetextu
967 987 997 1015 et
1025 992 1075 1014 ca-

339 1037 415 1079 pite,
434 1036 528 1069 etiam
543 1036 574 1067 in
593 1046 728 1078 corpore
747 1035 824 1067 iuris
839 1036 961 1074 clauso,
981 1035 1075 1067 etiam

339 1090 492 1127 enormis,
518 1089 761 1121 enormissimae
787 1093 818 1120 et
838 1088 946 1121 totalis
964 1087 1075 1120 laesio-

339 1143 398 1183 nis,
431 1144 521 1175 nullo
546 1152 688 1185 unquam
714 1146 860 1183 tempore
887 1142 926 1174 de
961 1141 1074 1173 subre-

339 1195 459 1238 ptionis
497 1196 546 1228 vel
587 1194 791 1237 obreptionis
827 1199 881 1226 aut
916 1193 1074 1226 nullitatis

338 1248 426 1287 vitio,
452 1258 509 1280 seu
539 1247 729 1279 intentionis
758 1252 899 1285 nostrae,
922 1251 975 1278 aut
998 1247 1076 1278 inte-

340 1312 428 1333 resse
454 1301 642 1334 habentium
666 1309 854 1339 consensus,
872 1300 973 1332 aliove
999 1309 1076 1341 quo-

339 1354 419 1387 libet
444 1354 542 1386 etiam
573 1353 775 1396 quantumvis
805 1363 922 1394 magno
948 1357 980 1384 et
1004 1352 1076 1384 sub-

340 1406 506 1445 stantiali,
543 1405 807 1447 individuamque
832 1405 1075 1448 expressionem

339 1460 526 1502 requirente
553 1459 679 1491 defectu
710 1458 838 1498 notari,
867 1458 1074 1500 impugnari,

339 1510 482 1552 limitari,
511 1511 663 1553 infringi,
690 1510 870 1550 invalidari,
899 1510 1076 1556 retractari,

340 1566 373 1598 in
402 1564 654 1598 controversiam
683 1564 798 1603 vocari,
818 1568 872 1596 aut
896 1564 935 1596 ad
968 1563 1077 1596 termi-

340 1629 398 1651 nos
417 1618 494 1650 iuris
520 1617 641 1656 reduci,
661 1627 718 1649 seu
739 1617 894 1649 adversus
912 1616 984 1649 illas
1006 1627 1078 1658 ape-

341 1670 468 1703 ritionis
501 1670 576 1709 oris,
600 1669 812 1703 restitutionis
842 1669 873 1701 in
905 1669 1076 1710 integrum,

342 1724 467 1757 aliudve
490 1723 716 1766 quodcumque
738 1723 829 1762 iuris,
853 1722 926 1755 sacti
944 1724 994 1755 vel
1013 1733 1077 1764 gra-

343 1777 405 1809 tiae
431 1776 609 1809 remedium
637 1775 789 1807 intentari
821 1776 871 1807 vel
897 1774 1075 1817 impetrari,

343 1835 397 1862 aut
422 1830 605 1871 impetrato,
627 1838 684 1860 seu
707 1827 801 1860 etiam
828 1832 928 1866 motu,
945 1827 1079 1859 scientia

343 1888 374 1915 et
398 1881 568 1925 potestatis
587 1880 790 1923 plenitudine
816 1880 977 1912 similibus
1002 1890 1079 1912 con-

343 1945 430 1967 cesso
457 1935 505 1966 vel
531 1939 689 1972 emanato,
717 1933 901 1975 quempiam
940 1932 973 1964 in
999 1932 1080 1964 iudi-

344 1988 392 2020 cio
411 1988 459 2019 vel
479 1991 568 2019 extra
586 1986 665 2018 illud
690 1985 735 2017 uti
760 1995 817 2017 seu
835 1995 868 2017 se
886 1985 994 2017 iuvare
1012 1986 1079 2017 ullo

344 2041 439 2073 modo
457 2049 570 2082 posse;
587 2039 641 2071 sed
660 2038 743 2081 ipsas
758 2043 943 2081 praesentes
958 2037 1079 2070 litteras

344 2103 473 2135 semper
497 2092 615 2131 sirmas,
638 2091 759 2124 validas
785 2095 816 2123 et
841 2090 989 2123 efficaces
1016 2090 1080 2122 exi-

345 2151 428 2177 stere
455 2150 485 2177 et
510 2145 599 2184 sore,
621 2154 759 2187 suosque
785 2143 951 2186 plenarios
977 2148 1007 2175 et
1032 2143 1080 2175 in-

347 2203 453 2239 tegros
490 2197 621 2230 etl‘ectus
657 2197 764 2230 sortiri
791 2203 822 2229 et
846 2196 992 2229 obtinere
1010 2222 1017 2236 ‚
1044 2206 1080 2228 ac

346 2251 383 2282 ab
403 2251 474 2289 illis,
501 2251 539 2282 ad
557 2261 636 2292 quos
655 2254 788 2293 spectat,
808 2254 840 2281 et
857 2259 915 2291 pro
934 2255 1078 2291 tempore

346 2304 613 2346 quandocumque
628 2303 796 2346 spectabit,
809 2301 1039 2335 inviolabiliter
1050 2307 1080 2334 et

346 2357 538 2388 inconcusse
564 2356 742 2396 observari,
758 2355 868 2398 sicque
886 2360 918 2387 et
942 2365 1007 2386 non
1028 2354 1081 2387 ali-

347 2415 395 2441 ter
419 2419 478 2451 per
502 2419 722 2450 quoscumque
748 2407 871 2440 iudices
896 2407 1079 2439 ordinarios

347 2468 378 2495 ct
396 2463 570 2503 delegatos,
589 2461 683 2493 ctiam
700 2471 868 2493 causarum
883 2460 992 2503 palatii
1007 2471 1081 2502 apo-

347 2515 452 2547 stolici
471 2514 646 2553 auditores,
665 2524 699 2545 ac
716 2515 745 2546 S.
767 2514 803 2545 R.
824 2514 858 2545 E.
886 2513 1079 2551 cardinales,

347 2574 443 2604 etiam
470 2568 508 2601 de
533 2569 633 2602 latere
666 2569 788 2610 legatos
820 2572 851 2599 et
875 2565 1079 2610 Apostolicae

920 193 1099 218 BELLARtrM
1123 193 1274 218 ROMANCM

1116 241 1206 274 Sedis
1239 242 1395 281 nuncios,
1431 241 1550 275 aliosve
1583 242 1746 285 quoslibet
1777 253 1851 286 qua-

1116 305 1253 337 cumque
1277 294 1531 337 praeeminentia
1552 300 1583 328 et
1601 300 1761 338 potestate
1785 296 1852 328 sun-

1117 350 1230 387 gcntes
1256 351 1287 378 et
1312 345 1497 385 suncturos,
1523 347 1648 378 sublata
1672 347 1717 379 eis
1742 352 1775 380 et
1798 358 1852 380 eo-

1118 408 1186 430 rum
1212 397 1345 430 cuilibet
1370 398 1479 441 quavis
1507 399 1601 431 aliter
1631 398 1795 432 iudicandi
1820 405 1852 433 et

1118 450 1353 494 interpretandi
1388 451 1540 484 facultate
1577 457 1609 484 ct
1638 453 1851 493 auctoritate,

1117 504 1251 536 iudicari
1277 508 1308 536 et
1332 503 1459 537 definiri
1495 505 1613 537 debere
1631 531 1638 544 ,
1665 515 1701 536 ac
1724 504 1852 538 irritum

1117 561 1148 589 et
1172 557 1267 589 inane
1286 557 1312 589 si
1333 568 1426 590 secus
1452 568 1551 600 super
1575 558 1625 590 his
1643 569 1660 590 a
1677 569 1852 601 quoquam,

1117 610 1228 652 quavis
1253 610 1454 649 auctoritate,
1469 610 1612 643 scienter
1631 611 1681 643 vel
1702 610 1853 653 ignoran-

1119 667 1178 701 ter,
1203 663 1375 705 contigerit
1400 664 1563 696 attentari.

1162 715 1228 757 §4
1256 716 1325 748 Non
1352 716 1555 749 obstantibus
1585 717 1787 760 praemissis,
1817 728 1854 751 ac

1119 768 1404 800 constitutionibus
1436 773 1468 801 et
1492 769 1752 802 ordinationibus
1776 781 1854 812 apo-

1119 820 1263 860 stolicis,
1288 831 1414 853 necnon
1441 821 1543 854 dictae
1569 821 1852 864 Congregationis,

1119 872 1252 915 eiusque
1278 874 1561 913 monasteriorum,
1578 879 1610 906 et
1629 874 1700 907 aliis
1726 874 1855 917 quibus-

1118 924 1172 963 vis,
1192 925 1382 964 imamento,
1402 926 1646 959 confirmatione
1661 927 1852 969 apostolica,

1119 978 1167 1010 vel
1194 978 1305 1020 quavis
1330 977 1483 1011 firmitate
1509 979 1570 1011 alia
1594 979 1767 1019 roboratis,
1792 985 1856 1012 sta-

1120 1031 1197 1063 tutis
1218 1035 1247 1064 et
1264 1032 1564 1071 consuetudinibus,
1585 1032 1721 1065 decretis
1742 1038 1773 1065 et
1794 1033 1855 1066 usi-

1118 1084 1191 1123 bus,
1209 1084 1306 1116 etiam
1332 1084 1653 1124 immemorabilibus,
1679 1084 1856 1127 privilegiis

1119 1147 1270 1179 quoque,
1297 1136 1430 1169 indultis
1463 1142 1494 1169 et
1517 1137 1632 1170 litteris
1667 1138 1855 1180 apostolicis

1119 1190 1223 1222 eidem
1247 1189 1506 1232 Congregationi,
1532 1190 1665 1233 eiusque
1693 1197 1857 1223 monaste-

1859 173 1908 222 !in.
1929 193 1958 222 c.
1975 194 2042 223 ¹680

1932 727 2045 753 Det-onam

1864 755 2024 776 contrariorum.

1119 1242 1191 1281 riis,
1219 1242 1443 1284 superioribus
1468 1247 1499 1275 et
1524 1243 1673 1285 personis
1698 1243 1863 1286 quibusli-

1119 1295 1186 1335 bet,
1207 1295 1266 1327 sub
1292 1295 1549 1338 quibuscumque
1572 1296 1742 1328 verborum
1768 1302 1858 1329 teno-

1121 1347 1209 1380 ribus
1234 1352 1266 1380 et
1290 1347 1410 1387 formis,
1429 1358 1465 1380 ac
1483 1358 1553 1380 cum
1572 1348 1736 1390 quibusvis
1761 1349 1857 1381 etiam

1121 1400 1403 1441 derogatoriarum
1443 1400 1659 1442 derogatoriis
1674 1427 1682 1441 ,
1719 1400 1855 1444 aliisque

1120 1451 1258 1484 insolitis
1282 1452 1434 1485 clausulis
1456 1458 1488 1484 et
1505 1452 1652 1492 decretis,
1679 1453 1710 1485 in
1737 1463 1857 1495 genere

1120 1506 1169 1537 vel
1193 1506 1226 1537 in
1252 1505 1377 1548 specie,
1412 1504 1507 1537 etiam
1532 1510 1637 1545 motu,
1664 1505 1798 1538 scientia
1825 1510 1858 1538 et

1120 1558 1289 1600 potestatis
1306 1557 1510 1601 plenitudine
1533 1559 1677 1601 paribus,
1696 1569 1732 1591 ac
1752 1558 1858 1591 consi-

1121 1611 1304 1650 storialiter,
1323 1615 1355 1643 et
1375 1610 1452 1643 alias
1470 1610 1716 1653 quomodolibet
1732 1611 1765 1643 in
1786 1621 1858 1643 con-

1123 1664 1254 1696 trarium
1273 1663 1522 1706 praemissorum
1546 1664 1716 1704 concessis,
1735 1674 1770 1697 ac
1787 1665 1859 1707 plu-

1122 1717 1183 1749 ries
1215 1727 1251 1749 ac
1283 1717 1553 1759 quantiscumque
1585 1716 1707 1749 vicibus
1733 1716 1855 1750 contir-

1122 1771 1233 1811 matis,
1265 1771 1452 1814 approbatis
1482 1776 1513 1804 et
1537 1771 1712 1811 innovatis;
1739 1771 1857 1814 quibus

1123 1825 1274 1858 omnibus
1299 1829 1331 1857 et
1356 1824 1512 1866 singulis,
1539 1824 1667 1857 etiamsi
1698 1834 1758 1867 pro
1788 1823 1860 1856 illo-

1122 1888 1193 1910 rum
1218 1876 1390 1910 sufficienti
1415 1876 1625 1918 derogatione
1650 1876 1689 1909 de
1714 1876 1779 1910 illis
1805 1888 1860 1911 eo-

1124 1940 1262 1972 rumque
1288 1929 1363 1962 totis
1394 1929 1561 1962 tenoribus
1593 1929 1760 1972 specialis,
1787 1941 1860 1973 spe-

1123 1982 1214 2016 cifica
1239 1987 1270 2014 et
1293 1981 1471 2022 individua,
1491 1992 1528 2014 ac
1552 1981 1592 2014 de
1612 1981 1712 2015 verbo
1737 1983 1777 2015 ad
1793 1993 1860 2015 ver-

1123 2034 1209 2074 bum,
1226 2045 1290 2067 non
1308 2038 1414 2066 autem
1436 2043 1494 2076 per
1510 2034 1671 2066 clausulas
1688 2035 1860 2076 generales

1124 2089 1207 2121 idem
1221 2086 1575 2130 importantes,menti0
1588 2097 1642 2119 seu
1653 2087 1783 2130 quaevis
1797 2088 1860 2121 alia

1123 2141 1286 2184 expressio
1305 2140 1455 2173 habenda
1479 2145 1534 2172 aut
1550 2140 1659 2183 aliqua
1675 2140 1737 2173 alia
1754 2140 1860 2183 exqui-

1123 2195 1183 2227 sita
1207 2195 1310 2227 forma
1334 2194 1373 2226 ad
1399 2194 1462 2226 hoc
1485 2193 1641 2225 servanda
1665 2193 1759 2233 soret,
1787 2194 1843 2226 illo

1124 2258 1194 2280 rum
1220 2253 1357 2287 tenores,
1380 2247 1507 2286 formas,
1526 2257 1639 2279 causas
1661 2251 1692 2278 et
1716 2246 1843 2278 occasio

1124 2311 1180 2333 nes
1198 2299 1425 2343 praesentibus
1451 2309 1511 2341 pro
1533 2299 1628 2341 plene
1650 2303 1682 2331 et
1704 2297 1849 2331 sufficien

1125 2358 1172 2385 ter
1208 2364 1243 2385 ac
1279 2352 1480 2385 exactissime
1516 2351 1668 2390 servatis,
1698 2350 1830 2383 insertis
1848 2376 1856 2390 ,

1124 2404 1285 2448 expressis
1310 2409 1342 2437 et
1371 2403 1562 2446 specificatis
1598 2402 1778 2446 respective
1805 2403 1861 2435 ha-

1123 2459 1248 2498 bentes,
1269 2457 1332 2491 illis
1351 2457 1430 2490 alias
1446 2457 1480 2489 in
1497 2467 1555 2489 suo
1573 2456 1692 2489 robore
1714 2466 1861 2498 perman-

1123 2512 1221 2551 suris,
1248 2511 1286 2543 ad
1318 2510 1570 2553 praemissorum
1600 2507 1765 2548 effectum,
1799 2508 1861 2540 hac

1124 2563 1189 2597 vice
1205 2564 1375 2604 dumtaxat,
1390 2562 1576 2606 specialiter
1590 2566 1620 2595 et
1638 2572 1790 2595 exoresse
1805 2562 1860 2595 de-
