2111 3157
179 236 227 262 An.
245 235 272 261 c.
297 236 363 263 tosa
408 228 472 261 4⁴38

199 1827 275 1847 Variae
292 1829 357 1847 muta-

174 1858 239 1873 lttiws
256 1861 272 1873 ri
294 1862 296 1864 ·
326 1860 356 1869 “-

192 1883 223 1900 liat
235 1884 341 1900 nationem

181 1915 183 1917 ’
222 1914 263 1927 runi
280 1910 298 1926 et
315 1914 346 1926 inu

174 1936 246 1954 lwttlttt
258 1935 283 1953 itii
294 1935 306 1953 ti
319 1937 355 1953 ΗΓ·

173 1962 226 1981 mni„
243 1962 318 1981 tactae.

374 287 491 329 quilius
511 286 658 319 omnibus
677 291 706 319 et
732 285 882 328 singulis,
903 284 1030 317 etiarnsi
1052 295 1109 327 pro

372 339 502 371 illorum
540 339 711 371 sufficienti
744 338 956 380 derogatione
982 338 1020 370 dc
1046 338 1109 370 iliis

373 401 552 434 eorumque
573 391 647 423 totis
670 390 837 423 tenoribus
863 390 1021 433 specialis,
1037 401 1110 433 spe-

371 443 461 476 citica
482 449 513 475 et
537 444 709 482 individua,
731 444 830 475 ac-de
854 437 952 476 verbo
977 444 1016 476 ad
1041 454 1110 476 ver-

372 498 459 533 hum,
481 507 546 529 non
561 501 667 529 autem
684 507 742 540 per
758 497 920 530 clausulas
939 497 1109 539 generales

371 550 457 581 idem
483 549 716 592 importantes,
745 550 866 583 mentio
899 559 954 582 seu
979 549 1109 592 quaevis

371 602 433 635 alia
458 602 623 645 expressio
649 607 703 635 aut
731 603 837 646 aliqua
861 603 925 636 alia
949 603 1109 647 exquisita

371 655 473 687 torma
498 655 537 687 ad
562 655 626 688 hoc
650 656 809 689 servanda
838 656 944 696 foret,
975 661 1107 689 tenores

371 708 570 748 huiusmodi,
598 709 825 752 praesentibus
857 720 915 753 pro
947 710 1045 752 plene
1078 715 1109 742 et

371 761 567 794 sufficienter
591 762 751 805 expressis
771 773 808 795 ac
833 763 872 795 ad
902 763 1036 796 verbum
1060 762 1109 795 in-

370 814 465 847 sertis
484 815 656 855 habentes,
676 815 738 848 illis
757 816 835 849 alias
854 815 887 848 in
909 826 968 848 suo
988 816 1108 849 robore

370 868 597 910 permansuris,
615 868 654 901 ad
679 868 929 911 praemissorum
947 868 1106 909 effectum,

370 920 430 952 hac
441 921 508 953 rice
524 921 699 961 dumtaxat,
715 921 900 964 specialiter
914 927 944 953 et
958 932 1108 965 expresse

369 974 576 1017 derogamus,
592 974 775 1018 ceterisque
790 974 959 1008 contrariis
978 975 1109 1018 quibus-

370 1037 518 1070 cumque.

414 1080 527 1112 Datum
540 1080 672 1120 Romae,
685 1081 770 1124 apud
784 1081 815 1113 S.
828 1081 968 1121 Petrum,
983 1081 1041 1113 sub
1055 1091 1109 1113 an-

369 1134 446 1165 nulo
472 1133 655 1173 piscatoris,
677 1134 727 1166 die
754 1144 793 1166 xx
813 1133 888 1166 maii
909 1143 1105 1175 MDCLxxxni,

369 1186 575 1228 pontificatus
601 1186 701 1219 nostri
723 1197 808 1219 anno
833 1196 889 1220 vn.

406 1248 462 1274 Dat.
482 1248 525 1276 die
540 1248 574 1275 20
590 1248 653 1275 maii
672 1248 750 1282 1683,
767 1248 864 1283 pontif.
887 1256 958 1276 anno
974 1255 1020 1276 vn.

667 1365 809 1399 CXXVII.

371 1435 616 1476 Confirmanlnr
630 1436 691 1469 cluo
705 1436 829 1469 clem-eta
842 1437 1108 1480 Conqreyatiom's

415 1488 554 1527 Conciliz'
571 1488 774 1521 dccci-nentia
798 1490 1008 1532 professiones
1033 1490 1107 1522 Bri-

413 1542 615 1583 (sillunorum
641 1542 898 1574 ll'ori‘ssz'morum
931 1553 994 1574 esse
1019 1543 1104 1575 rali-

413 1593 490 1630 das,
519 1604 633 1637 eosque
657 1594 914 1627 denominandos
942 1605 1006 1628 esse
1030 1596 1106 1628 Bri-

412 1647 554 1688 9z‘llonos
568 1646 588 1679 ¹.

554 1718 753 1746 Innocentius
775 1719 852 1752 Papa
872 1720 921 1753 xl,

508 1764 544 1789 ad
565 1763 697 1790 futuram
718 1764 762 1791 rei
782 1765 963 1791 memoriam.

411 1824 473 1867 §4-
495 1824 618 1868 Exponi
644 1826 737 1858 nobis
763 1836 867 1868 nuper
892 1826 1036 1859 fecerunt
1061 1826 1107 1859 di·

351 1878 440 1923 ·lecti
464 1877 523 1910 silii
554 1878 699 1920 religiosi
732 1878 901 1921 Brigittani
935 1878 1106 1912 Novissimi

367 1931 552 1974 nuncupati,
569 1932 655 1974 quod
670 1932 791 1964 dudum
809 1932 894 1965 Ordo
909 1933 1105 1975 regularium

367 1984 534 2026 utriusque
549 1994 641 2016 sexus
657 1985 716 2017 sub
733 1984 954 2018 nominatione
969 1985 1022 2018 SS.
1039 1985 1107 2018 Sal-

366 2037 485 2069 vatoris
517 2038 623 2079 (itaut
661 2037 748 2070 illius
780 2037 978 2071 monasteria
1009 2038 1107 2071 debe-

365 2095 437 2121 rent
464 2099 533 2121 esse
562 2089 723 2132 duplicia,
754 2089 894 2122 virorum
924 2090 1049 2123 scilicet
1076 2096 1107 2122 et

366 2142 538 2174 mulierum
575 2142 659 2174 intra
695 2142 806 2174 eadem
841 2147 932 2185 septa
967 2142 1027 2175 sub
1060 2143 1106 2175 di-

366 2195 465 2227 versis
504 2200 610 2227 tamen
645 2194 821 2228 clausulis‘z
850 2195 1062 2238 degentium)
1089 2206 1105 2227 a

369 2250 478 2280 sancta
514 2248 650 2290 Brigitta
681 2248 865 2288 institutus,
897 2254 927 2281 et
958 2259 975 2281 a
1000 2248 1104 2282 felicis

369 2301 602 2334 recordationis
627 2300 757 2334 Urbano
779 2301 863 2344 Papa
883 2301 938 2341 vl,
969 2301 1105 2345 aliisque

408 2408 415 2432 1
440 2406 475 2433 De
496 2406 598 2441 origine
614 2407 823 2441 Brigittanorum
841 2407 1059 2441 Novissimorum,
1076 2415 1107 2434 ac

369 2452 450 2477 causa
470 2451 564 2477 tiorum
584 2451 766 2486 decretorum,
784 2452 843 2479 vide
860 2451 1017 2479 Pontificum
1038 2452 1107 2479 Con-

369 2496 522 2522 stitutiones
543 2500 568 2522 et
583 2496 826 2531 Congregationum
842 2496 950 2524 decreta
964 2497 1032 2523 infra
1046 2497 1105 2524 lau-

370 2540 440 2569 data.
451 2545 476 2566 et
487 2541 627 2575 praecipue
638 2540 716 2568 huius
731 2541 867 2568 Pontiticis
883 2541 1106 2568 Constitutionem

370 2585 412 2611 ed.
430 2593 491 2610 ann,
510 2591 656 2618 noeman,
673 2585 715 2612 (lie
731 2586 765 2612 ‘24
780 2586 913 2620 octobris,
930 2586 1021 2621 pontif.
1037 2593 1062 2612 vi

405 2630 420 2655 :2
433 2628 543 2655 Videtur
556 2630 662 2665 legend.
676 2630 810 2658 claustris
822 2630 861 2657 vel
873 2630 1015 2659 clausuris
1025 2630 1104 2665 tus).

952 236 1132 261 BULLARIUM
1156 235 1307 260 ROMANUM

1153 283 1304 316 Romanis
1337 282 1547 317 Pontificibus
1578 283 1887 327 praedecessoribus

1153 336 1272 369 nostris
1286 337 1485 379 approbatus
1503 337 1573 370 suit.
1592 337 1717 378 Verum,
1731 348 1803 370 cum
1816 339 1890 371 sub-

1155 390 1230 422 inde
1255 394 1457 433 compertum
1483 390 1615 430 suisset,
1640 390 1824 424 huiusmodi
1844 388 1890 424 vi-

1152 453 1261 476 rorum
1286 454 1359 475 cum
1384 443 1575 476 mulieribus
1610 444 1888 478 cohabitationem

1152 495 1395 539 suspicionibus
1430 501 1460 529 et
1491 496 1651 530 scandalis
1685 497 1887 531 occasionem

1152 549 1321 590 praebere,
1335 549 1529 582 recolendae
1545 550 1720 582 memoriae
1733 550 1888 584 Martinus

1153 601 1236 644 Papa
1252 601 1288 641 V,
1313 601 1408 634 etiam
1433 602 1663 645 praedecessor
1688 608 1807 643 noster,
1834 611 1888 636 eo*-

1153 655 1301 687 rumdem
1347 655 1618 688 monasteriorum
1666 655 1889 699 duplicitatem

1152 708 1324 749 dissolvit,
1351 709 1473 752 illaque
1499 709 1658 753 simplicia
1682 710 1720 743 ed
1746 711 1786 743 ab
1811 710 1890 749 invi-

1152 772 1220 794 cem
1246 767 1392 804 separata
1417 773 1487 795 esse
1513 762 1638 803 voluit,
1677 763 1753 796 licet
1776 762 1889 807 postea

1151 815 1189 847 ad
1214 825 1329 858 preces
1353 817 1457 849 clarae
1482 816 1658 850 memoriae
1683 817 1813 850 Ilenrici
1838 828 1889 851 re-

1152 868 1199 910 gis
1220 872 1252 900 et
1275 867 1469 901 Catharinae
1487 869 1554 902 eius
1572 869 1738 912 genitricis
1756 869 1887 912 reginae

1152 920 1285 963 Angliae
1312 921 1558 955 dissolutionem
1584 922 1770 955 huiusmodi
1795 933 1889 956 revo-

1151 973 1291 1014 caverit,
1318 979 1350 1006 et
1374 974 1568 1007 monasteria
1599 975 1638 1008 ad
1663 975 1805 1018 priorem
1832 976 1890 1009 du-

1151 1026 1305 1068 plicitatis
1321 1032 1437 1060 statum
1458 1027 1644 1068 reduxerit,
1663 1028 1695 1060 in
1717 1028 1827 1071 regnis
1844 1033 1889 1062 ta-

1151 1090 1225 1111 men
1252 1080 1398 1122 Angliae,
1419 1079 1538 1113 Daniae
1554 1085 1585 1113 et
1601 1080 1788 1123 Norvegiae,
1804 1081 1889 1115 aliis-

1151 1143 1211 1175 que
1233 1133 1409 1166 ditionibus
1427 1133 1586 1166 dictorum
1604 1143 1778 1176 regnorum
1796 1134 1886 1167 dum'-

1152 1189 1247 1225 taxat,
1266 1190 1364 1228 prout
1377 1186 1409 1218 in
1424 1185 1491 1218 eius
1508 1185 1624 1219 litteris
1640 1196 1718 1220 xvm
1733 1187 1888 1221 kalendas

1150 1238 1299 1278 ianuarii,
1326 1243 1358 1272 et
1381 1249 1412 1272 1v
1436 1249 1541 1272 nonas
1568 1239 1734 1280 februarii,
1761 1240 1889 1284 pontifi-

1151 1296 1238 1324 catus
1256 1292 1303 1324 sui
1328 1302 1412 1325 anno
1437 1302 1482 1326 v11
1507 1297 1538 1325 et
1561 1302 1619 1326 v111
1636 1293 1816 1336 respective
1834 1294 1889 1327 de-

1150 1355 1247 1388 super
1272 1345 1451 1388 expeditis,
1476 1345 1606 1389 plenius
1643 1345 1762 1379 dicitur
1787 1346 1889 1379 conti-

1150 1398 1231 1430 ncri.
1252 1398 1353 1431 Porro
1378 1403 1512 1442 accepto
1530 1409 1591 1442 per
1614 1399 1688 1442 piae
1712 1400 1888 1441 memoriae

1150 1450 1328 1494 Eugenium
1345 1451 1462 1494 Papam
1480 1451 1516 1484 IV
1530 1452 1817 1494 praedecessorem
1834 1463 1889 1496 pa-

1150 1504 1228 1536 riter
1242 1508 1402 1543 nostrum,
1419 1505 1506 1547 quod
1521 1515 1558 1537 ex
1573 1505 1785 1538 dissolutione
1800 1516 1888 1549 prae·

1151 1557 1213 1589 sata
1227 1557 1447 1590 dissensiones
1466 1562 1497 1589 et
1514 1557 1777 1591 inconvenientia
1794 1559 1888 1602 plura

1149 1609 1387 1649 surrexissent,
1418 1615 1450 1642 et
1477 1610 1597 1643 maiora
1625 1610 1659 1642 in
1687 1610 1755 1643 dies
1785 1622 1888 1644 emer-

1150 1672 1225 1694 sura
1250 1667 1368 1701 essent,
1393 1663 1481 1695 idcm
1505 1662 1670 1705 Eugenius
1696 1663 1888 1707 praedeces-

1150 1725 1212 1754 sor,
1239 1715 1368 1758 praevia
1393 1715 1636 1749 constitutionis
1661 1716 1736 1749 dicti
1762 1717 1886 1750 Martini

1150 1768 1413 1812 praedecessoris
1438 1769 1655 1809 revocatione,
1678 1779 1741 1803 nec
1766 1771 1833 1803 ulla
1849 1770 1888 1803 il-

1150 1822 1212 1855 lius
1236 1822 1471 1855 moderationis
1489 1822 1595 1865 quoad
1624 1833 1725 1865 regna
1751 1823 1887 1866 Angliae

1151 1881 1182 1907 et
1201 1875 1263 1908 alia
1287 1886 1385 1918 supra
1414 1875 1587 1908 enunciata
1612 1880 1779 1909 emanatae
1796 1887 1886 1909 men-

1123 1936 1129 1942 ·
1151 1928 1237 1961 tione
1263 1928 1356 1967 facta,
1373 1929 1505 1961 fratrum
1530 1933 1562 1961 et
1581 1939 1733 1962 sororum
1757 1929 1887 1963 cohabi-

1151 1981 1325 2021 tationem,
1350 1981 1435 2013 iuxta
1460 1981 1659 2023 primaevum
1684 1980 1813 2015 Ordinis
1838 1981 1887 2014 in-

1150 2034 1315 2073 stitutum,
1342 2033 1540 2076 generaliter
1564 2039 1596 2066 et
1619 2033 1741 2077 ubique
1765 2033 1886 2068 licitam

1149 2087 1334 2126 declaravit,
1351 2086 1529 2129 quinimmo
1545 2086 1658 2119 fratres
1677 2091 1765 2120 extra
1779 2087 1887 2130 priora

1148 2139 1345 2173 monasteria
1370 2139 1512 2182 duplicia
1532 2139 1691 2181 degentes
1708 2139 1748 2172 ad
1764 2139 1820 2173 illa
1840 2150 1887 2173 re·

1148 2193 1249 2235 gredi,
1271 2193 1295 2225 si
1321 2192 1506 2225 omnimode
1533 2191 1577 2224 ibi
1595 2191 1696 2225 locari
1720 2192 1884 2233 valerent,

1148 2246 1293 2289 alioquin
1311 2245 1349 2278 ad
1370 2244 1616 2278 Carthusienses
1630 2244 1733 2278 sancti
1751 2245 1886 2278 Benedi-

1148 2299 1199 2338 cti,
1221 2299 1453 2332 canonicorum
1477 2297 1675 2341 regularium
1707 2297 1806 2331 sancti
1827 2298 1886 2331 Au-

1148 2352 1278 2395 gustini,
1304 2352 1438 2385 fratrum
1459 2351 1723 2384 Praedicatorum
1740 2355 1773 2384 et
1788 2350 1886 2385 Mino-

1149 2416 1218 2438 rum
1242 2405 1389 2446 Ordines,
1408 2405 1441 2438 in
1459 2405 1576 2449 quibus
1598 2404 1775 2438 benevolos
1798 2404 1886 2438 inve-

1149 2458 1272 2492 nissent
1295 2463 1502 2502 receptores,
1521 2457 1658 2491 transire
1682 2456 1800 2491 voluit:
1825 2461 1886 2490 sta-

1149 2516 1242 2546 tuens
1268 2511 1482 2546 nihilominus
1507 2521 1547 2544 ne
1573 2511 1612 2544 de
1636 2515 1745 2544 cetero
1770 2510 1885 2544 fratres

1149 2570 1181 2598 et
1204 2575 1333 2599 sorores
1350 2564 1549 2605 huiusmodi,
1569 2563 1679 2607 vigore
1704 2563 1885 2597 cuiuscum-

1149 2629 1211 2664 que
1237 2618 1411 2664 privilegii,
1427 2619 1536 2653 locum
1553 2616 1693 2664 aliquem
1713 2620 1885 2663 acceptare

1889 235 1939 263 An.
1959 235 1989 263 C.
2006 238 2070 267 1623
