2111 3157
218 232 265 258 Λιι,
283 232 312 257 C.
339 230 403 257 1683

449 219 513 253 872

410 278 442 311 in
468 278 568 312 forma
591 273 719 309 Ordinis
752 274 905 312 visitare,
933 277 965 305 et
990 271 1028 304 de
1055 270 1144 302 sactis

410 342 468 375 per
485 341 538 364 eos
556 331 650 373 plene
666 327 876 361 reverendum
895 330 1020 368 patrem
1040 333 1146 366 quam-

411 383 550 427 primum
569 381 739 415 commode
764 379 930 423 potuerint
954 377 1141 409 intormare.

454 447 536 470 val.
552 436 722 475 Officiales‚
750 434 846 466 etiam
868 431 1042 465 interiores
1061 428 1145 472 prio-

411 502 456 529 re,
474 501 539 523 non
556 494 694 533 possunt
717 488 885 521 instituere
903 486 952 519 vel
971 484 1145 517 destituere

410 548 498 575 extra
522 548 628 575 actum
654 539 845 574 visitationis
868 539 928 582 (a),
949 537 1010 570 nisi
1032 541 1086 568 aut
1106 536 1144 568 ad

410 597 472 629 lioe
490 593 688 628 iudicantur*
711 604 769 638 per
793 592 947 637 priorem,
965 590 1015 622 vel
1036 588 1082 621 eis
1101 590 1146 621 lc-

409 649 519 692 gitime
545 653 671 681 constet
695 648 733 680 dc
758 646 892 679 crimine
918 642 1054 677 alicuius
1078 642 1146 674 offi-

408 704 520 743 cialis;
543 709 593 736 aut
613 702 673 736 nisi
695 702 848 746 querelae
873 696 1144 734 conventualium,

408 768 487 800 quiuis
515 756 574 800 ipsi
599 756 698 789 iustas
724 765 795 788 esse
813 751 1144 789 iudicaverint‚vene-

408 810 471 842 rint
496 810 536 843 ad
561 820 617 843 eos
643 813 757 842 contra
781 807 924 850 aliquem
947 803 1142 840 officialium,

407 869 438 896 et
457 863 556 907 prior,
575 862 698 906 pluries
724 861 865 894 monitus
890 869 949 902 per
974 858 1076 890 dictos
1105 857 1144 889 vi-

406 917 574 957 sitatores,
599 915 780 958 neglexerit
804 913 984 957 providere,
1008 915 1142 943 autnon

407 969 586 1003 reddiderit
611 968 725 1001 iustam
751 967 790 999 de
815 976 854 998 eo
880 965 1053 998 rationem.

450 1032 543 1056 vau.
566 1022 754 1054 Visitatores
775 1020 872 1052 etiam
898 1017 1052 1051 ordinarii
1080 1026 1141 1049 non

405 1080 558 1120 poterunt
583 1080 672 1108 extra
703 1079 808 1106 actum
834 1070 1026 1104 visitationis
1052 1080 1142 1102 revo-

405 1140 492 1169 care,
505 1127 676 1167 moderari,
696 1125 897 1170 suspendere
915 1125 965 1157 vel
983 1123 1141 1166 impedire

404 1182 625 1216 ordinationes
662 1182 759 1213 tactas
786 1189 844 1222 per
869 1176 1142 1211 extraordinarios

406 1234 597 1275 visitatores,
616 1233 686 1273 sed,
713 1232 737 1265 si
763 1231 907 1264 iudicant
931 1241 984 1263 eas
1009 1234 1063 1262 aut
1087 1229 1143 1262 ali-

405 1299 502 1332 quam
516 1298 628 1321 earum
644 1297 716 1320 esse
735 1296 770 1318 ex
789 1285 886 1318 certis
903 1283 1006 1318 causis
1026 1283 1143 1315 incom-

405 1341 551 1381 modam,
578 1340 653 1383 ipsi,
679 1340 729 1372 vel
754 1342 993 1381 conquerentes
1019 1336 1057 1368 de
1085 1336 1143 1367 hu-

405 1393 542 1427 iusmodi
569 1391 840 1431 ordinationibus,
862 1390 1004 1433 allegent
1029 1399 1141 1421 causas

405 1458 478 1480 suas
503 1446 683 1480 reverendo
708 1445 803 1488 patri,
823 1444 877 1487 qui
895 1443 1017 1476 scribet
1035 1442 1072 1474 ad
1095 1452 1142 1473 ex-

407 1498 640 1533 traordinarios
658 1508 771 1531 causas
793 1497 948 1539 allegatas
962 1500 1071 1528 contra
1086 1505 1141 1527 eo-

406 1565 477 1587 rum
496 1552 729 1591 ordinationes,
748 1556 790 1590 et,
815 1555 985 1593 postquam
1006 1558 1142 1591 respon-

406 1618 477 1640 sum
502 1617 617 1640 eorum
648 1603 829 1648 acceperit,
863 1603 958 1636 saciet
983 1602 1140 1646 quidquid

407 1660 560 1704 expedire
585 1657 786 1692 iudicaverit.

451 1723 560 1747 vaui.
587 1712 776 1745 visitatores
811 1710 906 1744 etiam
934 1714 1086 1753 poterunt
1112 1714 1138 1742 et

407 1766 572 1799 debebunt
597 1770 686 1798 extra
721 1768 826 1797 actum
851 1763 1042 1796 visitationis
1068 1763 1142 1795 dare

408 1831 542 1864 operam
560 1824 595 1852 ut
611 1817 840 1857 ordinationes,
864 1827 923 1861 per
939 1827 972 1849 se
995 1817 1059 1849 sive
1086 1826 1144 1859 per

408 1874 586 1917 capitulum
605 1872 715 1911 sactae,
734 1870 919 1904 executioni
941 1871 1143 1909 mandentur,

409 1938 462 1960 eas
487 1932 593 1959 autem
612 1936 690 1969 quas
714 1924 773 1968 ipsi
797 1925 941 1963 fecerint,
958 1928 1145 1966 emergente

409 1982 489 2013 nova
514 1980 611 2012 eausa
629 1977 810 2011 necessaria
836 1978 1015 2017 dumtaxat,
1034 1982 1065 2009 et
1083 1987 1144 2009 non

411 2033 518 2072 aliter,
537 2036 691 2075 poterunt
715 2035 801 2063 extra
826 2036 932 2062 actum
956 2030 1146 2062 visitationis

410 2085 596 2124 moderari,
621 2090 677 2118 aut
708 2084 931 2128 suspendere,
966 2085 1014 2116 vel
1051 2084 1146 2116 etiam

412 2140 604 2179 immutare,
633 2138 676 2171 ita
710 2143 818 2170 tamen
855 2137 939 2180 quod
977 2142 1148 2170 teneantur

411 2192 544 2226 omnino
558 2191 696 2225 fideliter
713 2190 895 2233 significare
911 2191 1147 2233 quamprimum

412 2245 580 2278 commode
594 2249 749 2288 poterunt
766 2244 946 2276 reverendo
959 2243 1042 2287 patri
1056 2255 1150 2287 (piae-

413 2308 548 2342 cumque
573 2298 612 2330 de
640 2297 732 2330 dictis
752 2296 1014 2330 ordinationibus
1040 2297 1148 2340 aliquo

414 2351 510 2384 modo
535 2350 786 2384 immutaverint.

459 2414 542 2438 Lx1x.
571 2403 755 2437 Visitatores
792 2403 993 2447 singularum
1021 2404 1152 2448 provin-

416 2457 539 2491 ciarum
557 2457 680 2490 babent
704 2457 930 2491 auctoritatem
948 2457 1081 2501 capituli
1101 2468 1153 2500 ge-

417 2511 535 2543 neralis
569 2510 601 2543 in
633 2510 785 2543 omnibus
818 2510 942 2544 casibus
978 2511 1010 2543 in
1036 2511 1152 2554 quibus

452 2581 482 2612 a)
500 2580 567 2607 Vide
582 2588 655 2607 num.
672 2588 698 2607 νι
718 2589 776 2617 cap.
799 2587 835 2608 111.

456 2625 464 2651 t
490 2624 588 2651 Forsan
609 2624 789 2653 inducantur
807 2626 835 2660 (n
867 2625 916 2660 τ.).

990 222 1168 247 131‘17132‘211‘31
1195 221 1344 245 noxitxt‘u

1188 269 1309 302 dictum
1325 269 1498 313 capitulum
1514 273 1682 313 expectare
1696 281 1761 303 non
1777 275 1922 314 possunt,

1187 327 1240 354 aut
1264 322 1393 356 interim
1418 323 1630 355 reverendum
1661 328 1784 365 patrem
1810 333 1923 356 consu-

1188 377 1255 409 lere
1273 376 1331 420 (α),
1351 382 1484 420 excepto
1510 377 1597 419 quod
1622 377 1730 409 nullus
1753 386 1863 409 eorum
1888 377 1920 409 in

1189 429 1272 462 tacto
1290 430 1442 473 propriae
1459 440 1618 473 personae
1642 435 1697 462 aut
1713 430 1827 462 domus
1844 440 1921 464 suae

1188 482 1290 526 possit
1315 483 1535 524 auctorizare,
1566 494 1627 516 nec
1663 484 1738 516 dare
1774 483 1920 517 licentias

1189 536 1325 568 exeundi
1354 536 1503 579 personis
1525 537 1556 568 in
1578 539 1673 569 domo
1698 540 1756 571 sua
1780 537 1924 570 babitan-

1189 588 1286 628 tibus,
1304 589 1341 622 ad
1360 589 1439 622 alias
1465 590 1579 623 domos
1602 590 1749 630 Ordinis·,
1768 591 1823 623 sed
1846 601 1922 623 suus

1189 642 1397 676 convisitator
1428 643 1491 676 hoc
1526 644 1631 676 facere
1666 649 1783 686 potest.
1810 644 1922 677 Potest

1190 701 1294 729 tamen
1310 696 1455 729 visitator
1467 696 1667 740 principalis,
1680 702 1814 738 urgente
1828 699 1922 730 causa

1188 750 1381 789 rationabili,
1407 751 1559 794 protessis
1585 750 1699 784 domus
1724 751 1771 784 sui
1798 751 1923 794 priora-

1188 807 1236 835 tus
1268 803 1343 836 alibi
1377 803 1615 846 hospitantibus
1650 803 1725 836 dare
1758 803 1921 836 licentiam

1187 857 1341 890 redeundi
1367 857 1406 890 ad
1431 857 1563 890 domurn
1597 868 1708 897 suam,
1738 861 1792 890 aut
1823 856 1921 890 eundi

1186 911 1223 944 ad
1249 911 1343 944 aliam
1370 911 1511 945 domum.

1229 974 1299 998 Lxx.
1328 964 1449 997 Mortuo
1475 964 1638 998 visitatore
1660 964 1846 1008 provinciae
1864 964 1922 997 ali-

1186 1016 1287 1056 cuius,
1309 1018 1359 1050 vel
1385 1023 1501 1055 amoto,
1528 1018 1710 1056 auctoritas,
1738 1028 1754 1050 a
1779 1017 1922 1061 capitulo

1185 1070 1329 1110 generali
1356 1070 1572 1103 visitatoribus
1599 1070 1729 1109 tradita,
1753 1070 1870 1103 transit
1890 1075 1922 1103 et

1187 1129 1334 1156 remanet
1368 1124 1453 1166 apud
1487 1123 1769 1163 convisitatorein,
1796 1127 1829 1156 et
1856 1133 1921 1156 non

1187 1176 1301 1208 transit
1325 1176 1363 1208 ad
1390 1176 1530 1208 defuncti
1560 1177 1608 1208 vel
1635 1176 1730 1208 amoti
1756 1186 1922 1209 succe-so-

1187 1240 1267 1262 rem.
1288 1228 1345 1267 Qui
1372 1230 1501 1273 quidem
1527 1229 1735 1262 convisitator
1751 1229 1815 1262 hoc
1834 1239 1920 1270 casu,

1186 1283 1270 1315 sicut
1294 1288 1325 1315 et
1349 1282 1491 1315 visitator
1509 1282 1655 1326 quilibet,
1673 1287 1780 1326 potest
1796 1282 1856 1315 sibi
1873 1292 1922 1315 as·

1186 1346 1310 1368 sumere
1335 1335 1475 1379 priorem
1500 1336 1548 1368 vel
1575 1336 1767 1368 monachum
1785 1362 1792 1375 ,
1825 1346 1921 1379 quem

1186 1389 1341 1429 voluerit,
1373 1390 1412 1421 de
1438 1391 1493 1421 sna
1520 1394 1626 1421 tamen
1651 1388 1836 1432 provincia,
1862 1399 1922 1432 pro

1186 1447 1258 1474 actu
1284 1441 1476 1474 visitationis
1502 1442 1709 1482 exercendo,
1738 1442 1841 1475 donec
1865 1441 1923 1474 ali-

1188 1500 1235 1527 ter
1260 1505 1360 1538 super
1392 1495 1453 1527 hoc
1485 1505 1544 1537 per
1576 1505 1716 1538 sequens
1746 1494 1921 1539 capitulum

1186 1553 1238 1580 aut
1258 1549 1469 1581 reverendum
1488 1552 1613 1591 patrem
1633 1548 1793 1591 provisum
1816 1547 1920 1581 suerit.

1231 1612 1312 1635 Lxxr
1354 1601 1510 1634 Similiter
1548 1601 1712 1634 visitatore
1748 1601 1922 1644 principali

1187 1655 1342 1688 existente
1369 1660 1458 1687 extra
1490 1655 1714 1698 provinciam,
1739 1660 1793 1687 aut
1817 1655 1924 1688 taliter

1187 1707 1369 1741 intirmante
1399 1708 1485 1750 quod
1512 1718 1577 1740 non
1602 1708 1705 1750 possit
1736 1708 1785 1741 vel
1810 1718 1924 1751 perso-

1187 1763 1305 1795 naliter
1333 1762 1487 1794 accedere
1520 1762 1569 1794 vel
1602 1762 1698 1796 aliter
1729 1761 1815 1795 bene
1846 1772 1923 1804 pro-

1187 1815 1296 1847 videre
1313 1841 1320 1854 ,
1347 1815 1560 1847 convisitator
1585 1814 1616 1847 in
1643 1815 1792 1847 omnibus
1808 1841 1815 1854 ,
1843 1825 1924 1858 quae

1189 1869 1357 1902 commode
1382 1874 1415 1901 et
1438 1868 1518 1901 citra
1544 1868 1725 1912 periculum
1750 1869 1800 1901 vel
1827 1868 1925 1901 detri-

1190 1927 1334 1955 mentum
1361 1920 1482 1954 ditl‘erri
1502 1932 1565 1954 non
1584 1926 1746 1964 poterunt,
1768 1921 1867 1954 habet
1883 1921 1926 1952 vi-

1190 1975 1333 2008 sitatoris
1367 1975 1608 2014 auctoritatem3
1636 1975 1661 2007 si
1693 1980 1799 2007 tamen
1825 1973 1927 2017 possit

1191 2029 1311 2061 habere
1330 2028 1440 2070 aliquo
1476 2028 1573 2060 modo
1605 2028 1777 2061 consilium
1804 2027 1925 2072 ipsius,

1192 2082 1272 2115 niliil
1298 2086 1371 2124 agat
1395 2082 1464 2115 sine
1490 2082 1591 2124 ipsius
1617 2083 1766 2116 consilio.

1236 2145 1332 2169 Lxxn.
1354 2135 1430 2168 Cum
1448 2135 1577 2178 aliquae
1596 2135 1708 2169 domus
1726 2135 1853 2169 Ordinis
1869 2145 1928 2168 no-

1193 2191 1249 2224 stri
1274 2190 1360 2222 inter
1384 2199 1416 2221 se
1443 2190 1586 2221 habeant
1612 2189 1821 2229 discordiam,
1843 2199 1927 2232 quae

1193 2244 1341 2278 iniuriam
1366 2243 1505 2287 patitur,
1532 2242 1727 2285 significabit
1758 2241 1929 2275 visitatori-

1192 2298 1252 2330 bus
1270 2296 1455 2341 provinciae
1476 2296 1570 2335 illius
1586 2295 1651 2337 qui,
1669 2295 1776 2328 audita
1793 2296 1928 2338 utraque

1194 2357 1295 2396 parte,
1325 2351 1430 2393 ptanzt,
1457 2355 1486 2382 et
1512 2350 1580 2382 siue
1606 2350 1720 2391 magna
1745 2348 1824 2381 iuris
1848 2349 1930 2382 sole-

1194 2404 1338 2442 mnitate,
1355 2403 1548 2436 discordiam
1565 2403 1793 2435 terminabunt.
1810 2402 1840 2436 Si
1855 2413 1929 2435 vero

1196 2457 1310 2490 domus
1336 2456 1467 2489 alterius
1492 2456 1693 2488 visitatorum
1726 2466 1799 2488 cum
1824 2457 1930 2500 aliqua

1197 2511 1293 2543 domo
1318 2510 1447 2543 Ordinis
1479 2510 1597 2541 babeat
1628 2509 1840 2548 discordiam,
1874 2510 1930 2542 do-

1233 2582 1270 2615 α)
1297 2581 1334 2608 lbi
1359 2580 1445 2607 habes
1469 2581 1532 2616 quid
1553 2584 1658 2607 mortuo
1682 2579 1831 2607 reverendo
1855 2583 1931 2616 patre

1175 2605 1178 2659 i
1199 2626 1256 2652 [ieri
1272 2625 1367 2653 debeat
1382 2625 1467 2652 donec
1484 2625 1552 2652 alter
1566 2625 1591 2652 ei
1607 2624 1742 2655 succedat,

1932 220 1980 247 Λη.
2000 220 2027 248 C.
2047 221 2109 251 1888
