2111 3157
141 160 191 188 An.
213 159 240 186 c.
266 158 333 185 uns
377 149 442 183 tot>

337 208 414 240 dere
436 207 545 246 debet,
565 205 690 248 erigere
710 205 831 244 valcat3
851 208 970 236 attento
985 203 1070 245 quod
1092 209 1093 216 ¹

177 1171 317 1191 Communem

135 1198 236 1223 episc-vo
252 1198 316 1217 ,ll-ita>

134 1226 211 1244 citati-1,
226 1227 245 1243 ut
263 1231 304 1243 vcri

134 1256 197 1275 expos
228 1256 232 1258 ’
274 1256 315 1269 ser-

135 1280 187 1295 vati<
255 1288 261 1293 ,

135 1303 224 1323 tuniba·
234 1306 316 1328 apostu-

133 1329 186 1351 licis.
223 1329 316 1349 staturae

134 1358 213 1375 tantum
240 1362 317 1375 coeno-

133 1382 190 1401 bium
240 1385 316 1402 eonsti-

134 1410 185 1428 tuan

336 263 460 295 nullum
494 261 609 293 exinde
645 259 798 292 iniustum
834 257 1070 301 praeiudicium

336 316 407 348 aliis
434 314 639 356 regularibus
663 316 894 356 proventurum
920 316 977 350 est,
998 321 1070 342 cum

336 367 540 410 supradictae
577 366 658 398 duae
690 365 832 396 civitates
858 363 923 396 sint
946 365 1069 406 populo

336 419 632 462 frequentissimae,
659 428 696 450 ac
721 418 845 460 amplae
878 422 908 449 et
933 418 1070 459 opulen-

336 478 397 512 tae,
418 472 565 514 dictaque
582 471 657 504 villa
681 470 768 514 paris
794 470 836 502 sit
860 470 1066 510 conditionis,

334 526 480 558 locorum
505 535 582 557 vero
606 523 775 563 Ordinarii,
795 528 826 556 et
846 523 911 562 atii,
932 533 1068 566 quorum

334 588 508 610 consensus
533 578 570 609 ad
597 587 755 609 novorum
785 575 968 607 huiusmodi
993 585 1068 608 con-

332 636 462 662 ventum
489 630 687 663 erectionem
719 629 842 671 requiri
867 629 976 667 solet,
1003 638 1067 659 non

332 683 396 715 sint
420 683 628 726 permissuri,
655 687 691 714 ut
719 682 765 715 illi
799 681 980 724 erigantur,
1006 680 1065 712 nisi

333 736 422 779 prins
443 736 526 768 bene
548 736 727 768 examinata
748 735 879 767 illorum
900 734 1067 767 necessita-

334 792 342 807 *
389 793 487 831 atque
517 789 653 820 utilitate
680 787 893 829 cognoverint
917 787 990 819 illos
1008 797 1066 819 nec

332 841 534 881 regularibus
574 841 807 883 praeiudicium
843 850 903 872 nec
937 839 1066 882 populis

333 903 507 934 gravamen
526 893 639 925 atl'erre
657 904 767 936 posse:
785 893 879 925 nobis
895 897 1066 935 praeterea

331 946 516 989 praedictus
542 946 765 979 Fcrdinandus
790 951 982 989 procurator
1007 945 1066 977 hu-

331 998 452 1030 militer
476 999 647 1040 supplicari
668 999 752 1037 fecit,
774 998 859 1030 utin
879 997 1065 1040 praemissis

331 1056 514 1093 opportune
533 1051 704 1094 providere
719 1051 757 1083 de
774 1050 974 1092 benignitate
993 1059 1065 1092 apo-

329 1103 442 1135 stolica
469 1103 686 1145 dignaremur.

372 1157 386 1199 ἓ
411 1157 441 1189 3.
469 1156 532 1189 Nos
562 1157 668 1199 igitur,
694 1157 800 1199 ipsum
826 1155 1063 1188 Ferdinandum

309 1215 570 1251 procuratorem
596 1209 819 1252 spiritualibus
846 1208 1007 1241 favoribus
1034 1214 1063 1241 et

256 1262 440 1304 *vu-gratiis
465 1263 619 1305 prosequi
645 1263 803 1302 volenteS,
832 1267 863 1294 et
889 1272 907 1294 a
932 1261 1063 1304 quibus-

329 1315 374 1347 vis
401 1314 756 1354 excommunicationis,
782 1314 1005 1357 suspensionis
1032 1319 1063 1346 et

328 1367 517 1407 interdicti,
551 1367 689 1410 aliisque
722 1366 948 1399 ecclesiasticis
983 1377 1059 1399 sen-

328 1421 450 1461 tentiis,
473 1421 618 1453 censuris
648 1426 680 1452 et
711 1420 835 1463 poenis²
869 1430 886 1451 a
915 1420 984 1452 iure
1012 1421 1061 1453 vel

327 1473 365 1505 ab
392 1474 536 1511 homine,
564 1473 673 1516 quavis
700 1473 871 1505 occasione
895 1473 945 1505 vel
967 1475 1062 1505 eausa

324 1526 407 1565 latis,
433 1526 457 1557 si
484 1527 600 1569 quibus
626 1525 1061 1568 quomodolibetinnodatus

324 1579 443 1618 existit,
468 1580 506 1611 ad
543 1578 690 1611 ellectum
726 1579 946 1622 praesentium
972 1578 1061 1611 dum-

325 1638 409 1665 taxat
426 1632 699 1675 consequendum,
718 1632 832 1666 harum
850 1631 934 1664 serie
959 1632 1061 1664 absol-

325 1691 435 1718 ventes
467 1690 496 1717 et
516 1686 697 1717 absolutum
717 1685 784 1717 sore
804 1690 980 1723 censentes,
1001 1685 1061 1716 liu-

326 1738 464 1771 iusmodi
498 1737 789 1781 supplicationibus
828 1738 994 1775 inclinati,
1022 1737 1060 1769 de

325 1791 562 1824 venerabilium
582 1791 714 1823 fratrum
729 1796 914 1823 nostrorum
926 1790 955 1823 S.
974 1791 1010 1822 R.
1027 1791 1059 1823 E.

324 1844 532 1877 cardinalium
559 1842 698 1886 negotiis
717 1848 748 1876 et
772 1843 1059 1876 consultationibus

325 1896 553 1939 episcoporum
580 1901 611 1928 et
635 1896 834 1938 regularium
860 1896 1061 1939 praeposito-

323 1960 393 1981 rum
419 1949 562 1988 consili0‚
583 1949 772 1981 fraternitati
801 1953 870 1980 tuae
891 1958 949 1991 per
967 1958 1059 1990 prae-

324 2008 431 2034 sentes
464 2001 693 2035 committimus
720 2007 750 2033 et
775 2001 985 2039 mandamus,
1010 2006 1056 2040 ut,

325 2055 409 2087 veris
434 2054 643 2087 existentibus
669 2053 814 2092 narratis,
831 2058 861 2085 et
886 2053 1059 2085 accedente

324 2118 482 2141 consensu
508 2107 666 2140 interesse
694 2107 889 2145 habentium,
924 2106 1058 2149 petitam

324 2166 501 2193 conventus
527 2161 722 2193 erectionem
748 2160 779 2191 in
806 2159 933 2192 civitate
964 2159 1058 2192 Mala-

324 2214 429 2245 citana
465 2218 587 2245 tantum
621 2212 810 2245 auctoritate
843 2215 952 2245 nostra
986 2223 1059 2255 apo-

324 2266 437 2299 stolica
470 2276 527 2308 pro
561 2271 614 2298 tuo
647 2265 782 2298 arbitrio
808 2270 838 2297 et
862 2265 1059 2297 conscientia

325 2318 500 2357 concedas3
528 2318 571 2350 ita
596 2324 702 2351 tamen
736 2323 771 2350 ut
802 2318 833 2349 in
860 2318 994 2360 reliquis
1021 2328 1058 2349 ea

324 2371 442 2411 omnia,
471 2381 550 2413 quae
577 2381 636 2413 per
660 2371 907 2403 constitutiones
932 2375 1060 2412 aposto-

324 2425 401 2457 licas
425 2424 508 2455 circa
534 2423 717 2455 huiusmodi
743 2434 899 2456 novorum
924 2433 1057 2455 conven-

325 2483 392 2508 tum
418 2476 599 2509 erectiones
633 2476 831 2518 praescripta
861 2481 955 2514 sunt,
983 2476 1058 2508 reli-

326 2530 414 2572 giose
451 2534 636 2570 serventur3
663 2538 698 2560 ac
732 2529 818 2560 salva
854 2538 986 2570 semper
1024 2528 1057 2561 in

918 154 1071 179 ntssttAraL·
1078 156 1097 178 M
1122 155 1274 180 ROMANL'M

1115 204 1301 245 praemissis
1320 203 1511 237 auctoritate
1525 204 1789 248 Congregationis
1801 217 1851 240 eo-

1114 257 1260 289 rumdem
1287 257 1508 290 cardinalium.

1858 155 1906 185 An.
1923 159 1953 186 c.
1975 153 2041 188 πονε

1157 309 1171 351 §
1193 309 1226 342 4.
1252 310 1321 342 Νοη
1349 310 1554 343 obstantibus
1580 311 1697 344 litteris
1721 312 1848 355 praedi·
1884 323 2040 348 Canu-ariare-

1114 362 1190 401 ctis,
1223 363 1361 406 aliisque
1386 362 1670 396 constitutionibus
1706 369 1738 397 et
1761 355 1889 397 ordi-nnn

1113 415 1297 447 nationibus
1313 416 1512 458 apostolicis,
1532 426 1670 456 necnon,
1689 421 1847 460 quatenus

1112 478 1192 510 opus
1216 468 1274 506 sit,
1301 468 1428 500 Ordinis
1460 474 1491 500 et
1522 469 1761 511 provinciarum
1787 470 1848 502 hu-

1112 520 1262 560 iusmodi,
1280 520 1417 563 aliisque
1444 520 1618 563 quibusvis,
1640 521 1737 554 etiam
1762 521 1846 555 iura-

1111 578 1246 612 mento,
1280 573 1524 606 confirmatione
1562 574 1757 616 apostolica,
1794 577 1845 609 vel

1111 626 1222 668 quavis
1248 626 1309 658 alia
1334 627 1484 658 firmitate
1509 627 1691 667 roboratis,
1720 627 1847 660 statutis

1111 684 1142 710 et
1165 678 1466 719 consuetudinilms,
1492 679 1672 722 privilegiis
1703 691 1845 724 quoque,

1111 730 1242 763 indultis
1260 737 1292 764 et
1312 731 1425 764 litteris
1451 732 1636 774 apostolicis
1660 732 1693 765 in
1718 739 1847 766 contra-

1110 783 1190 815 rium
1222 784 1472 826 praemissorum
1499 785 1746 827 quomodolibet
1769 796 1846 819 con-

1108 837 1216 876 cessis,
1243 837 1440 870 contirmatis
1467 844 1499 870 et
1523 838 1700 879 innovatis3
1724 839 1845 882 quibus

1108 890 1258 921 omnibus
1291 895 1322 921 et
1353 890 1511 932 singulis,
1546 891 1677 924 illorum
1715 897 1845 926 tenores

1108 942 1333 984 praesentibus
1348 953 1407 985 pro
1423 944 1519 986 plene
1537 949 1568 976 et
1581 944 1780 978 sufficienter
1793 955 1846 978 ex-

1108 994 1226 1036 pressis
1254 1006 1291 1027 ac
1318 995 1449 1028 insertis
1484 997 1650 1037 babentes,
1677 998 1739 1030 illis
1764 999 1843 1031 alias

1108 1046 1140 1078 in
1177 1057 1234 1079 suo
1270 1048 1386 1080 robore
1423 1050 1662 1091 permansuris,
1686 1051 1726 1083 ad
1751 1061 1845 1093 prae-

1107 1098 1278 1131 missorum
1304 1099 1461 1141 effectum,
1488 1101 1547 1133 bac
1572 1101 1641 1134 vice
1667 1102 1841 1142 dumtaxat,

1106 1152 1293 1194 specialiter
1317 1158 1349 1185 et
1374 1164 1526 1196 expresse
1552 1155 1768 1196 derogamus;
1794 1165 1845 1188 ce-

1106 1205 1248 1248 terisque
1274 1207 1443 1238 contrariis
1461 1207 1730 1251 quibuscumque.

1149 1259 1263 1296 Datum
1286 1260 1417 1300 Romae,
1435 1261 1520 1303 apud
1547 1260 1578 1293 S.
1601 1261 1730 1294 Mariam
1747 1261 1844 1295 Maio-

1107 1321 1185 1350 rem,
1202 1314 1261 1346 sub
1300 1313 1420 1345 annulo
1451 1313 1634 1352 Piscator-is,
1656 1313 1709 1346 die
1730 1324 1765 1347 nt
1792 1324 1842 1348 se-

1106 1365 1261 1406 ptembris
1284 1374 1481 1406 mnecxxwu,
1508 1365 1714 1408 pontificatus
1739 1368 1840 1400 nostri

1106 1428 1192 1450 anno
1222 1429 1254 1451 11.

1139 1480 1200 1506 Dat.
1219 1480 1263 1506 die
1279 1479 1295 1507 3
1310 1480 1471 1516 septembris
1492 1481 1570 1515 1678,
1588 1481 1685 1517 pontif.
1704 1489 1777 1510 anno
1791 1488 1822 1511 11.

1434 1597 1510 1631 XLI.

1106 1666 1297 1700 Conceditur
1321 1667 1529 1710 inclalqentia
1552 1667 1705 1711 plenaria
1726 1679 1839 1713 perpe—

1149 1727 1204 1751 tua
1228 1719 1274 1751 bis
1299 1720 1335 1751 in
1357 1730 1451 1758 anno,
1474 1731 1510 1752 ac
1534 1725 1651 1763 septem
1675 1732 1838 1754 annorum

1146 1776 1174 1804 el
1201 1772 1332 1804 tolidem
1349 1772 1632 1814 quadraqemzrum
1651 1774 1687 1805 in
1704 1774 1838 1817 reliquis

1146 1825 1318 1863 mensibus,
1336 1825 1435 1857 etiam.
1451 1835 1509 1867 per
1533 1825 1663 1858 modum
1686 1826 1839 1868 susl'raqt'i

1146 1877 1353 1920 applicanda,
1379 1878 1421 1910 iis
1451 1878 1510 1920 qni
1532 1878 1742 1920 interfuerint
1765 1889 1838 1911 ora-

1147 1931 1230 1963 tioni
1253 1930 1348 1962 semel
1373 1931 1408 1962 in
1432 1941 1538 1963 mense
1551 1942 1609 1974 pro
1634 1931 1838 1964 moribundis

1145 1983 1177 2015 in
1193 1983 1331 2014 ecclesiis
1351 1982 1540 2014 cteris-orum
1554 1982 1760 2025 reqularium
1776 1983 1839 2016 Mi-

1145 2036 1358 2068 ni'stranlium
1382 2035 1530 2077 Infirmis
1553 2035 1626 2076 lieri
1648 2035 1771 2068 solitae.

1290 2106 1486 2133 Innocentius
1507 2106 1586 2139 Papa
1605 2106 1653 2139 XI,

1220 2150 1256 2177 ad
1275 2153 1451 2183 perpetuam
1471 2150 1516 2176 rei
1536 2149 1718 2178 memoriam.

1145 2211 1335 2244 Caelestium
1361 2222 1532 2244 munerum
1561 2212 1742 2253 thesauros,
1762 2222 1836 2256 quo-

1102 2274 1170 2296 rum
1195 2264 1438 2306 dispensatores
1466 2274 1535 2295 esse
1570 2274 1628 2296 nos
1658 2264 1759 2297 voluit
1783 2265 1836 2298 At-

1103 2316 1263 2356 tissimus,
1291 2327 1361 2348 cum
1398 2317 1435 2349 ad
1462 2317 1643 2350 catholicae
1667 2317 1836 2359 religionis

1101 2373 1133 2400 et
1158 2368 1353 2400 christianae
1388 2369 1515 2411 pietatis
1542 2369 1777 2401 incrementum
1804 2374 1836 2402 et

1101 2409 1276 2453 anima'rum
1291 2422 1424 2454 salutem
1439 2422 1640 2464 profecturos
1653 2431 1832 2464 speramus,

1100 2474 1238 2506 libenter
1264 2474 1447 2516 elargimur.

1144 2528 1158 2570 ἓ
1184 2527 1213 2559 l.
1249 2527 1377 2570 ltaque,
1404 2527 1695 2571 supplicationibus
1725 2527 1832 2561 dilecti
1845 2546 1867 2567 ,ιι

1895 354 1934 374 vul.

1872 2218 1993 2242 uxoratum.-

1894 2517 2026 2543 tndutgontts

1881 2544 1903 2566 in
1919 2545 2011 2566 rubrica.
