2111 3157
62 215 113 241 An.
129 211 159 238 C.
181 209 248 237 ¹⁶83

86 1536 174 1564 spectu
185 1535 241 1557 tacit.

252 260 276 299 †
299 259 365 302 Ego
395 260 541 293 Urbanus
578 260 610 294 S.
643 260 764 294 Nicolai
796 260 829 293 in
854 260 987 294 Carcere

339 313 487 347 Tulliano
520 314 675 347 diaconus
706 314 878 347 cardinalis
907 314 984 346 Sac-

341 366 480 400 chettus.

252 422 275 460 †
299 418 365 462 Ego
390 419 527 453 Ioannes
552 420 742 453 Franciscus
767 420 797 453 S.
820 419 935 462 Angeli
954 419 985 451 in

341 472 424 509 Foro
448 472 585 505 Piscium
621 473 775 506 diaconus
811 472 984 505 cardinalis

340 523 498 557 Ginettus.

252 578 275 616 †
298 571 364 619 Ego
390 576 581 609 Benedictus
604 575 634 608 S.
654 576 770 608 Mariae
796 576 827 608 in
848 575 984 615 Porticu‚

341 628 492 662 diaconus
518 628 690 661 cardinalis
716 627 925 670 Pamphilius.

251 684 275 880 -l-l-t-——t-

546 990 690 1024 CXXXII.

252 1068 495 1114 confirmantur
519 1066 645 1103 litterae
668 1074 813 1114 patentes
837 1068 985 1102 ministri

293 1123 454 1166 yeneralis
501 1122 635 1157 Ordinis
677 1123 842 1156 Minorum
880 1116 999 1154 sancti-²

294 1175 465 1210 Francisci
480 1175 518 1209 de
535 1175 744 1210 Observantid
759 1202 766 1215 ,
784 1180 812 1208 et
825 1175 985 1208 decretum

295 1227 476 1261 cardinalis
509 1228 713 1271 protectoris,
738 1228 823 1260 circa
847 1237 1000 1270 exequu-¹

296 1281 415 1314 tionem
438 1280 652 1312 alternativae
675 1280 709 1312 in
733 1279 911 1323 provinciis
931 1279 985 1311 Li-

293 1343 394 1367 mana
417 1337 447 1367 et
470 1333 508 1366 de
531 1332 580 1366 las
605 1333 778 1367 chamas&

435 1411 629 1440 Innocentius
649 1411 729 1446 Papa
746 1412 795 1446 xl,

391 1456 429 1484 ad
444 1455 578 1485 futuram
597 1456 642 1484 rei
660 1456 841 1484 memoriam.

294 1527 354 1572 51.
373 1527 497 1571 Exponi
521 1527 617 1561 nobis
635 1538 739 1571 nuper
755 1527 830 1561 secit
847 1527 983 1561 dilectus

251 1580 338 1614 filius
355 1580 466 1613 Petrus
490 1579 629 1612 Marinus
648 1580 820 1613 Sormanus
838 1579 985 1612 minister

253 1632 413 1676 generalis
436 1632 564 1666 Ordinis
589 1633 720 1666 fratrum
737 1633 895 1666 Minorum
913 1643 984 1665 san-

252 1686 293 1719 cti
318 1685 480 1719 Francisci
512 1686 550 1718 de
575 1685 786 1719 observantia
819 1695 985 1729 nuncupa·

252 1745 371 1779 torum,
390 1738 486 1782 quod,
504 1748 576 1771 cum
596 1749 655 1772 nos
676 1749 734 1781 per
758 1739 911 1782 quasdam
927 1748 1002 1783 no-(

251 1797 334 1825 strae
360 1791 393 1824 in
418 1790 513 1824 simili
537 1791 639 1824 forma
663 1791 771 1824 Brevis
789 1792 913 1824 litteras
931 1790 986 1823 de-

252 1850 374 1878 cretum
398 1844 431 1877 in
456 1846 550 1877 causa
581 1845 792 1878 alternativae
816 1845 903 1877 inter
927 1844 986 1877 sra-

251 1902 318 1931 tres
341 1897 465 1930 nativos
480 1896 641 1940 Hispanos
661 1903 692 1930 et
712 1897 825 1930 fratres
849 1897 986 1930 Criollos

252 1954 455 1993 nuncupatos
491 1950 728 1993 provinciarum
767 1950 918 1982 Limanae
955 1956 986 1982 et

253 2002 293 2035 de
318 2003 364 2035 las
389 2001 527 2035 Charcas
552 2002 585 2034 in
609 2002 708 2035 lndiis
726 2002 985 2035 Occidentalibus

221 2063 226 2067 “
253 2054 329 2087 dicti
361 2053 490 2087 Ordinis
516 2060 662 2088 vertente
687 2066 704 2087 a
727 2055 984 2098 Congregationc

253 2107 486 2140 venerabilium
499 2107 633 2140 fratrum
650 2114 834 2141 nostrorum
848 2108 880 2141 S.
897 2109 933 2141 R.
949 2109 983 2141 Ε.

255 2160 466 2193 cardinalium
493 2161 631 2203 negotiis
649 2166 680 2193 et
699 2161 986 2194 consultationibus

257 2212 485 2256 episcoporum
517 2218 548 2245 et
572 2213 767 2255 regularium
801 2214 988 2256 praeposita

257 2270 440 2297 emanatum
465 2264 757 2306 confirmassemus,
782 2265 852 2309 ipse
877 2266 988 2299 Petrus

256 2316 395 2351 Marinus
412 2318 560 2351 minister
580 2318 739 2361 generalis
764 2319 987 2352 executionem

296 2417 303 2440 l
327 2414 366 2441 De
387 2414 435 2441 hac
463 2414 622 2441 alternativa
651 2414 710 2441 vide
738 2414 945 2442 Constitutiones
964 2420 990 2442 et

258 2458 366 2486 decreta
382 2460 484 2486 laudata
502 2461 527 2486 in
544 2460 607 2495 ipsis
622 2460 785 2495 patentibus·
797 2460 989 2487 Constitutione

259 2512 321 2531 vero
341 2505 382 2529 vd.
403 2510 554 2534 mncxxnv,
575 2504 617 2530 die
644 2506 677 2529 20
696 2504 787 2539 aprilis
802 2526 810 2538 ,
831 2509 904 2539 pont.
924 2512 990 2540 viti,

261 2546 374 2574 liabetur
401 2548 553 2574 reformatio
582 2548 755 2576 alternam-ae
781 2557 828 2584 pro
856 2550 992 2585 provincia

259 2592 278 2615 S
311 2592 397 2617 l.·n:‹.bi
418 2593 442 2616 in
464 2593 600 2618 Hisoania.

832 213 1042 237 INNOCEN'l'lUS
1063 214 1093 237 xi
1118 214 1166 237 PP.

1655 206 1718 240 517

1029 261 1237 294 alternativae
1262 272 1298 294 ac
1316 262 1436 295 decreti
1456 268 1487 294 et
1507 261 1684 295 litterarum
1703 274 1761 296 no-

1029 318 1164 345 strarum
1198 314 1382 347 huiusmodi
1417 315 1542 348 dilectis
1567 316 1662 348 etiam
1687 316 1760 350 filiis

1767 217 1815 243 Λιι.
1834 218 1862 244 C.
1884 219 1950 246 1683

1005 385 1008 396 .
1028 366 1255 400 commissariis
1270 368 1334 400 suis
1352 368 1557 410 generalibus
1575 374 1637 402 tam
1655 369 1761 402 lndia-
1776 404 1779 408 ,

1027 428 1096 451 rum
1120 419 1153 452 in
1178 419 1264 452 curia
1299 421 1456 454 carissimi
1488 421 1521 453 in
1550 421 1677 455 Christo
1703 421 1760 455 filii

1027 473 1129 504 nostri
1154 472 1259 506 Caroli
1285 473 1510 516 Hispaniarum
1539 474 1625 516 regis
1649 475 1761 508 catho-

1027 524 1078 556 lici
1099 525 1263 565 residenti,
1277 537 1370 568 quam
1387 526 1625 568 provinciarum
1639 527 1761 560 Pertin-

1028 576 1163 609 tinarum
1178 577 1304 610 Ordinis
1320 578 1485 621 praedicti,
1504 590 1576 612 cum
1594 580 1760 614 nonnullis

1026 630 1208 672 praeceptis
1240 635 1271 662 et
1295 630 1554 664 ordinationibus
1590 632 1762 666 demanda-

1026 680 1068 713 vit
1094 691 1152 723 per
1176 682 1328 724 quasdam
1354 693 1426 714 suas
1458 688 1605 726 patentes
1637 684 1760 718 litteras

1026 733 1166 776 desuper
1190 734 1365 777 expeditas,
1383 736 1502 768 tenoris
1520 736 1574 779 qui
1600 737 1758 780 sequitur,

1025 785 1190 819 videlicet:
1247 789 1251 804 '

1075 851 1088 869 α
1113 839 1223 873 Frater
1247 839 1359 873 Petrus
1384 840 1521 874 Marinus
1545 841 1718 875 Sormanus
1743 853 1760 876 a
1787 855 1894 886 ⁴ruz-ionia·
1916 857 1953 876 mn·

1026 892 1223 933 Mediolano,
1250 894 1508 936 ex-gu‘ardianus
1532 885 1830 938 Hierosolymi-''¹⁸¹'''
1849 884 1953 908 “mmm

1771 915 1790 929 ln
1807 909 1882 934 quibus
1900 910 1954 929 mte-

1735 947 1740 953 -
1770 937 1842 955 runtur
1858 938 1914 955 ortu*
1933 939 1953 955 οι

1029 950 1135 984 tanus,
1154 955 1189 978 ac
1206 946 1304 978 totius
1322 945 1449 978 Ordinis
1473 947 1633 990 seraphici
1659 954 1759 990 patris
1771 967 1892 987 promum
1904 968 1953 981 eoa-

1027 998 1125 1030 nostri
1163 998 1321 1030 Francisci
1359 998 1505 1031 minister
1535 1001 1698 1042 generalis
1730 1006 1758 1033 et
1771 988 1954 1035 222⁶'2'1‘23m2‘21'3

1027 1060 1153 1090 servus,
1179 1056 1240 1083 etc.
1772 1045 1818 1063 '³⁰'

1070 1103 1175 1145 Exigit
1208 1115 1225 1136 a
1261 1104 1354 1137 nobis
1390 1105 1533 1138 muneris
1567 1107 1668 1140 nostri
1704 1107 1761 1140 de-

1026 1156 1136 1197 bitum,
1161 1162 1209 1197 ut,
1234 1156 1333 1199 quae¹
1358 1167 1416 1200 pro
1442 1158 1527 1190 felici
1553 1159 1758 1192 concreditae

1027 1209 1120 1242 nobis
1136 1209 1301 1251 religionis
1318 1210 1509 1253 seraphicae
1528 1211 1691 1254 gubernio
1710 1213 1759 1246 vel

1027 1272 1044 1294 a
1067 1262 1374 1304 praedecessoribus
1405 1263 1524 1295 nostris
1560 1265 1608 1297 vel
1635 1275 1652 1297 a
1676 1265 1761 1307 capi—

1027 1315 1102 1347 tulis
1127 1315 1331 1357 generalibus
1357 1315 1422 1347 sive
1444 1316 1539 1348 etiam
1559 1316 1598 1348 ab
1627 1317 1762 1360 Aposto-

1026 1367 1088 1400 lica
1107 1367 1189 1400 Sede
1207 1368 1330 1400 sancita
1354 1373 1436 1408 sunt,
1454 1369 1673 1418 omnimodam
1695 1380 1762 1403 sor-

1028 1422 1147 1454 tiantur
1159 1421 1382 1454 executionem
1399 1426 1431 1453 et
1446 1422 1692 1462 observantiam,
1713 1433 1762 1455 ea-

1026 1485 1088 1518 que
1113 1484 1190 1517 prae
1215 1473 1339 1514 ceteris,
1365 1484 1445 1516 quae
1470 1484 1529 1517 pro
1554 1474 1761 1508 eliminandis

1027 1527 1246 1567 discordiis‚et
1263 1527 1436 1560 concordia
1449 1537 1485 1559 ac
1497 1537 1574 1570 pace
1592 1528 1677 1560 inter
1691 1528 1763 1561 reli-

1027 1581 1132 1623 giosos
1153 1580 1270 1613 tuenda
1287 1590 1323 1612 ac
1348 1580 1598 1619 manutenenda,
1614 1580 1763 1613 ordinata

1027 1640 1112 1667 sunt.
1122 1634 1222 1667 Huius
1235 1633 1409 1677 praecipue
1424 1632 1495 1666 sinis
1508 1633 1625 1666 intuitu
1636 1633 1668 1666 in
1681 1633 1762 1677 capi·

1027 1688 1095 1720 tulo
1106 1686 1250 1729 generali
1262 1686 1316 1718 hic
1329 1685 1450 1718 Romae
1467 1687 1634 1719 celebrato
1651 1697 1763 1720 mense

1026 1740 1105 1772 iunii
1130 1749 1278 1779 moerim,
1303 1739 1498 1771 instantibus
1523 1740 1714 1772 custodibus
1732 1745 1764 1772 et

1027 1792 1249 1835 proministris
1280 1795 1407 1834 septem
1439 1796 1623 1824 nostrarum
1647 1791 1763 1825 Obser-

1027 1846 1153 1878 vantiae
1177 1845 1417 1888 provinciarum
1442 1845 1534 1887 regni
1565 1845 1703 1878 Peruani
1731 1846 1763 1878 in

1028 1898 1126 1931 Indiis
1149 1897 1419 1938 Occidentalibus,
1443 1903 1581 1941 utroque
1600 1904 1763 1932 annuente

1028 1950 1225 1991 delinitorio,
1250 1950 1458 1994 partibusque
1478 1951 1607 1991 auditis,
1629 1951 1686 1983 suit
1710 1951 1765 1984 de-

1028 2009 1150 2037 cretum
1170 2003 1229 2036 sub
1250 2003 1301 2036 die
1324 2014 1344 2036 v
1362 2004 1508 2036 eiusdem
1526 2004 1658 2045 mensis,
1680 2004 1764 2036 utin

1029 2057 1106 2100 ipsis
1132 2056 1224 2089 fieret
1254 2056 1444 2089 alternatim
1476 2057 1561 2088 inter
1591 2056 1763 2099 religiosos

1029 2110 1187 2153 Hispanos
1205 2109 1361 2142 dictarum
1379 2109 1615 2151 provinciarum
1634 2109 1715 2142 filios
1734 2114 1765 2141 et

1029 2163 1201 2205 religiosos
1219 2162 1401 2195 nationales
1424 2164 1519 2204 vulgo
1538 2162 1674 2195 Criollos
1688 2173 1767 2194 nun—

1030 2222 1179 2259 cupat03‚
1207 2226 1245 2248 eo
1277 2215 1373 2248 modo
1398 2226 1463 2258 quo
1488 2216 1671 2249 introducta
1696 2216 1766 2248 sue-

1030 2269 1072 2301 rit
1096 2269 1129 2301 in
1153 2268 1326 2311 provinciis
1362 2268 1533 2301 Mexicanis
1565 2279 1623 2301 seu
1658 2268 1765 2301 Novae

1031 2322 1216 2365 Hispaniae.
1258 2322 1338 2354 lluic
1378 2322 1508 2354 decreto
1545 2322 1766 2355 annuentibus

1031 2374 1161 2414 ceteris,
1180 2375 1285 2407 solum
1303 2385 1337 2406 se
1355 2374 1509 2417 opposuit
1528 2374 1678 2407 Limanae
1696 2385 1767 2417 pro-

1031 2426 1154 2459 vinciae
1169 2426 1387 2470 prominister‚
1405 2427 1458 2469 qui
1479 2437 1559 2467 cum,
1577 2428 1705 2460 auditus
1726 2428 1765 2460 ab

1033 2481 1149 2514 eodem
1174 2480 1315 2523 capitulo
1338 2481 1494 2523 generali,
1517 2480 1598 2514 nibil
1619 2482 1765 2514 relevans

1070 2552 1079 2577 l
1103 2551 1169 2578 Male
1189 2550 1252 2578 edit.
1274 2551 1357 2578 Main.
1378 2551 1440 2586 legit
1460 2554 1547 2586 utque
1567 2560 1615 2587 pro
1636 2554 1677 2586 ut,
1695 2559 1767 2586 quae

1032 2596 1071 2623 (n.
1093 2596 1141 2624 τ.).
