2111 3157
206 204 254 233 sn.
276 203 304 232 c,
326 204 393 232 toss
440 194 502 227 803

237 2222 305 2267 tl'hrri·
320 2221 372 2242 xlx.

250 2252 267 2265 11·
290 2256 298 2264 ’1

211 2275 245 2293 11111
258 2276 294 2293 ltus
309 2281 392 2294 ⁴veriora<

211 2302 265 2321 litu<
282 2291 375 2321 lustrum.

304 2251 393 2267 ‚instit-tt]-

397 260 574 298 espiestres,
600 254 786 286 nullatenus
820 251 1053 285 contradicant.
1084 250 1134 282 ln-

398 310 442 341 sra
471 309 625 341 terminos
651 312 756 339 autem
783 307 961 345 domorum,
988 304 1049 337 nisi
1070 303 1133 335 sint

397 372 465 393 eum
494 362 609 404 priore,
638 371 701 392 non
726 360 882 402 equitent,
902 358 961 391 nisi
980 357 1060 390 adeo
1079 356 1133 389 de-

395 414 478 446 bites<
511 413 674 445 extiterint
705 413 790 455 quod
824 422 887 444 non
920 411 1046 444 valeant
1079 420 1134 452 pe-

397 468 515 499 ditare:
543 467 597 498 sed
625 476 682 498 nee
704 471 793 497 extra
812 464 967 497 terminos
985 462 1133 506 equitare

396 520 512 551 debent
540 519 600 551 nisi
627 519 664 551 de
692 518 820 551 licentia
843 516 975 561 prioris.
1002 515 1133 554 Quando

396 579 501 605 tamen
529 573 613 605 foras
636 573 753 604 ducunt
773 582 876 614 equos
894 581 952 614 pro
969 569 1132 612 aliquibus

394 625 549 658 oneribus
580 624 785 663 deserendis,
822 628 957 667 possunt
988 621 1132 665 equitare

395 679 426 711 in
454 679 499 711 eis
527 679 679 722 quamdiu
705 684 779 710 sunt
807 679 929 721 absque
954 686 1069 709 onere.

437 743 509 765 vul.
537 732 712 764 Conversos
737 731 768 763 in
795 730 913 763 itinere
933 730 971 762 ad
990 738 1132 761 mensam

393 797 482 818 suam
509 791 643 829 possunt
668 785 798 828 priores
824 784 1007 823 admittere,
1035 782 1059 814 si
1087 781 1132 814 eis

393 840 576 879 videbiturj,
603 840 658 872 sed
686 840 717 871 in
744 838 892 871 domibus
917 835 1017 870 nostri
1042 835 1131 867 Ordi-

393 893 443 925 nis
470 904 633 936 nunquam
652 893 771 925 debent
790 890 937 924 conversi
956 901 1028 924 eum
1047 889 1133 933 prio-

393 946 483 979 ribus
508 946 693 979 comedere.
972 977 978 982 ,

438 1011 478 1032 iv.
508 999 659 1032 Conversi
686 1004 773 1031 evtra
801 998 957 1031 terminos
979 1002 1132 1031 exeuntes

394 1053 513 1084 ieiunia
532 1053 692 1085 Ecclesiae
714 1062 775 1084 non
794 1052 928 1090 solvant,
946 1056 985 1091 et⁷
1004 1051 1029 1082 si
1049 1061 1132 1083 com-

393 1107 487 1138 mode
513 1106 645 1148 possint,
673 1105 818 1148 qtusititlic
844 1105 956 1137 missas
983 1104 1131 1143 audiant·,

394 1159 544 1191 omnibus
570 1164 675 1190 autem
699 1158 858 1190 Ecclesiae
887 1157 974 1189 sestis
999 1157 1132 1189 omnino

394 1213 520 1245 missam
547 1211 671 1250 audire,
697 1211 722 1243 si
749 1211 886 1253 possint,
909 1216 1070 1243 tenentur.

438 1277 467 1299 x.
495 1265 629 1303 Quando
663 1270 751 1297 extra
775 1264 864 1297 missi
897 1265 1046 1304 redeunt,
1080 1268 1133 1296 aut

394 1330 463 1351 eum
490 1329 586 1362 super
611 1318 850 1353 hebdomadam
872 1318 911 1350 ad
929 1318 1131 1361 superiorem

395 1372 523 1404 domum
550 1372 725 1404 ascendunt
753 1382 813 1414 pro
849 1371 1024 1413 operibus,
1051 1371 1132 1403 sacta

396 1426 533 1468 primum
569 1425 714 1457 oratione
749 1424 780 1456 in
813 1425 973 1463 ecclesia,
1002 1425 1131 1456 venient

396 1477 501 1509 statim
528 1478 567 1509 ad
599 1477 763 1520 priorem,
788 1478 837 1509 vel
863 1477 1052 1520 quamcitius
1077 1477 1134 1509 lia-

395 1531 527 1563 buerint
545 1535 777 1573 opportunum.

440 1594 483 1616 xl.
507 1583 658 1621 Quilibet„
676 1593 747 1615 cum
769 1582 850 1615 foras
867 1582 1014 1623 mittitur,
1038 1594 1133 1627 quam

397 1636 491 1669 citius
517 1637 686 1669 commode
719 1643 826 1679 potest
855 1637 971 1670 reverti
999 1643 1134 1678 tenetur,

398 1696 426 1722 et
452 1700 610 1730 reversus,
630 1700 710 1732 qnae
731 1690 801 1722 data
827 1695 901 1722 sunt
927 1690 965 1730 ei,
993 1701 1058 1723 non
1080 1691 1135 1723 de-

397 1743 452 1775 bet
476 1754 511 1774 ea
538 1743 677 1774 rotinere
704 1742 772 1774 sine
792 1743 920 1776 licentia
936 1743 1063 1786 prioris,
1082 1749 1134 1776 aut

399 1796 617 1839 procuratoris
636 1796 769 1827 ahsente
792 1796 913 1838 priore.

443 1860 497 1881 χιι.
537 1849 648 1881 Custos
690 1849 797 1891 pontis
835 1850 1025 1882 Carthusiae
1065 1860 1135 1882 cum

399 1903 489 1933 nullo
524 1912 677 1944 prorsus,
711 1902 770 1933 nisi
797 1903 983 1944 specialiter
1006 1903 1134 1944 itissUS,

401 1960 452 1987 aut
479 1965 549 1987 cnm
575 1954 717 1991 licentia.
739 1955 874 1987 fabulari
901 1955 987 1988 licite
1014 1960 1135 1998 potest,

402 2018 482 2050 quos
507 2012 614 2039 autem
645 2007 861 2039 admittendos
893 2010 942 2041 vel
976 2010 1139 2051 repellen-

402 2060 460 2091 dos
486 2060 626 2097 duxerit,
655 2060 684 2091 isl
723 2060 815 2092 faeiat
839 2061 1138 2103 (ptampaucissimis

403 2114 470 2145 steri
498 2119 604 2156 potest
637 2113 764 2152 verbis3
803 2114 834 2145 id
869 2114 973 2157 ipsum
1011 2125 1139 2147 servare

404 2166 533 2198 iubetur
551 2166 746 2209 quicumque
766 2167 850 2199 vices
872 2167 941 2199 eius
961 2167 1140 2211 exequitur.

450 2230 470 2252 1.
499 2219 649 2251 Conversi
678 2225 707 2250 et
733 2220 854 2260 donati,
882 2230 1041 2253 memores
1067 2231 1142 2255 suae

406 2273 599 2305 conditionis
629 2284 689 2316 qua
722 2274 845 2316 recepti
877 2279 950 2306 sunt
979 2274 1010 2306 in
1047 2275 1144 2307 servi-

408 2326 483 2357 tium
516 2326 774 2364 monachorum,
802 2326 968 2359 monachis
995 2327 1144 2360 omnibus

409 2384 471 2411 tam
499 2385 589 2421 gestu
631 2390 724 2421 spiam
751 2380 850 2412 verbo
876 2380 1018 2412 debitam
1054 2391 1145 2413 reve-

409 2432 543 2463 rentiam
569 2433 754 2464 exhibeant.
779 2433 957 2476 Propterea
978 2433 1145 2466 obviantes

410 2486 454 2516 eis
479 2486 711 2527 aliquantulum
739 2486 897 2518 inclinent
914 2492 946 2519 et
964 2492 1059 2530 eaput
1083 2487 1146 2519 dis-

410 2538 621 2579 cooperiant,
649 2544 677 2569 et
712 2539 841 2580 qnando
866 2541 1042 2583 loquuntur
1073 2551 1143 2573 cum

412 2591 471 2629 eis,
500 2596 594 2633 eaput
626 2601 689 2623 non
724 2597 851 2634 tegant,
879 2603 939 2626 nec
964 2593 1144 2635 assideant,

983 201 1162 226 BULLMUUM
1189 201 1340 226 Romanum

1176 249 1238 281 nisi
1259 250 1354 282 iussiz
1372 251 1472 283 multo
1489 252 1590 294 magis
1607 255 1713 285 autem
1733 263 1808 296 erga
1828 254 1911 298 prio-

1177 313 1227 334 res
1254 307 1285 334 et
1309 307 1433 336 ceteros
1450 304 1601 338 officiales
1619 316 1654 339 se
1671 317 1706 340 se
1723 314 1911 343 reverenter

1176 362 1207 389 et
1224 356 1364 390 fideliter
1379 368 1495 401 gerere
1514 359 1645 394 debent.

1220 421 1253 442 11.
1277 409 1390 443 Nullus
1415 422 1588 446 conversus
1610 414 1659 447 vel
1684 415 1833 456 donatus,
1858 428 1912 450 ex-

1175 468 1270 506 cepto
1296 464 1486 507 coquinario
1513 471 1545 499 et
1576 467 1724 501 adiutore
1760 469 1841 511 eius,
1878 471 1911 504 in

1175 515 1314 559 coquina
1339 518 1497 558 comedat,
1523 519 1585 553 nisi
1610 520 1692 554 sorte
1717 521 1756 555 de
1780 522 1913 557 licentia

1175 569 1315 612 prioris,
1342 575 1373 603 et
1405 581 1489 605 raro.
1517 572 1628 607 Nullus
1654 574 1759 616 etiam,
1785 582 1913 620 praeter

1176 623 1378 665 praedictos,
1409 624 1454 658 ibi
1486 625 1600 667 bibat,
1627 627 1687 660 nisi
1723 629 1833 672 priore
1857 636 1913 663 aut

1175 681 1384 718 procuratore
1403 684 1586 720 praesente,
1610 691 1670 713 nec
1686 680 1783 715 intret
1802 682 1913 727 coqui-

1174 738 1247 760 nam
1270 728 1331 761 nisi
1352 737 1483 764 vocatus
1505 731 1545 765 ab
1563 732 1622 766 eis.

1218 793 1266 815 111.
1293 782 1425 821 Quando
1449 785 1541 828 prior
1565 792 1616 819 aut
1649 793 1842 830 procurator
1865 800 1913 823 co-

1175 836 1272 868 medit
1299 838 1387 870 solus
1413 839 1463 871 vel
1489 849 1560 872 cum
1584 840 1778 884 hospitibus,
1802 843 1911 876 nullus

1175 898 1208 920 se
1244 888 1371 931 ingerat
1397 890 1571 924 intraturus
1596 893 1634 925 ad
1661 903 1737 935 eos,
1764 893 1825 927 nisi
1857 895 1912 938 qui

1175 941 1271 974 suerit
1295 943 1333 975 ad
1360 943 1566 978 serviendum
1592 946 1762 990 deputatus
1785 948 1834 981 vel
1856 959 1913 983 no-

1175 1000 1320 1027 minatim
1341 1001 1486 1029 vocatus.

1219 1058 1261 1080 1v.
1289 1048 1335 1080 Ad
1361 1049 1480 1092 prioris
1505 1051 1619 1084 cellam
1644 1053 1694 1086 vel
1723 1060 1913 1097 procurato-

1175 1101 1217 1131 ris
1244 1111 1306 1133 non
1325 1102 1458 1136 veniunt
1478 1109 1551 1147 post
1570 1107 1829 1149 completorium,
1849 1108 1912 1142 nisi

1175 1165 1210 1186 ex
1238 1156 1432 1188 necessitate
1467 1158 1517 1190 vel
1549 1159 1651 1191 vocati
1690 1171 1728 1193 ex
1764 1161 1910 1195 nomine.

1177 1207 1348 1251 Postquam
1382 1210 1543 1252 pulsatum
1568 1216 1616 1244 est
1640 1213 1910 1256 completorium,

1176 1262 1283 1293 nullus
1309 1272 1478 1296 remanere
1505 1263 1602 1296 debet
1626 1275 1698 1298 cum
1716 1265 1913 1309 hospitibus,

1176 1314 1237 1346 nisi
1263 1320 1433 1357 praesente
1452 1316 1562 1359 priore
1579 1344 1586 1357 ,
1614 1318 1758 1361 exceptis
1776 1319 1826 1360 iis,
1845 1320 1913 1363 qni-

1175 1368 1254 1404 bus,
1280 1373 1315 1400 ut
1346 1368 1425 1411 ipsis
1464 1370 1650 1413 hospitibus
1678 1372 1833 1413 serviant,
1864 1379 1915 1407 est

1175 1421 1365 1455 iniunctum.
1393 1422 1468 1455 Cum
1494 1423 1590 1456 etiam
1607 1430 1657 1457 est
1673 1424 1790 1468 aliquis
1813 1426 1846 1458 in
1870 1427 1916 1459 al·

1178 1474 1276 1506 terius
1302 1475 1392 1515 cella,
1412 1476 1462 1508 vel
1483 1475 1572 1516 alibi,
1600 1477 1711 1511 audito
1735 1480 1914 1522 completo-

1177 1528 1234 1567 rio,
1261 1528 1369 1560 statim
1397 1530 1552 1562 recedere
1589 1531 1696 1571 debet,
1726 1532 1788 1565 nisi
1813 1533 1915 1566 maio-

1177 1591 1243 1614 rem
1280 1591 1401 1614 moram
1442 1581 1582 1616 faciendi
1617 1584 1758 1627 speciale
1794 1585 1915 1619 habeat

1178 1634 1374 1666 mandatum.

1221 1699 1250 1719 v.
1278 1687 1484 1731 Quocumque
1510 1688 1562 1722 die
1587 1690 1637 1722 vel
1667 1694 1814 1734 tempore
1838 1702 1915 1725 con-

1178 1746 1289 1772 ventus
1313 1739 1354 1772 sit
1378 1740 1411 1773 in
1437 1742 1596 1782 elaustro,
1623 1747 1654 1776 et
1679 1743 1792 1777 diebus
1824 1744 1914 1778 sestis

1179 1799 1252 1835 post
1284 1804 1402 1827 nonam
1434 1806 1536 1838 usqne
1566 1796 1606 1828 ad
1638 1807 1810 1839 vesperas,
1841 1808 1915 1831 con-

1179 1848 1259 1880 versi
1285 1858 1349 1879 non
1375 1848 1495 1882 debent
1519 1848 1641 1882 intrare
1666 1850 1840 1883 claustrum
1866 1852 1916 1886 vel

1180 1912 1238 1944 per
1261 1901 1340 1934 illud
1368 1902 1521 1941 transire,
1556 1903 1603 1935 vel
1635 1903 1675 1937 ad
1708 1904 1827 1937 ostium
1852 1906 1917 1939 cla-

1180 1954 1297 1986 mando
1323 1956 1371 1987 vel
1398 1955 1559 1997 pulsando
1588 1955 1724 1989 nimium
1743 1957 1918 2001 strepitum

1182 2008 1296 2040 facere.
1324 2007 1456 2045 Quando
1486 2008 1582 2041 etiam
1613 2014 1793 2042 conventus
1831 2011 1918 2045 vadit

1181 2062 1230 2093 vel
1256 2060 1337 2093 redit
1365 2060 1403 2092 ab
1422 2061 1566 2101 ecclesia,
1585 2072 1699 2095 cavere
1720 2063 1843 2096 debent
1877 2074 1918 2097 ne

1183 2114 1213 2146 in
1241 2115 1381 2147 claustro
1399 2120 1587 2157 appareant.

1228 2178 1269 2200 vt.
1297 2166 1371 2199 Sine
1396 2167 1514 2199 calceis
1541 2177 1706 2210 nunquam
1737 2169 1854 2202 vadant
1879 2170 1918 2203 ad

1186 2219 1355 2252 ecelesiam
1381 2219 1430 2252 vel
1464 2225 1660 2252 conventum
1693 2220 1826 2262 intrent,
1859 2233 1920 2256 nec

1186 2284 1329 2316 unquam
1355 2272 1387 2305 in
1417 2278 1580 2306 conventu
1615 2273 1720 2316 pileos
1753 2274 1802 2307 vel
1832 2275 1920 2308 bire-

1189 2332 1236 2359 tos
1261 2331 1416 2369 portent,
1444 2325 1507 2359 nisi
1533 2326 1673 2371 desuper
1704 2327 1832 2371 caputia
1863 2329 1921 2362 lia·

1187 2380 1308 2412 beant.·

1230 2444 1284 2466 vn.
1310 2433 1416 2466 Cellae
1446 2438 1479 2466 et
1509 2433 1658 2467 officinae
1689 2443 1921 2470 conversorum

1188 2498 1203 2519 a
1229 2486 1340 2529 priore
1363 2488 1411 2520 vel
1438 2491 1648 2530 procuratore
1667 2487 1819 2522 semelin
1836 2499 1923 2522 men·

1187 2551 1232 2579 sc,
1252 2541 1301 2572 vel
1324 2540 1449 2583 quoties
1475 2540 1520 2573 eis
1544 2540 1715 2583 placuerit,
1738 2541 1919 2583 visitentur,

1188 2593 1303 2638 quibus
1334 2593 1394 2637 ipsi
1427 2593 1575 2627 conversi
1610 2593 1770 2638 quidquid
1800 2594 1922 2628 habent.

1917 204 1967 233 An.
1988 204 2019 234 C.
2036 205 2102 236 ¹⁶8⁸
