2111 3157
138 246 188 271 mi.
205 246 232 271 c.
257 245 322 272 rose
368 237 432 271 716

162 1045 190 1063 D.-
213 1044 318 1065 relieiosis

134 1077 161 1092 rei
173 1072 262 1096 «viendis

133 1098 272 1119 dimittendis.

330 300 438 328 autem
478 295 726 328 seminariorum
769 292 939 336 guardiani
979 292 1069 324 illam

330 349 589 392 praecedentiam
608 348 640 380 in
656 348 813 379 dictarum
831 345 1069 390 provinciarum

330 402 541 434 conventibus
567 400 754 440 habebunt,
782 410 864 443 quae
891 398 1069 442 guardiano

329 454 574 498 principalioris
593 459 774 486 conventus
793 452 970 486 cuiuslibet
993 462 1068 495 pro-

328 506 465 546 vinciae,
484 512 676 539 statutorum
704 512 735 539 et
755 504 1000 540 consuetudinis
1024 504 1070 537 vi-

329 570 430 602 gore,
456 560 589 593 concedi
622 561 727 601 solet,
756 565 787 593 et
811 566 874 593 tam
898 558 1068 602 guardiani

330 623 423 655 quam
469 613 521 646 alii
559 614 780 656 praefatorum
816 612 1068 646 seminariorum

330 666 446 699 fratres
470 667 555 711 apud
580 667 809 701 Observantiae
835 666 1017 710 religiosos,
1041 665 1068 698 si

330 718 460 758 suerint,
478 720 527 753 sin
553 726 659 754 autem
686 721 770 764 apud
797 721 1012 759 Recollectos,
1038 723 1070 751 et

329 770 368 803 iis
395 771 633 815 deficientibus,
658 774 742 818 apud
768 774 980 807 Discaleeatos
1013 772 1070 805 lio-

330 824 462 867 spitium
489 826 623 869 eligant,
644 826 771 870 ipsique
790 838 845 860 eos
870 825 1018 869 recipere
1037 829 1070 857 et

330 877 516 912 charitative
542 885 688 921 tractare,
714 880 772 913 sub
798 879 914 923 poenis
939 878 1069 911 unionis

329 930 458 965 Ordinis
474 933 760 976 perturbatoribus
777 933 950 977 impositis,
970 931 1070 964 indis-

329 985 544 1027 pensabiliter
570 992 755 1020 teneantur.

375 1048 409 1071 11.
437 1038 527 1077 Quod
552 1041 583 1073 in
610 1041 765 1084 praefatis
790 1040 982 1080 seminariis,
1005 1044 1068 1072 tam

331 1091 448 1124 erectis
486 1103 582 1135 quam
622 1093 807 1136 erigendis,
835 1093 968 1136 triginta
1005 1097 1068 1125 tres

329 1143 496 1186 religiosi¹
534 1146 573 1178 de
609 1146 729 1179 familia
763 1151 795 1178 et
828 1157 894 1179 non
930 1145 1070 1188 amplius

330 1196 453 1230 admitti
479 1199 622 1241 possint;
650 1200 767 1233 horum
800 1204 908 1232 autem
933 1203 1072 1242 quatuor

330 1249 394 1282 sint
418 1250 502 1291 laici,
530 1251 648 1295 reliqui
683 1263 761 1285 vero
801 1252 841 1285 ad
881 1250 1070 1284 exercitium

330 1302 519 1337 missionum
546 1305 609 1338 sint
633 1305 765 1347 idonei;
792 1306 874 1338 itaut
907 1305 1015 1338 nullus
1040 1304 1071 1336 in

331 1358 484 1399 praefatis
515 1359 696 1394 seminariis
733 1358 835 1402 recipi
860 1359 979 1398 valeat,
1004 1358 1070 1401 qui,

330 1410 465 1443 verbum
493 1411 546 1444 Dei
574 1411 793 1455 praedicando
820 1412 868 1444 vel
894 1410 1073 1444 consessio-

331 1473 390 1496 nes
416 1464 588 1503 audiendo,
627 1470 681 1496 aut
717 1464 896 1497 doctrinam
928 1463 1073 1495 christia-

331 1527 405 1549 nam
421 1522 451 1549 et
469 1523 598 1550 nostrae
619 1516 693 1550 sidci
712 1517 897 1550 rudimenta
914 1516 1072 1557 docendo,

332 1571 429 1604 finem
469 1570 644 1604 erectionis
683 1570 899 1614 praefatorum
936 1570 1074 1604 semina-

331 1625 453 1658 riorum
480 1635 674 1668 promovere
692 1635 757 1658 non
777 1624 889 1667 possit.
917 1624 947 1657 Si
966 1629 1072 1656 autern

331 1689 389 1721 pro
415 1679 498 1711 victu
526 1684 557 1711 et
587 1678 706 1711 vestitu
741 1678 970 1721 eleemosynae
1007 1687 1072 1709 non

331 1731 506 1771 desuerint,
532 1737 563 1764 et
587 1732 697 1774 plures
723 1730 870 1772 religiosi
896 1741 957 1773 pro
984 1731 1074 1763 loco-

332 1795 402 1816 rum
446 1790 477 1817 ct
517 1790 699 1827 temporum
737 1784 871 1816 diversis
908 1794 944 1816 ac
984 1782 1073 1816 noris

334 1837 582 1870 circumstantiis
603 1837 779 1870 necessarii
799 1841 1005 1876 censeantur,
1021 1847 1074 1868 su-

332 1890 442 1934 perior
468 1890 630 1933 generalis
650 1889 832 1932 respective
851 1889 889 1921 de
915 1897 1073 1921 consensu

333 1948 364 1975 et
389 1953 521 1975 assensu
548 1942 732 1974 discretorii
766 1941 942 1974 cuiuslibet
977 1941 1073 1974 semi-

333 1996 461 2029 ininarii
493 2006 661 2028 numerum
699 1995 902 2038 praedictum
930 2001 990 2027 tam
1016 1994 1073 2028 lai-

333 2059 443 2081 corum
469 2059 563 2091 quam
590 2054 776 2081 ceterorum
796 2048 929 2080 fratrum
955 2059 1073 2090 augere

333 2102 463 2145 poterit.
490 2101 527 2133 Et
551 2101 626 2144 quia
656 2101 900 2145 praedictorum
937 2101 1072 2133 fratrum

333 2154 494 2187 laudabile
513 2155 729 2187 ministerium
749 2155 893 2187 oninium
918 2154 1072 2185 virtutum

335 2209 471 2246 cumulo,
488 2207 643 2239 orationis
660 2198 704 2240 “ac
729 2206 942 2250 perfectionis
969 2206 1073 2239 omni-

335 2260 448 2292 modae
479 2270 675 2302 progressu,
703 2265 733 2292 et
764 2260 984 2292 strictissimae
1018 2270 1074 2291 no-

336 2318 418 2344 strae
444 2314 573 2355 regulae
599 2313 819 2345 observantiae
841 2313 1000 2346 soliditate
1027 2312 1074 2343 ni—

336 2369 458 2397 tescere
484 2376 548 2398 non
576 2366 719 2405 desistet,
746 2366 855 2405 imino,
884 2366 948 2398 Deo
967 2366 1071 2405 dante,

338 2418 525 2449 coiunideiii
565 2419 695 2451 fratrum
730 2419 892 2451 exercitiis
919 2419 1072 2461 (quorum

337 2480 454 2512 scopus
478 2471 537 2502 erit
562 2471 684 2503 animas
709 2472 774 2504 Deo
800 2472 1002 2511 lucrifacere,
1029 2471 1074 2503 in-

338 2524 459 2555 dustria
478 2529 508 2555 et
531 2525 750 2557 sollicitudine
769 2525 969 2558 adulterinas
989 2526 1075 2568 plan-

338 2577 475 2609 tationes
517 2577 687 2617 divellcre,
728 2578 862 2612 virtutes
898 2579 930 2611 in
967 2589 1074 2612 messe

374 2639 384 2666 1
407 2638 477 2666 Edit.
500 2639 579 2666 Μαίη.
600 2639 665 2674 legit
686 2640 829 2675 religsc'osos
848 2644 885 2673 (tt.
902 2642 950 2675 T.).

926 242 1107 267 BULLARlUM
1132 242 1282 266 ROMANUM

1113 290 1240 323 Domini
1265 300 1385 331 serere,
1405 290 1481 323 vitia
1499 289 1653 323 radicitus
1677 289 1850 333 extirpare,

1113 344 1290 378 humanum
1315 354 1417 386 genus
1443 343 1483 376 ad
1508 343 1705 385 cognitionis
1729 349 1761 376 et
1784 343 1851 377 Sal-

1112 397 1232 430 vatoris
1257 397 1388 430 semitas
1421 397 1587 438 reducere,
1619 407 1655 430 ac
1688 397 1851 441 apostolo-

1113 460 1195 491 rum,
1227 449 1282 494 qui
1319 449 1380 483 iam
1412 450 1444 482 in
1474 450 1553 483 orbe
1594 460 1658 483 non
1699 450 1850 492 existunt,

1112 514 1228 536 munus
1247 504 1375 546 gerere)
1397 503 1593 537 laudabilius
1618 508 1649 537 et
1672 503 1850 547 perfectius

1112 555 1143 588 in
1169 556 1237 590 dies
1261 556 1461 600 ostendetur,
1487 556 1623 597 statutis,
1643 568 1660 590 a
1677 557 1730 590 SS.
1756 557 1792 590 D.
1812 556 1850 591 N.

1112 611 1300 645 Innocentio
1325 610 1364 644 xl
1397 611 1429 643 in
1466 621 1525 644 suo
1562 611 1657 644 Brevi
1692 611 1853 645 Ecclesiae

1111 664 1290 698 catholicae
1313 664 1489 708 incipiente
1515 664 1721 705 confirmatis,
1739 665 1852 698 inhae-

1112 718 1234 751 rendo:
1257 718 1409 751 omnibus
1430 724 1462 751 et
1480 718 1617 761 singulis
1642 718 1795 762 praelatis
1821 723 1854 752 et

1112 771 1274 814 religiosis
1298 771 1356 804 sub
1382 771 1569 805 obedientia
1593 774 1705 805 nostra
1731 771 1853 815 degen-

1113 824 1209 865 tibus,
1237 824 1360 858 etiamsi
1378 825 1513 858 alicuius
1537 825 1721 869 provinciae
1743 825 1854 860 Refor-

1113 882 1217 909 matae
1242 878 1292 910 vel
1324 877 1541 912 Disealceatae
1574 878 1647 919 sint,
1686 889 1746 922 per
1782 889 1854 912 san-

1113 935 1196 962 ctam
1226 929 1458 971 obedientiam,
1495 931 1528 963 in
1564 932 1681 965 virtute
1716 932 1853 976 Spiritus

1113 982 1228 1023 Sancti,
1249 989 1280 1015 et
1295 983 1354 1015 sub
1375 983 1489 1026 poenis
1510 984 1854 1018 excommunicationis

1113 1035 1256 1076 maioris,
1280 1035 1471 1079 privationis
1491 1036 1669 1070 officiorum
1694 1042 1725 1070 et
1749 1037 1855 1081 digni-

1116 1093 1223 1128 tatum,
1251 1099 1287 1121 ac
1311 1088 1527 1122 inhabilitatis
1544 1095 1723 1134 perpetuae
1741 1090 1781 1133 ad
1799 1090 1855 1124 ob-

1115 1142 1258 1183 tinenda,
1285 1142 1353 1186 ipso
1376 1143 1458 1178 sacto
1485 1143 1702 1185 incurrendis,
1730 1143 1854 1188 praeci-

1115 1195 1222 1238 pimus
1257 1200 1291 1228 et
1326 1196 1526 1237 mandamus,
1557 1202 1592 1229 ut
1628 1197 1719 1231 nullo
1744 1197 1853 1238 modo,

1116 1248 1237 1281 directe
1262 1249 1312 1282 vel
1336 1248 1508 1290 indirecte,
1536 1260 1594 1293 per
1620 1260 1654 1283 se
1680 1252 1729 1284 vel
1755 1250 1854 1284 inter-

1116 1301 1251 1344 positam
1278 1312 1463 1344 persenam,
1492 1302 1661 1345 religiosos
1693 1303 1754 1336 sibi
1779 1304 1855 1337 sub-

1116 1354 1198 1388 ditos
1223 1360 1277 1387 aut
1302 1354 1524 1397 consubditos,
1538 1356 1683 1389 volentes
1701 1356 1740 1390 ad
1764 1367 1856 1400 prae-

1117 1407 1238 1440 dictum
1274 1414 1421 1441 sanctum
1458 1419 1540 1452 opus
1566 1409 1715 1450 transire,
1753 1409 1855 1453 impe-

1117 1461 1216 1502 diant,
1240 1463 1436 1505 perturbent
1461 1468 1516 1495 aut
1546 1468 1702 1504 evertant,
1727 1463 1783 1496 sed
1809 1463 1855 1497 eis

1117 1515 1222 1557 potius
1249 1515 1389 1550 divinam
1425 1515 1673 1559 inspirationem
1702 1527 1738 1549 ac
1762 1526 1856 1550 voca-

1118 1568 1236 1601 tionem
1254 1568 1345 1611 sequi
1367 1568 1554 1601 charitative
1574 1570 1743 1602 suadeant.
1763 1569 1854 1602 Prae·

1117 1621 1274 1654 dictorum
1290 1626 1396 1654 autem
1415 1621 1663 1654 seininariorum
1675 1622 1854 1664 guardiani,

1117 1675 1156 1709 de
1181 1673 1318 1707 consilio
1346 1679 1378 1707 et
1402 1685 1537 1707 assensu
1564 1674 1797 1715 discretorum,
1823 1679 1856 1708 et

1116 1727 1356 1760 commissarius
1382 1727 1582 1767 missionum,
1599 1727 1656 1760 sub
1681 1728 1785 1760 forma
1802 1737 1856 1761 su-

1116 1781 1225 1823 perius
1250 1781 1459 1823 praescripta,
1479 1791 1552 1813 suas
1568 1780 1690 1813 litteras
1707 1782 1854 1824 praelato

1116 1833 1213 1867 locali
1249 1833 1393 1875 religiosi
1429 1833 1553 1876 recepti
1586 1833 1725 1866 directas
1759 1844 1856 1877 expe-

1117 1887 1223 1926 dient3
1249 1888 1413 1930 praefatus
1445 1897 1520 1919 vero
1556 1887 1723 1929 praelatus
1748 1886 1855 1930 ipsum

1116 1950 1188 1972 eum
1208 1939 1299 1972 libris
1324 1939 1449 1982 proprii
1471 1950 1549 1972 usus
1567 1939 1671 1972 statim
1690 1938 1853 1980 remittet·,

1117 1998 1149 2026 et
1172 1998 1287 2036 postea
1311 1992 1491 2035 praedictas
1529 1992 1653 2025 litteras
1690 1992 1729 2025 ad
1761 1991 1854 2025 mini-

1116 2051 1216 2079 strum
1232 2045 1464 2089 provincialem
1479 2046 1683 2086 transmittet,
1698 2051 1742 2086 ut,
1757 2055 1856 2089 super

1116 2100 1246 2132 subdito
1271 2099 1310 2132 ad
1336 2099 1512 2142 perfectius
1537 2110 1655 2132 munus
1680 2104 1712 2132 et
1736 2098 1856 2132 exerci-

1117 2153 1193 2185 tium
1221 2153 1386 2193 translato,
1414 2152 1563 2195 gaudium
1584 2153 1624 2185 sit
1641 2153 1673 2185 in
1702 2155 1765 2186 tota
1784 2163 1855 2196 pro-

1117 2206 1232 2239 vincia.
1259 2205 1365 2238 Primo
1390 2216 1475 2238 anno
1507 2206 1555 2237 sni
1581 2205 1613 2238 in
1645 2205 1854 2239 seminarium

1116 2260 1293 2301 ingressus,
1319 2259 1343 2291 si
1370 2259 1447 2292 alias
1474 2258 1504 2291 in
1523 2258 1586 2291 alio
1604 2258 1778 2292 seminario
1796 2268 1865 2308 per¹

1117 2313 1201 2345 idem
1226 2318 1353 2355 tempus
1380 2322 1444 2345 non
1465 2312 1711 2355 permansisset,
1727 2312 1765 2345 ad
1783 2312 1857 2366 mis·l

1116 2366 1241 2397 sionem
1272 2376 1337 2398 non
1371 2365 1556 2408 deputetur,
1589 2375 1649 2398 nec
1679 2370 1788 2397 votum
1821 2365 1856 2398 in

1117 2418 1274 2452 electione
1300 2419 1436 2461 praelati
1463 2419 1592 2459 habeat,
1608 2419 1664 2452 sed
1683 2419 1773 2462 quasi
1795 2419 1854 2452 snb

1117 2472 1312 2514 probatione
1337 2477 1479 2513 maneat,
1498 2477 1532 2504 ut
1549 2472 1587 2505 de
1606 2471 1676 2504 eius
1693 2472 1861 2510 sufficien-⁴

1119 2525 1159 2557 tia
1185 2525 1301 2558 melius
1333 2531 1481 2558 constare
1508 2526 1628 2567 valeat;
1654 2530 1695 2566 et,
1719 2526 1744 2558 si
1770 2526 1856 2560 intra

1117 2589 1235 2611 annum
1261 2580 1309 2612 vel
1328 2584 1442 2623 postea
1467 2580 1505 2612 de
1522 2579 1609 2612 illius
1626 2579 1855 2613 insufficientia

1118 2632 1315 2676 constiterit,
1341 2638 1396 2675 aut
1420 2644 1478 2677 per
1504 2633 1638 2677 aliquod
1664 2633 1863 2671 vitiumrscug

1857 243 1907 270 An.
1928 243 1957 271 C.
1976 244 2042 272 1586
