2111 3157
38 220 90 248 An.
108 219 138 246 C.
158 218 224 246 “386

227 271 293 300 tres
328 267 388 311 ipsi
420 278 478 311 pro
515 272 660 311 tempore
693 268 955 310 assumerentur),

228 319 413 363 deputandi,
430 331 549 364 eosque
575 321 614 354 ad
639 327 745 365 partes
772 321 843 354 illas
863 321 959 353 desti-

227 373 333 413 nandi,
350 384 385 406 ac
400 374 493 407 etiam
514 375 592 407 alios
607 386 642 407 ex
658 374 728 418 ipso
742 374 869 415 Ordine,
887 384 958 406 cum

227 425 325 469 aliqui
351 437 388 459 ex
413 427 457 459 eis
482 427 687 467 deseeissent,
715 427 808 460 toties
833 426 958 470 quoties

227 478 411 522 expediret,
437 479 647 522 subrogandi,
674 490 709 512 ac
733 480 779 512 eis
805 479 901 512 dandi
923 479 959 510 li-

228 533 368 566 centiam
392 533 512 565 ibidem
529 533 770 572 commorandi,
797 531 958 565 contradi-

228 589 333 618 ctores
357 595 484 628 quoque
509 595 568 628 per
584 595 752 618 censuram
769 583 960 617 ecclesiasti-

228 647 316 677 cam,
353 638 573 681 appellatione
610 637 802 680 postposita,
829 646 959 678 compe-

227 690 358 731 scendi,
390 691 517 734 plenam
552 695 582 723 et
613 690 759 729 liberam,
780 691 836 722 sub
864 689 958 722 certis

216 743 326 776 -modo
352 748 384 775 et
401 743 501 776 forma
520 748 595 775 tune
613 742 783 786 expressis,
799 741 959 775 concessit

227 795 424 836 facultatem,
443 801 474 828 et
491 796 579 836 alias,
595 800 692 838 prout
715 795 748 827 in
773 795 872 838 ipsius
893 794 960 826 Cle-

229 848 344 881 mentis
368 848 632 891 praedecessoris
663 847 788 887 litteris,
806 857 836 880 xt
854 847 959 879 kalen-

229 900 285 933 das
302 895 488 934 'decembris
524 900 729 944 pontificatus
767 899 814 932 sui
840 909 924 932 anno
950 909 958 932 1

229 953 369 997 desuper
394 953 564 997 expeditis,
589 953 720 987 uberius
746 953 864 987 dicitur
889 962 961 985 con-

229 1005 336 1039 tineri.

137 1095 141 1099 ,
179 1101 183 1105 Δ
273 1059 288 1103 ἓ
313 1059 344 1092 2.
371 1059 449 1093 Cum
474 1065 593 1100 autem,
619 1060 700 1093 sicut
729 1060 840 1093 eadem
868 1069 960 1102 expo-

36 1097 218 1147 sslffi¹¹¹⁰q¹ssliiffl
229 1111 303 1146 sitio
329 1112 554 1155 subiungebat,
572 1114 644 1145 loca
669 1119 778 1146 saneta
796 1112 960 1155 praedicta

35 1148 172 1171 ‘mmm'
229 1165 367 1198 subinde
396 1176 412 1198 a
439 1165 533 1198 dictis
558 1166 708 1198 fratribus
733 1171 869 1209 quatuor
894 1166 959 1198 sere

229 1219 432 1251 saeculorum
463 1219 601 1251 decursu
637 1219 796 1252 custodita
821 1219 958 1258 fuerint3

228 1271 285 1304 sed
309 1271 430 1305 'furcae
461 1282 567 1315 nuper
599 1271 671 1305 illos
704 1273 779 1306 inde
805 1272 961 1306 eiecerint

229 1330 261 1357 et
284 1325 507 1373 schismaticos
542 1335 651 1358 eorum
677 1327 750 1358 loco
775 1326 961 1359 introduxe-

229 1378 302 1419 rint,
324 1379 378 1421 qui
403 1379 459 1411 illa
484 1379 523 1411 de
548 1379 714 1422 praesenti
742 1380 885 1412 detinent
910 1390 962 1412 oe-

228 1437 366 1474 cupam,
394 1431 463 1475 ipse
488 1442 566 1465 vero
599 1432 712 1465 Petrus
738 1432 877 1465 Marinus
904 1433 962 1465 mi-

228 1485 329 1518 nister
353 1486 514 1528 generalis
541 1485 621 1529 (qui,
641 1491 814 1529 antequam
842 1486 880 1519 ad
907 1496 962 1529 ge-

229 1539 410 1570 neralatum
421 1538 549 1571 Ordinis
561 1539 718 1582 praedicti
734 1545 960 1579 assumeretur,

230 1591 443 1634 quinquennii
480 1591 583 1634 spatio
621 1592 810 1624 eorumdem
836 1598 963 1625 sancto-

228 1654 299 1676 rum
316 1644 462 1677 locorum
481 1645 630 1686 regimini
649 1650 680 1677 et
694 1645 857 1678 custodiae
876 1656 963 1688 prae-

230 1697 303 1740 fuit)
324 1697 357 1730 in
383 1698 564 1731 visitatione
582 1698 816 1741 proviiiciarum
836 1699 964 1732 Germa-

228 1749 300 1782 niae
326 1756 358 1783 et
385 1750 566 1793 Hungariae
602 1751 677 1784 dicti
701 1751 829 1785 Ordinis
854 1753 962 1795 (qnam

231 1813 337 1847 nuper
361 1804 470 1844 obivit,
486 1809 517 1836 et
542 1804 572 1835 in
599 1805 689 1837 euius
712 1805 848 1837 decursu
867 1805 964 1837 vexil-

231 1856 298 1888 lum
323 1856 459 1889 Sanctae
485 1855 596 1889 Crucis
629 1856 713 1888 intra
746 1857 861 1890 limites
890 1869 965 1890 con-

230 1919 343 1942 ventus
357 1909 404 1941 sui
419 1909 546 1942 Ordinis
560 1909 591 1941 in
609 1908 728 1952 oppido
742 1909 964 1942 Neulieuselae

231 1962 482 1996 christianorum
508 1962 603 1994 armis
632 1972 647 1994 e
673 1962 821 1995 manibus
846 1962 964 1996 Tui-‹Ja-

231 2026 302 2048 rum
327 2016 452 2049 sortiter
475 2021 676 2058 recuperato,
703 2016 910 2048 reconciliata
935 2027 966 2048 0-

75 1068 173 1094 Expulsio
188 1069 219 1089 di-

232 2126 276 2162 te,
290 2132 362 2154 cum
388 2121 543 2163 singulari
562 2121 658 2153 animi
678 2122 724 2153 sui
747 2122 862 2164 gaudio
880 2123 967 2164 plan-

235 2174 323 2217 tavit)
345 2184 416 2206 eum
442 2173 643 2216 principibus
669 2173 861 2214 christianis,
877 2186 965 2207 sacro

233 2227 364 2260 foedere
389 2231 499 2259 contra
525 2226 658 2258 eosdem
682 2226 798 2259 Turcas
824 2227 964 2267 sociatis,

234 2279 274 2312 de
298 2279 450 2322 praefatis
476 2279 553 2312 locis
579 2279 695 2312 sanetis
721 2284 753 2311 et
778 2281 965 2322 praesertim

234 2333 412 2376 sepulchro
442 2332 606 2365 dominico
639 2333 678 2365 ad
703 2334 880 2367 custodiam
906 2336 966 2368 sra-

233 2393 318 2420 trum
342 2386 417 2419 dicti
436 2386 563 2419 Ordinis
579 2387 785 2419 restituendis
803 2388 890 2420 omni
908 2394 965 2420 stu-

235 2440 289 2473 dio
315 2439 432 2483 egerit,
458 2439 584 2483 ipsique
616 2440 780 2482 principes
806 2440 834 2473 ei
860 2440 965 2474 decla-

233 2494 376 2528 raverint
406 2493 465 2527 sibi
498 2493 672 2525 in-animo
705 2493 838 2526 firmiter
868 2493 964 2528 fixum

234 2557 306 2581 esse
330 2557 428 2591 super
452 2546 615 2590 praesenti
647 2546 734 2579 bello
759 2557 829 2579 cum
855 2547 965 2581 Turcis

225 2599 408 2651 *praedictis
434 2600 523 2633 nullo
548 2599 644 2633 modo
659 2600 787 2643 pacisci,
802 2600 859 2632 nisi
881 2601 967 2635 inter

806 219 1017 244 INNOCENTIUS
1039 220 1069 243 XI
1093 219 1142 243 ΡΡ.

1626 206 1689 241 083
1735 216 1786 242 An.
1808 215 1836 242 c..
1856 214 1921 242 uaso

1000 267 1193 310 praecipuos
1226 265 1378 299 articulos
1402 264 1611 308 reintegratio
1635 270 1730 307 atque

1000 320 1160 354 restitutio
1185 320 1371 353 eorumdem
1401 319 1532 351 fratrum
1557 317 1596 350 ad
1621 316 1731 360 pristi-

1001 383 1072 406 nam
1097 373 1272 407 custodiam
1298 377 1482 405 sanctorum
1504 371 1649 404 locorum
1675 370 1733 402 Pa-

1001 426 1152 460 laestinae
1178 432 1210 459 et
1232 426 1407 470 praecipue
1434 425 1599 469 sepulchri
1630 423 1733 457 domi-

1001 478 1063 510 nici
1081 479 1212 512 omnino
1231 479 1429 512 stabiliatur:
1449 478 1541 511 nohis
1554 469 1733 521 =propterea

1002 531 1106 564 dictus
1123 532 1234 564 Petrus
1256 531 1394 563 Marinus
1411 531 1559 564 minister
1576 530 1733 573 generalis

1002 583 1167 616 humiliter
1199 583 1373 627 supplicari
1398 584 1473 616 fecit
1507 588 1542 616 ut
1573 583 1605 615 in
1641 593 1736 626 prae-

1001 635 1104 668 missis
1129 642 1313 679 opportune
1339 636 1508 678 providere
1539 641 1569 669 et
1593 641 1627 668 ut
1653 636 1736 668 infra

1003 689 1171 731 indulgere
1197 689 1236 721 de
1261 689 1462 732 benignitate
1488 690 1666 732 apostolica
1691 690 1736 723 di-

1002 751 1184 783 gnaremur.

1046 794 1060 837 ξ
1078 793 1108 827 3.
1132 793 1193 827 Nos
1211 794 1318 837 igitur,
1336 795 1531 828 laudabilem
1549 796 1734 828 eorumdem
1772 806 1877 828 Statntum
1903 804 1930 826 de

1002 847 1185 890 principum
1216 848 1517 881 confoederatorum
1558 850 1660 881 zelum
1691 834 1931 889 at-{};⁵¹,0;¹„·;·,‘,¹2¹·‚j{;}:

1003 910 1064 943 que
1082 900 1236 943 pietatem
1254 901 1431 943 plurimum
1449 902 1479 933 in
1498 901 1635 934 Domino
1654 886 1931 945 cogn·Ell⁸a.‚‘2'‘0²“'0¹l]¹.¹21‘11

1004 953 1204 993 mendantes,
1221 964 1398 997 eorumque
1417 954 1477 997 piis
1491 954 1573 987 votis
1590 960 1621 987 et
1641 954 1736 987 armis
1748 944 1834 960 ⁵¹⁰⁰⁰¹¹¹⁴

1004 1009 1137 1050 paterna
1162 1006 1316 1040 charitate
1336 1007 1578 1047 benedicentes,
1599 1018 1635 1040 ac
1652 1018 1740 1043 eum-

1005 1060 1076 1093 dem
1100 1060 1230 1093 Petrum
1255 1061 1410 1093 Marinum
1436 1061 1617 1093 ministrum
1643 1072 1739 1104 gene-

1004 1116 1105 1147 ralem
1141 1115 1338 1158 specialibus
1370 1115 1530 1148 favoribus
1563 1121 1594 1148 et
1627 1116 1738 1158 gratiis

1004 1168 1155 1210 prosequi
1180 1169 1335 1209 volentes,
1353 1173 1385 1201 et
1402 1178 1418 1200 a
1436 1168 1601 1211 quibusvis
1616 1179 1741 1201 excom-

1005 1220 1244 1261 municationis,
1264 1221 1485 1264 suspensionis
1507 1227 1537 1253 et
1562 1220 1740 1260 interdicti,

1005 1274 1141 1318 aliisque
1181 1274 1409 1307 ecclesiasticis
1441 1274 1636 1314 sententiis,
1666 1285 1740 1307 cen-

1006 1328 1088 1360 suris
1117 1333 1148 1360 et
1173 1327 1302 1370 poenis,
1324 1338 1341 1359 a
1367 1327 1435 1359 iure
1459 1328 1507 1359 vel
1534 1328 1572 1359 ab
1596 1327 1739 1368 homine,

1006 1380 1116 1423 quavis
1138 1380 1309 1412 occasione
1334 1380 1383 1412 rel
1409 1381 1503 1412 causa
1521 1380 1603 1420 latis,
1625 1380 1649 1412 si
1676 1380 1742 1422 qui—

1006 1433 1063 1465 bus
1089 1433 1337 1476 quomodolibet
1361 1434 1535 1465 innodatus
1566 1433 1680 1473 existit,
1702 1433 1742 1466 ad

1006 1486 1152 1519 effectum
1180 1486 1400 1529 praesentium
1434 1487 1596 1519 dumtaxat
1628 1496 1743 1518 eonse—

1007 1539 1185 1582 quendum,
1219 1540 1333 1572 harum
1359 1539 1442 1572 serie
1475 1540 1680 1572 absolventes
1711 1544 1743 1572 et

1007 1593 1188 1625 absolutum
1228 1594 1296 1625 fore
1327 1598 1518 1633 censentes,
1556 1593 1743 1625 huiusmodi

1007 1646 1298 1689 supplicationibus
1341 1646 1485 1679 inclinati
1506 1674 1513 1687 ,
1559 1647 1744 1690 supradicta

1007 1706 1114 1732 saneta
1132 1701 1200 1732 loca
1222 1700 1429 1741 Palaestinae,
1447 1699 1514 1732 sive
1533 1700 1648 1732 Terrae
1665 1700 1743 1733 San-

1008 1759 1085 1790 ctae,
1113 1765 1148 1784 ac
1168 1753 1354 1795 [axiesertin‘]
1369 1753 1605 1785 sanctissimum
1621 1753 1743 1786 domini

1008 1806 1107 1838 nostri
1129 1806 1199 1838 lesu
1215 1806 1333 1838 Christi
1352 1807 1571 1849 sepulchrum,
1593 1807 1745 1849 quemad-

1009 1859 1137 1891 modum
1161 1859 1318 1898 antehac,
1346 1864 1378 1891 et
1394 1870 1494 1902 usque
1521 1860 1558 1892 ad
1584 1870 1743 1902 nuperam

1010 1913 1227 1954 praet'atorui'n
1255 1911 1536 1944 schismaticorum
1558 1913 1743 1955 occupatio-

1010 1975 1080 1996 nem
1096 1970 1191 2007 atque
1204 1964 1462 2007 usurpationem,
1484 1976 1542 2008 per
1563 1966 1675 1998 fratres
1689 1966 1744 1999 Or-

987 2018 1093 2050 tdinis
1126 2017 1261 2060 praefati
1294 2028 1331 2050 ex
1364 2018 1458 2050 huius
1491 2024 1620 2051 sanctae
1653 2019 1743 2052 Sedis

232 2069 359 2102 iusdem
385 2068 512 2101 Ordinis
531 2068 668 2101 ecelesia
692 2068 812 2101 ibidem
830 2069 966 2101 existen·
987 2089 988 2093 =

1010 2070 1213 2113 Apostolicae
1239 2071 1447 2104 concessione
1466 2071 1634 2113 custodita,
1656 2078 1744 2105 recta

1010 2129 1041 2156 et
1067 2124 1245 2166 gubernata
1270 2124 1397 2156 fuerunt
1413 2151 1420 2164 ,
1446 2125 1490 2157 ita
1514 2125 1546 2157 in
1576 2131 1744 2168 posterum

1010 2188 1139 2220 quoque
1171 2178 1209 2209 al)
1243 2177 1358 2210 iisdem
1386 2177 1537 2210 fratribus
1562 2178 1740 2219 custodiri,

1010 2232 1076 2273 regi
1103 2236 1134 2263 et
1151 2231 1322 2273 gubernari
1349 2231 1481 2271 debere,
1509 2232 1698 2265 auctoritate
1716 2243 1744 2265 a·

1010 2285 1174 2327 postolica,
1190 2290 1302 2317 tenore
1321 2285 1553 2327 praesentium,
1573 2286 1742 2318 statuimus

1010 2343 1041 2370 ct
1065 2338 1264 2370 ordinamus.

1052 2392 1066 2434 g
1091 2391 1121 2423 li.
1145 2391 1364 2423 Decernentes
1399 2392 1528 2424 easdem
1554 2399 1743 2435 praesentes
1782 2396 1901 2421 clausulae·

985 2465 986 2476 1
1008 2445 1131 2476 litteras
1158 2454 1287 2486 semper
1311 2444 1429 2484 sirmas,
1449 2445 1569 2477 validas
1587 2451 1619 2478 et
1637 2446 1743 2479 effica-

1008 2507 1059 2528 ces
1081 2496 1217 2528 existere
1246 2501 1278 2528 et
1309 2496 1386 2536 fore,
1409 2507 1545 2540 suosque
1578 2499 1743 2540 plenarios

1009 2554 1040 2581 et
1064 2548 1208 2591 integros
1235 2548 1366 2582 ell'ectus
1393 2549 1499 2582 sortiri
1526 2555 1557 2582 et
1581 2551 1743 2592 obtinere,

1008 2612 1043 2634 ae
1069 2601 1142 2642 illis,
1160 2602 1199 2634 ad
1221 2613 1303 2646 quos
1329 2608 1452 2646 spectat
1470 2608 1501 2635 et
1517 2613 1575 2647 pro
1596 2609 1739 2648 tempore
