2111 3157
177 207 227 235 An.
243 206 272 235 c.
296 208 364 237 16εὸ
411 199 474 235 3:34,

371 259 450 291 alias
482 259 668 302 puniantur.
702 259 739 290 Et
770 257 793 290 si
828 255 882 299 qui
915 257 996 288 tales
1029 266 1107 288 con-

371 312 533 345 tentiones
560 312 699 344 dominis
721 311 786 342 sive
812 309 1015 353 principibus
1040 308 1105 340 sive

371 364 553 397 domesticis
579 374 689 396 eorum
721 362 959 400 revelaverint,
985 361 1010 393 si
1038 371 1107 392 mo-

371 417 465 449 nachi
488 417 560 455 sint,
579 421 714 448 careant
738 425 826 454 voce,
847 419 879 447 et
896 414 959 446 sint
983 413 1106 452 novitii,

371 470 408 501 ad
435 469 562 501 Ordinis
586 470 806 507 voluntatem,
826 467 878 500 alii
895 477 972 499 vero
998 466 1106 498 statim

370 523 489 554 carceri
516 521 756 564 mancipentur.

413 585 469 607 vu.
497 575 675 607 llortentur
692 584 767 606 vero
794 578 826 606 et
850 573 937 606 omni
955 573 1107 605 instantia

369 628 524 660 inducant
548 638 623 660 suos
649 627 710 670 ipsi
736 627 873 670 priores,
893 632 928 658 ut
944 627 1106 669 colloquia

369 681 509 713 habeant
536 682 575 713 de
599 681 676 720 Deo,
702 681 741 713 de
766 680 900 719 Sanctis,
923 680 961 712 de
991 679 1107 713 divinis

368 734 547 773 mandatis,
582 735 620 766 de
659 733 887 766 observatione
913 738 1105 765 statutorum

368 793 574 826 nostrorum,
602 788 641 819 de
667 787 843 819 virtutibus
875 786 1104 829 acquirendis,

368 841 407 872 de
433 840 634 884 extirpandis
670 840 774 878 vitiis,
802 840 840 873 de
873 839 1106 872 tentationibus

367 893 626 927 internoscendis
642 899 673 926 et
692 893 895 936 superandis,
915 892 953 925 de
973 897 1107 935 quatuor

366 946 564 987 novissimis,
591 952 622 979 et
646 947 779 979 omnino
806 947 844 978 de
870 946 964 978 bonis
991 951 1022 978 et
1045 946 1106 978 uti-

366 999 450 1032 libus
476 1001 514 1032 ad
541 1000 667 1032 animae
705 1001 844 1032 salutem
869 1004 900 1031 et
924 999 1105 1041 profectum

365 1052 584 1094 spiritualem:
604 1052 735 1095 saepius
762 1052 824 1084 illis
850 1062 1105 1084 commemoran-

365 1110 413 1136 tes
438 1105 518 1137 haec
551 1105 721 1137 beatorum
753 1104 936 1147 Hieronymi
971 1110 1003 1136 et
1028 1105 1104 1136 Ber-

364 1157 455 1188 nardi
482 1157 589 1189 dicta:
622 1169 635 1188 «t
656 1157 742 1189 Inter
767 1158 969 1197 saeculares,
998 1168 1102 1200 nugae

363 1220 468 1252 nugae
483 1215 566 1251 sunt,
582 1210 613 1242 in
629 1221 685 1242 ore
700 1216 805 1242 autem
820 1210 1009 1250 sacerdotis,
1022 1211 1103 1244 blas-

363 1263 514 1306 phemiae
529 1276 558 1295 ³⁵.
580 1264 617 1296 Et
635 1263 732 1296 alibi:
758 1275 771 1294 <t
788 1263 886 1305 Nugis
905 1263 1033 1305 aperire
1051 1275 1099 1305 os,

362 1316 512 1349 illicitum
532 1322 602 1357 cst,
629 1326 826 1354 assuescere,
852 1316 1044 1358 sacrilegum
1067 1329 1097 1350 ».

361 1368 442 1401 lllud
469 1369 565 1402 etiam
601 1369 702 1401 sancti
733 1369 898 1401 Benedicti
935 1369 1100 1402 decretum

361 1421 551 1464 frequenter
564 1422 780 1454 inculcantes:
802 1434 814 1452 α
825 1422 980 1454 Seurrilia
993 1422 1097 1462 verba,

360 1474 528 1517 risumque
560 1473 765 1515 moventia¹,
793 1477 924 1507 aeterna
950 1476 1098 1508 clausura

362 1527 596 1559 damnamus».
624 1527 725 1560 Porro
750 1527 1018 1566 mmanuratoria,
1045 1529 1098 1562 de·

360 1580 522 1619 tractoria,
545 1580 660 1623 turpia,
679 1585 708 1612 et
727 1581 846 1612 similia
863 1581 975 1613 vitiosa
1000 1582 1097 1614 verba

360 1643 425 1665 non
439 1634 544 1666 solum
562 1634 759 1676 prohibeant
778 1634 915 1676 priores,
929 1635 985 1667 sed
1004 1641 1035 1667 et
1052 1646 1095 1668 se-

359 1696 435 1718 vere
458 1687 611 1729 puniant;
630 1692 889 1726 commonentes,
910 1698 974 1720 non
992 1689 1095 1721 solum

360 1749 416 1771 eos
432 1739 485 1781 qui
504 1739 681 1771 detrahunt
696 1740 745 1771 vel
763 1745 974 1779 murmurant,
990 1741 1046 1773 sed
1065 1746 1095 1773 et

359 1801 414 1823 eos
432 1792 485 1834 qui
501 1792 712 1824 detrahentes
727 1794 773 1825 rel
793 1798 1030 1826 murmurantes
1044 1805 1095 1826 au-

358 1844 460 1883 diunt,
471 1854 530 1877 nec
541 1845 797 1887 reprehendunt,
810 1855 880 1877 cum
891 1846 1013 1878 utiliter
1026 1857 1095 1888 pos-

358 1902 449 1936 sunt,
466 1897 514 1929 vel
536 1897 648 1929 saltem
673 1897 775 1940 priori
801 1908 866 1930 non
892 1898 1093 1940 denuntiant,

356 1950 499 1992 peccatis
517 1950 631 1982 alienis
657 1949 775 1982 involvi
793 1955 823 1982 et
841 1951 1092 1984 communicare.

400 2012 468 2035 vni.
494 1992 554 2040 Oui
577 2012 642 2034 non
661 2002 763 2034 adsuit
783 2003 892 2035 Nonae
912 2004 1026 2036 diebus
1047 2005 1095 2037 bi-

355 2065 417 2087 nae
441 2055 638 2094 resectionis,
662 2066 726 2087 non
745 2056 841 2088 debet
857 2056 1012 2089 interesse
1030 2059 1096 2090 col-

355 2108 478 2151 loquio,
497 2113 528 2140 et
549 2108 602 2150 qui
629 2118 692 2141 non
720 2109 839 2141 debent
857 2109 1014 2142 interesse
1034 2111 1096 2142 col-

356 2161 485 2203 loquiis,
499 2170 565 2193 non
583 2161 703 2192 hahent
731 2161 932 2203 colloquiunt
957 2162 1044 2195 aliud
1062 2163 1108 2203 in¹

1106 2211 1108 2214 ’
1136 2225 1210 2246 men
1235 2214 1402 2254 terminos,
1429 2214 1525 2247 certis
1557 2215 1681 2255 diebus,
1699 2221 1734 2247 ut
1759 2215 1880 2249 dictum

355 2213 412 2246 illo
439 2214 506 2252 die,
533 2213 593 2245 nisi
620 2225 654 2246 ex
682 2213 814 2256 speciali
840 2214 981 2247 licentia.

399 2277 440 2300 lx.
469 2267 515 2299 Ad
540 2277 709 2299 commune
732 2267 933 2309 colloquium
959 2268 1091 2300 claustri

354 2330 421 2353 non
446 2320 657 2352 admittuntur
675 2320 740 2352 ullo
758 2320 855 2352 modo
881 2320 1025 2352 extranei
1043 2332 1092 2354 cu—

341 2373 546 2416 iuscumque
562 2373 724 2416 qualitatis
738 2375 787 2405 vel
803 2374 1000 2406 conditionis
1015 2373 1091 2406 exti-

354 2426 462 2464 terint,
478 2426 538 2457 nisi
554 2436 589 2458 ex
605 2428 698 2457 causa
713 2425 895 2458 rationabili
914 2426 1089 2468 aliquando

353 2478 454 2522 priori
481 2479 573 2511 aliter
597 2479 698 2510 risum
718 2479 826 2518 suerit,
847 2485 879 2511 et
898 2480 922 2511 si
949 2479 1001 2521 qui
1020 2479 1087 2512 sine

353 2531 487 2574 speciali
525 2531 654 2563 licentia
678 2531 797 2573 prioris
838 2533 887 2564 vel
918 2532 1025 2564 vicarii
1055 2543 1087 2564 se

388 2593 399 2619 1
423 2591 493 2618 Edit.
514 2591 596 2618 Maia.
618 2592 682 2627 legit
701 2593 860 2620 amoventia
877 2594 914 2627 (n.
931 2594 979 2627 T.).

960 207 1139 232 BrLLARIUM
1162 207 1313 231 ROMANUM

1150 254 1366 296 ingesserint,
1399 253 1554 286 recedant
1587 253 1738 286 monachi
1774 253 1882 297 potius

1149 317 1245 349 quam
1268 307 1342 339 illos
1366 307 1405 340 ad
1430 306 1606 349 colloqiurn
1630 307 1812 340 admittant.

1192 370 1222 392 x.
1249 359 1379 397 Quoties
1405 364 1512 395 autem
1538 359 1577 392 ad
1603 358 1805 401 colloquium
1828 359 1883 392 ad-

1150 412 1322 444 mittuntur
1346 412 1500 452 extranei,
1517 422 1582 444 non
1601 411 1763 452 dehemus,
1781 412 1814 445 in
1834 422 1885 446 re-

1149 465 1340 508 spondendo
1366 466 1426 505 eis,
1452 465 1642 509 praevenire
1667 465 1810 508 priorem
1833 467 1882 499 vel

1149 518 1325 558 seniorem,
1347 529 1405 552 nec
1431 518 1500 551 eius
1528 519 1578 551 vel
1604 518 1738 551 alterius
1763 529 1885 552 sermo-

1150 582 1222 604 nem
1255 572 1507 614 interrumpere.
1533 571 1570 604 Et
1606 572 1733 614 quando
1768 572 1884 615 aliquis

1150 635 1185 657 ex
1212 625 1321 664 nobis,
1346 625 1385 658 de
1411 625 1540 657 licentia
1564 625 1614 657 vel
1638 624 1725 658 iussu
1749 625 1882 668 prioris,

1150 677 1273 720 aliquid
1298 679 1344 710 eis
1376 679 1415 710 ad
1440 677 1700 711 aedificationem
1724 678 1884 721 loquitur,

1150 731 1250 764 ceteri
1276 732 1396 764 debent
1421 731 1582 774 patienter
1607 731 1731 770 audire,
1759 737 1791 764 et
1814 731 1885 775 ipse

1150 785 1203 827 qui
1223 785 1368 828 loquitur
1382 795 1447 817 non
1461 785 1557 818 debet
1570 785 1702 817 modum
1717 785 1884 818 excedere.

1150 838 1182 870 In
1196 843 1324 881 partem
1339 848 1414 870 vero
1429 838 1547 871 ducere
1565 838 1715 881 aliquem,
1735 839 1786 871 vel
1799 838 1884 878 duci,

1149 896 1203 923 aut
1229 891 1320 934 quasi
1346 896 1471 923 secreto
1499 891 1620 933 aliquid
1658 891 1806 924 intimare
1832 896 1886 924 aut

1149 944 1305 976 mandare
1327 943 1500 987 aliquibus,
1519 954 1583 976 non
1601 943 1684 983 licet,
1707 943 1768 976 nisi
1785 943 1886 977 licen-

1150 997 1224 1029 tiam
1243 997 1340 1029 dante
1366 996 1494 1039 priore3
1518 1007 1611 1038 quam
1637 996 1800 1029 licentiam
1821 1007 1886 1030 non

1148 1050 1186 1082 ad
1213 1060 1287 1089 nos,
1309 1050 1364 1081 sed
1391 1049 1429 1081 ad
1455 1059 1533 1088 eos,
1563 1049 1588 1081 si
1615 1049 1692 1082 tanti
1717 1049 1884 1090 habeant,

1148 1103 1291 1146 pertinet
1314 1108 1436 1145 petere.

1189 1167 1232 1189 xi.
1261 1156 1337 1188 Cum
1363 1155 1526 1195 monachi,
1551 1160 1687 1198 propter
1715 1160 1885 1189 extraneos

1145 1211 1192 1242 vel
1215 1215 1350 1252 propter
1375 1209 1470 1241 aliam
1492 1220 1635 1248 causam,
1654 1209 1741 1241 iussu
1765 1210 1887 1252 praesi-

1145 1262 1250 1295 dentis
1285 1262 1318 1294 in
1351 1263 1525 1295 claustrum
1557 1263 1607 1295 vel
1644 1262 1744 1295 alium
1779 1263 1886 1296 locum

1143 1315 1182 1347 ad
1214 1325 1388 1348 commune
1414 1316 1614 1358 colloquium
1645 1320 1802 1348 vocantur
1822 1315 1884 1359 ('),

1144 1367 1199 1411 qui
1220 1378 1275 1400 eos
1294 1373 1450 1401 convocat
1480 1379 1545 1401 non
1573 1369 1650 1402 dicit
1681 1369 1727 1402 eis
1747 1369 1887 1402 Benedi-

1141 1421 1211 1460 cile,
1238 1421 1295 1453 sed
1323 1422 1474 1464 quisque,
1494 1433 1563 1454 cum
1586 1422 1734 1462 advenit,
1760 1423 1886 1456 sedenti

1140 1475 1227 1508 iuxta
1251 1485 1284 1507 se
1310 1474 1497 1507 Benedicz'te
1525 1475 1614 1508 dicit.
1637 1476 1760 1509 Deinde
1781 1487 1887 1519 quam·

1141 1529 1186 1561 vis
1211 1528 1298 1571 prior
1324 1538 1479 1570 praesens
1512 1538 1580 1560 non
1607 1529 1671 1569 sit,
1702 1539 1764 1561 nec
1789 1529 1885 1562 etiam

1139 1581 1285 1615 extranei
1311 1580 1403 1623 loqui
1431 1581 1519 1614 licite
1547 1586 1693 1624 possunt.
1717 1581 1887 1615 Receden·

1140 1635 1224 1667 tibus
1249 1639 1355 1665 autem
1383 1634 1555 1672 extraneis,
1580 1639 1718 1676 propter
1742 1645 1825 1677 quos
1843 1635 1884 1668 ad

1138 1686 1335 1728 colloquium
1372 1686 1541 1718 convocati
1581 1691 1681 1725 sunt,
1708 1691 1763 1718 aut
1793 1686 1885 1720 linito

1138 1744 1276 1772 tractatu
1304 1744 1441 1782 propter
1467 1749 1564 1782 quem
1590 1739 1695 1771 vocati
1721 1744 1806 1779 sunt,
1835 1750 1886 1772 re-

1138 1793 1268 1831 cedunt,
1295 1797 1327 1824 et
1351 1791 1413 1834 ipsi
1445 1791 1594 1824 monachi
1623 1802 1695 1824 cum
1728 1792 1883 1839 silentio,

1139 1844 1198 1877 nisi
1226 1849 1314 1877 esset
1347 1849 1422 1876 tunc
1446 1845 1485 1877 de
1512 1849 1635 1877 statuto
1661 1844 1881 1888 colloquium,

1138 1898 1214 1941 quia
1239 1903 1315 1930 tunc
1342 1897 1404 1930 nisi
1425 1897 1557 1936 vellent,
1576 1908 1641 1930 non
1665 1902 1816 1931 tenentur
1835 1909 1885 1932 re·

1141 1951 1269 1984 cedere.
1298 1951 1359 1983 Pro
1393 1950 1578 1994 hospitibus
1609 1951 1880 1997 advenientibus,

1140 2005 1189 2036 vel
1219 2003 1469 2043 recedentibus,
1496 2014 1562 2036 non
1587 2004 1706 2036 dentur
1735 2005 1882 2047 personis

1139 2056 1270 2089 Ordinis
1296 2056 1525 2089 recreationes.

1182 2119 1238 2142 x11.
1272 2108 1510 2151 Spatiamenta,
1546 2120 1628 2152 quae
1664 2109 1880 2143 recreationis

1138 2164 1234 2194 causa
1258 2162 1428 2194 monachis
1454 2168 1544 2194 extra
1570 2163 1710 2202 domum,
1729 2162 1813 2195 infra
1839 2169 1880 2196 ta·

1136 2272 1193 2306 est,
1214 2267 1449 2307 conceduntur,
1467 2267 1543 2300 talia
1559 2267 1624 2300 sint
1638 2272 1670 2300 et
1688 2267 1800 2301 taliter
1816 2279 1880 2302 ser.

1134 2324 1261 2359 ventur,
1281 2324 1316 2352 ut
1343 2325 1375 2352 et
1399 2319 1505 2353 omnis
1531 2319 1688 2360 levitatis,
1717 2325 1751 2353 et
1774 2321 1881 2354 cuius-
1918 2350 1921 2353 .

1134 2383 1275 2415 cumque
1304 2373 1379 2406 mali
1408 2372 1550 2416 suspicio
1574 2383 1710 2416 prorsus
1736 2374 1878 2419 tollatur,

1133 2431 1165 2458 et
1190 2425 1372 2468 integritati
1401 2426 1549 2467 Ordinis,
1580 2436 1617 2459 ac
1646 2427 1778 2460 salutari
1804 2437 1880 2470 pro-

1166 2505 1194 2538 ·)
1215 2504 1279 2531 Vide
1300 2505 1502 2532 Ordinationem
1522 2504 1585 2532 anni
1604 2512 1676 2532 amcx
1696 2504 1722 2531 in
1742 2505 1794 2532 fine
1812 2504 1878 2532 hu·-

1130 2548 1170 2575 ius
1191 2549 1300 2583 capituli
1320 2550 1492 2578 Mandatum
1511 2549 1564 2578 SS.
1587 2549 1624 2577 D.
1644 2550 1681 2578 N.
1701 2549 1793 2578 Pauli
1817 2550 1863 2578 Pa

1126 2601 1179 2627 pae
1202 2593 1232 2627 V,
1253 2597 1305 2622 etc,

1884 204 1938 233 An.
1953 203 1982 233 C.
2001 204 2074 234 1688·
