2111 3157
38 196 136 237 infe.
155 208 221 235 ¹686

45 1321 69 1366 ,ᾗ
83 1321 214 1361 23Do'prae·

31 1349 214 1396 tzffffl‘ss*

808 210 993 234 ltx'n'ocm‘rtt
1003 210 1017 233 S
1041 212 1069 234 §il
1095 211 1142 234 Pr.

228 257 305 290 dere
329 257 534 296 tenebuntur,
552 257 793 301 inspicient-‚cc
817 259 842 291 si
866 269 961 301 quom

227 309 291 352 ipsi
317 309 482 343 auditores
512 321 676 343 excessum
702 311 733 343 in
759 311 963 343 administra-

228 362 318 395 tione
343 363 570 406 temporalium
596 363 891 402 animadrerterint,
923 363 961 396 ad

228 414 417 448 definitores
442 415 597 456 deserent,
625 415 677 459 qui
706 426 765 459 pro
789 416 874 448 bono
895 426 962 448 mo-

226 467 454 507 nasteriorum,
472 474 569 511 prout
586 468 737 511 expedire
756 468 903 508 viderint,
916 478 963 500 su-

226 530 287 564 per
310 521 362 554 his
387 521 614 564 providebunt.

270 572 482 606 Definitorum
507 573 680 606 auctoritas
699 579 845 616 tempore
871 573 962 606 dum-

226 631 312 659 taxat
335 626 465 670 capituli
491 626 652 669 generalis
677 626 823 666 durabit,
842 637 877 658 ac.
898 632 959 658 tam

225 688 356 723 praeses
374 688 469 722 quam
486 678 546 722 ipsi
567 678 751 712 definitores
769 689 805 711 ac
818 678 962 711 visitato-

224 741 287 771 res,
309 742 375 764 non
392 732 495 764 solum
514 731 664 774 quamdiu
683 731 715 763 in
733 731 838 764 officio
856 737 958 771 erunt,

226 784 283 817 sed
307 784 340 816 in
365 789 568 827 perpetuum,
587 784 625 816 ad
649 784 838 816 servandum
864 784 961 817 silen-

225 836 314 875 tium,
329 837 434 869 statim
459 837 563 877 electi,
582 837 741 880 praestito
766 836 960 877 iuramento,

224 900 258 923 se
282 889 496 932 obstringent.

268 943 455 977 Protocolla
479 954 611 987 quoque
644 943 773 986 capituli
800 943 960 986 generalis

225 1001 257 1029 et
282 995 499 1036 visitatorum,
525 996 549 1028 si
575 995 735 1039 praesidis
761 1001 793 1028 et
817 995 961 1029 visitato-

224 1059 297 1082 rum
321 1048 453 1081 arbitrio
480 1049 633 1081 asservari
668 1049 803 1082 ulterius
827 1059 960 1082 necesse

224 1113 290 1136 non
304 1102 355 1142 sit,
374 1102 620 1142 comburentur;
637 1113 719 1145 quae
738 1112 813 1135 vero
831 1113 961 1135 servan-

226 1155 265 1189 da
279 1160 384 1195 erunt,
406 1155 449 1188 ita
465 1161 556 1187 caute
574 1155 805 1196 custodientur,
822 1159 855 1186 ut
872 1156 960 1188 nullo

225 1209 322 1242 modo
339 1208 372 1241 in
393 1208 521 1242 illorum
547 1208 717 1241 deveniant
734 1218 855 1248 manus,
881 1219 959 1250 quos

225 1262 364 1295 visitatio
389 1267 420 1295 et
439 1261 598 1294 accusatio
620 1272 814 1294 concernere
840 1267 957 1304 potest.

268 1315 330 1348 Pro
345 1315 481 1348 feliciori
497 1325 649 1347 successu
665 1314 797 1357 capituli
816 1314 959 1357 proxime

225 1367 424 1407 celebrandi,
440 1367 466 1400 si
480 1367 523 1400 ita
541 1367 681 1410 praesidi
697 1372 728 1399 et
741 1367 959 1399 visitatoribus

206 1410 396 1459 ‘videbitun
414 1431 496 1453 unus
521 1420 618 1453 abbas
638 1431 673 1453 ex
696 1419 755 1452 alia
780 1419 959 1462 Congrega-

224 1473 312 1506 tione
329 1472 457 1506 Ordinis
476 1472 576 1505 sancti
595 1471 759 1505 Benedicti
779 1472 958 1504 evocandus

224 1525 303 1566 erit,
337 1525 389 1569 qui
426 1525 554 1558 domino
580 1524 687 1557 abbati
717 1524 747 1557 S.
775 1524 958 1557 Emmerani

224 1578 380 1611 moderno
404 1577 548 1621 praesidi
575 1583 704 1610 nostrae
731 1576 959 1619 Congregatio-

224 1631 274 1664 nis
299 1630 457 1671 assideat,
485 1630 690 1674 primumque
717 1631 822 1663 locum
848 1630 959 1663 imme-

225 1684 310 1717 diate
335 1689 409 1727 post
433 1684 582 1717 eumdem
615 1683 797 1727 praesidem
828 1688 956 1723 teneat;

225 1738 406 1771 successive
423 1747 500 1771 vero
518 1738 572 1770 alii
593 1748 705 1771 omnes
723 1737 856 1770 abbates
873 1737 958 1770 iuxta

224 1795 412 1825 consuetam
437 1791 623 1824 eorumdem
649 1790 923 1834 praecedentiam.

266 1843 352 1880 Intra
377 1843 553 1877 triennium
578 1854 722 1887 quoque,
748 1842 855 1876 omnia
876 1854 957 1886 quae

223 1907 281 1942 per
298 1897 429 1930 abbates
450 1907 515 1930 non
540 1896 708 1930 commode
730 1896 886 1938 expediri,
904 1907 958 1929 ne-

224 1960 286 1994 que
304 1955 410 1983 tamen
427 1949 465 1982 ad
480 1950 655 1992 capitulum
670 1949 821 1992 generale
839 1948 957 1982 dill'erri

223 2008 369 2048 possunt,
384 2003 422 2037 ad
442 2003 546 2047 ipsum
562 2002 744 2046 praesidem
762 2002 954 2042 reserantur,

224 2056 364 2101 petendo
388 2055 557 2089 consilium
592 2056 641 2088 vel
673 2054 868 2088 decisionem
898 2066 956 2098 pro

223 2109 348 2143 ratione
362 2109 525 2142 subiectae
543 2108 697 2141 materiae
715 2108 800 2140 iuxta
815 2113 956 2141 tenorem

224 2163 355 2205 regulae
377 2161 478 2195 sancti
496 2161 662 2194 Benedicti
684 2166 715 2194 et
738 2165 866 2194 nostras
883 2171 958 2194 con-

224 2216 420 2250 stitutiones.

266 2268 337 2313 Ipse
362 2272 469 2301 autem
494 2267 644 2300 dominus
669 2276 813 2310 praeses,
832 2267 881 2300 vel
900 2272 957 2299 sta-

224 2321 290 2361 tim,
309 2320 498 2365 ponderatis
522 2319 711 2358 rationibus
730 2329 789 2362 per
814 2329 847 2352 se
873 2329 958 2352 reso-

224 2375 378 2409 lutionem
405 2374 502 2414 dabit,
520 2374 627 2413 vel,in
652 2373 779 2406 casibus
805 2373 910 2406 dubiis
927 2378 957 2406 et

225 2428 434 2472 gravioribus,
447 2427 619 2461 consilium
632 2438 649 2459 a
664 2426 891 2468 visitatoribus,
906 2428 957 2460 ali-

225 2481 317 2524 isque
353 2480 522 2513 abbatibus
561 2479 673 2512 vicinis
712 2480 954 2523 praerequiret:

224 2538 319 2577 atque
344 2532 532 2567 huiusmodi
562 2532 745 2566 decisiones
775 2543 832 2565 seu
869 2543 957 2567 reso-

223 2586 362 2621 lutiones
377 2586 498 2620 domini
512 2586 682 2630 praesidis,
700 2586 775 2619 licet
791 2591 864 2620 ante
881 2597 957 2620 con-

313 2649 393 2678 Butl.
410 2650 495 2678 Rom.
515 2664 550 2670 —
573 2649 633 2678 Vol.
654 2649 729 2678 XIX.
891 2648 920 2677 81

1006 257 1219 291 firmationem
1237 257 1461 300 capitularem,
1471 256 1532 289 vim
1548 256 1657 289 statuti
1672 267 1742 300 per-

1005 311 1092 353 petui
1118 321 1182 343 non
1208 311 1369 350 babeant,
1398 317 1526 350 tamen,
1556 310 1739 353 usquedum

1005 374 1099 396 causa
1124 365 1155 396 in
1181 364 1329 407 proximo
1355 364 1497 407 capitulo
1522 368 1740 407 proponatur,

1004 416 1072 449 sine
1098 417 1304 460 oppositione
1330 418 1380 450 vel
1406 416 1663 450 contradictione
1684 416 1740 449 ob-

1005 475 1186 502 serventur.

1047 522 1161 555 Libera
1194 523 1288 556 etiam
1325 523 1366 555 sit
1401 523 1577 566 appellatio
1602 521 1739 564 singulis

1004 574 1174 617 religiosis,
1194 576 1247 619 qui
1272 587 1289 608 a
1309 576 1443 619 proprio
1468 576 1584 608 abbate
1610 586 1642 608 se
1668 585 1741 618 gra-

1003 628 1078 667 vari,
1098 633 1130 661 et
1153 629 1291 670 proinde
1316 628 1431 661 iustam
1456 629 1643 672 appellandi
1669 638 1741 661 cau-

1003 691 1068 712 sam
1087 681 1208 713 habere
1234 681 1383 721 credunt,
1405 679 1443 713 a'd
1466 681 1631 714 dominum
1652 691 1741 725 prae-

1003 732 1105 765 sidem
1132 733 1330 771 conceditur,
1357 743 1396 766 eo
1423 738 1529 765 tamen
1556 733 1738 773 observato,

1003 791 1037 817 ut
1054 796 1112 828 per
1124 786 1250 818 litteras
1269 787 1451 828 gravamina
1467 792 1659 829 proponant,
1678 797 1740 819 nec

1002 837 1062 870 nisi
1087 838 1191 871 vocati
1223 839 1442 882 personaliter
1474 839 1623 871 cumdem
1650 849 1740 871 acce-

1003 891 1096 931 dant,
1122 891 1210 931 item,
1232 897 1267 924 ut
1286 901 1358 924 cum
1383 891 1534 934 religiosa
1558 891 1735 931 modestia,

1002 944 1071 977 sine
1097 944 1249 978 insolenti
1269 945 1477 988 despectione
1494 945 1619 988 proprii
1644 944 1740 976 abba-

1003 997 1054 1037 tis,
1072 998 1319 1041 provocationes
1344 997 1530 1031 huiusmodi
1544 997 1634 1030 fiant.
1650 996 1738 1035 Quod

1003 1051 1028 1083 si
1054 1061 1113 1084 nec
1138 1061 1155 1083 a
1180 1051 1310 1084 domino
1335 1051 1486 1094 praeside
1512 1051 1592 1083 iuste
1619 1050 1739 1082 iudica-

1003 1109 1069 1136 tum
1087 1104 1246 1147 quispiam
1271 1108 1409 1144 censeat,
1427 1105 1465 1137 ad
1491 1103 1666 1147 capitulum
1684 1113 1740 1145 ge-

1003 1158 1133 1197 ncrale,
1155 1157 1182 1189 si
1202 1157 1333 1200 quidem
1360 1167 1454 1189 causa
1481 1156 1676 1199 gravaminis
1695 1156 1739 1188 sit

1003 1209 1114 1251 gravis,
1141 1215 1172 1242 et
1196 1210 1443 1253 proportionata
1473 1209 1533 1249 sit,
1559 1219 1738 1252 provocare

1003 1263 1129 1305 poterit,
1160 1268 1191 1296 et
1220 1274 1237 1294 a
1265 1263 1408 1306 capitulo
1430 1262 1574 1305 generali
1600 1263 1639 1295 ad
1665 1272 1738 1294 san-

1002 1320 1083 1346 ctam
1096 1315 1210 1348 Sedem
1228 1314 1457 1357 Apostolicam,
1474 1315 1512 1347 ad
1528 1325 1621 1358 quam
1640 1313 1737 1347 etiam

1001 1378 1131 1410 semper
1151 1373 1182 1400 et
1201 1367 1470 1410 quandocumque
1488 1367 1570 1400 liber
1583 1372 1671 1410 patet
1688 1377 1738 1399 re-

1001 1430 1123 1452 cursus.
1150 1419 1217 1458 Quo
1243 1420 1344 1460 sacto,
1371 1419 1475 1453 omnis
1500 1430 1671 1462 processus
1698 1419 1739 1452 sit

1001 1484 1189 1517 suspensus,
1214 1478 1254 1513 et,
1281 1473 1305 1505 si
1331 1483 1389 1516 pro
1419 1483 1586 1505 causarum
1614 1474 1664 1506 vel
1679 1473 1738 1505 cir·

1000 1527 1267 1560 cumstantiarum
1292 1526 1445 1570 qualitate
1472 1536 1651 1570 provocans
1678 1526 1738 1558 hu-

1001 1580 1137 1612 iusmodi
1158 1580 1191 1612 in
1215 1590 1272 1612 suo
1290 1579 1487 1612 monasterio
1506 1579 1612 1622 quiete
1630 1579 1738 1611 vivere

1000 1643 1064 1665 non
1082 1642 1176 1676 posse
1190 1633 1346 1672 videatur,
1361 1642 1419 1675 pro
1437 1632 1644 1665 convenienti
1663 1638 1739 1665 tem-

1000 1697 1077 1729 pore
1095 1686 1135 1718 ad
1155 1686 1243 1719 aliud
1267 1685 1500 1719 monasterium
1526 1685 1739 1719 transferetur

1000 1749 1059 1782 per
1083 1739 1279 1782 praesidem.

1045 1793 1167 1825 Habeat
1187 1792 1336 1825 dominus
1354 1802 1487 1835 praeses
1503 1791 1645 1834 sigillum
1664 1802 1738 1836 spe-

1000 1844 1079 1877 ciale
1105 1845 1371 1888 Congregationis
1396 1845 1427 1877 in
1453 1854 1550 1877 manu
1576 1850 1607 1877 ct
1631 1850 1737 1878 custo-

1001 1898 1051 1930 dia
1077 1900 1142 1938 sua,
1168 1908 1232 1941 quo
1256 1902 1366 1930 utetur
1390 1897 1422 1930 in
1448 1897 1658 1941 expeditione
1680 1908 1736 1930 scu

1000 1950 1292 1983 communicatione
1329 1950 1536 1983 decretorum
1574 1950 1736 1993 capitula-

1000 2004 1094 2043 rium,
1115 2003 1191 2036 item
1211 2013 1396 2036 recessuum
1421 2013 1477 2036 seu
1495 2003 1675 2035 chartarum
1694 2003 1737 2035 vi-

1000 2056 1169 2096 sitationis,
1191 2061 1223 2089 et
1248 2056 1273 2088 si
1299 2066 1379 2099 quae
1404 2056 1474 2094 alia,
1497 2066 1562 2088 non
1589 2056 1734 2098 proprio,

1001 2111 1057 2141 sed
1091 2109 1188 2141 totius
1220 2109 1509 2151 Congregationis‚
1540 2110 1588 2142 vel
1620 2109 1735 2141 saltem

999 2162 1130 2195 nomine
1148 2162 1272 2194 domini
1297 2161 1456 2205 praesidis
1474 2165 1506 2194 et
1524 2160 1735 2201 visitatorum,

1000 2215 1200 2258 expedienda
1225 2220 1331 2247 erunt.
1358 2213 1546 2247 Asservabit
1562 2214 1658 2246 etiam
1680 2214 1735 2247 do-

999 2269 1104 2301 minus
1129 2278 1260 2311 praeses
1286 2267 1395 2300 omnia
1420 2266 1634 2305 documenta,
1660 2278 1735 2310 pro-

1000 2322 1129 2361 tocolla,
1148 2321 1273 2364 aliaque
1297 2320 1426 2363 scripta,
1445 2330 1525 2363 quae
1542 2330 1602 2362 pro
1622 2320 1734 2352 suturis

999 2373 1166 2408 eventibus
1201 2373 1378 2412 asservari,
1403 2377 1438 2405 ut
1461 2382 1574 2415 supra,
1601 2382 1734 2406 necesse

999 2428 1081 2467 erit,
1108 2427 1329 2469 consignanda
1353 2431 1427 2469 post
1450 2427 1611 2470 expletum
1638 2426 1734 2459 trien-

999 2480 1087 2513 nium
1113 2491 1169 2513 suo
1195 2480 1385 2513 successori.

1043 2534 1075 2566 In
1102 2543 1197 2576 quem
1221 2533 1317 2565 tinem
1341 2533 1375 2565 in
1399 2543 1464 2565 uno
1490 2533 1688 2565 monasterio
1716 2543 1733 2565 a

998 2587 1140 2630 capitulo
1158 2585 1357 2620 nominando
1371 2586 1548 2620 archivium
1563 2586 1733 2619 constitue-

1640 199 1697 232 641
1749 207 1800 235 An.
1819 206 1847 234 c,
1865 207 1932 234 lese
