2111 3157
166 231 214 256 An.
232 227 260 255 c.
285 227 352 255 1080
396 217 460 252 310

197 1500 236 1520 Pro
245 1498 352 1519 ordinario

359 280 467 312 ventu,
491 285 557 305 esus
586 274 717 305 carnium
747 272 836 302 semel
860 272 889 301 in
914 268 1097 300 hebdomada

360 324 545 354 concedatur.
571 324 610 352 Ac
633 323 764 360 insuper,
782 325 813 350 ut
829 319 949 359 praelati
965 328 1030 348 cum
1046 318 1097 348 ho-

360 373 483 411 spitibus
505 376 619 401 nostrae
638 369 874 407 Congregationis
890 369 965 398 intra
982 376 1097 397 monas-

361 421 477 458 terium,
501 421 544 449 rel
567 428 632 449 cum
656 417 820 447 senioribus
848 421 875 446 et
896 416 1096 446 sacerdotibus

360 469 389 498 in
413 470 527 498 camera
549 467 683 503 abbatis,
707 470 756 495 aut
778 474 843 495 cum
866 465 1024 503 fratribus,
1047 464 1095 503 qui

360 521 427 545 sunt
452 516 480 545 in
503 516 618 548 itinere,
643 518 671 543 et
693 519 774 543 extra
797 514 985 551 monasteria,
1009 522 1097 552 super

360 563 525 593 huiusmodi
548 572 598 591 esu
621 562 751 591 carnium
775 561 944 600 dispensare
967 561 1094 600 possint,

360 616 445 650 prout
468 620 568 640 eorum
591 611 760 639 discretioni
783 610 927 639 videbitur
949 610 1094 648 expedire,

360 660 527 689 facultatem
544 659 740 689 concedimus.
754 659 782 688 Si
798 659 863 698 quis
878 663 973 688 autem
989 658 1096 697 absque

361 708 482 746 praelati
505 708 643 745 lieentia,
669 708 697 736 in
722 707 897 736 monasterio
920 707 963 736 vel
994 711 1073 736 extra
1088 730 1095 743 ,

360 764 462 785 carnes
480 756 631 785 comedere
653 765 740 784 ausus
762 756 870 791 fuerit,
895 759 964 793 quot
987 754 1097 783 viribus
1118 755 1120 770 ‘¹

360 813 462 833 carnes
483 804 661 842 comederit,
688 804 771 833 toties
805 804 833 833 in
867 813 940 842 pane
972 807 999 832 et
1022 805 1098 842 aquit

359 853 481 883 ieiunet.

400 910 437 931 iv.
462 902 667 940 Dispensamus
690 905 841 939 praeterea
863 910 929 930 cum
953 904 1099 930 monaste-

360 951 413 980 riis
434 951 462 980 S.
488 951 568 980 Pauli
591 951 625 979 (le
647 950 733 984 Urbe,
754 950 782 980 S.
807 950 914 979 Mariae
936 950 971 979 de
994 949 1095 984 Parsa,

360 999 389 1029 S.
413 999 521 1028 Nicolai
544 999 578 1027 fle
602 999 719 1033 Littore,
748 1002 775 1028 et
796 998 824 1028 S.
850 998 1041 1027 Bartolomaei
1063 998 1097 1027 de

361 1048 441 1084 Aste,
458 1047 494 1076 ob
516 1046 591 1075 aeris
614 1047 833 1085 intemperiem;
858 1047 887 1075 in
910 1046 1012 1075 ceteris
1031 1055 1098 1075 vero

361 1095 557 1129 monasteriis,
575 1095 602 1123 in
621 1094 736 1133 quibus,
754 1095 789 1123 ob
806 1095 980 1133 paucitatem
1000 1104 1099 1124 mona-

361 1144 500 1180 chorum,
524 1146 624 1172 exacta
647 1147 674 1171 et
698 1143 826 1180 rigorosa
850 1142 1033 1171 observantia
1056 1152 1099 1172 re-

361 1193 470 1231 gularis
492 1193 589 1230 vigere
612 1191 725 1230 nequit,
743 1192 777 1220 sit
795 1191 823 1220 in
847 1191 958 1220 abbatis
978 1191 1098 1221 arbitrio

361 1246 389 1270 et
411 1240 566 1279 prudentia
590 1243 618 1268 ut
643 1239 774 1268 carnium
808 1248 888 1268 esum
913 1243 956 1268 ter
978 1239 1007 1268 in
1030 1240 1099 1269 heb-

360 1289 485 1319 (lomada
501 1298 551 1328 per
567 1293 657 1318 totum
675 1298 796 1325 annum,
817 1288 918 1317 diebus
936 1297 993 1318 non
1011 1288 1099 1318 inter-

360 1338 456 1374 dictis,
480 1337 632 1375 indulgere
655 1337 793 1366 fratribus
816 1337 905 1375 possit
920 1346 954 1366 ex
974 1337 1100 1366 rationa-

361 1386 414 1416 bili
436 1388 535 1415 causa.

460 1435 556 1464 CAPUT
579 1434 635 1463 XL.
655 1452 693 1456 —
712 1433 751 1463 De
774 1436 901 1462 mensur-cl
922 1438 1010 1472 polus.

409 1489 641 1532 Unusquisque
660 1488 832 1530 proprium
861 1487 954 1520 habel
979 1488 1101 1520 domim

271 1559 275 1571 ι
300 1559 317 1571 ω
330 1558 348 1571 w
363 1553 402 1575 ex
417 1543 501 1575 Deo:
525 1541 612 1573 alius
632 1541 688 1576 sir,
704 1540 791 1572 alins
807 1550 875 1572 vero
893 1541 948 1572 sic.
966 1540 1002 1572 Et
1026 1541 1100 1572 ideo

364 1606 437 1629 cum
455 1595 562 1637 aliqua
586 1593 833 1635 scrupolositate
859 1603 876 1624 a
899 1593 993 1625 nobis
1012 1604 1101 1625 nien-

363 1660 438 1682 sura
456 1648 556 1681 vietus
579 1648 715 1679 alioruin
741 1646 967 1685 constituitur;
997 1651 1101 1678 tamen

364 1702 564 1734 intirmorum
597 1705 789 1732 contuentes
824 1699 1099 1737 imbecillitatem,

365 1753 526 1786 credimus
544 1753 604 1794 (a)
626 1751 766 1784 eminam
786 1751 849 1782 vini
876 1761 933 1793 per
959 1750 1101 1792 singulos

366 1806 514 1839 sufficere
540 1815 597 1847 per
623 1804 723 1836 diem:
742 1803 859 1845 quibus
880 1808 987 1835 autem
1007 1803 1101 1835 donat

364 1860 448 1891 Deus
466 1857 670 1890 tolerantiam
692 1855 919 1894 abstinentiae,
938 1856 1103 1897 propriam

365 1923 400 1945 se
426 1911 595 1943 habituros
620 1909 802 1941 mercedem
829 1908 941 1940 sciant.
969 1907 1058 1945 Quod
1078 1908 1102 1940 si

367 1969 421 1997 aut
444 1963 506 1996 loci
532 1962 719 2000 necessitas,
739 1962 786 1993 vel
808 1960 910 2000 labor,
932 1965 985 1992 aut
1008 1960 1105 1992 ardor

368 2016 498 2050 aestatis
525 2014 662 2058 amplius
688 2013 886 2056 poposcerit,
912 2013 945 2044 in
971 2012 1104 2045 arbitrio

367 2069 488 2113 prioris
515 2067 681 2107 consistat,
709 2066 920 2099 considerans
946 2065 978 2098 in
1003 2065 1106 2098 omni-

368 2124 428 2156 bus
453 2133 493 2155 ne
519 2125 693 2164 surrepant
718 2120 849 2152 satietas
874 2123 927 2151 aut
952 2118 1103 2158 ebrietas,

368 2175 480 2209 lieeat¹
495 2177 642 2217 legamus
660 2173 770 2205 vinum
786 2172 918 2205 omnino
935 2172 1106 2203 monacho-

372 2239 444 2262 rum
469 2238 534 2260 non
560 2237 643 2260 esse.
663 2225 724 2258 Sed
750 2225 825 2268 quia
850 2223 967 2257 nostris
984 2229 1107 2266 tempo-

372 2282 462 2314 ribus
486 2281 519 2312 id
545 2278 712 2312 monachis
738 2276 930 2321 persuaderi
955 2286 1020 2309 non
1052 2286 1108 2319 po-

374 2340 456 2374 test,
482 2333 596 2366 saltem
630 2333 679 2365 vel
715 2332 778 2364 hoc
801 2328 1048 2369 consentimus,
1075 2334 1109 2360 ut

374 2397 438 2421 non
462 2397 565 2429 usque
590 2385 629 2418 ad
654 2384 836 2417 satietatem
862 2382 1022 2423 bibamus,
1052 2381 1109 2414 sed

374 2440 522 2484 parcius,
548 2438 645 2480 quia:
676 2436 795 2469 Vinum
824 2438 1008 2478 apostatare
1030 2433 1110 2477 facit

376 2493 474 2526 etiam
497 2491 666 2534 sapientes
694 2489 751 2522 Ubi
777 2494 884 2521 autem
909 2487 973 2521 loci
1000 2497 1111 2520 neces-

378 2546 455 2579 sitas
474 2544 620 2588 exposcit
637 2548 671 2575 ut
690 2553 749 2575 nec
766 2553 863 2585 supra
881 2542 999 2587 scripta
1024 2550 1112 2574 men—

418 2609 424 2633 1
449 2607 542 2642 Aptius
561 2605 619 2641 lege
640 2605 704 2633 lice!
726 2609 759 2635 (lt.
782 2604 829 2637 Τ.)

936 220 1115 247 anLamt'M
1139 219 1291 243 RoanL'M

1139 277 1213 300 sura
1235 265 1370 299 inveniri
1397 265 1516 308 possit,
1546 265 1602 297 sed
1627 265 1730 298 multo
1755 264 1874 304 minus,

1140 325 1193 352 aut
1213 330 1248 352 ex
1276 325 1342 352 toto
1368 318 1462 358 nihil,
1478 317 1674 350 benedicant
1692 317 1800 357 Deum,
1820 316 1875 359 qui

1140 372 1182 404 ibi
1210 373 1381 412 habitant,
1414 376 1444 404 et
1475 381 1540 404 non
1571 375 1783 402 murmurent.
1809 370 1876 402 Hoc

1140 431 1246 458 autem
1272 425 1405 458 omnino
1439 424 1651 456 admonentes
1687 427 1722 454 ut
1756 422 1875 466 absque

1141 477 1451 510 nmrmurationibus
1476 476 1551 508 sint.

1409 537 1602 558 namneum.

1180 578 1231 616 (a)
1254 587 1273 607 1.
1303 579 1429 607 Emittam
1464 578 1531 606 vini.
1565 576 1671 606 Vinum
1703 576 1876 615 apponimus

1141 636 1198 656 non
1231 627 1265 656 ad
1293 631 1402 656 cenam
1436 634 1601 655 mensuram
1619 648 1626 661 ,
1657 624 1705 654 sed
1734 628 1876 662 quantum

1142 675 1370 712 uniuscuiusque
1393 673 1543 703 sobrietati
1565 673 1700 702 sufficiat.
1727 672 1878 701 Monemus

1142 728 1236 751 tamen
1260 723 1362 752 fratres
1384 731 1419 751 ne
1446 721 1546 751 bibant
1569 730 1691 758 merum,
1715 720 1771 749 nisi
1796 720 1877 749 intir-

1143 771 1226 800 mitas
1255 771 1309 800 hoc
1341 771 1515 809 requireret.
1540 770 1571 799 In
1594 769 1748 799 refectorio
1777 768 1877 798 bibant

1142 828 1242 849 omnes
1269 820 1298 848 in
1323 819 1434 858 poculis
1466 819 1625 853 fictilibus,
1648 827 1722 856 quae
1752 819 1877 856 utraque

1142 878 1229 897 manu
1245 868 1300 897 sibi
1323 868 1472 906 porrigant
1486 877 1492 903 ;
1513 871 1593 896 extra
1608 866 1795 896 refectorium
1810 875 1878 895 vero

1143 917 1183 946 uti
1203 917 1287 945 liceat
1310 916 1410 944 vitreis
1433 915 1583 944 calicibus.

1214 974 1310 1002 Carta
1333 972 1400 1001 XLI.
1415 990 1452 994 —
1466 971 1569 1007 Quibus
1591 972 1665 1001 horis
1687 975 1805 1010 oporteat

1389 1021 1500 1058 reficere
1522 1022 1634 1058 fratres.

1187 1074 1209 1105 A
1236 1078 1345 1106 sancto
1371 1073 1492 1104 Pascha
1523 1083 1625 1115 usque
1655 1072 1694 1104 ad
1724 1072 1879 1105 Penteco-
1906 1077 2072 1108 rempuspran-

1906 1111 1926 1127 ιι,
1938 1111 1974 1130 pto
1986 1105 2072 1125 [livet-sr-

1143 1132 1232 1165 stein,
1259 1127 1297 1158 ad
1323 1131 1444 1158 sextam
1469 1124 1617 1157 reficiant
1642 1125 1767 1165 fratres,
1787 1129 1818 1156 et
1838 1125 1876 1157 ad
1890 1133 1932 1150 1³¹³
1960 1133 2072 1156 nomon-⁴.

1890 1159 1929 1177 erut
1943 1160 2007 1179 sexta,
2018 1163 2073 1177 nona

1143 1191 1247 1213 seram
1269 1184 1419 1212 coenent⁴
1441 1179 1487 1221 (a)
1507 1179 1530 1210 A
1551 1179 1743 1211 Pentecoste
1761 1183 2073 1218 autem,etve⁵pera;‹·⁰0-

1890 1216 1929 1231 [138
1944 1216 1993 1230 VUI'O
2011 1216 2058 1229 Sffl'ssl

1143 1236 1207 1265 tota
1225 1238 1357 1271 aestate,
1378 1232 1404 1264 si
1429 1233 1557 1264 labores
1574 1241 1723 1273 agrorum
1741 1241 1804 1264 non
1823 1225 2073 1284 h3·{·,',?;,¹‘ffi„¹²5?gffj³

1142 1286 1221 1318 bent
1237 1284 1396 1325 monachi,
1422 1289 1475 1317 aut
1492 1284 1640 1317 nimietas
1661 1283 1791 1316 aetatis¹
1813 1294 1879 1316 non

1143 1339 1331 1381 perturbat,
1361 1339 1474 1380 quarta
1509 1343 1540 1370 et
1571 1339 1660 1370 sexta
1690 1336 1770 1369 seria
1800 1336 1880 1369 ieiu-

1144 1397 1220 1424 nent
1237 1401 1338 1433 usque
1357 1391 1396 1423 ad
1414 1400 1548 1430 nonam,
1566 1390 1700 1432 reliquis
1720 1399 1795 1422 vero
1813 1389 1880 1421 die-

1143 1444 1203 1475 bus
1227 1444 1266 1475 ad
1287 1448 1407 1475 sextam
1433 1443 1634 1485 prandeant:
1654 1451 1735 1484 quae
1753 1440 1880 1484 prandii

1144 1502 1250 1536 sexta,
1276 1496 1301 1527 si
1326 1505 1426 1538 opera
1450 1495 1482 1526 in
1509 1495 1592 1536 agris
1617 1493 1801 1533 habuerint,
1828 1498 1882 1525 aut

1144 1548 1274 1581 aestatis
1290 1548 1395 1580 servor
1412 1547 1519 1579 minus
1537 1546 1642 1586 suerit,
1662 1545 1881 1579 continuanda

1145 1602 1215 1640 erit,
1233 1606 1264 1633 et
1281 1601 1313 1632 in
1339 1600 1465 1632 abbatis
1483 1599 1523 1632 sit
1546 1599 1760 1642 providentia.
1780 1597 1817 1631 Et
1835 1597 1882 1630 sic

1145 1654 1253 1687 omnia
1272 1657 1431 1696 temperet
1447 1657 1542 1695 atque
1562 1652 1722 1695 disponat,
1741 1651 1882 1694 qualiter

1146 1713 1178 1740 et
1202 1707 1326 1739 animae
1363 1708 1550 1745 salventur,
1577 1711 1608 1739 et
1643 1705 1729 1749 quod
1762 1704 1883 1737 faciunt

1148 1761 1261 1792 fratres
1292 1760 1415 1802 absque
1446 1759 1511 1791 ulla
1542 1756 1801 1790 murmuratione
1830 1756 1880 1789 sa-

1147 1813 1244 1846 ciant.
1270 1813 1315 1855 (b)
1346 1812 1392 1844 Ab
1425 1811 1530 1843 idibus
1555 1815 1662 1843 autem
1689 1809 1882 1853 septembris

1147 1867 1188 1908 (c)
1220 1876 1321 1908 usqne
1347 1865 1385 1897 ad
1411 1869 1506 1906 caput
1530 1862 1814 1905 Quadragesimae,
1841 1862 1882 1894 ad

1147 1928 1266 1951 nonam
1291 1928 1419 1960 semper
1442 1915 1587 1948 reficiant
1610 1916 1738 1948 fratres.
1762 1914 1823 1957 (d)
1848 1914 1883 1947 In

1147 1971 1397 2013 Quadragesinia
1414 1980 1488 2002 vero
1511 1979 1613 2012 usque
1638 1969 1677 2001 ad
1694 1967 1825 2007 Pascha,
1844 1967 1883 1999 ad

1148 2034 1315 2067 vesperam
1339 2022 1498 2055 reficiant.
1525 2021 1596 2064 Ipsa
1620 2026 1727 2054 tamen
1751 2029 1884 2063 vespera

1149 2078 1193 2110 sic
1218 2082 1342 2119 agatur,
1367 2080 1401 2107 ut
1426 2074 1546 2108 lumine
1571 2076 1720 2107 lucernae
1746 2083 1811 2106 non
1836 2072 1884 2104 in-

1150 2131 1279 2172 digeant
1302 2129 1500 2168 reficientes,
1528 2128 1585 2161 sed
1603 2129 1674 2160 luce
1693 2127 1799 2160 adbuc
1819 2125 1884 2158 diei

1151 2182 1257 2216 omnia
1281 2186 1536 2215 consumentur:
1557 2180 1615 2213 sed
1641 2184 1673 2212 et
1695 2179 1781 2212 omni
1808 2184 1886 2211 tem-

1151 2246 1230 2279 pore
1256 2235 1321 2267 sive
1347 2244 1468 2266 coenae
1494 2233 1560 2265 sive
1593 2231 1779 2265 resectionis
1803 2231 1886 2263 hora

1152 2290 1196 2322 sic
1222 2292 1422 2332 temperetur
1456 2291 1490 2319 ut
1515 2286 1570 2330 (e)
1596 2295 1669 2319 cum
1706 2285 1776 2317 luce
1808 2282 1887 2316 siant

1153 2342 1272 2375 omnia.

1422 2400 1616 2423 ezemenie.

1194 2444 1238 2483 (a)
1261 2452 1280 2473 1.
1304 2441 1326 2472 A
1356 2442 1509 2472 Pentecoste
1536 2445 1634 2470 autem.
1656 2438 1798 2474 Quoniam
1831 2439 1886 2469 sra-

1155 2492 1248 2523 tribus
1277 2492 1383 2522 nostris
1411 2490 1515 2520 multas
1544 2488 1773 2528 dispensationes
1794 2491 1822 2517 et
1844 2488 1888 2517 in-

1155 2541 1318 2580 dulgentias
1340 2540 1417 2570 circa
1434 2539 1541 2569 ieiunia
1564 2536 1707 2575 regularia
1730 2536 1826 2574 largiti
1841 2544 1889 2565 su·
1905 2578 1907 2581 ι

1192 2600 1201 2626 1
1224 2597 1337 2625 videtur
1356 2596 1501 2632 legendum
1522 2594 1638 2623 aestatis
1657 2595 1694 2629 (a.
1711 2593 1762 2628 Τ.).
1892 2586 1895 2587 ’

1880 214 1928 241 An.
1945 214 1973 241 C.
2000 215 2067 243 1080
