2111 3157
0 231 31 252 a.
51 222 79 249 C.
99 221 164 248 1688

0 1231 48 1246 nur
62 1224 124 1248 xxm

0 1252 25 1271 no
36 1255 148 1276 visitatori·

210 270 351 300 Ordinatio
372 272 440 300 (ιηηιῖ
460 279 598 301 MDCXLIV.
620 282 630 298 «
651 269 835 300 {lael-aramus
856 269 898 298 in—

167 318 280 348 habiles
301 320 336 349 ad
354 320 449 349 omnia
465 320 582 350 Ordinis
597 320 690 349 officia
713 319 897 358 privatosque

167 368 288 406 utraque
310 378 378 398 voce
400 378 607 407 quoscumque,
627 368 687 406 qui,
710 366 897 396 emendicatis

165 411 311 443 favoribus
333 415 582 452 extraordinariis,
610 414 766 451 dignitates
787 416 815 442 et
837 412 896 441 osti—

165 459 209 489 cia
239 463 470 500 procuraverint,
493 467 579 501 atque
600 462 629 491 in
651 462 693 490 eis
715 470 744 490 se
766 464 896 489 manute-

164 517 244 545 nere,
268 509 313 539 vel
334 510 384 549 qui
414 510 560 540 licentiam
593 509 722 539 mutandi
754 512 896 537 monaste-

164 556 252 593 rium,
268 561 317 586 aut
331 558 455 588 exeundi
477 558 511 587 ad
533 558 647 595 negotia
670 556 893 595 propinquorum

165 605 325 643 tractanda,
349 605 480 636 obtinere
503 605 679 636 tentaverint
702 615 729 632 κ).

203 653 345 684 Ordinatio
365 655 432 684 (ιηηί
453 663 598 686 Mecum.
619 664 631 681 «
656 653 829 682 Innovamus
847 650 895 680 de—

163 701 351 732 clarationem
366 703 434 732 anni
450 711 575 732 unexmv
593 701 731 730 adversus
753 709 812 736 eos,
832 699 892 738 qni,

163 750 354 780 emendicatis
381 755 462 781 extra
486 750 621 781 Ordinem
645 748 806 784 favoribus,
834 748 895 776 ot'ti-

162 795 205 824 cia
223 796 266 825 vel
282 805 480 835 quascumque
501 795 633 825 licentias
655 793 891 833 procuratorium

161 842 294 871 addimus
320 851 388 871 vero
415 846 443 871 et
471 841 521 880 qui
543 841 585 870 eis
607 850 621 869 a
649 849 831 879 quocumque
853 839 893 868 sic

160 887 300 925 quaesitis
322 888 366 917 usi
389 888 511 923 suerint3
535 890 579 924 et,
601 891 715 925 praeter
737 895 842 924 poenas
865 885 892 914 in

160 936 308 974 praedicta
325 937 520 966 declaratione
536 940 696 972 contentas,
706 935 837 964 volumus
853 935 893 963 in-

158 992 246 1022 super
273 984 387 1014 eosdem
415 989 562 1023 tamquam
590 989 785 1019 contumaces,
808 987 836 1012 et
858 982 893 1012 ab

158 1029 276 1060 Ordinis
297 1030 463 1060 obedientia
484 1030 664 1067 recedentes,
687 1029 822 1059 omnibus
842 1028 894 1059 Or-

158 1076 234 1106 dinis
255 1076 399 1114 suffragiis
416 1080 479 1115 post
501 1080 622 1106 mortem
645 1075 767 1114 privari3
781 1079 809 1104 et
826 1075 893 1104 visi-

158 1126 264 1152 tatores
289 1122 504 1162 provinciarum
535 1131 622 1161 super
655 1122 707 1150 hoc
738 1121 892 1159 diligenter

158 1168 313 1207 invigilent
334 1179 362 1198 ».

202 1228 224 1250 1.
252 1217 285 1249 ln
310 1217 441 1250 nomine
477 1221 604 1249 sanctae
640 1222 672 1248 et
706 1216 891 1249 individuae

158 1268 330 1308 Trinitatis,
347 1269 388 1302 ob
409 1274 526 1302 statum
547 1269 782 1302 Cartlnisiensis
801 1269 891 1302 Ordi-

157 1322 207 1354 nis
232 1322 263 1354 in
288 1324 400 1355 sancta
424 1322 582 1364 religione
608 1323 863 1355 conservandum
880 1350 887 1363 ‚

158 1374 349 1407 visitationis
374 1384 432 1417 per
456 1385 570 1407 omnes
595 1375 707 1407 domos
744 1374 889 1408 eiusdem

158 1427 322 1461 faciendae
349 1428 412 1460 tale
438 1437 456 1460 a
479 1427 621 1469 generali
647 1428 790 1470 capitulo
806 1439 892 1461 ema-

158 1481 246 1514 navit
266 1481 452 1513 decretum:

201 1544 234 1567 ιι.
259 1533 399 1577 Singulis
424 1534 515 1566 annis
531 1534 563 1566 in
581 1534 722 1577 capitulo
747 1537 890 1577 generali

157 1587 304 1627 seorsim,
329 1587 412 1619 sicut
434 1598 494 1630 pro
527 1587 596 1619 aliis
627 1587 695 1620 sieri
731 1590 814 1621 solet
838 1600 891 1621 ne-

159 1639 265 1682 gotiis,
285 1639 395 1672 habito
420 1650 491 1672 eum
517 1643 632 1682 magna
657 1641 889 1674 deliberatione

159 1697 313 1731 tractatu,
339 1691 419 1724 certi
444 1692 571 1734 priores
602 1692 763 1735 eligantur
795 1699 825 1727 et
857 1695 888 1726 in

159 1748 246 1779 carta
270 1745 402 1788 capituli
434 1745 659 1778 describantur
689 1748 727 1779 ad
761 1748 891 1780 visitan-

159 1800 215 1832 das
239 1798 421 1842 provincias
445 1799 541 1831 totius
566 1799 702 1839 Ordinis,
736 1801 788 1843 qni
820 1803 890 1834 zelo

158 1852 214 1885 Dei
238 1858 271 1884 et
293 1851 422 1884 Ordinis
448 1852 562 1889 nostri,
586 1851 768 1894 integritate.
798 1854 890 1893 vitae,

160 1904 317 1943 doctrina,
342 1903 476 1943 iudicio,
502 1905 700 1947 experientia
724 1911 755 1938 et
780 1906 894 1939 discre-

160 1958 248 1990 tione
272 1956 391 1990 ceteris
415 1961 580 2000 praestare
605 1957 784 1991 videantur.

204 2020 253 2044 nr.
280 2009 314 2042 ln
339 2008 560 2041 visitatoribus
585 2015 690 2042 antem
715 2011 893 2053 eligendis,

162 2068 315 2106 quantum
351 2061 493 2104 poterit,
528 2067 676 2094 caveatur
700 2073 739 2095 ne
776 2063 892 2107 aliquis

161 2116 307 2149 visitator
322 2125 413 2147 suum
430 2114 537 2147 visitet
549 2115 822 2156 convisitatorern,
836 2128 895 2150 nec

163 2169 303 2207 domum,
325 2167 416 2200 cuius
441 2167 509 2210 ipse
535 2168 576 2199 sit
599 2168 782 2211 professus3
812 2175 897 2202 cete-

163 2232 214 2254 ras
238 2226 344 2254 autem
369 2220 481 2253 domos
503 2230 580 2253 suae
604 2220 788 2263 provinciae
807 2222 898 2254 indit-

165 2274 308 2307 t'erenter
340 2272 505 2306 ordinario
534 2272 604 2305 iure
639 2273 769 2306 visitare
805 2281 897 2316 pote-

164 2331 239 2358 runt
269 2331 301 2358 et
324 2325 502 2358 debebunt.
529 2324 652 2357 Poterit
676 2330 783 2358 tamen
809 2337 899 2359 reve-

165 2378 286 2413 rendus
302 2382 395 2422 pater
411 2382 535 2410 mutare
560 2377 740 2410 visitatores
763 2389 823 2421 per
847 2389 898 2410 ca-

166 2431 302 2474 pitulum
326 2431 521 2472 designatos,
548 2441 584 2463 ex
610 2433 714 2471 causa,
733 2442 814 2474 quae
838 2432 898 2464 sibi

167 2483 370 2517 rationabilis
394 2483 555 2516 videatur.

211 2545 254 2569 w.
289 2536 388 2569 Porro
417 2535 562 2577 singulae
598 2536 713 2569 domus
747 2535 897 2578 Ordinis,

169 2587 262 2620 etiam
287 2587 361 2621 illae
387 2598 467 2632 quae
493 2598 510 2621 a
534 2587 704 2622 carthusia
723 2590 899 2623 remotissi-

752 222 961 246 lN'XOCFNTU'S
983 223 1013 245 XI
1040 223 1087 245 ΓΡ.

1567 214 1630 246 863

941 280 1010 301 mae
1036 275 1132 310 sunt,
1159 270 1330 302 visitentur
1365 271 1498 313 singulis
1532 271 1671 304 bienniis

941 333 998 364 per
1022 323 1201 356 visitatores
1225 324 1416 363 ordinarios,
1436 328 1467 356 et
1481 323 1600 366 'pariter
1617 324 1672 357 do-

938 385 1006 407 mus
1023 375 1221 409 visitatorum
1239 387 1298 419 per
1315 387 1370 409 eos
1397 387 1476 419 quos
1494 376 1670 419 capitulum

937 428 1089 468 generale
1109 428 1157 461 vel
1179 429 1377 461 reverendus
1393 434 1485 472 pater
1502 429 1672 472 deputave-

937 478 1002 511 rint
1026 480 1066 522 ()
1091 480 1148 523 (a).

980 543 1007 563 v.
1035 531 1123 570 Quod
1149 534 1172 566 si
1198 534 1363 575 contingat
1384 535 1565 567 visitatores
1585 535 1670 568 ordi-

936 585 1043 617 narios
1069 596 1105 617 ex
1131 587 1236 629 aliqua
1261 589 1354 619 causa
1385 598 1450 619 non
1475 597 1569 629 posse
1596 587 1670 620 visi-

936 642 1003 669 tare
1030 638 1142 671 (lomes
1167 639 1224 671 sibi
1247 640 1445 679 commissas,
1466 640 1503 671 ad
1522 650 1669 672 reveren-

936 690 1010 722 dum
1027 696 1146 732 patrem
1163 692 1320 734 spectabit.
1336 693 1502 724 nominare
1524 692 1604 725 alios
1629 693 1669 724 vi-

936 742 1097 779 sitatores,
1118 754 1176 775 nec
1199 755 1339 787 unquam
1357 745 1486 777 licentia
1504 745 1596 777 detur
1616 745 1669 777 ali-

936 794 984 826 cui
1011 795 1119 826 domui
1145 795 1284 835 Ordinis,
1303 802 1336 827 nt
1360 796 1451 838 prior
1475 802 1505 827 et
1529 807 1669 828 conven—

937 852 985 879 tus
1010 847 1225 880 communiter
1241 850 1288 881 vel
1307 848 1430 880 divisim
1456 849 1583 891 possint
1606 849 1666 881 sibi

936 900 1056 942 eligere
1081 900 1261 933 visitatores
1278 928 1285 938 ,
1312 902 1368 933 sed
1395 902 1442 933 vel
1468 902 1665 933 reverendus

935 958 1027 996 pater
1051 963 1105 985 eos
1131 954 1276 996 deputet,
1293 955 1353 992 vel,
1373 955 1398 986 si
1424 954 1601 996 periculum
1626 954 1666 986 sit

934 1007 1137 1039 manifestum
1161 1007 1193 1039 in
1219 1009 1316 1047 morti,
1334 1007 1517 1040 visitatores
1537 1007 1666 1040 ordina-

934 1059 971 1091 rii
994 1059 1194 1102 provideant.

976 1124 1018 1146 vr.
1045 1113 1135 1146 Nulla
1161 1114 1274 1146 domus
1299 1120 1353 1146 aut
1377 1124 1518 1157 persona
1537 1114 1664 1147 Ordinis

933 1165 1113 1199 visitatores
1137 1177 1154 1199 a
1178 1167 1318 1209 capitulo
1344 1167 1487 1210 generali
1510 1163 1558 1200 vel
1576 1178 1666 1200 reve·

933 1219 1034 1251 rendo
1059 1224 1149 1262 patre
1174 1219 1338 1251 ordinatos
1372 1220 1489 1252 audeat
1513 1219 1664 1259 refutare,

933 1271 992 1302 nisi
1019 1282 1054 1303 ex
1081 1271 1135 1304 tali
1160 1274 1266 1310 causa,
1303 1282 1383 1314 quae
1419 1273 1509 1315 prius
1544 1273 1664 1306 iudicio

932 1325 1007 1358 dicti
1039 1325 1169 1367 capituli
1199 1326 1246 1357 vel
1281 1326 1450 1358 reverendi
1482 1326 1583 1369 patris
1616 1338 1665 1360 ra-

933 1377 1093 1410 tionabilis
1125 1377 1220 1409 suerit
1252 1377 1400 1410 iudicata.
1427 1378 1519 1412 Nulla
1543 1380 1666 1422 pariter

931 1429 1161 1463 commissoriis
1197 1434 1252 1461 aut
1284 1430 1504 1464 visitatoribus
1535 1443 1552 1465 a
1575 1443 1666 1466 reve-

932 1483 1034 1515 rendo
1054 1487 1145 1525 patre
1166 1492 1267 1525 super
1283 1492 1402 1515 annum
1420 1484 1525 1517 missis
1550 1486 1668 1519 audeat

932 1536 1091 1574 resistere,
1109 1539 1164 1566 aut
1181 1545 1234 1567 eos
1253 1535 1401 1574 refutare,
1421 1538 1469 1569 vel
1488 1537 1526 1569 ab
1544 1538 1590 1570 eis
1608 1549 1666 1582 ap-

933 1588 1065 1630 pellare,
1083 1587 1141 1619 sub
1159 1589 1262 1629 poena
1281 1587 1420 1620 carceris
1437 1590 1539 1631 quoad
1559 1590 1668 1624 subdi-

934 1647 989 1679 tos,
1009 1645 1041 1673 et
1063 1640 1276 1673 absolutionis
1296 1642 1399 1684 quoad
1426 1643 1663 1685 praesidentes

975 1704 1030 1726 vn.
1057 1693 1230 1736 Sequendo
1256 1695 1521 1728 constitutionem
1547 1697 1665 1730 editam

933 1757 990 1789 per
1014 1746 1117 1778 bonae
1142 1747 1319 1779 memoriae
1346 1747 1542 1781 Clementem
1568 1749 1605 1782 lll
1635 1756 1667 1783 et

933 1798 1148 1831 Caelestinum
1166 1798 1203 1830 lll
1226 1799 1386 1832 Romanos
1403 1800 1584 1842 Pontifices,
1603 1807 1667 1835 sta-

934 1852 1063 1889 tuimus,
1090 1856 1125 1882 ut
1150 1851 1231 1883 nulli
1255 1862 1413 1894 personae
1438 1853 1668 1897 Ordinis‚qua-

934 1915 1070 1948 cumque
1097 1906 1264 1937 temeraria
1297 1908 1571 1950 praesumptione,
1598 1909 1668 1942 sine

934 1968 1092 1991 consensu
1124 1962 1155 1990 et
1185 1959 1348 1991 voluntate
1385 1959 1514 2002 capituli
1552 1961 1668 1995 domus

935 2021 1023 2050 suae,
1050 2011 1099 2043 vel
1125 2011 1255 2043 maioris
1272 2011 1373 2054 partis
1394 2011 1551 2053 eiusdem,
1571 2013 1671 2046 licen-¹

937 2064 979 2095 tia
1003 2068 1111 2106 pateat
1135 2064 1363 2105 appellandi-a
1389 2065 1592 2099 correctione
1617 2068 1668 2100 vel

936 2117 975 2149 ab
1000 2116 1062 2149 alio
1087 2127 1289 2159 quocumque
1314 2123 1488 2160 praetenso
1514 2120 1670 2161 gravami-

938 2179 976 2201 ne
1010 2173 1064 2200 aut
1094 2169 1254 2207 sententia
1288 2169 1334 2201 sui
1366 2170 1581 2212 praesidentis
1616 2177 1672 2204 aut

938 2221 1135 2254 visitatorum
1168 2223 1215 2254 vel
1249 2223 1554 2257 commissariorum.
1580 2224 1671 2263 Quod

939 2274 963 2307 si
1000 2274 1069 2318 quis
1105 2274 1226 2318 absque
1263 2275 1317 2307 tali
1354 2286 1513 2309 consensu
1539 2277 1670 2310 maioris

974 2379 1004 2411 ')
1025 2378 1177 2405 Ordinatio
1195 2379 1269 2406 anni
1287 2385 1425 2406 nnchxtx.
1448 2391 1460 2405 «
1482 2380 1602 2408 Visitatio
1621 2381 1672 2408 do-

941 2430 1054 2456 morum,
1071 2431 1184 2457 quarum
1211 2423 1312 2457 priores
1333 2424 1482 2451 visitatores
1501 2429 1579 2458 sunt,
1604 2425 1674 2453 ultra

941 2467 1167 2501 quadriennium,
1190 2467 1303 2493 visitatio
1331 2472 1421 2494 autem
1441 2469 1535 2495 domus
1562 2469 1675 2497 Carthu-

941 2512 996 2537 siae
1016 2511 1086 2537 ultra
1104 2511 1260 2537 sexennium
1281 2519 1420 2547 nunquam
1444 2512 1602 2548 differatur,
1622 2513 1675 2540 nisi

942 2556 1104 2581 necessitate
1125 2559 1236 2588 cogente
1258 2564 1282 2581 ›>.

976 2599 1004 2632 a)
1023 2598 1089 2625 vide
1109 2606 1181 2625 num.
1203 2606 1244 2628 rix
1265 2601 1412 2635 praesentis
1432 2600 1553 2636 capituli.

1679 219 1726 246 An.
1748 219 1777 246 C.
1798 218 1844 245 tufi
