2111 3157
33 230 86 259 An.
107 228 135 256 C.
155 226 221 255 MSO

221 276 246 309 si
273 275 377 310 facere
401 276 615 319 neglexerint,
641 276 675 310 in
698 277 844 321 sequenti
869 276 957 320 capi-

219 330 289 362 tulo
315 330 459 372 generali
489 331 589 363 activa
607 336 638 363 et
654 331 779 374 passiva
795 340 872 363 voce
890 331 957 374 pri-

219 387 346 415 ventur.
373 382 404 415 Si
428 393 503 416 vero
533 384 644 417 ambos
668 383 849 416 visitatores
875 387 955 414 tem-

220 446 299 478 pore
324 436 469 479 praefato
488 441 518 469 et
537 438 630 469 causa
646 437 790 479 legitima
806 441 841 468 ut
857 445 955 478 supra

221 487 394 531 impeditos
412 499 484 522 esse
502 488 686 530 contigerit,
701 488 833 522 visitent
850 497 956 530 quam-

219 541 368 584 primum,
390 546 533 574 cessante
546 540 690 584 pracsato
708 540 951 583 impedimento.

220 593 251 626 Si
277 599 382 626 autem
407 594 488 626 alter
512 603 624 626 eorum
650 592 747 625 suerit
766 592 889 635 pariter
908 593 954 625 le-

221 646 332 688 gitime
349 646 533 689 impeditus,
549 647 588 679 de
609 656 768 679 consensu
785 645 953 688 utriusque

221 699 358 741 eligatur
375 699 455 731 alius
474 699 637 741 praelatus
659 699 697 731 de
717 697 885 740 regimine,
904 698 953 730 vel

220 751 310 794 prior
345 751 549 791 claustralis,
583 755 636 783 aut
671 751 787 783 saltem
812 750 953 784 decanus

219 804 397 846 regiminis,
419 804 474 846 qui
499 809 571 836 actu
589 808 712 836 tantum
729 804 771 835 sit
794 803 951 843 visitator,

220 860 252 889 et
267 867 332 889 non
350 856 466 896 officio,
484 856 564 889 itaut
580 856 662 888 intra
681 856 860 899 praefatum
879 861 954 888 tem-

219 920 278 952 pus
304 909 441 942 visitatio
467 910 598 942 omnino
623 909 836 952 compleatur.

263 973 297 996 11.
324 963 391 995 Hoc
414 963 511 1005 plane
530 963 688 1001 volentes,
708 962 793 1005 quod
810 962 954 995 visitator

219 1015 325 1049 officio
351 1025 482 1058 semper
512 1016 707 1057 praecedere
741 1016 857 1048 debeat
879 1015 954 1047 visi-

219 1074 356 1101 tatorem
380 1073 452 1100 actu
479 1073 509 1100 et
533 1078 599 1100 non
624 1068 740 1108 officio,
758 1068 833 1100 licet
857 1067 897 1100 sit
922 1068 953 1099 in

219 1121 474 1163 Congregatione
499 1121 644 1153 inferior.

263 1184 312 1207 111.
339 1174 475 1206 Caveant
504 1184 543 1206 ne
576 1174 608 1206 in
634 1184 743 1207 eorum
769 1172 953 1206 audientiae

219 1227 300 1259 locis
325 1232 487 1268 ponantur
512 1228 577 1258 ulla
602 1232 801 1265 ornamenta,
827 1232 858 1259 et
882 1231 955 1269 post

219 1278 362 1321 primum
387 1279 471 1311 diem
504 1279 674 1311 comedant
699 1279 730 1311 in
762 1279 952 1318 refectorio,

220 1340 423 1364 communem
437 1337 613 1364 conventus
630 1331 749 1364 vietum
766 1336 951 1373 sequentes.

264 1393 304 1416 1v.
329 1382 567 1426 Quamprimum
592 1384 689 1425 igitur
713 1383 894 1416 visitatores
915 1384 954 1416 ad

220 1436 462 1475 monasterium,
493 1437 579 1478 quod
604 1437 733 1469 visitare
757 1436 952 1476 intendunt,

221 1541 301 1582 gatis
327 1541 480 1583 praelatis
505 1548 537 1574 et
561 1542 727 1574 monachis
759 1542 861 1584 ipsius
889 1552 956 1574 mo-

221 1594 364 1632 nasterii,
398 1594 549 1636 aliquam,
576 1605 641 1626 non
666 1594 699 1626 in
724 1595 882 1626 humanae
908 1605 957 1627 sa-

222 1646 362 1689 pientiae
387 1646 492 1678 verbis
508 1672 515 1685 ,
540 1648 595 1679 sed
628 1647 759 1679 brevem
785 1652 816 1679 et
841 1657 955 1690 puram

222 1698 254 1730 in
273 1699 359 1731 hunc
384 1699 515 1731 modum
541 1699 657 1731 faciant
674 1700 954 1732 exhortationem:

265 1761 295 1783 v.
317 1764 329 1782 ιι
345 1752 470 1784 Fratres
485 1752 652 1789 carissimi,
670 1762 741 1784 cum
759 1762 795 1784 ex
811 1752 955 1785 iniuncto

221 1804 315 1836 nobis
329 1815 346 1836 a
363 1804 503 1847 capitulo
521 1805 665 1846 generali
682 1804 871 1836 visitationis
890 1815 957 1836 mu-

222 1867 300 1890 nere
326 1858 387 1889 huc
413 1858 664 1897 accesserimus,
697 1863 731 1890 ut
761 1858 787 1889 si
820 1859 895 1901 quid
924 1858 956 1890 in

223 1911 286 1943 hoc
311 1911 514 1949 monasterio,
535 1916 595 1943 tarn
622 1911 653 1942 in
680 1911 782 1954 capite
809 1922 902 1953 quam
925 1912 956 1943 in
978 1925 979 1928 ¹

223 1963 395 2003 membris,
417 1964 466 1996 vel
492 1969 603 1996 eontra
628 1964 785 2005 regularis
812 1965 956 2007 discipli·
977 1985 979 1992 η

223 2028 283 2050 nae
309 2027 464 2055 normam,
486 2018 532 2049 vel
554 2022 665 2049 contra
690 2023 807 2051 rectam
835 2024 958 2061 tempo-

223 2071 338 2103 ralium
365 2071 674 2104 administrationem
694 2072 801 2104 forsan
818 2072 958 2114 irrepse-
978 2077 980 2099 ἑ

223 2123 265 2156 rit
288 2123 320 2155 in
345 2123 565 2165 spiritualibus
592 2129 623 2155 et
648 2124 896 2167 temporalibus,
919 2125 957 2156 ad
979 2116 980 2120 ¹

224 2175 347 2208 bonum
374 2176 520 2218 regimen
546 2177 737 2209 reducatur:
764 2177 904 2215 idcirco,
932 2178 958 2209 si

226 2229 347 2271 aliquid
373 2229 575 2261 correctione
595 2229 725 2271 dignum
750 2230 788 2261 ad
813 2235 957 2262 nostram

226 2281 372 2314 notitiam
400 2281 594 2323 pervenerit,
623 2281 709 2314 omni
734 2282 900 2323 vigilantia
928 2287 959 2314 et

226 2334 340 2372 studio,
357 2338 453 2377 prout
467 2334 560 2366 nobis
576 2334 713 2376 desuper
731 2335 837 2367 datum
855 2335 958 2375 suerit,

226 2386 397 2429 providere
416 2386 609 2424 curabimus,
628 2386 711 2428 apud
727 2397 781 2419 vos
802 2397 861 2429 per
881 2387 960 2420 illud

228 2438 383 2482 temporis
408 2438 554 2481 spatium.
573 2439 659 2481 quod
685 2439 833 2472 suadebit
850 2450 961 2472 neces-

228 2492 312 2531 sitas,
340 2498 596 2532 commorantes,
624 2493 651 2524 si
675 2503 750 2525 vero
776 2493 883 2526 nullus
907 2504 961 2526 ve-

229 2549 330 2576 strum
355 2547 466 2578 nostra
497 2545 655 2587 indigebit
690 2548 807 2588 opera,
843 2546 961 2589 gratias

228 2595 293 2629 Deo
318 2598 413 2639 agite,
433 2598 622 2631 charitatem
647 2599 830 2632 continuam
848 2594 960 2633 in'hoc

803 229 877 254 tuno
883 229 1014 253 CENTIUS
1035 230 1066 253 XI
1089 229 1138 253 PP.

1000 277 1128 311 vinculo
1152 277 1238 321 pacis
1267 277 1403 310 invicem
1435 281 1619 318 servantes,
1649 277 1733 311 ohe-

999 329 1152 363 dientiam
1169 336 1200 363 et
1224 331 1438 363 reverentiam
1456 330 1497 363 ob
1514 330 1569 363 Dei
1587 340 1731 363 amorem

998 383 1142 425 patribus
1166 383 1403 427 impendentes,
1436 383 1640 426 disciplinam
1664 391 1734 416 mo-

998 435 1153 468 nasticam
1172 441 1204 469 et
1224 437 1405 479 regularem
1425 436 1660 469 observantiam
1679 446 1732 469 ac-

998 487 1101 520 censis
1126 488 1294 522 desideriis
1319 489 1525 522 confoventes
1547 500 1576 521 »2
1602 493 1633 522 et
1650 487 1675 521 si
1692 488 1733 522 ad

997 539 1060 572 alia
1084 540 1270 574 huiusmodi
1294 541 1432 574 voluerit
1456 541 1597 574 breviter
1621 541 1733 574 exhor-

996 592 1069 625 tari.

1039 654 1084 678 v1.
1111 644 1355 688 Consequenter
1378 650 1533 679 moneant
1550 646 1732 689 praelatum

997 701 1029 728 et
1052 697 1251 737 monachos,
1281 699 1386 740 quod,
1413 699 1437 731 si
1463 699 1532 741 quis
1557 709 1617 741 pro
1641 698 1731 731 bono

996 750 1183 782 monasterii
1208 749 1255 782 sui
1292 750 1482 783 iudicaverit
1511 751 1630 794 aliquid
1657 750 1733 783 insi-

996 802 1169 844 nuandum,
1187 802 1289 836 libere
1307 803 1386 836 illud
1406 809 1565 846 exponat;
1582 803 1732 846 quoniam

997 855 1135 888 intentio
1160 861 1287 899 patrum
1312 861 1494 889 nostrorum
1519 861 1577 896 est,
1595 857 1680 899 quod
1700 856 1731 888 in

998 908 1237 942 visitationibus
1260 909 1337 941 vitia
1362 914 1425 942 tam
1450 910 1482 941 in
1507 909 1611 951 capite
1636 920 1732 951 quam

996 962 1029 994 in
1054 962 1207 995 membris
1232 962 1385 994 radicitus
1409 967 1636 1005 amputentur,
1660 972 1731 993 cum

997 1016 1034 1047 ea
1053 1020 1159 1048 tamen
1184 1026 1247 1058 qua
1272 1015 1365 1048 decet
1388 1014 1588 1047 humanitate
1615 1019 1646 1047 et
1662 1014 1733 1047 cha·

997 1067 1105 1100 ritate.

1040 1131 1097 1154 vn.
1124 1120 1238 1154 Caveat
1262 1126 1368 1153 tamen
1395 1120 1540 1163 quilibet,
1559 1130 1599 1152 ne
1625 1119 1731 1160 alicui,

996 1174 1164 1217 potissime
1181 1175 1336 1217 praelato,
1353 1173 1462 1215 quavis
1478 1173 1626 1216 passione
1645 1173 1734 1205 sedu-

998 1231 1078 1267 ctus,
1097 1227 1218 1269 aliquid
1243 1227 1357 1259 falsum
1384 1227 1537 1269 imponat,
1554 1236 1608 1258 seu
1627 1225 1732 1264 aliter,

998 1290 1093 1321 quam
1124 1280 1243 1312 dietum
1269 1280 1448 1322 factumque
1474 1279 1576 1318 fucrit,
1602 1279 1733 1316 referat,

998 1337 1051 1363 aut
1074 1332 1323 1375 suspicionibus,
1346 1333 1394 1364 vel
1420 1331 1532 1364 leviter
1557 1331 1650 1364 dictis
1675 1341 1733 1363 seu

998 1384 1112 1423 factis,
1144 1384 1284 1426 aliquem
1310 1384 1467 1426 inculpet.
1495 1383 1585 1421 Quod
1612 1383 1637 1415 si
1663 1383 1734 1416 sieri

383 1489 388 1494 ⁸
975 1474 977 1493 i
999 1438 1107 1480 (quod
1131 1437 1235 1479 absit)
1262 1437 1453 1479 eontigerit;
1473 1436 1655 1478 diligenter,
1681 1446 1734 1468 co-

220 1494 446 1531 pervenerint,
473 1499 614 1530 congruo
651 1495 794 1532 tempore
820 1499 956 1531 congre-

999 1491 1087 1532 gnita
1110 1493 1226 1529 causa,
1262 1489 1448 1522 huiusmodi
1484 1500 1559 1522 reus
1597 1489 1677 1521 sciat
1700 1499 1732 1521 se

999 1543 1126 1585 publice
1152 1553 1262 1576 coram
1287 1542 1455 1575 monachis
1481 1544 1608 1585 culpam
1635 1541 1735 1574 dictu-

998 1606 1078 1637 rum,
1096 1606 1132 1628 ac
1155 1597 1260 1638 poena
1285 1595 1426 1635 talionis,
1444 1599 1498 1627 aut
1514 1594 1617 1634 aliter,
1636 1598 1735 1637 prout

999 1648 1168 1688 videbitur,
1189 1647 1401 1691 puniendum.

1042 1711 1110 1734 vni.
1138 1701 1252 1734 Postea
1284 1711 1362 1733 vero
1397 1700 1580 1733 visitatores
1615 1700 1734 1732 faciant

976 1762 978 1802 {
999 1753 1237 1785 absolutionem
1262 1759 1480 1793 mortuorum,
1503 1763 1575 1785 mox
1602 1753 1735 1785 visitent

999 1805 1236 1838 sanctissimum
1254 1806 1473 1838 Eucharistiae
1499 1806 1682 1845 sacrarium,
1703 1810 1736 1838 et

1000 1859 1164 1901 reliquias,
1186 1859 1210 1891 si
1236 1869 1316 1901 quae
1342 1864 1431 1899 sunt3
1453 1869 1489 1891 ac
1514 1858 1629 1891 deinde
1656 1863 1736 1891 tem-

1000 1922 1078 1954 pore
1103 1921 1247 1953 congruo
1281 1911 1344 1944 sint
1375 1921 1522 1945 seorsum
1557 1922 1628 1944 cum
1661 1912 1734 1944 solo

1000 1965 1145 2007 praelato
1177 1962 1385 2004 monasterii,
1422 1963 1576 2007 illumque
1608 1964 1730 1997 exami-

1000 2023 1079 2050 nent
1103 2018 1140 2050 de
1165 2017 1329 2050 seniorum
1355 2026 1487 2049 suorum
1505 2022 1537 2050 et
1553 2022 1734 2050 ceterorum

1000 2071 1232 2103 monachorum
1257 2069 1508 2109 conditionibus,
1531 2075 1563 2102 et
1586 2080 1736 2113 praescr·

1002 2124 1058 2156 tim
1083 2124 1109 2156 si
1130 2123 1275 2156 adhibita
1293 2123 1352 2155 fuit
1370 2123 1537 2166 diligentia
1553 2123 1735 2156 necessaria

979 2181 981 2214 l
1002 2176 1033 2208 in
1058 2176 1215 2208 librorum
1239 2175 1468 2218 inquisitione,
1491 2176 1515 2207 si
1533 2175 1623 2217 prior
1646 2176 1736 2207 clau-

1002 2228 1109 2261 stralis
1127 2233 1158 2260 et
1175 2227 1287 2260 decani
1314 2228 1398 2260 circa
1416 2238 1473 2260 sua
1494 2227 1607 2266 officia,
1625 2226 1735 2260 videli—

1002 2286 1052 2313 eet
1076 2281 1108 2313 in
1140 2280 1256 2313 divinis
1282 2280 1407 2320 officiis,
1425 2280 1456 2312 in
1478 2280 1622 2313 custodia
1641 2290 1736 2322 regu-

981 2366 982 2386 }
1003 2334 1080 2365 laris
1102 2333 1339 2372 observantiae,
1362 2333 1394 2365 in
1416 2332 1585 2365 audiendis
1605 2331 1737 2374 religio-

1004 2397 1112 2419 sorum
1137 2385 1414 2426 confessionibus,
1448 2385 1480 2418 in
1513 2385 1735 2418 communibus

1003 2439 1176 2479 exercitiis,
1201 2439 1233 2471 in
1259 2438 1456 2482 quotidianis
1481 2438 1669 2471 monasterii
1690 2438 1738 2470 of-

1004 2492 1168 2525 ficinarum
1188 2491 1434 2531 visitationibus,
1453 2491 1516 2524 sint
1533 2490 1683 2531 solliciti;
1709 2490 1737 2523 si

1004 2545 1065 2579 sibi
1090 2545 1226 2578 invicem
1257 2545 1470 2579 reverentiam
1503 2555 1538 2577 ac
1564 2543 1740 2587 superiori-

1005 2600 1063 2632 bus
1090 2599 1308 2632 obedientiam
1327 2604 1510 2642 praestent3
1529 2597 1553 2629 si
1575 2605 1739 2630 caeremo-

1621 218 1688 254 373
1731 227 1785 258 An.
1804 227 1834 256 c.
1853 227 1921 255 reso
