2111 3157
30 174 78 201 An.
95 173 124 200 C.
147 173 213 200 1679

62 234 128 255 Carm-
143 240 178 254 vn.

55 260 196 285 Indulgentiae
205 276 210 282 ,

29 292 81 313 quas
96 287 208 306 confratre«

29 315 51 332 ιιι
87 318 209 332 consorores

28 338 67 360 SS.
84 338 165 359 Ros-<ru
180 339 207 358 luv

28 367 112 385 crunnu-
130 365 163 390 pia
186 370 208 384 0-

27 397 78 417 pura
85 391 207 411 exercendo⁴

796 176 891 200 INNoc
898 176 1007 199 FNTIUS
1030 177 1059 199 XI
1087 175 1134 199 PF.

263 233 284 257 ι.
312 223 491 256 Alexander
515 223 683 266 episcopus
708 224 948 263 Forolbiensis,

220 278 344 316 legatus
358 277 554 318 apostolicus
574 288 631 317 per
648 277 862 315 Germaniam,
876 288 950 310 con-

220 329 317 361 cessit
341 330 554 371 qnadraginta
575 329 642 361 dies
667 329 887 371 indulgentiae
910 330 948 361 de

220 380 373 413 iniunctis
396 381 454 413 sibi
482 381 690 424 poenitentiis
714 382 862 413 omnibns
881 392 949 414 con-

219 432 371 465 fratribus
390 433 663 466 confraternitatis
682 433 805 465 Bosarii
826 440 950 466 erectae

219 485 383 526 Coloniae,
401 487 455 529 qni
473 486 612 518 sabbatis
637 491 668 518 et
696 486 815 518 festivis
838 486 951 518 diebus

217 539 424 575 interfuerint
446 539 519 571 dnm
545 544 690 570 cantatur
710 538 801 570 Salve
827 540 949 580 Rvssina

216 596 289 633 post
313 591 556 633 completorium
582 602 689 623 coram
715 592 805 624 altari
833 593 954 625 Beatis-

218 642 318 675 simae
338 642 486 684 Virginis,
504 644 558 675 nbi
583 644 747 686 praedicta
771 646 952 678 confrater-

217 695 301 727 nitas
330 695 477 727 instituta
501 701 555 733 est,
584 707 679 738 quam
704 697 946 729 concessionem

216 747 414 780 confirmavit
431 749 492 781 Leo
511 749 534 780 X
552 749 583 780 in
605 749 748 791 praefata
773 750 862 782 Bulla
883 750 949 782 Pa-

217 801 317 832 storis
341 801 475 833 aeterni.

261 863 297 886 11.
324 853 500 895 Gregorius
526 854 589 886 XIII
615 855 645 886 in
679 855 821 897 praefato
857 855 949 887 Brevi

219 905 295 939 Cum
308 906 391 938 sicut
405 907 590 949 accepimus,
608 918 640 940 ιιι
656 908 788 939 ianuarii
803 918 948 941 uotxmx.

217 958 434 991 confratribus
460 959 731 991 confraternitatis
749 959 801 992 SS.
824 959 949 991 Bosarii

218 1010 335 1052 Papiae
361 1012 482 1043 relaxat
506 1017 633 1043 centnm
652 1012 720 1044 dies
739 1013 777 1044 de
796 1012 949 1044 iniunctis

218 1062 264 1094 eis
289 1073 343 1095 seu
370 1064 617 1105 quomodolibet
641 1063 757 1095 debitis
783 1063 950 1105 poeniten—

218 1114 281 1153 tiis,
300 1115 351 1157 qni
378 1115 527 1147 vexillum
552 1116 604 1148 55.
634 1116 745 1148 Itosari
772 1116 950 1148 associave-

218 1167 284 1199 rint
316 1168 446 1210 quando
478 1178 616 1210 corpora
649 1174 846 1200 mortuorum
874 1178 950 1200 con-

218 1219 351 1252 fratrum
377 1220 567 1252 deferuntur
600 1221 637 1252 ad
672 1222 892 1262 sepulturam,
918 1226 946 1252 et

218 1273 420 1305 interfuerint
449 1273 676 1304 anniversariis
701 1284 757 1314 pro
782 1273 948 1305 animabus

218 1325 440 1357 defunctorum
467 1326 662 1357 confratrum
681 1326 893 1365 celebrandis,
920 1331 949 1357 et

217 1377 261 1410 ibi
288 1388 345 1420 pro
378 1378 627 1410 christianornm
659 1378 842 1421 principum
868 1389 946 1410 con-

217 1429 338 1470 cordia,
362 1435 437 1469 etc.‚
457 1430 506 1462 ⁷vel
532 1430 610 1462 all-[ts
637 1430 810 1469 oraverint,
834 1431 881 1462 vel
903 1430 950 1462 in-

216 1481 325 1515 firmos
349 1483 526 1515 confratres
553 1483 590 1515 ad
610 1483 824 1515 eucharistica
848 1493 951 1515 sacra-

216 1540 325 1571 menta
350 1536 505 1568 sumenda
530 1535 649 1568 hortati
670 1536 799 1575 fuerint,
820 1542 851 1568 et
876 1535 950 1568 visi-

217 1588 367 1620 taverint.

261 1650 308 1673 ιιι.
336 1639 483 1673 Clemens
509 1640 620 1673 vulin
639 1641 730 1674 Brevi
758 1641 948 1681 salvatoris,

217 1692 270 1726 elie
303 1703 360 1726 xin
399 1693 536 1725 ianuarii
572 1704 704 1733 noxcn,
732 1694 949 1726 confratribus

215 1745 495 1794 confraternitatis
531 1746 583 1779 SS.
614 1747 737 1779 Bosarii
768 1753 892 1779 erectae
918 1747 948 1778 in

217 1798 354 1831 ecclesia
372 1799 630 1832 Praedicatornm
645 1800 757 1842 oppidi
779 1800 950 1832 Divionen-

216 1850 284 1890 sis,
316 1850 369 1893 qui
400 1851 515 1883 divinis
541 1851 654 1883 officiis
683 1862 742 1894 per
774 1852 847 1884 illos
875 1862 950 1884 con-

217 1902 333 1944 ,fratres
358 1914 413 1936 seu
441 1914 476 1936 ex
504 1914 616 1937 eornm
636 1904 781 1937 instituto
808 1905 838 1936 in
866 1905 948 1937 dicta

217 1957 365 1998 cappella
400 1957 627 1996 decantandis,
657 1968 692 1988 ac
725 1957 950 1999 congregatio-

217 2008 314 2040 nibus
346 2009 482 2051 pnblicis
516 2009 564 2041 vel
600 2009 734 2041 secretis
769 2020 829 2052 pro
866 2010 948 2042 felici

220 2060 399 2093 directione
441 2062 542 2093 dimac
582 2062 852 2094 confraternitatis
888 2063 946 2094 lia-

218 2112 333 2145 bendis
359 2113 573 2153 interfuerint,
600 2120 695 2157 atque
722 2115 951 2147 associaverint

217 2164 271 2197 SS.
291 2165 531 2198 Sacramentum
550 2166 621 2198 dnn]
648 2167 685 2198 ad
711 2167 850 2208 aliquem
869 2167 950 2198 intir-

219 2228 307 2249 mnm
334 2217 450 2249 deferri
474 2217 654 2259 eontigerit,
673 2228 718 2256 ac,
736 2218 787 2260 qni
807 2219 950 2260 legitime

218 2269 365 2312 impediti
392 2269 452 2301 boc
477 2270 581 2301 facere
616 2271 840 2312 nequiverint,
867 2281 951 2302 cam-

219 2332 322 2364 panae
344 2322 382 2353 ad
401 2321 431 2353 id
451 2322 540 2363 signo
560 2323 644 2360 dato,
664 2323 831 2363 genuflexi,
851 2323 875 2354 si
894 2333 948 2365 po·

219 2373 349 2413 tuerint,
361 2375 540 2406 orationem
556 2374 747 2406 dou‘iinieam
761 2386 820 2418 pro
837 2375 949 2407 eodem

220 2426 349 2459 infirmo
376 2427 592 2465 recitaverint,
621 2438 747 2460 necnon
773 2427 951 2460 cuiuscum-

221 2489 282 2522 que
315 2480 486 2512 confratris
518 2480 653 2512 cadaver
687 2481 725 2512 ad
751 2481 949 2523 sepulturam

222 2531 468 2563 ecclesiasticam
495 2533 735 2572 associaverint,
764 2534 811 2565 vel
837 2543 892 2565 eos
918 2533 951 2564 in

310 2594 383 2622 Butl.
407 2595 485 2624 Rom.
507 2609 540 2614 —
564 2595 622 2623 I'ol.
644 2594 711 2623 XIX
849 2595 883 2623 26

1619 163 1678 196 ent

994 234 1102 255 eorum
1124 222 1360 255 Infirmitatibns
1387 220 1584 253 visitaverint
1601 226 1628 252 et
1650 231 1724 252 con-

995 276 1085 308 solati
1106 276 1239 314 fuerint,
1266 286 1301 308 ac
1326 275 1502 308 orationem
1529 274 1723 306 dominicam

995 329 1176 371 (initimum,
1194 334 1224 361 et
1244 329 1336 360 toties
1363 327 1537 366 angelicam
1560 327 1724 359 salutatio-

996 391 1067 412 nem
1094 391 1200 415 eoram
1228 381 1367 423 imagine
1383 380 1435 412 SS.
1455 378 1599 411 Crucifixi
1619 379 1649 411 in
1670 380 1725 411 lio-

997 444 1105 465 norem
1141 433 1281 476 quinque
1318 434 1485 475 plagarum
1516 433 1549 464 D.
1585 431 1619 466 N.
1655 433 1725 464 lesu

997 485 1113 517 Cltristi
1139 496 1198 528 pro
1222 485 1390 517 animabus
1426 485 1614 517 eorumdem
1651 494 1727 516 con-

998 539 1129 570 fratrum
1149 539 1179 570 in
1194 539 1308 571 Christi
1328 539 1481 571 charitate
1498 538 1726 571 defunctorum

998 592 1213 629 recitaverint,
1239 591 1365 634 quoties
1387 591 1517 633 aliquod
1535 589 1727 634 praemisso-

997 655 1065 676 rum
1085 644 1228 682 fecerint,
1248 644 1412 685 sexaginta
1432 643 1499 675 dies
1519 644 1556 675 de
1575 642 1725 675 iniunctis

997 697 1041 729 eis
1066 702 1119 728 ant
1139 697 1216 728 alias
1242 696 1489 739 qnon‘iodolibet
1513 695 1629 728 debitis
1650 706 1728 737 poe-

997 749 1140 781 nitentiis
1165 750 1298 781 relavat.

1041 812 1082 834 tv.
1109 802 1195 834 Idem
1215 802 1245 833 in
1272 801 1363 833 Brevi
1392 800 1575 842 [neffabilia
1595 801 1653 833 Dri
1671 800 1729 833 Ge-

996 854 1132 891 mli-icis,
1157 854 1208 885 die
1233 864 1277 885 xii
1304 853 1455 885 februarii
1477 862 1631 888 ainxcvut,
1652 863 1726 883 con-

996 906 1144 938 fratribus
1161 905 1433 938 confraternitatis
1452 905 1503 937 SS.
1522 904 1647 936 Bosarii
1662 914 1730 936 ere-

994 965 1061 990 ctae
1097 958 1128 990 in
1165 959 1301 991 ecclesia
1333 958 1363 989 S.
1400 957 1486 989 I'anli
1525 957 1728 989 valtisotensi

993 1010 1119 1042 Ordinis
1138 1010 1395 1042 Praedicatorunt
1414 1014 1541 1041 rentum
1558 1009 1636 1046 (lies,
1651 1020 1730 1050 qno-

995 1062 1053 1094 ties
1079 1073 1151 1094 vere
1173 1062 1378 1104 poenitentes
1405 1067 1435 1093 et
1460 1061 1606 1099 confessi,
1635 1071 1688 1093 sen
1711 1072 1728 1092 a

994 1115 1061 1146 inre
1087 1115 1213 1147 statutis
1246 1115 1442 1157 temporibus
1477 1114 1603 1145 firmum
1631 1113 1727 1146 confi-

994 1167 1081 1199 tendi
1108 1167 1309 1209 propositum
1336 1167 1501 1205 habentes,
1529 1166 1727 1208 antiphonae

992 1220 1085 1251 Salve
1109 1220 1233 1261 Reqina
1258 1219 1289 1251 in
1316 1220 1457 1261 praefata
1491 1219 1625 1251 ccclesia
1654 1224 1728 1261 post

992 1272 1237 1314 completorium
1263 1272 1424 1304 decantari
1445 1271 1558 1303 solitae
1578 1271 1729 1303 interfue-

993 1325 1074 1363 rint·‚
1094 1324 1126 1356 in
1144 1324 1371 1356 festivitatibus
1396 1329 1500 1356 autem
1520 1323 1726 1356 Beatissimae

993 1377 1144 1419 Virginis,
1160 1388 1285 1409 necnon
1305 1382 1487 1409 sanctornm
1507 1377 1726 1419 apostolorum

993 1435 1024 1461 et
1047 1435 1230 1462 sanctornm
1261 1429 1338 1462 dieti
1370 1428 1516 1467 Ordinis,
1543 1434 1574 1460 et
1599 1428 1726 1471 quando

993 1481 1053 1523 ipsi
1080 1481 1267 1519 confratres,
1283 1481 1370 1512 iuxta
1387 1485 1506 1512 statuta
1524 1480 1626 1512 dictae
1652 1490 1728 1512 con-

993 1534 1216 1573 fraternitatis
1235 1544 1305 1566 cum
1326 1533 1426 1566 cereis
1452 1533 1596 1565 accensis
1616 1533 1728 1565 adesse

994 1593 1162 1625 tenentur,
1191 1587 1312 1620 eisdem
1336 1586 1551 1619 confratribus
1577 1592 1611 1618 nt
1636 1596 1729 1628 prae-

994 1640 1095 1672 fertur
1120 1639 1388 1672 interessentibns
1415 1644 1478 1671 tres
1502 1649 1601 1671 annos
1628 1643 1660 1671 et
1684 1644 1729 1670 to-

995 1692 1092 1724 tidctn
1118 1691 1338 1734 quadragenas
1364 1692 1401 1723 de
1426 1691 1581 1723 iniunctis
1606 1691 1651 1723 eis
1673 1696 1729 1722 aut

994 1744 1238 1786 quomodolibet
1271 1744 1387 1776 debitis
1403 1742 1619 1786 *poenitentiis
1644 1744 1728 1776 rela-

993 1801 1062 1835 xat,
1090 1796 1153 1829 illis
1178 1802 1285 1828 antem
1318 1796 1553 1835 confratribus,
1579 1795 1643 1838 qni,
1669 1805 1726 1838 pro

994 1849 1199 1881 solemnitate
1227 1859 1242 1880 a
1267 1849 1350 1881 dieta
1384 1848 1644 1881 confraternitate
1676 1859 1728 1880 ce-

994 1901 1113 1932 lebrari
1145 1901 1238 1933 solita
1276 1901 1436 1933 dominica
1469 1901 1552 1932 infra
1585 1906 1727 1933 octavam

993 1952 1169 1984 Nativitatis
1189 1953 1394 1984 Beatissimae
1409 1952 1554 1994 Virginis,
1574 1952 1726 1984 ordinan-

993 2003 1060 2036 dis¹
1080 2005 1233 2036 altaribus
1247 2006 1296 2037 vel
1312 2005 1465 2037 ecclesiae
1483 2004 1725 2047 praeparandae

993 2057 1193 2096 vacaverint,
1220 2063 1271 2088 ant
1303 2063 1493 2089 ornamenta
1518 2057 1557 2088 ad
1583 2056 1725 2089 divinum

993 2111 1112 2141 cultum
1131 2109 1312 2152 spectantia
1330 2109 1485 2148 miserint,
1508 2114 1636 2141 centum
1657 2109 1724 2142 dies

992 2162 1215 2204 indulgentiae
1234 2162 1398 2201 concedit·,
1418 2162 1595 2194 extendens
1615 2172 1726 2204 snpra-

993 2215 1092 2247 dictas
1118 2215 1335 2256 indulgentIas
1361 2215 1399 2246 ad
1426 2213 1587 2252 infirmos,
1613 2214 1726 2247 mulie-

994 2278 1044 2300 res
1069 2267 1227 2309 gravidas,
1248 2272 1280 2299 et
1304 2266 1445 2308 legitime
1466 2265 1648 2308 impeditos,
1671 2266 1724 2308 qni

993 2320 1081 2353 flexis
1108 2320 1243 2362 genibus
1279 2319 1476 2362 praedictam
1513 2319 1724 2361 antiphonam

992 2373 1085 2406 Salve
1109 2373 1233 2412 Reqma
1258 2382 1365 2404 coram
1391 2372 1483 2404 altari
1509 2373 1558 2404 vel
1583 2371 1725 2414 imagine

993 2426 1107 2458 Beatae
1126 2425 1263 2467 VirginiS
1286 2425 1399 2457 devote
1418 2425 1642 2465 recitaverint;
1669 2424 1725 2467 qni

1030 2541 1039 2566 1
1065 2538 1166 2566 Forsan
1186 2538 1326 2565 ornandis
1343 2539 1380 2573 (n.
1405 2538 1453 2573 T.).

1730 171 1776 196 An.
1795 170 1823 196 C.
1847 170 1913 196 1679
