2111 3157
53 230 102 256 Αη.
119 229 147 256 C.
170 228 236 255 ¹282

95 289 233 310 confirmatur

49 318 72 338 11
86 316 107 336 in
121 316 212 337 rubrica.

286 279 300 321 ἓ
325 279 356 312 1.
383 275 460 313 Cum
486 280 603 324 itaque,
623 275 708 314 sicut
733 281 868 315 dilectus
893 282 976 315 silius

241 331 377 365 loannes
402 333 499 365 Maria
524 334 562 366 de
587 333 773 374 Canvizarii,
801 335 900 367 frater
924 346 976 368 ex-

241 395 351 427 presse
376 387 538 429 professus
558 387 743 429 provinciae
769 387 975 420 Granatensis

241 437 368 471 Ordinis
393 439 549 471 Minorum
573 439 655 471 santi
680 440 840 472 Francisci
863 440 901 472 de
919 440 975 472 Ob-

241 490 400 523 servantia
423 497 698 534 nuncupatorum,
732 502 768 524 ac
793 492 974 524 commissa-

239 543 305 575 rius
339 544 498 586 generalis
533 544 565 576 in
590 545 733 577 Romana
757 544 851 577 Curia
877 545 972 577 totius

240 595 377 628 familiae
397 595 655 637 Terraesanctae,
676 597 769 629 nobis
799 607 902 639 nuper
920 608 972 629 ex-

237 648 315 690 poni
340 648 426 689 10011,
449 648 518 691 ipse
543 649 582 681 ad
609 649 751 681 eiusdem
778 649 972 681 Terraesan-

239 705 308 734 ctae
333 700 532 739 subsidium,
559 701 812 744 eorumdemque
839 701 970 734 fratrum

238 753 319 786 inibi
351 753 476 786 vineam
502 753 625 786 Domini
662 753 789 786 assidue
824 755 972 786 excolen-

238 805 316 837 tium
347 815 503 848 sacraque
535 806 608 838 loca
642 806 863 838 venerantium
897 807 971 839 sub-

237 858 442 899 ventionem,
474 869 601 891 necnon
627 859 665 891 ad
691 859 894 902 spiritualem
920 871 971 893 ca-

236 911 432 944 tholicorum
457 911 490 944 in
515 912 579 945 illis
614 912 760 955 partibus
786 913 970 955 degentium

236 964 339 1006 eoque
365 963 544 997 devotionis
575 966 671 997 causa
695 965 969 1008 peregrinantium

235 1018 491 1050 consolationem
519 1023 551 1050 et
575 1018 779 1060 profectum,
805 1019 913 1051 omnia
939 1025 971 1051 et

235 1070 361 1112 singula
388 1071 525 1113 gratias,
553 1071 718 1113 privilegia
743 1076 774 1103 et
798 1071 970 1113 indulgen-

231 1117 294 1155 ‘tias
321 1123 487 1166 hucusque
505 1123 604 1155 sacris
631 1123 775 1155 eiusdem
794 1123 909 1156 Terrae
929 1125 970 1156 lo-

235 1175 280 1208 cis
316 1176 495 1218 apostolica
530 1176 720 1209 auctoritate
758 1187 908 1209 concessa
938 1183 966 1209 et

235 1227 436 1267 confirmata,
464 1239 520 1271 per
544 1239 603 1261 nos
635 1230 748 1261 eadem
781 1230 967 1262 auctoritate

235 1280 331 1314 etiam
348 1281 529 1313 confirmari
549 1287 579 1313 et
596 1282 771 1324 approbari
792 1282 966 1324 plurimum
987 1306 988 1311 ,

235 1333 410 1366 desideret:
431 1344 500 1373 nOS,
519 1334 682 1367 desiderio
704 1334 887 1366 huiusmodi
914 1346 969 1366 an-
987 1367 988 1376 ,

233 1396 345 1425 nuere,
370 1386 540 1429 ipsumque
566 1387 718 1419 Ioannem
744 1387 872 1419 Mariam
898 1398 969 1430 spe-

234 1439 371 1471 cialibus
407 1439 566 1471 favoribus
604 1445 635 1472 et
667 1440 777 1480 gratiis
812 1440 966 1482 prosequi

233 1493 388 1532 volentes,
415 1498 446 1525 et
470 1503 487 1524 a
512 1492 680 1535 quibusvis
711 1493 968 1525 excommunica-

233 1544 344 1585 tionis,
372 1544 598 1587 „suspensionis
625 1550 657 1577 et
681 1546 858 1584 interdicti,
885 1545 968 1577 aliisw

233 1609 295 1641 que
321 1598 549 1631 ecclesiasticis
574 1599 755 1637 sententiis,
776 1598 920 1630 censuris
938 1604 967 1631 et

233 1651 357 1693 poenis,
377 1662 393 1683 a
411 1651 479 1683 iure
504 1652 552 1683 rel
571 1652 609 1683 ab
631 1652 770 1689 bomine,
790 1652 898 1693 quavis
917 1662 968 1683 oc-

233 1703 362 1735 casione
388 1704 437 1735 vel
464 1706 559 1735 causa
585 1704 674 1741 latis,
700 1703 724 1734 si
751 1703 866 1746 quibus
892 1714 969 1746 quo-

233 1755 414 1788 modolibet
431 1755 604 1787 innodatus
627 1756 745 1795 existit,
766 1756 803 1787 ad
823 1755 967 1789 ell'cetum

232 1807 452 1849 praesentium
485 1807 649 1839 dumtaxat
680 1808 966 1850 consequendum,

233 1859 347 1891 harum
373 1860 457 1892 serie
491 1860 695 1892 absolventes
727 1865 758 1892 et
783 1860 966 1892 absolutum

233 1913 302 1945 sore
342 1918 539 1951 censentes,
566 1913 859 1955 supplicationibus
898 1913 966 1944 eius

233 1965 365 1999 nomine
390 1966 484 1997 nobis
510 1976 606 2007 super
625 1966 685 1998 boc
704 1965 868 1997 humiliter
895 1976 968 2008 por-

233 2019 332 2052 rectis
357 2019 513 2057 inclinati,
532 2019 640 2051 onmia
665 2024 696 2051 ct
720 2019 847 2061 singula
872 2019 968 2061 privi-

233 2072 329 2113 legia,
350 2072 591 2110 concessiones,
619 2072 795 2110 facultates,
824 2071 965 2110 indulta,

234 2124 455 2166 indulgentias
472 2151 479 2163 ,
514 2130 703 2166 ceterasque
730 2124 848 2166 gratias
874 2124 968 2166 spiri-

235 2179 338 2209 tuales
356 2182 387 2209 et
405 2178 610 2220 temporales,
627 2177 746 2209 eisdem
766 2177 845 2209 locis
865 2183 895 2209 et
913 2178 967 2209 illa

233 2230 455 2269 visitantibus,
474 2240 600 2262 necnon
627 2229 701 2261 dicti
726 2229 854 2262 Ordinis
880 2240 967 2271 guar-

235 2283 331 2316 diano
357 2288 389 2315 et
415 2282 564 2315 fratribus
582 2283 613 2313 in
632 2282 725 2314 dictis
751 2282 894 2324 partibus
915 2283 968 2315 ‹le-

235 2336 394 2377 genubus,
410 2345 468 2378 per
483 2345 701 2377 quoscumqu·
718 2334 877 2367 Romanos
892 2335 968 2367 Pon-

235 2388 335 2421 tifices
353 2388 622 2430 praedecessores
640 2392 768 2419 nostros
798 2398 833 2418 ac
853 2388 966 2420 Sedent

236 2441 452 2483 Apostolicam
479 2440 510 2471 in
541 2451 657 2481 genere
675 2441 722 2472 rel
743 2440 773 2471 in
792 2440 897 2482 specie
915 2447 964 2472 aut

236 2493 316 2524 alias
342 2492 589 2535 quomodolibet
612 2503 780 2530 concessa,
810 2497 967 2534 quatenus

236 2545 300 2577 sint
323 2545 354 2576 in
380 2555 439 2577 usu
466 2550 497 2577 et
522 2555 585 2577 non
619 2545 684 2576 sint
715 2549 882 2582 revocata,
915 2550 965 2577 aut

235 2597 294 2631 sub
330 2597 490 2641 aliquibus
527 2598 786 2631 revocationibus
822 2608 967 2641 compre-

820 234 1029 259 PNNOCENTH'S
1051 236 1081 259 XI
1105 236 1153 259 ΓΡ.

1642 226 1706 259 {7⁸80

1018 283 1116 315 hensa
1131 283 1275 323 existant,
1295 283 1454 326 sacrisque
1475 283 1660 323 canonibus,
1678 295 1749 316 con-

1017 335 1238 369 stitutionibus
1264 337 1459 379 apostolicis,
1478 348 1513 369 ac
1533 337 1664 369 Concilii
1683 336 1751 368 Tri-

1015 388 1138 420 dentini
1165 389 1302 421 decretis
1327 400 1391 421 non
1417 390 1644 428 adversentur,
1670 400 1747 432 apo-

1015 440 1126 472 stolica
1151 442 1348 481 auctoritate,
1370 447 1483 474 tenore
1510 442 1744 485 praesentium,

1010 492 1238 526 confirmamus
1265 500 1296 527 et
1321 495 1548 538 approbamus,
1571 506 1606 528 ac
1632 506 1747 538 perpe-

1014 550 1086 577 tuae
1112 550 1144 577 et
1160 546 1354 579 inviolabilis
1371 548 1567 589 apostolicae
1585 547 1744 580 firmitatis

1013 597 1129 630 robore
1155 600 1400 638 communimus,
1418 611 1528 632 onmes
1555 606 1585 632 et
1602 601 1745 643 singulos

1014 653 1075 681 tam
1100 650 1178 682 iuris
1202 661 1296 693 quam
1331 652 1404 683 sacti
1435 653 1598 692 desectus,
1631 653 1656 685 si
1689 653 1745 696 qui

1012 702 1150 745 desuper
1175 704 1422 745 quomodolibet
1440 705 1470 736 111
1497 706 1542 737 eis
1564 706 1746 738 intervene-

1011 754 1084 793 rint,
1110 756 1311 797 supplemus.
1339 756 1468 789 Neenon
1488 758 1624 801 insuper
1644 758 1746 790 omni-

1011 807 1068 839 bus
1094 813 1125 839 et
1150 808 1286 850 singulis
1321 810 1507 842 eorumdem
1537 811 1672 843 fratrum
1697 811 1746 843 in-

1012 860 1207 903 terpretibus
1237 872 1322 893 nunc
1348 862 1588 904 ttici-osolymis,
1616 864 1746 896 Bethle—

1012 914 1084 946 liem
1110 919 1141 946 et
1164 913 1322 947 Nazareth
1349 915 1559 947 existentibus
1585 921 1616 948 et
1641 917 1747 949 viren-

1011 967 1107 1006 tibus,
1135 966 1166 998 in
1192 967 1368 1000 cuiuslibet
1393 978 1503 1000 eorum
1531 969 1642 1001 mortis
1671 970 1746 1001 arti-

1010 1020 1091 1057 culo,
1109 1020 1133 1052 si
1152 1030 1227 1052 vere
1252 1021 1460 1063 poenitentes
1485 1026 1515 1053 et
1539 1022 1688 1060 confossi,
1710 1033 1745 1054 ac

1010 1075 1101 1105 sacro
1118 1074 1342 1106 communione
1362 1074 1484 1111 resecti,
1503 1075 1561 1113 vel,
1584 1081 1745 1117 quatenus

1012 1127 1041 1158 id
1076 1127 1181 1159 facere
1214 1127 1437 1169 nequiveriiit,
1464 1129 1577 1160 saltem
1615 1129 1745 1160 contriti

988 1205 989 1210 ,
1011 1189 1128 1211 nomen
1151 1179 1218 1211 lesu
1239 1190 1303 1217 ore,
1326 1179 1349 1211 si
1376 1180 1547 1221 potuerint,
1566 1180 1615 1211 sin
1641 1186 1745 1212 autem

1010 1233 1107 1265 corde
1144 1232 1257 1264 devote
1298 1232 1535 1271 invocaverint,
1566 1233 1745 1275 plenari:.m

1010 1284 1152 1316 omnium
1178 1289 1383 1325 peccatorum
1415 1295 1544 1316 snorum
1575 1285 1747 1326 indulgen-

1011 1337 1084 1368 tiam
1111 1343 1141 1369 et
1174 1337 1400 1368 remissionem
1436 1337 1687 1369 misericorditer
1712 1337 1742 1369 in

1010 1389 1144 1421 Domino
1170 1389 1378 1421 concedimus
1403 1394 1432 1421 et
1458 1389 1645 1430 elargimur.

1053 1442 1067 1484 ἓ
1092 1442 1123 1474 ⁶2.
1145 1441 1213 1474 Non
1234 1441 1438 1474 obstantibus
1460 1441 1743 1474 constitutionibus

1010 1500 1041 1527 et
1065 1495 1322 1527 ordinationibus
1344 1494 1542 1537 apostolicis,
1565 1494 1743 1536 ceterisque

1010 1548 1179 1580 contrariis
1204 1548 1475 1590 quibuscumque.

1054 1601 1165 1633 Datum
1203 1601 1346 1639 Romae,
1385 1601 1469 1643 apud
1513 1600 1543 1633 S.
1587 1600 1742 1639 Petrum,

1010 1654 1068 1685 sub
1102 1655 1221 1686 annulo
1257 1654 1447 1692 piscatoris,
1483 1653 1533 1685 die
1570 1663 1633 1685 xxii
1665 1652 1745 1684 iunii

1010 1716 1201 1745 uncrxxmr,
1220 1707 1426 1749 pontificatus
1447 1706 1548 1738 nostri
1571 1716 1655 1738 anno
1674 1715 1745 1737 vul.v

1047 1768 1104 1794 Dat.
1123 1768 1167 1794 die
1183 1768 1215 1794 22
1232 1768 1298 1794 iunii
1318 1768 1399 1801 1684,
1420 1768 1518 1802 pontis.
1537 1776 1579 1793 au.
1603 1773 1656 1793 1111.

1316 1962 1441 1995 CXLIII.

1010 2069 1207 2102 Exlenclilnr
1232 2069 1424 2102 Couslz'lutio
1452 2067 1575 2101 Urbani
1604 2068 1687 2101 VIII
1703 2067 1746 2099 ml

1054 2122 1245 2159 Melitenses,
1273 2122 1357 2153 itaut
1382 2132 1419 2153 em
1440 2122 1480 2153 iis
1505 2121 1650 2152 ordinali
1675 2131 1745 2152 cum

1755 237 1804 263 An.
1822 237 1850 263 C.
1871 239 1940 266 lost

1781 1444 1901 1465 Clausulao.

1054 2174 1148 2216 falsis
1173 2174 1220 2205 rel
1244 2175 1312 2205 sinc
1337 2173 1616 2215 slinm'8501·iisfori
1638 2170 1756 2215 plevi-'¹

1057 2227 1138 2269 109ιό
1163 2226 1303 2269 paudere
1327 2231 1487 2269 nequeunt
1502 2225 1521 2257 ¹.

1048 2345 1057 2368 1
1082 2342 1117 2369 De
1146 2341 1218 2368 bisce
1245 2340 1350 2367 clericis
1378 2341 1439 2367 vide
1468 2341 1502 2367 l'ii
1524 2341 1545 2367 11
1574 2341 1678 2368 constit.
1700 2341 1743 2368 ed.

1011 2393 1120 2420 MCDth,
1134 2387 1175 2412 die
1194 2387 1222 2412 l‘l
1236 2385 1400 2418 novembris,
1414 2389 1484 2419 pont.
1500 2393 1535 2419 iv,
1553 2394 1621 2420 quae
1637 2385 1746 2412 innova-

1012 2434 1053 2457 tur
1073 2431 1099 2456 in
1120 2431 1213 2464 regula
1233 2437 1293 2455 xxiv
1313 2429 1446 2461 Cancell.;
1463 2429 1526 2455 item
1544 2429 1677 2455 laudatam
1696 2430 1744 2456 Ur-

1012 2475 1072 2501 bani
1085 2475 1141 2500 Vlll
1160 2474 1264 2501 constit.
1281 2474 1322 2500 ed.
1342 2480 1469 2505 Mtutxxiv,
1483 2474 1525 2500 die
1540 2475 1565 2500 ll
1585 2474 1743 2503 decembris,

1010 2518 1107 2553 pontif.
1129 2524 1167 2550 11;
1194 2526 1262 2552 quae
1291 2518 1453 2543 reformatur
1482 2519 1568 2552 quoa-l
1591 2518 1744 2544 Melitenses

1011 2563 1112 2589 abhoc
1134 2562 1229 2588 Pontis.
1257 2562 1364 2588 constit.
1382 2562 1426 2588 ed.
1452 2568 1610 2595 mucmxxt'i,
1632 2561 1745 2588 ianuarii

1011 2606 1053 2633 die
1073 2606 1121 2641 30,
1143 2606 1236 2642 pontis.
1258 2613 1284 2633 x.
