2111 3157
182 201 231 229 An.
248 200 276 228 C.
302 200 368 228 1680
412 191 476 223 fittss

377 256 405 280 et
429 258 494 279 cum
517 247 623 278 effectu
647 245 751 275 saciant
775 242 835 272 suis
857 238 1042 270 monasteriis
1063 237 1113 266 ob-
1132 238 1133 268 l

376 297 498 328 servari.
533 295 613 331 Quod
645 294 669 322 si
702 293 774 321 sorte
807 289 872 329 quis
904 292 1004 317 contra
1026 285 1113 314 huius

376 344 594 377 constitutionis
612 343 734 371 sormam
756 337 895 378 pecunias
917 335 993 375 apud
1016 343 1046 363 se
1068 332 1112 362 vel

377 395 453 435 apud
477 394 559 427 alios
585 391 628 420 vel
652 391 748 419 forsan
772 395 878 417 census
907 390 935 415 et
962 383 1017 413 alia
1039 383 1112 412 bona

377 450 597 483 quaecumque,
622 444 680 468 tam
711 436 827 466 stabilia
859 443 946 471 quam
978 431 1111 468 mobilia,

378 491 480 531 quovis
506 489 590 519 titulo
619 486 774 525 acquisita,
805 484 919 514 occulte
946 480 1111 517 retinuerit,

378 545 406 570 et
428 540 505 569 intra
523 542 638 575 tempus
661 545 676 564 a
699 531 956 564 constitutionibus
972 529 1114 570 praescri-

379 592 460 627 ptum
482 594 540 616 non
561 583 745 619 revelaverit,
762 591 794 611 ac
810 581 845 611 de
860 578 1027 610 huiusmodi
1048 587 1114 616 pro-

379 635 512 675 prietatis
529 634 600 663 vitio
615 636 768 671 suspectus
782 635 810 660 et
826 629 990 660 diffamatus
1006 636 1020 656 a
1033 635 1114 666 prae-

378 686 437 715 lato
453 694 517 721 suo,
534 681 653 722 praevia
667 680 826 710 monitione
848 679 929 708 iuxta
951 685 1048 706 sacros
1070 685 1113 704 ca-

378 742 481 769 nones,
506 731 626 771 punitus
641 739 698 759 non
715 728 813 765 suerit,
836 736 872 757 ne
894 730 1013 765 propter
1034 724 1113 754 incu-

378 781 451 810 riam
474 784 501 809 et
524 777 787 808 dissimulationem
809 775 1003 814 praelatorum
1024 772 1113 811 (quod

378 829 474 867 absit)
507 827 612 857 delicta
644 826 736 855 inulta
768 828 960 860 remaneant,
982 822 1113 851 districte

379 877 548 906 ordinamus
566 873 765 904 visitatoribus
787 878 818 902 ut
841 873 870 902 in
892 875 958 901 actu
974 870 1116 899 visitatio—

378 925 424 954 nis
446 925 476 954 in
495 923 618 961 singulis
634 921 818 951 monasteriis
834 924 934 950 contra
950 918 1114 948 huiusmodi

378 972 566 1012 proprietatis
584 971 648 1001 labe
664 974 815 1008 suspectos
837 973 866 998 et
887 968 1051 997 diffamatos
1073 966 1116 995 di-

377 1021 571 1057 ligentissime
594 1019 762 1058 procedant.
780 1018 814 1047 Et
836 1017 859 1046 si
882 1017 1006 1055 desuper
1030 1016 1115 1053 capta

378 1069 512 1107 diligenti
534 1067 751 1103 informatione,
776 1066 902 1104 aliquem
919 1065 972 1094 hoc
988 1063 1116 1102 proprie-

380 1118 448 1147 tatis
471 1117 541 1146 vitio
563 1115 744 1145 laborantem
767 1119 794 1144 et
817 1114 846 1143 iu
869 1121 1053 1152 quocumque
1082 1121 1114 1141 ex

381 1165 536 1205 praedictis
558 1163 733 1202 culpabilem
749 1162 926 1198 invenerint,
942 1161 967 1190 si
982 1170 1068 1200 quem
1087 1161 1115 1190 in

379 1213 606 1252 Congregatione
629 1211 766 1249 gradum,
790 1210 963 1248 dignitatem
985 1213 1034 1239 aut
1056 1209 1118 1238 osti-

380 1263 458 1292 cium
481 1261 603 1297 obtinet,
627 1260 656 1289 in
680 1259 758 1289 dieta
780 1263 830 1288 aut
856 1259 885 1288 in
915 1258 1043 1298 capitulo
1070 1258 1118 1288 de-

381 1316 522 1352 ponatur,
546 1311 668 1350 simplex
691 1319 758 1339 vero
781 1309 951 1346 monachus,
971 1312 1020 1338 aut
1042 1317 1119 1337 com-

381 1362 498 1395 missus,
523 1359 633 1389 carceri
656 1358 851 1397 mancipetur,
868 1357 985 1386 nonnisi
1000 1357 1034 1386 de
1050 1366 1117 1386 con-

382 1420 469 1440 sensu
491 1408 677 1439 definitorum
700 1407 745 1436 vel
767 1407 918 1444 regiminis
940 1406 1117 1436 educendus.

381 1458 527 1488 Pecunias
549 1466 617 1486 vero
639 1460 667 1485 et
689 1464 888 1494 quaecumque
910 1455 983 1484 bona
1007 1454 1119 1493 praedi-

383 1511 429 1537 cta
451 1505 636 1535 monasteriis
659 1513 759 1533 eorum
782 1502 968 1542 professionis
998 1511 1031 1531 eo
1058 1502 1121 1540 ipso

383 1554 528 1594 applicata
551 1562 614 1582 esse
636 1551 822 1581 decernimus
844 1555 871 1580 et
894 1551 1086 1580 declaramus.

424 1613 451 1631 x.
480 1602 583 1632 Nullus
611 1600 736 1630 fratrum
763 1604 932 1629 nostrorum
962 1599 1121 1637 quidquam

384 1651 508 1690 accipiat
524 1653 625 1679 mutuo
641 1648 685 1678 vel
701 1648 884 1678 commodato
905 1647 1014 1686 absque
1032 1647 1121 1676 licen-

385 1700 426 1729 tia
449 1698 571 1738 praelati
593 1702 621 1728 et
643 1700 805 1726 conventus
829 1696 858 1725 in
880 1696 998 1735 scriptis
1015 1696 1122 1732 danda,

385 1757 441 1787 qua
464 1757 522 1777 non
544 1745 771 1782 interveniente,
789 1744 844 1774 sibi
859 1744 1012 1774 consulant
1030 1744 1124 1774 credi-

386 1802 475 1834 tores,
499 1795 651 1834 sciantque
674 1793 787 1823 nullum
809 1793 941 1823 solvendi
968 1802 1041 1822 onus
1063 1801 1123 1822 mo·

386 1845 514 1875 nasteria
538 1844 648 1881 subire,
665 1843 721 1872 nisi
744 1841 861 1881 publica
882 1842 1056 1871 auctoritate
1077 1850 1125 1870 aes

387 1895 515 1924 alienum
538 1896 720 1923 contractum
743 1892 842 1929 suerit,
859 1891 903 1920 vel
919 1891 976 1920 nisi
996 1891 1126 1929 legitime

387 1942 551 1973 constiterit
578 1942 608 1971 in
631 1940 801 1971 monasterii
822 1939 1006 1969 commodum
1033 1943 1126 1970 trans-

388 1992 478 2029 iisse,
508 1994 536 2020 et
563 1990 592 2019 in
623 1990 678 2019 hoc
708 1998 795 2018 sensu
823 1987 1016 2027 concipienda
1042 1991 1128 2017 erunt

388 2042 580 2079 imposterum
611 2038 744 2068 mandata
774 2036 1012 2076 procurationum
1042 2036 1129 2065 mini-

389 2090 441 2119 stri
458 2092 465 2106 ¹
488 2088 638 2118 tradenda.

389 2148 486 2177 Cim-r
503 2146 623 2176 XXXIV.
640 2164 677 2169 —
696 2145 727 2176 Si
741 2154 831 2175 omnes
849 2145 961 2174 debeant
979 2142 1130 2182 aequaliter

603 2195 757 2225 necessaria
779 2194 913 2232 accipere.

258 2261 381 2307 :ssiswtn'ur
435 2254 523 2287 Sicut
547 2253 703 2295 scriptum
735 2256 801 2284 est:
830 2249 1044 2283 Dividebatur
1067 2250 1133 2282 sin-

253 2296 285 2333 imi
307 2293 480 2359 p'ssii'i'ir-'qiclz‘s
506 2310 602 2349 prout
627 2305 742 2348 cuique
766 2313 843 2347 opus
867 2307 947 2335 erat.
982 2302 1041 2335 Ubi
1066 2312 1131 2334 non

257 2346 533 2418 rcrlvlkinl-¹3:23}dicimus
559 2358 645 2401 quod
669 2366 885 2399 personarum
911 2355 1011 2398 (quod
1037 2355 1133 2397 absit)

200 2408 234 2441 m*-
263 2409 265 2411 ¹
303 2408 307 2413 ⁸
355 2411 357 2413 ’
397 2411 543 2454 acceptio
569 2411 625 2445 sit,
656 2410 711 2441 sed
743 2408 965 2440 infirmitatum
991 2407 1135 2440 conside·

398 2465 490 2497 ratio.
517 2463 587 2502 Ubi,
606 2462 660 2505 qui
681 2462 788 2494 minus
813 2461 946 2503 indiget,
973 2466 1046 2502 agat
1070 2460 1135 2492 Deo

400 2517 528 2561 gratias,
562 2521 593 2548 et
626 2525 691 2547 non
721 2514 948 2554 contristetum
979 2513 1033 2556 qui
1058 2523 1135 2546 vero

437 2579 448 2605 1
472 2577 571 2605 Forsan
592 2575 738 2604 ministris
758 2574 798 2602 vel
819 2574 955 2602 ministro
975 2575 1012 2609 (n.
1030 2573 1078 2608 τ.).

952 189 1025 215 ἨΓΠ
1042 187 1132 212 ΠΠΓΜ
1155 185 1219 210 'sttui
1228 184 1306 209 XNUM

1891 179 1944 206 An.
1961 178 1990 206 C.
2017 181 2080 209 ,680

1154 236 1226 278 plus
1253 233 1385 275 indiget,
1410 229 1602 264 humilietur
1617 239 1675 273 pro
1693 228 1888 270 infirmitate,

1155 293 1186 320 et
1209 296 1276 319 non
1301 285 1475 318 extollatur
1502 295 1562 328 pro
1586 285 1833 328 misericordia;
1860 293 1891 321 et

1155 340 1198 372 ita
1222 338 1330 371 omnia
1354 338 1503 370 membra
1527 343 1621 370 erunt
1644 338 1676 371 in
1697 350 1787 382 pace.
1808 342 1890 374 Ante

1156 392 1265 425 omnia
1299 402 1339 424 ne
1375 391 1638 424 murmurationis
1673 393 1793 426 malum
1829 404 1890 437 pro

1157 445 1385 488 qualicumque
1411 445 1508 476 causa
1532 444 1565 476 in
1590 444 1697 487 aliquo
1722 445 1893 492 qualicum-

1157 508 1217 540 que
1248 498 1348 530 verbo
1377 498 1428 530 vel
1460 497 1696 539 sigrnfiffltione
1726 503 1889 542 appareat.

1156 549 1245 587 Quod
1270 550 1295 582 si
1321 550 1546 593 deprehensus
1563 551 1658 583 suerit
1682 551 1766 594 quis,
1786 551 1895 586 distri-

1157 602 1250 635 ctiori
1275 603 1465 646 disciplinae
1490 603 1655 636 subdatur.

1156 659 1252 689 CAPUT
1275 660 1382 689 XXXV.
1405 678 1444 683 —
1466 660 1505 690 De
1526 662 1732 700 septimanariis
1750 664 1892 703 coquinae.

1200 709 1326 741 Fratres
1351 709 1397 742 sic
1421 709 1481 742 sibi
1512 710 1652 744 invicem
1684 712 1833 753 serviant,
1859 719 1970 758 utcausa
1986 739 2087 760 eximam

1904 770 1916 785 a
1939 766 2044 791 coquina,
2066 769 2088 787 et

1158 762 1205 804 (a)
1231 763 1339 795 nullus
1363 769 1534 795 excusetur
1557 774 1575 796 a
1600 764 1759 807 coquinae
1776 766 1891 806 officio,
1904 791 2087 816 quodnamfflw

1157 815 1218 847 nisi
1242 820 1297 846 aut
1318 815 1530 857 aegritudine,
1549 821 1602 848 aut
1618 816 1651 848 in
1669 819 1764 850 causa
1789 818 1894 860 gravis
1905 817 2087 846 ‘¹⁸¹⁰ssstiunuvet

1905 849 1960 869 quae
1971 849 2014 869 ipsc
2028 851 2087 870 prae.

1158 868 1304 900 utilitatis
1339 868 1412 910 quis
1449 874 1624 911 occupatus
1659 869 1780 903 suerit:
1818 870 2088 918 quiassssffissdvei'ifflinss

1159 920 1273 953 exinde
1299 921 1402 953 maior
1426 931 1552 954 merces
1574 921 1764 965 acquiritur.
1791 923 1895 957 Imbe-
1906 928 1957 970 {¹22⁰
1973 922 2089 944 mmmm*

1158 973 1285 1006 cillibus
1323 978 1431 1006 autem
1467 979 1688 1016 procurentur
1711 976 1834 1017 solatia,
1860 981 1898 1010 ut
1949 963 1955 969 ι

1159 1036 1223 1058 non
1250 1036 1320 1058 cum
1348 1026 1476 1058 tristitia
1507 1027 1571 1060 hoe
1603 1027 1732 1069 saciant,
1759 1029 1816 1063 sed
1841 1030 1899 1064 ha·-

1159 1079 1259 1111 beant
1283 1089 1396 1111 omnes
1416 1079 1539 1121 solatia,
1560 1081 1739 1114 secundum
1763 1083 1896 1116 modurn

1160 1130 1438 1174 Cougregationis,
1466 1137 1519 1164 aut
1542 1133 1740 1176 positionem
1764 1135 1840 1169 loci.
1865 1135 1898 1170 Si

1160 1184 1262 1217 maior
1279 1184 1490 1227 congregatio
1512 1185 1619 1227 suerit,
1639 1187 1827 1221 cellerarius
1845 1199 1901 1222 ex-

1161 1243 1291 1270 cusetur
1311 1249 1328 1271 a
1354 1238 1513 1281 coquina;
1540 1241 1590 1273 vel
1615 1240 1642 1273 si
1667 1241 1719 1284 qui
1746 1242 1795 1284 (ut
1819 1242 1905 1275 dixi-

1161 1292 1244 1333 mus)
1265 1291 1438 1324 maioribus
1462 1291 1654 1326 utilitatibus
1680 1299 1898 1338 occupantur.

1162 1344 1265 1377 Ceteri
1290 1355 1365 1378 vero
1391 1344 1452 1377 sibi
1483 1345 1542 1377 sub
1574 1345 1730 1380 charitate
1762 1347 1900 1382 invicem

1163 1399 1313 1430 serviant.
1334 1397 1532 1439 Egressurus
1559 1398 1597 1431 de
1622 1399 1813 1443 septimana,
1830 1401 1899 1434 sab-

1163 1451 1237 1483 bato
1261 1450 1436 1483 munditias
1463 1450 1567 1483 saciat.
1595 1451 1805 1493 Linteamina‚
1831 1464 1902 1488 cum

1164 1503 1279 1547 quibus
1304 1502 1365 1535 sibi
1386 1502 1501 1535 fratres
1518 1513 1631 1536 manus
1655 1514 1692 1537 ac
1714 1505 1816 1548 pedes
1842 1511 1899 1539 ter·

1165 1561 1255 1599 gunt,
1279 1556 1382 1595 lavet;
1410 1556 1510 1598 pedes
1533 1566 1623 1596 vero,
1651 1562 1714 1590 tam
1738 1557 1819 1600 ipse,
1846 1558 1901 1602 qui

1166 1609 1342 1652 egreditur,
1362 1619 1457 1652 quam
1483 1609 1537 1641 ille
1562 1609 1617 1652 qui
1642 1609 1817 1643 intraturus
1843 1616 1902 1652 est,

1166 1662 1317 1696 omnibus
1352 1663 1476 1695 lavent.
1514 1662 1592 1695 Vasa
1627 1663 1818 1696 monasterii
1854 1675 1902 1697 sui

1166 1716 1287 1748 munda
1311 1721 1342 1748 et
1366 1726 1443 1748 sana
1478 1715 1648 1749 cellerario
1680 1717 1903 1760 reconsignet.

1167 1769 1222 1808 Qui
1249 1769 1437 1803 cellerarius
1467 1769 1545 1802 item
1570 1769 1703 1803 intranti
1727 1770 1904 1814 consignet,

1166 1829 1202 1856 ut
1227 1823 1307 1856 sciat
1331 1823 1408 1866 quid
1433 1823 1487 1855 dat
1510 1828 1566 1855 aut
1585 1822 1662 1866 quid
1687 1822 1815 1866 recipit.

1211 1874 1436 1918 Septimanarii
1454 1879 1560 1908 autem
1579 1880 1651 1908 ante
1672 1885 1769 1908 unam
1790 1875 1906 1909 horam

1168 1928 1357 1961 resectionis
1375 1928 1548 1971 accipiant,
1568 1938 1666 1971 super
1686 1933 1836 1961 statutam
1853 1939 1908 1962 an-

1169 1992 1299 2021 nonam,
1325 1981 1369 2023 (h)
1394 1981 1543 2023 singulos
1567 1981 1698 2014 biberes
1723 1986 1756 2014 et
1779 1992 1907 2025 panem,

1169 2040 1204 2067 ut
1228 2035 1310 2067 hora
1334 2033 1521 2067 resectionis
1553 2033 1623 2067 sine
1652 2035 1909 2069 murmuratione

1172 2094 1203 2121 et
1227 2087 1313 2131 gravi
1338 2087 1450 2120 labore
1476 2087 1616 2119 serviant
1646 2087 1798 2120 fratribus
1831 2088 1906 2121 suis.

1171 2142 1205 2174 In
1231 2140 1344 2173 diebus
1377 2145 1484 2172 tamen
1516 2139 1719 2173 solemnibus
1742 2150 1845 2183 usque
1870 2139 1910 2173 ad

1172 2194 1286 2227 missas
1322 2193 1511 2226 sustineant.
1549 2193 1708 2226 Intrantes
1744 2198 1850 2226 autem
1879 2197 1911 2226 et

1174 2252 1328 2280 exeuntes
1347 2245 1604 2285 hebdomadarii,
1619 2245 1651 2277 in
1669 2245 1822 2286 oratorio,
1838 2255 1911 2278 mox

1175 2299 1339 2332 matutinis
1365 2298 1480 2338 sinitis,
1503 2297 1672 2338 dominica,
1692 2297 1835 2330 omnium
1857 2308 1912 2340 ge-

1176 2353 1269 2385 nibus
1293 2351 1534 2394 provolvantur,
1568 2351 1767 2393 postulantes
1792 2360 1852 2393 pro
1877 2359 1912 2382 se

1176 2405 1270 2438 orari.
1302 2404 1479 2447 Egrediens
1503 2408 1608 2436 autem
1635 2403 1674 2435 de
1705 2402 1912 2445 septimana,

1178 2459 1263 2491 dicat
1280 2458 1366 2490 hune
1383 2467 1526 2489 versum:
1540 2455 1729 2488 Benedictus
1746 2465 1789 2495 eS,
1804 2455 1915 2488 Domi-

1178 2521 1239 2543 nus
1256 2511 1350 2550 Hem,
1372 2510 1432 2553 qui
1455 2509 1611 2542 adiuvisti
1634 2519 1694 2548 me,
1719 2513 1747 2541 et
1771 2508 1916 2541 consola-

1181 2568 1229 2596 tus
1247 2574 1276 2596 cs
1293 2573 1352 2596 me.
1381 2563 1448 2602 Quo
1474 2562 1559 2595 dicto
1584 2560 1690 2602 tertio,
1708 2561 1843 2606 accipiat
1858 2562 1914 2596 be·

1956 711 2021 732 Nemo
2042 713 2086 734 sine
