2111 3157
149 195 198 222 An.
221 194 248 221 C.
271 194 339 221 1580
384 193 447 218 1:12

196 886 329 907 Confirmatio

147 914 261 939 pontificia.

184 2519 305 2540 Clansntzo.

342 245 391 277 bis
416 251 447 278 et
480 256 540 289 pro
574 250 718 289 tempore
755 245 913 277 existente
948 244 1075 277 Ordinis

342 304 525 342 protectore
550 298 752 338 inconsultiS,
773 298 912 330 audeant
931 302 962 330 et
985 308 1076 340 prae-

343 356 487 391 sumant,
513 361 569 384 seu
595 351 633 383 ab
659 350 728 382 aliis
753 350 868 382 mutari
885 377 892 390 ,
918 349 1072 391 infringi,

343 410 397 436 aut
429 404 552 436 diversa
588 403 856 445 interpretatione
891 402 1075 446 retorqueri

342 458 538 500 permittant,
559 457 617 489 sub
639 456 765 499 poenis,
784 456 935 489 adversus
953 462 1076 488 contra-

343 510 515 549 facientes,
542 509 729 552 privationis
765 509 942 542 officiorum
958 536 965 548 ‚
989 509 1076 541 vocis

342 562 463 594 activae
500 567 531 594 et
566 562 735 605 passivae,
769 562 903 605 aliisque
942 561 1074 594 arbitrio

342 619 454 647 nostro
488 619 520 647 et
551 625 611 658 pro
638 619 783 658 tempore
809 614 974 647 existentis
1004 625 1076 657 pro-

341 667 472 699 tectoris
488 667 690 709 infligendis·,
710 677 773 700 non
792 667 994 700 obstantibus
1012 666 1076 710 qui-

339 719 553 762 buscumque,
578 726 637 752 etc.
663 720 792 758 Romae,
817 721 867 753 die
885 731 915 753 xi
940 725 1076 762 septem-

340 772 408 804 bris
434 782 599 811 iiinctxxx,
635 773 670 804 A.
698 772 870 805 cardinalis
895 772 979 805 Cvno
1006 782 1075 814 pro-

341 829 452 863 tector,
478 825 613 858 lomnes
638 825 791 857 Barrisrs
818 825 933 863 Rusca,
953 830 1014 857 etc.
1036 836 1048 855 »

385 878 399 920 ἓ
424 877 454 911 3.
482 877 560 911 Cum
578 883 692 916 autem,
715 878 797 909 sicut
822 878 984 920 praefatus
1007 876 1076 908 Fer-

342 931 501 963 dinandus
525 936 718 973 procurator
749 930 841 963 nobis
873 930 1076 973 postmodum

341 984 459 1027 exponi
476 984 561 1023 fecit,
581 984 648 1027 ipse
669 984 854 1026 praemissa,
874 994 936 1026 quo
954 983 1076 1014 firmius

340 1037 514 1070 subsistant
531 1041 562 1069 et
587 1042 757 1069 serventur
774 1036 927 1074 exactius,
950 1040 1076 1078 aposto-

340 1091 419 1123 licae
452 1089 702 1122 confirmationis
734 1095 862 1121 nostrae
896 1088 1076 1131 patrocinio

340 1143 532 1176 communiri
558 1152 764 1185 summopere
790 1142 969 1174 desideret:
1001 1151 1074 1180 nos,

340 1195 442 1239 ipsius
462 1195 658 1228 Ferdinandi
679 1195 900 1238 procuratoris
916 1195 998 1227 votis
1016 1194 1077 1226 hac

340 1249 372 1281 in
398 1259 432 1281 re
458 1253 614 1292 quantum
640 1259 712 1281 cum
741 1248 876 1280 Domino
902 1257 1075 1290 possumus

340 1301 559 1334 favorabiliter
584 1311 726 1334 annuere
750 1302 906 1340 volentes,
933 1312 1075 1344 cumque

340 1364 356 1385 a
375 1353 542 1396 quibusvis
565 1353 920 1393 excommunicationis,
943 1365 1078 1396 suspen-

342 1406 444 1439 sionis
470 1411 501 1438 et
519 1406 692 1445 interdicti,
719 1406 855 1449 aliisque
881 1406 1077 1438 ecclesiasti-

341 1459 388 1491 cis
413 1459 597 1497 sententiis,
616 1459 758 1491 censuris
780 1464 811 1491 et
825 1459 954 1501 poenis,
971 1469 987 1490 a
1008 1459 1076 1491 iure

340 1512 390 1544 vel
406 1512 445 1544 ab
459 1511 600 1551 homine,
615 1512 727 1554 quavis
738 1512 909 1544 occasione
923 1513 971 1544 vel
983 1513 1077 1544 caiisa

341 1564 424 1604 latis,
441 1564 466 1597 si
489 1564 607 1607 quibus
632 1565 882 1607 quomodolibet
901 1565 1078 1597 innodatus

342 1618 459 1657 existit,
483 1618 520 1650 ad
545 1617 694 1650 effectum
723 1618 943 1660 praesentium
969 1628 1079 1651 conse-

343 1671 507 1714 quendum
525 1697 532 1710 ‚
560 1671 674 1703 haruin
700 1671 784 1704 serie
811 1671 1019 1704 absolventes
1049 1675 1080 1703 et

342 1725 527 1756 absolutum
563 1725 631 1756 fore
657 1729 840 1764 censentes,
866 1723 1080 1767 supplicatio-

342 1777 437 1809 nibus
463 1777 533 1809 eius
552 1776 683 1809 nomine
702 1777 795 1808 nobis
821 1787 919 1820 super
944 1777 1007 1809 hoc
1024 1777 1081 1808 hu-

341 1829 461 1861 militer
494 1829 652 1871 porrectis
683 1829 847 1869 inclinati,
880 1829 1081 1872 praeinserta

343 1882 407 1914 duo
439 1881 570 1914 decreta
607 1882 818 1924 provincialia
850 1893 866 1914 a
906 1883 1082 1914 memorata

343 1933 558 1967 cardinalium
583 1934 856 1977 Congregaffione,
880 1939 916 1966 ut
940 1935 1082 1977 praefer-

343 1993 402 2025 tur,
422 1987 620 2026 confirmata,
639 1998 697 2020 nec
718 1999 782 2020 non
800 1999 858 2031 pro
878 1998 990 2021 eorum
1011 1998 1083 2020 exe-

344 2040 473 2072 cutione
488 2045 519 2072 et
536 2040 740 2073 observantia
761 2045 943 2073 emanatiim
962 2051 978 2072 a
995 2051 1083 2083 prae·

345 2093 409 2125 fato
435 2093 621 2125 Alderando
646 2093 802 2136 episcopo
837 2099 868 2125 et
898 2098 1083 2136 protectore

346 2145 508 2177 decretum
534 2145 645 2177 itidem
672 2146 920 2188 praeinsertum,
946 2145 1085 2178 auctori-

346 2202 411 2229 tate
437 2198 625 2240 apostolica,
644 2203 757 2230 tenore
778 2198 1010 2240 praesentium,
1031 2209 1085 2241 ap-

346 2249 523 2291 probamus
550 2255 581 2281 et
606 2249 857 2289 confirmamus,
884 2250 1014 2293 illisque
1039 2250 1085 2282 in-

347 2302 509 2335 violabilis
551 2303 748 2345 apostolicae
789 2303 949 2335 firmitatis
986 2303 1087 2335 robur

349 2354 522 2393 adiicimus,
544 2366 580 2387 ac
598 2366 710 2388 omnes
736 2361 767 2389 et
791 2356 936 2398 singulos
960 2356 1038 2387 iuris
1056 2360 1087 2387 et

350 2406 421 2438 facti
448 2407 604 2445 defectus,
624 2408 649 2439 si
672 2408 726 2451 qui
748 2409 888 2451 desuper
912 2407 1088 2451 quomodo-

351 2459 431 2492 libet
454 2459 707 2499 intervenerint,
734 2462 932 2504 supplemus.

395 2513 410 2555 ἓ
434 2512 465 2545 4.
492 2512 712 2545 Decernentes
739 2514 869 2546 easdem
898 2517 1089 2556 praesentes

350 2566 475 2599 litteras
500 2575 630 2609 semper
652 2564 768 2605 firmas,
786 2566 908 2598 validas
933 2571 965 2598 et
988 2565 1092 2598 effica-
1132 2564 1246 2604 versis,
1270 2564 1461 2608 praesertim
1488 2573 1561 2595 vero
1586 2562 1713 2605 populis
1738 2568 1870 2596 nostrae

928 195 1106 219 ni·11..mit'!tt
1134 194 1283 219 ltOllAN'l'M

1118 253 1170 275 ces
1198 243 1338 276 existere
1363 248 1396 276 et
1424 243 1500 283 fore,
1520 254 1662 287 suosque
1687 246 1854 288 plenarios

1120 301 1152 329 et
1174 295 1320 338 integros
1344 295 1476 328 effectus
1501 297 1613 329 sortiri
1638 303 1670 330 et
1695 299 1855 339 obtinere,

1119 359 1154 381 ac
1178 349 1253 388 illis,
1278 349 1317 381 ad
1343 359 1423 392 quos
1446 354 1572 391 spectat
1596 354 1628 382 et
1652 361 1710 393 pro
1730 356 1855 394 tempo-

1118 413 1153 435 re
1178 403 1446 446 quandocumque
1469 403 1639 446 spectabit,
1663 404 1855 447 plenissime

1119 453 1295 496 suffiagari,
1317 459 1349 487 et.
1372 455 1412 487 ab
1438 455 1500 487 illis
1517 456 1697 498 respective
1722 456 1856 489 inviola-

1118 507 1228 540 biliter
1251 508 1428 548 observari,
1459 508 1571 551 sicque
1603 509 1636 540 in
1668 509 1855 551 praemissis

1118 571 1176 603 per
1209 571 1432 604 quoscumque
1466 560 1590 593 iudices
1615 561 1796 594 ordinarios
1824 567 1857 595 et

1119 614 1308 656 delegatos,
1332 614 1429 646 etiam
1454 625 1623 646 causarum
1648 614 1760 657 palatii
1778 625 1857 658 apo-

1119 667 1225 700 stolici
1266 667 1454 707 auditores,
1484 667 1622 700 iudicari
1658 672 1690 699 et
1727 667 1856 700 definiri

1120 721 1261 759 debere,
1289 731 1325 753 ac
1352 720 1479 752 irritum
1504 725 1536 753 et
1568 720 1665 753 inane
1699 720 1725 753 si
1758 731 1855 753 secus

1119 783 1220 816 super
1236 773 1286 805 his
1298 783 1314 804 a
1327 783 1502 815 quoquam,
1520 772 1631 815 quavis
1650 773 1855 813 auctoritate,

1120 825 1266 858 scienter
1294 827 1343 858 vel
1367 825 1569 867 ignoranter,
1603 825 1782 868 contigerit
1811 830 1858 858 at-

1121 879 1254 911 tentari.

1163 932 1177 974 g
1202 931 1230 964 5.
1249 931 1317 964 Non
1339 931 1543 964 obstantibus
1571 931 1857 965 constitutionibus

1121 989 1153 1017 ct
1173 984 1432 1017 ordinationibus
1457 983 1655 1026 apostolicis,
1676 994 1722 1024 ac,
1747 989 1859 1027 quate-

1121 1048 1180 1069 nus
1198 1048 1278 1080 opus
1295 1037 1346 1075 sit,
1367 1037 1552 1080 provinciae
1571 1041 1603 1069 et
1619 1037 1749 1070 Ordinis
1766 1048 1859 1080 prae-

1122 1090 1279 1129 fatorum,
1315 1089 1410 1122 etiam
1445 1089 1648 1128 iuramento,
1688 1089 1858 1122 confirma-

1122 1142 1209 1174 tione
1241 1142 1443 1184 apostolica,
1470 1143 1520 1174 vel
1558 1141 1669 1184 quavis
1707 1141 1854 1175 firmitate

1121 1195 1182 1228 alia
1206 1195 1383 1233 roboratis,
1409 1195 1535 1227 statutis
1559 1199 1591 1227 et
1621 1195 1849 1227 consuetudini

1120 1250 1203 1288 biis,
1229 1248 1409 1291 privilegiis
1435 1258 1572 1290 quoque,
1590 1247 1726 1281 indultis
1755 1253 1786 1280 et
1810 1247 1860 1280 lit-

1121 1302 1197 1335 teris
1220 1301 1410 1344 apostolicis
1430 1301 1463 1333 in
1488 1300 1687 1333 contrarium
1705 1300 1860 1343 praernis-

1120 1365 1229 1387 sorum
1262 1354 1511 1397 quomodolibet
1540 1353 1713 1391 concessis,
1745 1352 1862 1385 confir-

1120 1408 1213 1440 matis
1238 1412 1270 1439 et
1293 1406 1471 1445 innovatis,
1498 1406 1614 1448 quibus
1645 1406 1795 1438 omnibus
1827 1410 1860 1437 et

1120 1461 1271 1503 singulis,
1308 1460 1436 1493 illorum
1474 1464 1605 1491 tenores
1634 1457 1860 1501 praesentibus

1121 1524 1180 1556 pro
1214 1515 1309 1554 plene
1343 1518 1374 1545 et
1405 1512 1603 1545 sufficienter
1634 1511 1796 1554 expressis
1821 1521 1859 1543 ac

1122 1566 1255 1599 insertis
1281 1566 1456 1603 habentes,
1477 1565 1541 1597 illis
1566 1564 1644 1596 alias
1669 1564 1701 1596 in
1726 1574 1784 1596 suo
1809 1573 1861 1595 ro-

1121 1620 1202 1651 bore
1224 1617 1452 1661 permansuris.
1481 1618 1518 1649 ad
1544 1616 1797 1660 praemissorum
1815 1615 1860 1647 ef-

1124 1672 1254 1710 fectum,
1273 1671 1333 1703 hac
1348 1670 1413 1703 vice
1432 1671 1605 1709 dumtaxat,
1625 1669 1811 1711 specialiter
1829 1673 1861 1701 et

1124 1735 1276 1767 expresse
1303 1724 1509 1765 derogamiis;
1528 1722 1709 1764 ceterisque
1734 1726 1861 1754 contra-

1124 1776 1179 1808 riis
1197 1776 1463 1819 quibuscumque.

1168 1828 1281 1860 Datum
1306 1828 1435 1865 Romae,
1455 1827 1541 1869 apud
1566 1826 1596 1859 S.
1618 1826 1748 1858 Mariam
1764 1825 1859 1858 Maio-

1125 1891 1201 1920 rem,
1217 1881 1276 1912 sub
1301 1881 1421 1912 annulo
1444 1879 1624 1917 piscatoris,
1643 1878 1695 1913 die
1715 1888 1753 1911 xv
1774 1883 1864 1910 octo-

1125 1933 1192 1966 bris
1213 1943 1367 1972 iiinctxxx,
1384 1932 1589 1974 pontificatus
1611 1930 1712 1964 nostri
1732 1940 1815 1963 anno
1830 1939 1861 1963 v.

1162 1994 1220 2020 Dat.
1242 1994 1285 2020 die
1310 1994 1339 2020 15
1360 1993 1479 2020 octobris
1506 1994 1581 2025 1680,
1600 1992 1689 2027 pontif
1714 2000 1784 2019 anno
1801 1998 1828 2017 v.

1453 2132 1539 2166 XCV.

1128 2212 1317 2252 Mandamr,
1338 2217 1374 2245 ut
1391 2213 1427 2244 in
1446 2216 1507 2244 toto
1525 2212 1620 2245 Statu
1644 2211 1865 2245 Ecclesiastico

1171 2271 1339 2299 serventur
1365 2270 1489 2298 statuta
1520 2266 1729 2298 successiones
1754 2264 1789 2296 cib
1814 2265 1866 2295 in-

1174 2323 1285 2352 testato
1309 2319 1438 2362 aquatis
1458 2318 1613 2351 masculis
1636 2317 1823 2360 deserentia.

1320 2398 1516 2426 Innocentius
1536 2398 1614 2430 Papa
1633 2397 1682 2430 XI,

1245 2443 1281 2468 ad
1302 2445 1478 2476 perpetuam
1499 2442 1544 2468 rei
1565 2441 1747 2467 memoriam.

1176 2512 1350 2544 Pastoralis
1376 2511 1473 2544 officii
1499 2510 1645 2543 debitum
1663 2536 1670 2549 ,
1697 2520 1759 2553 qno
1791 2509 1866 2542 uni-

1858 196 1907 222 Αη.
1931 196 1959 223 C.
1979 196 2047 224 ¹680

1895 941 2050 961 Contrariorum

1868 967 1986 993 dci-ugano.

1906 2514 2026 2536 Exordium.
