2111 3157
161 240 209 267 An.
232 241 259 267 C.
282 240 346 268 ¹088

394 231 458 266 830

356 301 441 323 anno
460 289 619 327 venerint,
639 287 703 320 duo
723 290 845 319 tantum
864 284 932 317 dies
949 284 1093 327 hospita-

355 345 453 377 litatis
475 344 544 376 siue
570 341 721 384 expensis
748 339 965 372 concedantur
990 337 1023 370 in
1041 348 1093 371 eo-

356 399 426 430 dem
453 407 549 428 anno.

398 461 446 484 xv.
483 450 543 482 Pro
573 447 760 490 hospitibus
788 451 892 478 autem
923 444 1092 477 inutilibus

354 506 477 537 solvant
495 503 610 535 domus
627 510 759 532 suarum
778 498 1017 542 professionum
1033 508 1090 540 pro

354 557 490 599 singulis
523 553 688 587 mensibus
721 557 824 584 taxum
857 561 874 583 a
911 551 1090 583 reverendo

351 616 454 652 patre,
477 608 585 640 habita
600 608 747 640 locorum
765 610 796 637 et
812 614 1022 647 personarum
1042 614 1091 636 ra-

353 662 450 701 tione,
468 659 765 704 praescribendam.
785 657 822 689 Ei,
838 656 862 689 si
884 656 960 689 dicti
980 655 1090 699 hospi-

351 722 399 747 tes
434 714 601 755 indigeant
637 712 774 751 famulo,
807 710 941 745 eaedem
978 709 1089 742 domus

350 767 568 813 professionis
588 768 712 799 solvant
737 764 889 798 salarium
914 769 947 796 et
971 774 1090 807 expen-

350 833 401 854 sas
429 822 503 854 dicti
531 822 650 854 famuli.

394 886 455 907 xvi.
488 875 676 918 Ilospitibus
708 874 808 906 nostri
841 872 969 906 Ordinis
1005 873 1087 905 tales

348 929 450 960 lectos
488 935 518 961 et
555 927 656 965 eibos,
682 927 831 969 qualibus
868 926 931 968 ipsi
959 926 1089 966 utimur,

348 991 591 1024 praeparamus,
612 979 697 1012 circa
726 990 806 1022 quos
836 978 995 1012 modestia
1023 989 1089 1011 ser-

347 1040 440 1066 xetur
463 1034 499 1073 in
528 1033 657 1065 ferculis
688 1039 719 1064 et
748 1032 778 1064 in
803 1032 897 1070 vin0;
929 1032 971 1064 ita
1000 1032 1087 1074 quod

348 1087 445 1119 ctiam
465 1087 612 1129 ipsismet
636 1084 854 1117 visitatoribus
879 1089 942 1117 tan]
965 1084 998 1117 in
1017 1090 1086 1117 actu

347 1139 540 1172 visitationis
562 1149 656 1181 quam
682 1144 782 1177 extra,
803 1143 878 1180 post
902 1137 1085 1181 coquinam,

347 1204 405 1225 ova
432 1192 578 1231 sorbilia,
597 1192 625 1224 si·
649 1196 776 1234 tempus
803 1191 907 1231 suerit,
928 1196 959 1223 et
983 1191 1086 1234 pisces

347 1247 467 1284 salites,
487 1247 536 1278 vel
555 1245 677 1288 aliquid
707 1244 877 1283 eiusmodi,
904 1254 969 1276 non
993 1245 1087 1286 plura

346 1310 443 1343 quani
458 1300 529 1339 duo,
546 1304 600 1330 aut
618 1298 677 1330 tria
691 1298 729 1329 ad
747 1295 922 1329 summam¹
941 1296 1087 1330 ciborum

345 1363 479 1394 genera,
509 1362 580 1384 cum
611 1361 704 1384 caseo
738 1355 769 1383 et
804 1349 972 1390 fructibus,
993 1350 1088 1382 mini-

346 1411 498 1438 strantur.

389 1469 463 1492 xvli.
490 1457 678 1500 llospitibus
714 1462 819 1489 autem
853 1456 1085 1495 saecularibus,

347 1524 419 1545 cum
445 1512 484 1544 ad
510 1521 568 1544 nos
593 1510 738 1548 veniunt,
764 1515 817 1541 aut
841 1519 900 1552 per
921 1519 979 1541 nos
1009 1510 1087 1542 invi-

349 1571 455 1597 tantur
480 1565 519 1597 ad
549 1563 735 1607 prandium,
766 1573 998 1606 praeparamus
1029 1573 1086 1605 pro

346 1618 476 1651 illorum
515 1616 671 1658 dignitate
703 1621 734 1647 et
766 1616 946 1654 honestate,
973 1615 1086 1648 domus

346 1672 510 1709 facultate,
539 1668 679 1712 exceptis
704 1668 876 1707 carnibus,
903 1678 982 1710 quas
1007 1668 1085 1701 nulli

347 1734 488 1767 unquam
514 1723 597 1754 intra
616 1723 746 1754 domum
767 1731 1011 1764 praeparamus.
1030 1721 1088 1753 Ve-

348 1782 528 1809 rumtamen
547 1775 632 1807 circa
653 1775 725 1807 illos
751 1774 849 1806 etiam
875 1773 906 1805 in
925 1773 1085 1813 omnibus,

348 1835 502 1872 quantum
520 1828 589 1861 fieri
609 1827 739 1871 poterit,
758 1827 911 1868 religiosa
928 1826 1088 1859 modestia

348 1889 503 1921 servetur,
522 1892 581 1914 nec
600 1887 646 1913 tot
663 1886 694 1913 et
712 1885 811 1919 tanta,
832 1887 961 1922 tamque
980 1880 1089 1922 exqui-

349 1937 408 1968 sita
429 1935 548 1968 cibaria
573 1935 636 1967 illis
655 1933 895 1972 ministrentur,
914 1942 949 1965 ex
972 1933 1089 1975 quibus

350 1996 380 2021 et
405 1988 549 2030 religiosi
575 1993 606 2020 et
631 1987 827 2025 saeculares,
852 1986 917 2018 imo
944 1986 1040 2019 etiarn
1058 1993 1090 2020 et

349 2043 409 2085 ipsi
440 2042 585 2085 hospites
612 2040 891 2079 scandalizentur,
917 2044 948 2072 et
978 2039 1089 2073 domus

351 2101 536 2138 graventur.

383 2138 481 2181 ’xvnr
510 2147 547 2180 Et
572 2158 610 2180 ne
630 2147 662 2178 in
680 2146 826 2189 eorporis
845 2146 1022 2179 resectione
1047 2145 1091 2179 ie-

351 2202 427 2235 iuna
447 2212 536 2234 mens
563 2205 736 2239 remaneat,
763 2200 933 2232 hortamur
961 2205 995 2232 ut
1012 2210 1091 2232 sem-

352 2265 420 2297 per,
441 2254 668 2296 praesentibus
688 2252 885 2294 hospitibus,
904 2252 971 2285 sive
987 2253 1090 2285 nostri

353 2307 494 2345 Ordinis,
523 2307 588 2339 sive
618 2306 713 2338 etiarn
743 2305 914 2344 extraneis,
935 2305 1092 2338 habeatur

354 2361 461 2402 aliqua
486 2359 583 2392 lectio
610 2359 662 2401 pia
687 2364 719 2391 et
743 2358 896 2400 religiosa
916 2357 948 2389 in
973 2358 1092 2400 princi-

354 2413 408 2456 pio
428 2412 505 2444 etin
525 2412 586 2444 tine
604 2422 742 2450 mensae,
763 2417 824 2443 tam
843 2410 969 2454 prandii
995 2421 1090 2453 quani

356 2476 491 2503 coenae,
518 2476 554 2496 ex
581 2468 615 2496 ea
642 2464 761 2506 poterit
785 2464 867 2496 sumi
893 2463 1019 2496 occasio
1046 2464 1092 2496 lo-

357 2518 478 2560 quendi
507 2518 544 2549 ‹le
571 2516 703 2548 utilibus
731 2522 762 2549 et
788 2516 984 2548 salutaribus
1017 2515 1092 2548 ani-

357 2570 608 2608 niae.Quaimli11
626 2570 769 2612 hospites
786 2569 968 2609 comedunt,
983 2569 1091 2601 nullus

396 2634 404 2658 1
430 2633 521 2657 l'otiiis
543 2631 598 2665 lege
620 2631 657 2656 ml
677 2639 821 2657 summum
842 2631 882 2664 (n.
900 2631 950 2665 T.).

937 235 1115 260 Bruanium
1139 234 1291 260 Romanum

1135 283 1322 323 monachus,
1344 283 1407 316 nisi
1432 288 1638 327 procurator,
1658 287 1707 324 et,
1734 283 1870 317 absente

1134 336 1254 379 priore,
1279 336 1430 377 vicarius,
1457 337 1575 370 audeat
1598 346 1756 380 praesens
1781 347 1869 380 esse,

1134 399 1194 422 nec
1219 395 1294 422 tunc
1317 395 1448 423 vocetur
1472 401 1490 423 a
1514 401 1571 424 suo
1595 390 1717 433 priore.

1177 453 1241 475 xix.
1269 444 1420 487 Hospites
1441 444 1542 476 nostri
1560 443 1697 484 Ordinis,
1716 444 1870 487 quamdiu

1134 497 1220 538 apud
1245 507 1303 530 nos
1330 502 1472 537 manent,
1496 497 1625 530 Ordinis
1652 497 1782 537 ieiunia,
1807 498 1869 533 nisi

1132 549 1317 583 rationabili
1339 553 1432 583 eausa
1456 555 1661 590 excusentur,
1685 551 1868 593 observent,

1133 608 1267 645 excepto
1293 603 1344 635 die
1371 603 1437 643 illo,
1463 614 1526 647 quo
1552 604 1590 636 ad
1607 613 1665 637 nos
1686 604 1744 637 sub
1761 614 1870 647 vespe-

1132 664 1202 687 rum
1220 656 1402 696 adveniunt,
1423 656 1551 699 quando
1570 656 1665 690 etiarn
1683 657 1715 689 in
1733 657 1869 699 gratiam

1132 707 1363 751 hospitalitatis
1393 709 1613 753 permittimus
1645 710 1807 754 prioribus
1837 715 1870 744 et

1131 763 1396 803 procuratoribus
1432 774 1488 797 eos
1524 763 1759 808 excipientibus
1786 763 1869 798 ieiu-

1131 814 1219 847 nium
1246 815 1374 849 Ordinis
1399 818 1535 850 solvere.

1174 878 1224 901 xx.
1253 869 1486 910 Permifflmus,
1512 871 1598 914 quod
1623 881 1785 914 personae
1810 871 1869 906 Or-

1132 921 1216 954 dinis
1248 921 1281 954 in
1312 922 1430 956 itinere
1458 924 1670 964 constitutae,
1704 925 1753 958 vel
1778 931 1868 959 extra

1132 975 1245 1008 domos
1271 987 1353 1014 suas
1375 976 1504 1019 possint
1531 978 1672 1011 dormire
1702 977 1735 1010 in
1761 979 1867 1019 lectis,

1131 1034 1227 1070 prout
1245 1034 1374 1071 paratos
1400 1039 1454 1062 eos
1478 1029 1679 1063 invenerint:
1697 1030 1743 1063 sic
1759 1036 1868 1065 tamen

1131 1081 1218 1123 quod
1244 1081 1276 1113 in
1297 1081 1409 1114 habitu
1427 1082 1508 1115 etin
1527 1083 1629 1116 forma
1644 1082 1774 1116 Ordinis
1793 1084 1868 1117 dor-

1131 1133 1242 1166 miant.
1269 1133 1359 1173 Quod
1395 1135 1420 1167 si
1458 1135 1529 1178 quis
1559 1135 1653 1168 aliter
1686 1136 1772 1170 inter
1802 1137 1866 1170 duo

1131 1186 1329 1226 linteamina,
1347 1188 1397 1220 vel
1414 1187 1446 1220 in
1464 1188 1548 1221 lectu
1570 1188 1609 1221 de
1626 1189 1738 1232 pluma
1761 1189 1866 1223 iacere

1130 1239 1395 1282 praesumpserit,
1416 1245 1461 1273 tot
1484 1240 1598 1273 diebus
1622 1250 1640 1273 a
1664 1240 1736 1274 vino
1754 1246 1785 1275 et
1801 1251 1868 1275 cer-

1130 1292 1208 1324 visia
1232 1292 1403 1332 abstineat,
1429 1293 1554 1336 quoties
1578 1294 1609 1327 id
1636 1294 1760 1328 fecerit.

1172 1355 1235 1378 xxi.
1262 1345 1339 1378 Cum
1370 1345 1503 1379 veniunt
1538 1347 1577 1380 ad
1614 1357 1674 1380 nos
1709 1347 1865 1392 episcopi,

1129 1398 1218 1442 ipsos
1243 1399 1389 1432 inclinati
1414 1404 1445 1432 et
1460 1410 1563 1443 usque
1581 1400 1621 1433 ad
1640 1406 1756 1434 terram
1776 1401 1866 1435 flexis

1129 1453 1266 1493 genibus
1291 1452 1483 1495 suscipimus
1500 1480 1507 1493 ‚
1534 1457 1566 1486 et
1589 1463 1704 1486 eorum
1736 1464 1866 1488 manum

1128 1506 1325 1545 osculamur,
1353 1505 1464 1548 eisque
1492 1506 1604 1539 sedem
1635 1517 1811 1549 congruam
1836 1512 1868 1541 et

1130 1558 1299 1591 decentem
1324 1558 1356 1590 in
1382 1558 1519 1591 ecclesia
1553 1569 1706 1602 paramus
1729 1569 1788 1603 pro
1812 1559 1867 1593 do-

1130 1621 1257 1643 morum
1278 1611 1525 1652 consuetudine,
1551 1617 1594 1651 et,
1620 1612 1645 1644 si
1670 1612 1733 1656 ipsi
1758 1614 1867 1646 volue-

1130 1663 1203 1702 rint,
1230 1664 1307 1696 dant
1332 1664 1428 1696 etiam
1452 1664 1711 1698 benedictiones.

1172 1727 1247 1749 xxn.
1275 1716 1307 1750 Si
1331 1717 1504 1761 episcopus
1533 1717 1649 1760 aliquis
1675 1718 1707 1750 in
1731 1718 1867 1752 ecclesia

1130 1772 1239 1803 nostra
1263 1770 1415 1810 celebret,
1442 1771 1550 1804 nullus
1569 1772 1683 1804 eodem
1699 1771 1751 1804 die
1769 1771 1868 1805 debet

1130 1823 1295 1857 celebrare
1321 1824 1353 1856 in
1378 1824 1495 1857 eodem
1521 1825 1624 1865 altari,
1651 1825 1683 1857 in
1708 1836 1773 1868 quo
1797 1824 1868 1868 epi·

1130 1886 1246 1919 scopus
1272 1876 1448 1909 celebravit
1471 1877 1540 1909 sine
1565 1877 1698 1910 licentia
1722 1877 1835 1920 ipsius.

1175 1940 1263 1963 xxin.
1291 1929 1368 1962 Cum
1394 1927 1555 1972 episcopis
1571 1926 1589 1969 ,'
1604 1929 1657 1972 qui
1683 1930 1722 1963 de
1745 1929 1867 1963 Ordine

1133 1988 1245 2016 nostro
1267 1993 1332 2015 non
1350 1987 1435 2021 sunt,
1453 1981 1592 2025 aliquem
1610 1987 1753 2015 nostrum
1776 1981 1868 2015 habi-

1134 2041 1200 2069 tare
1218 2036 1434 2079 prohibemus
1451 2035 1595 2068 omnino.
1611 2035 1687 2068 Cum
1705 2035 1867 2079 episcopis

1133 2095 1241 2123 autem
1256 2088 1359 2122 nostri
1368 2088 1497 2121 Ordinis
1508 2089 1614 2122 nullus
1628 2093 1771 2122 nostrum
1783 2088 1870 2121 habi-

1114 2154 1116 2157 ·
1135 2143 1258 2176 tetsine
1272 2141 1564 2185 expressalicentia
1575 2141 1742 2174 reverendi
1758 2141 1868 2184 patris.

1174 2196 1317 2226 Ordinatio
1339 2197 1406 2225 anni
1424 2204 1582 2225 MDGLxxix.
1603 2195 1801 2234 «Cupiditatis
1822 2204 1870 2225 oc-

1134 2246 1266 2275 casiones
1282 2244 1366 2275 nobis
1381 2249 1409 2274 et
1424 2244 1532 2274 nostris
1555 2244 1678 2283 posteris
1693 2244 1737 2282 (ut
1753 2248 1870 2274 sanctae

1134 2295 1289 2324 memoriae
1316 2293 1468 2323 reverendi
1497 2293 1585 2332 patris
1612 2292 1751 2331 Guigonis
1773 2292 1870 2322 verbis

1135 2345 1283 2382 utamur),
1307 2346 1448 2382 quantum
1471 2342 1527 2372 Deo
1549 2342 1667 2372 iuvante
1695 2351 1869 2380 possumus,

1136 2392 1338 2432 praescindere
1361 2391 1501 2425 volentes,
1521 2400 1565 2427 ac,
1583 2391 1661 2420 iuxta
1678 2394 1802 2419 mentem
1819 2388 1872 2420 Or-

1134 2440 1209 2469 dinis
1232 2439 1260 2468 in
1284 2438 1410 2476 antiquis
1433 2436 1548 2467 statutis
1567 2440 1594 2466 et
1613 2439 1654 2466 tot
1678 2435 1870 2474 capitulorum

1134 2485 1313 2523 generalium
1332 2483 1563 2513 ordinationibus
1586 2491 1764 2521 expressam.
1786 2481 1872 2511 bonis

1134 2532 1272 2567 externis,
1297 2530 1393 2560 habita
1417 2534 1579 2568 temporum
1603 2529 1726 2564 ratione,
1755 2528 1872 2559 modum

1137 2587 1242 2616 ponere
1265 2577 1433 2616 cupientes,
1458 2585 1493 2605 ne
1516 2576 1590 2605 ultra
1621 2576 1770 2604 honestam
1794 2574 1873 2606 sussi-

1135 2624 1271 2653 cientiain
1295 2632 1422 2663 unquam
1446 2621 1648 2661 progrediatur
1670 2630 1810 2652 novarum
1828 2629 1873 2651 ac-

1878 232 1927 261 An.
1948 233 1978 261 C.
1996 234 2060 264 ¹688
