2111 3157
30 239 80 267 An.
105 237 134 266 C.
155 236 222 264 1686

218 286 465 329 provinciarum,
490 284 673 328 superiores
704 282 950 316 seminariorum

221 344 252 371 et
277 338 463 381 superiores
493 337 718 370 observantiae
743 345 811 368 esse
836 334 948 378 possit,

220 390 342 423 habere
360 390 533 433 volumus),
554 395 585 423 et
600 399 665 422 non
683 388 741 421 sub
766 388 872 430 aliqua
891 386 952 418 alia

222 442 480 476 consideratione
498 470 505 483 ,
532 446 736 485 praesentem
767 439 953 473 seminario-

221 506 292 528 rum
318 495 513 528 erectionem
531 494 760 537 permittimus,
787 492 953 525 laudamus

223 553 255 580 et
277 548 502 591 approbamus,
529 557 564 579 ac
590 547 628 579 ab
649 545 797 578 omnibus
817 544 856 576 ad
874 553 954 586 quos

223 605 355 643 spectat,
381 600 440 633 sub
465 600 578 642 poenis
603 597 805 641 praemissis,
831 595 954 629 admitti

224 652 451 695 praecipimus.

59 718 90 739 ns
104 715 213 746 doctrina,
268 715 312 738 iv.
338 704 375 737 Ei
400 705 476 747 quia
496 714 553 737 nos
578 712 643 736 non
665 704 742 735 latet
759 700 957 744 quampluri-

33 743 213 799 ‚ffilffgffi'fiilss-
223 768 274 790 ma
287 757 427 790 absurda
441 754 488 788 ex¹
505 755 600 788 nimia
614 754 778 797 opinandi,
793 753 850 785 sub
862 752 959 795 privi-

33 796 384 851 32122225f⁹oe²⁰legi0rum
401 812 583 850 praetextu,
603 816 638 839 ac
654 804 812 849 operandi
828 804 959 838 licentia

226 861 372 904 quotidie
396 859 474 892 oriri
500 869 597 902 posse
613 885 620 898 ,
647 868 729 901 qnae
755 857 905 890 scandala
928 861 961 888 et

225 913 443 947 relaxationes
468 911 621 945 suscitare
656 912 782 944 valent:
810 910 960 943 omnibus

226 966 330 1000 nostri
354 965 480 999 Ordinis
505 965 728 1003 missionariis,
749 974 784 997 ac
808 963 878 997 aliis
902 963 961 996 sub

227 1021 339 1053 nostra
356 1019 537 1052 directione
567 1028 624 1051 seu
646 1017 831 1051 obedientia
848 1017 963 1059 degen⁴

228 1073 315 1106 tibus
339 1072 502 1116 personis,
523 1072 556 1104 in
574 1071 710 1104 Domino
736 1071 907 1104 suademus
933 1075 965 1102 et

230 1125 432 1165 mandamns,
445 1130 480 1157 ut
496 1124 658 1157 doctrinas
677 1124 811 1156 tutiores
840 1134 875 1156 ac
891 1133 965 1166 pro-

228 1178 405 1211 babiliores
422 1187 548 1220 semper
566 1178 703 1210 doceant
717 1181 751 1219 et
768 1177 965 1219 amplectan-

231 1236 292 1263 tur.
318 1229 359 1263 Ut
382 1235 496 1269 autem,
523 1230 609 1272 quod
635 1229 867 1272 temporalibus
891 1239 966 1272 pro-

229 1282 296 1315 sicit
320 1283 445 1326 spatiis,
463 1282 684 1325 spiritualibus
703 1292 833 1324 quoque
852 1282 966 1324 ampli-

230 1334 345 1368 ficetur
369 1334 527 1368 dictarum
558 1335 748 1367 missionum
778 1334 964 1376 augmentis,

231 1392 263 1420 et
293 1397 333 1420 ne
365 1389 524 1430 perpetua
556 1387 705 1420 firmitate
737 1392 854 1426 careat,
880 1388 964 1429 quod

231 1441 299 1473 sola
323 1442 435 1472 nostra
451 1439 642 1473 anctoritate
660 1440 857 1479 decernitur,
876 1449 967 1482 prae-

232 1492 370 1526 sentium
386 1498 507 1531 tenore,
525 1497 633 1525 nostro
646 1492 742 1524 huius
756 1492 868 1525 Curiae
885 1502 967 1524 com-

232 1545 382 1578 missario
408 1545 554 1588 generali
580 1550 748 1587 paternam
773 1544 968 1577 benedictio-

233 1607 308 1630 nem
333 1602 365 1630 et
390 1598 571 1630 facultatem
596 1597 802 1629 concedimus
833 1597 870 1629 ad
906 1597 968 1629 lioc

233 1656 269 1683 ut
293 1655 455 1693 tamquam
488 1649 615 1682 Ordinis
640 1650 742 1682 nostri
776 1650 968 1682 honorabile

236 1703 409 1745 negocium
430 1713 585 1745 praesens
611 1703 836 1745 amplectatur,
863 1707 894 1735 ct
920 1714 970 1735 ea-

236 1766 307 1788 rum
331 1766 449 1795 rerum,
483 1766 563 1798 quae
589 1755 620 1787 in
646 1756 695 1788 liis
727 1755 842 1788 litteris
869 1756 970 1788 ronti-

237 1814 368 1849 nentnr,
402 1807 682 1841 confirmationem
711 1819 746 1840 ac
779 1814 969 1852 perpetuam

237 1862 436 1894 validitatem
472 1872 489 1894 a
525 1864 633 1894 saneta
667 1862 749 1894 Sede
786 1862 971 1904 Apostolica

238 1919 336 1957 petat,
363 1920 394 1947 et
425 1915 601 1947 sollicitare
635 1925 700 1947 non
731 1914 883 1953 desistat.·‚
911 1926 972 1958 qua

239 1967 384 2008 obtenta,
419 1968 526 2000 omnia
558 1966 743 2008 seminaria,
775 1973 838 2000 tam
867 1974 973 2000 erecta

241 2031 336 2063 qnam
373 2020 538 2062 erigenda,
563 2021 650 2053 iuxta
685 2026 813 2054 nostras
850 2021 973 2053 litteras

242 2073 416 2116 gubernari
443 2079 626 2106 teneantur.
646 2074 682 2106 Et
707 2074 732 2106 si
758 2075 889 2117 aliquod
917 2075 975 2106 du-

241 2127 329 2159 bium
354 2126 439 2158 circa
469 2127 609 2169 aliquam
644 2127 772 2159 illarum
798 2128 974 2160 clausulam

243 2180 416 2223 aliquando
441 2179 570 2219 oriatur,
597 2179 746 2223 superior
763 2180 920 2222 generalis
939 2180 976 2212 il—

243 2233 347 2267 larum
371 2232 509 2275 partium
528 2232 716 2274 respective,
739 2242 803 2265 non
824 2243 900 2265 vero
919 2233 976 2265 ali-

245 2285 318 2328 quis
343 2285 518 2327 delegatus,
545 2285 583 2317 de
610 2285 747 2318 consilio
780 2290 811 2317 et
842 2296 976 2318 assensu

245 2343 353 2371 tamen
370 2338 500 2370 maioris
517 2337 617 2380 partis
636 2337 817 2370 discretorii
843 2338 977 2371 alicuius

246 2391 418 2430 seminarii,
444 2396 589 2432 tempore
613 2389 823 2431 visitationis,
851 2396 881 2423 ct
913 2402 976 2424 non

247 2444 321 2485 alio,
346 2454 406 2476 nec
431 2443 532 2483 aliter,
547 2443 651 2475 valeat
675 2443 856 2485 providere,
876 2444 979 2477 donec

247 2496 363 2529 Sancta
378 2496 477 2529 Sedes
503 2496 698 2535 consulatur,
717 2506 773 2528 seu
793 2506 880 2528 sacra
897 2496 979 2529 Con-

249 2550 393 2593 gregatio
429 2549 659 2592 propagandae
692 2548 789 2589 fidei,
816 2559 979 2592 nunquam

242 2606 250 2647 ζ
285 2612 297 2638 1
318 2610 389 2639 Edit.
409 2610 491 2638 Main.
513 2610 577 2646 legit
595 2613 622 2637 ee
639 2618 686 2646 pro
706 2619 742 2638 ex
761 2612 800 2647 (n.
817 2612 866 2646 Τ.),

800 231 1010 259 iNNOCENTiUS
1031 232 1061 255 XI
1085 231 1135 254 PP.

994 285 1097 312 tamen
1128 278 1160 310 in
1193 276 1300 320 aliquo
1326 274 1448 318 absque
1472 272 1563 306 Sedis
1588 272 1725 314 Aposto-

993 333 1073 365 licae
1098 330 1288 364 auctoritate
1319 329 1506 372 dispensare
1532 327 1662 371 poterit.
1689 327 1726 359 Ei.

995 389 1057 417 tam
1071 385 1164 417 dictis
1177 383 1362 415 missionum
1376 381 1613 420 commissariis,
1630 391 1726 423 qnam

994 437 1143 469 omnibus
1168 436 1238 468 aliis
1263 434 1422 477 personis,
1441 445 1522 478 quae
1548 433 1587 466 ad
1614 434 1727 466 harum

997 489 1206 527 erectionem,
1219 487 1473 521 stabilimentum
1490 492 1521 520 et
1538 487 1728 520 missionum

997 542 1212 584 praefatarum
1239 541 1480 584 promotionem
1506 541 1657 573 auxilinm
1675 541 1730 573 de-

998 594 1113 633 derint,
1132 594 1296 636 seraphici
1313 594 1414 636 patris
1439 594 1542 627 nostri
1567 593 1731 626 Francisci

998 647 1260 679 benedictionem
1279 647 1499 689 impartimtir;
1520 652 1558 687 et,
1578 648 1603 679 si
1621 657 1732 680 saecu-

999 701 1082 732 lares
1096 699 1314 738 suerint,ultra
1328 699 1445 732 dictam
1459 700 1731 741 benedictionem,

1001 761 1056 783 eos
1083 752 1121 783 ad
1149 751 1431 793 participationem
1456 753 1599 784 omnium
1627 753 1734 786 indul-

1001 804 1183 845 gentiarum
1208 809 1240 836 et
1257 814 1393 846 operum
1410 805 1635 847 spiritualium,
1655 816 1736 848 quae

1002 856 1079 899 ipsis
1096 857 1336 889 communicare
1356 857 1505 896 valemus,
1520 856 1562 890 et¹
1576 868 1660 889 nunc
1676 868 1736 901 pro

1004 914 1079 942 tunc
1102 910 1308 949 admittimus,
1334 915 1365 942 et
1384 921 1444 953 pro
1470 921 1600 955 semper
1620 911 1737 943 admis-

1004 972 1054 995 sas
1079 973 1148 995 esse
1173 968 1204 995 et
1225 963 1291 995 sore
1313 963 1526 996 declaramus.

1048 1015 1162 1048 Datum
1194 1015 1324 1055 Romae,
1362 1026 1398 1048 ex
1436 1021 1547 1049 nostro
1579 1021 1740 1049 conventu

1006 1068 1036 1101 S.
1067 1068 1184 1101 Mariae
1211 1069 1249 1101 de
1280 1069 1433 1109 Aracaeli,
1469 1070 1520 1102 die
1550 1080 1595 1103 vii
1627 1069 1738 1113 aprilis

1006 1130 1196 1154 MDCLXXXVI.

1049 1174 1100 1206 Fr.
1121 1174 1245 1207 Peritos
1262 1174 1411 1215 Mammis,
1430 1175 1577 1208 minister
1594 1185 1705 1217 gener.

1094 1227 1178 1260 Loco
1202 1231 1224 1268 †
1249 1228 1359 1270 sigilli.

1050 1280 1093 1313 De
1118 1276 1269 1313 mandato
1291 1291 1367 1313 suae
1385 1281 1670 1314 reverendissimae
1688 1292 1743 1324 pa-

1010 1334 1181 1373 ternitatis,
1212 1334 1262 1365 Fr.
1291 1334 1403 1367 lost-:rii
1429 1345 1446 1366 A
1471 1335 1590 1376 LEONE,
1624 1340 1740 1367 secret.

1009 1387 1169 1429 generalis
1195 1386 1335 1419 Ordinis.

1052 1439 1211 1472 Praesens
1227 1444 1464 1482 transumptum
1479 1440 1656 1472 concordat
1673 1450 1745 1472 cum

1010 1503 1070 1525 sno
1095 1491 1245 1534 originali
1271 1492 1309 1524 de
1336 1493 1436 1524 verbo
1462 1493 1501 1525 ad
1526 1493 1672 1525 verbum.

1053 1546 1087 1578 In
1113 1556 1251 1588 quorum
1276 1544 1383 1586 fidem,
1412 1551 1473 1579 cte.

1054 1599 1166 1631 Datum
1195 1598 1325 1638 Romae,
1356 1598 1416 1631 hac
1446 1598 1497 1631 die
1525 1608 1603 1632 xxiii
1634 1599 1745 1642 aprilis

1011 1662 1201 1685 MDCLxxxvr

1055 1706 1105 1738 Fr.
1119 1706 1262 1738 MtCssAEL
1272 1705 1431 1745 ‘sos-Eius,
1445 1716 1526 1738 secr.
1538 1716 1612 1747 gen.
1624 1705 1746 1739 Curiae.

1099 1760 1182 1791 Loco
1203 1759 1227 1800 -ξ-
1251 1759 1348 1800 sigilli
1373 1771 1404 1792 ii.

1056 1811 1070 1854 ἓ
1095 1811 1125 1843 2.
1145 1811 1221 1844 Cum
1247 1812 1460 1851 anteni,sict1t
1485 1812 1597 1845 eadem
1624 1812 1749 1855 exposi-

1015 1865 1057 1896 tio
1089 1864 1313 1906 subiungebat,
1351 1864 1434 1897 dicta
1471 1870 1590 1897 statuta
1625 1865 1748 1908 absque

1013 1917 1103 1949 Sedis
1136 1918 1342 1959 Apostolicac
1374 1918 1610 1960 approbatione
1636 1923 1668 1950 ct
1693 1918 1749 1951 de·

1015 1970 1155 2002 sectuuni
1180 1970 1416 2012 supplemento,
1443 1981 1478 2002 ac
1503 1971 1747 2009 contrariorum,

1016 2021 1151 2065 quibus²
1176 2022 1318 2054 eiusdem
1343 2022 1434 2055 Sedis
1458 2033 1587 2055 accessu
1614 2023 1751 2055 auctori-

1018 2080 1074 2114 tas,
1094 2075 1235 2117 legitima
1251 2075 1471 2117 derogatione,
1489 2075 1666 2107 subsistere
1685 2085 1752 2107 non

1016 2130 1164 2161 valcant:
1192 2127 1285 2159 nobis
1321 2134 1493 2170 propterea
1532 2135 1593 2160 tam
1624 2128 1753 2160 Franci-

1017 2192 1088 2214 scus
1103 2180 1337 2213 commissarius
1350 2181 1509 2222 generalis
1527 2180 1637 2214 Curiae
1655 2190 1752 2224 quam

1019 2234 1177 2267 Antonius
1203 2233 1391 2266 missionum
1411 2233 1591 2276 praefectus
1616 2233 1752 2276 praefati

1019 2287 1185 2319 humiliter
1198 2286 1373 2329 supplicari
1391 2287 1537 2319 fecerunt
1560 2292 1595 2318 ut
1611 2287 1643 2318 in
1661 2296 1754 2329 prae-

1019 2340 1121 2373 missis
1146 2344 1327 2383 opportune
1354 2339 1523 2382 providere
1556 2344 1588 2371 et
1611 2344 1646 2371 ut
1670 2339 1754 2372 intra

1020 2392 1188 2434 indulgere
1215 2392 1253 2424 de
1278 2392 1480 2433 benignitate
1506 2391 1680 2434 apostolica
1706 2391 1754 2424 di-

1021 2454 1202 2486 gnaremur.
1220 2443 1280 2476 Nos
1305 2444 1414 2485 igitur,
1440 2443 1525 2486 ipsos
1548 2443 1760 2487 Franciscum

1022 2502 1053 2529 ct
1082 2496 1256 2529 Antonium
1295 2496 1490 2539 specialibus
1525 2496 1686 2529 favoribus
1723 2501 1755 2529 et

1059 2569 1068 2593 1
1093 2567 1182 2595 Potius
1200 2568 1260 2602 lege
1279 2575 1314 2594 ea:
1332 2568 1369 2602 (n.
1389 2569 1437 2597 τ.).

1056 2611 1072 2638 2
1092 2612 1200 2639 Comma
1219 2611 1291 2638 istud
1311 2611 1439 2648 intelligat
1458 2611 1543 2640 lector
1562 2611 1601 2650 (n.
1622 2611 1678 2647 r.)-⁴

1625 214 1688 247 7023
1733 222 1783 249 An.
1799 221 1828 249 c.
1851 222 1917 250 isso

1807 1817 1941 1847 Confirmatio

1772 1849 1850 1864 sentina
1855 1851 1890 1864 iiiii
1898 1851 1931 1865 uu}

1760 1873 1884 1892 erectorum.
