2111 3157
16 179 66 207 An.
88 179 116 207 C.
136 179 204 206 ¹076

29 2072 100 2092 Navae
118 2072 184 2101 dion-

3 2104 56 2119 cesis
65 2102 144 2119 termini
153 2105 187 2119 as-

2 2127 116 2151 signantur.

784 177 995 202 INNOCENTIUS
1018 178 1049 201 XI
1074 178 1123 200 Pr.

1633 167 1675 199 215
1722 176 1772 203 An.
1793 176 1908 204 (1.ιότὸ

206 230 325 269 venire,
340 230 379 263 de
392 229 546 273 praedicti
560 228 646 262 Petri
667 227 821 272 principis
833 232 863 258 et
876 236 935 269 pro
978 225 1079 265 villas,
1101 225 1259 258 territoria
1277 235 1310 257 ae
1327 225 1491 257 districtus
1511 225 1613 258 dictae
1638 236 1714 268 pro-

207 289 349 325 tempore
378 282 583 315 existentium
617 291 729 323 regum
760 279 937 322 praedicto-

207 346 277 368 rum
297 335 437 368 consilio
461 339 493 367 et
516 344 656 371 assensu,
683 338 714 365 et
737 331 866 375 praevia
884 341 936 363 cu-

207 387 490 429 iuslibetcongrua
510 385 674 419 dotatione
691 385 730 416 ab
748 383 826 426 ipsis
841 383 934 415 Petro

207 439 354 483 principe
369 444 400 471 et
413 438 540 480 regibus
553 436 766 478 Portugalliae
780 435 935 475 facienda,

208 491 446 536 quamprimum
470 489 538 522 fieri
563 489 692 532 poterit.
713 488 815 530 erigat
835 493 867 520 et
888 487 936 519 in-

208 545 335 585 stituat;
361 553 488 576 necnon
505 542 722 585 episcopalem
739 540 936 573 iurisdictio-

206 608 280 630 nem
297 601 328 629 et
347 599 538 638 potestatem
558 603 721 633 exercere,
742 590 934 635 omniaque¹

206 655 238 683 et
253 649 379 692 singula
392 657 473 691 quae
491 647 624 687 ordinis,
643 656 788 689 quaeque
805 646 935 685 iurisdiss

205 702 322 735 ctionis
347 706 402 734 aut
434 700 605 733 cuiuslibet
632 699 765 732 alterius
791 699 932 731 muneris

205 753 396 798 episcopalis
419 758 500 793 sunt,
516 757 548 786 et
567 762 648 795 quae
672 750 744 784 alii²
766 751 799 783 in
824 751 934 784 Portu-

203 807 318 849 galliae
333 811 364 839 et
376 805 600 848 Algarbiorum
618 804 727 847 regnis
740 809 772 836 et
785 804 933 836 dominiis

203 859 363 892 constituti
383 858 527 902 episcopi
546 857 577 890 in
598 856 665 890 suis
685 857 840 897 eeclesiis,
858 857 933 889 civi-

202 912 319 945 tatibus
337 916 369 945 et
385 909 608 944 dioecesibus³
630 910 733 943 facere
751 914 885 953 possunt
902 916 933 943 et

203 965 332 1004 debent,
352 963 456 996 facere
480 963 583 996 libere
608 967 640 995 et
664 962 749 995 licite
772 962 874 1005 possit
901 966 933 995 et

202 1016 339 1057 debeat;
367 1026 403 1049 ac
426 1015 459 1048 in
484 1015 596 1048 eadem
627 1014 658 1048 S.
685 1014 864 1048 Sebastiam
888 1015 932 1048 sic

202 1070 309 1101 erecta
334 1068 473 1101 ecclesia
500 1068 719 1110 episcopalem
743 1068 931 1110 dignitatem

201 1131 272 1153 cum
283 1120 368 1160 sede,
380 1120 656 1163 praeeminentiis,
669 1120 859 1160 honoribus,
871 1121 932 1164 pri-

200 1173 325 1216 vilegiis
340 1177 372 1206 ct
384 1173 592 1212 facultatibus
606 1173 720 1216 quibus
733 1173 812 1205 aliae
827 1174 932 1206 cathe-

201 1225 307 1258 drales
336 1224 490 1259 ecclesiae
516 1225 698 1257 huiusmodi
720 1225 758 1257 de
787 1224 855 1257 iure
879 1227 929 1258 vel

200 1277 432 1310 consuetudine
452 1281 504 1309 aut
528 1277 606 1309 alias
630 1283 776 1317 utuntur,
800 1278 930 1320 potiun-

200 1335 252 1362 tur
269 1335 301 1363 et
316 1330 464 1372 gaudent,
484 1340 520 1362 ac
536 1330 593 1370 uti,
612 1330 710 1373 potiri
735 1335 765 1363 et
789 1332 928 1373 gaudere

198 1386 332 1425 possunt
347 1387 378 1415 et
394 1387 548 1425 poterunt
564 1383 811 1425 quomodolibet
830 1384 863 1416 in
880 1385 928 1417 su-

199 1440 315 1475 turum‚
340 1445 468 1468 necnon
492 1435 670 1479 episcopali
698 1442 729 1468 et
759 1437 927 1479 capitulari

197 1487 324 1528 mensis,
343 1487 480 1530 aliisque
501 1488 741 1522 cathedralibus
765 1489 925 1532 insigniis,

197 1540 236 1572 ad
260 1540 488 1583 omnipotentis
512 1541 568 1574 Dei
592 1541 731 1582 laudem,
753 1547 785 1574 et
808 1543 928 1584 glorio-

197 1592 341 1625 sissimae
366 1593 530 1635 genitricis
557 1594 626 1626 eius
650 1594 787 1636 Virginis
811 1595 926 1628 Mariae

197 1645 354 1688 totiusque
366 1646 594 1689 triumphantis
606 1647 767 1680 Ecclesiae
779 1649 924 1691 gloriam,

196 1702 227 1729 et
250 1696 324 1730 fidei
341 1698 517 1731 catholicae
538 1699 774 1739 exaltationem,
793 1701 925 1734 consilio

195 1755 226 1783 et
249 1751 437 1784 auctoritate
460 1751 630 1792 similibus,
647 1758 806 1796 perpetuo
831 1755 926 1797 erigi-

194 1813 263 1835 mus
289 1808 320 1835 et
342 1802 549 1845 instituimus,
578 1810 610 1837 et
626 1806 656 1838 S.
677 1805 855 1839 Sebastiam
875 1818 925 1840 ec-

194 1855 349 1888 clesiam⁴
371 1857 580 1898 cathedralis,
611 1863 644 1891 et
678 1858 709 1891 S.
744 1859 923 1892 Sebastiani

195 1909 348 1952 oppidum
373 1909 559 1943 huiusmodi
589 1911 745 1952 civitatis,
773 1912 923 1956 illiusque

194 1961 317 1994 incolas
342 1961 457 1995 civium
480 1963 621 2004 nomine,
641 1964 733 1997 titulo
751 1970 782 1997 et
799 1965 923 1999 honore

196 2014 396 2047 decoramus.

238 2068 253 2110 ξ
276 2067 307 2099 4.
330 2066 462 2100 Necnon
487 2068 591 2101 eidem
616 2068 647 2102 S.
674 2069 853 2104 Sebastiam
872 2082 923 2105 ec-

195 2118 311 2152 clesiae
347 2120 500 2163 oppidum
526 2121 557 2155 S.
584 2121 763 2156 Sebastiani
795 2125 922 2167 praedi-

193 2176 290 2212 ctum,
315 2172 361 2205 sic
377 2172 409 2204 in
430 2173 588 2207 civitatem
606 2175 637 2207 S.
656 2174 834 2209 Sebastiam
853 2188 922 2211 ere-

192 2228 287 2266 ctum,
300 2234 361 2268 pro
375 2224 510 2266 civitate,
528 2226 653 2271 aliaque
667 2228 793 2272 oppida,
808 2236 919 2272 castra,

228 2329 236 2356 1
255 2329 320 2357 Male
335 2329 379 2357 ed.
396 2329 474 2357 Main.
490 2330 554 2366 legit
568 2339 697 2360 exercere
712 2334 813 2362 omnia
822 2336 860 2370 (a.
870 2337 918 2371 ιι).

225 2373 241 2399 2
260 2373 327 2401 Male
346 2373 409 2400 item
429 2374 522 2401 eadem
538 2374 602 2402 edit.
617 2375 682 2411 legit
699 2378 769 2405 aliis
788 2379 827 2412 (a.
842 2381 891 2413 T..)

225 2417 241 2444 3
260 2417 380 2445 Pessime
399 2417 462 2445 item
481 2418 576 2446 eadem
600 2419 664 2447 edit.
688 2420 753 2456 legit
774 2423 874 2452 civitas
893 2428 919 2452 et

191 2462 377 2497 dioecesism.
397 2463 446 2496 τ..)
779 2478 782 2480 v

226 2506 241 2532 4
256 2505 322 2533 Male
336 2507 401 2535 edit.
416 2507 495 2536 Main.
515 2509 598 2538 habet
616 2511 747 2559 ecclesiae
765 2503 816 2565 pro
832 2515 918 2544 eccle-

190 2549 267 2578 siam
281 2551 318 2585 (n.
327 2551 375 2586 r..)

978 278 1099 310 vinciae
1118 277 1202 309 Rivi'
1222 278 1367 317 Ianuarii,
1389 289 1405 310 a
1426 278 1591 320 Capitania
1613 279 1714 322 Spiri-

978 335 1026 361 tus
1058 330 1162 363 Sam-ii
1196 331 1349 377 inclusive
1382 342 1484 374 usque
1521 332 1559 363 ad
1593 332 1712 367 flumen

977 382 1015 414 de
1036 383 1123 415 piata
1148 393 1205 425 per
1228 394 1315 415 oram
1334 384 1524 416 maritimam
1544 390 1575 418 et
1594 392 1711 420 terram

977 433 1073 472 intus,
1102 445 1159 476 pro
1177 437 1232 466 sua
1250 435 1400 475 dioecesi,
1425 442 1455 469 et
1472 437 1557 469 illins
1578 440 1710 480 olermn,

976 486 1109 525 incolas,
1135 487 1343 527 habitatores,
1370 491 1534 532 populum,
1560 502 1620 534 pro
1645 494 1710 526 suis

977 540 1063 572 clero
1081 544 1112 572 ct
1135 541 1268 582 populo,
1290 543 1494 575 concedimus
1515 548 1548 576 et
1568 545 1711 588 assigna-

976 601 1061 623 mus:
1086 601 1152 623 non
1177 592 1324 625 obstante
1348 594 1411 627 alia
1428 597 1632 638 separatione
1654 610 1708 632 seu

976 643 1262 678 dismembratione
1274 646 1417 679 eiusdem
1428 649 1613 690 provinciae
1625 651 1710 685 Rivi‘l

975 696 1112 729 Ianuarii
1131 698 1207 730 olim
1222 698 1313 738 sacia,
1332 709 1404 732 cum
1429 706 1538 735 erecta
1562 703 1659 736 suerit
1676 705 1708 738 in

975 748 1284 783 administrationem
1308 752 1511 794 spiritualem
1537 765 1554 787 a
1577 762 1707 791 sanctae

974 802 1148 835 memoriae
1173 803 1328 846 Gregorio
1361 805 1426 838 XIII
1456 808 1708 849 praedecessore

974 859 1085 888 nostro
1099 866 1158 898 per
1173 856 1297 889 litteras
1311 857 1399 890 datas
1413 869 1464 892 x1x
1478 860 1545 893 iulii
1560 872 1706 905 MDLxxvn

1013 908 1027 950 ἓ
1041 907 1071 940 5.
1087 908 1219 941 Necnon
1234 910 1390 944 ecclesiae
1404 913 1602 954 praedictae3
1615 915 1646 949 S.
1657 916 1706 949 Se-

973 960 1109 993 bastiani
1127 961 1260 1005 eiusque
1277 973 1408 997 mensae
1425 966 1600 1010 episcopali
1618 979 1706 1011 prac—

974 1013 1084 1054 dictae,
1114 1025 1172 1057 pro
1201 1015 1268 1048 eius
1293 1016 1384 1057 dote,
1410 1018 1554 1052 redditus
1580 1031 1704 1055 annuos

974 1067 1110 1100 duorum
1124 1067 1260 1100 millium
1278 1074 1309 1102 et
1324 1071 1574 1113 quingentorum
1588 1076 1707 1109 crucia-

973 1124 1076 1152 torum
1100 1126 1250 1154 monetae
1274 1121 1491 1165 portugalliae
1516 1136 1574 1169 per
1597 1127 1704 1171 ipsum

972 1172 1098 1204 Petrum
1118 1173 1297 1216 principem
1315 1175 1507 1218 assignatos,
1523 1189 1616 1221 quam
1636 1181 1706 1224 qui-

972 1224 1043 1256 dem
1064 1235 1221 1258 summam
1246 1226 1331 1259 idem
1355 1227 1466 1262 Petrus
1483 1231 1637 1275 princeps
1664 1234 1703 1266 de

970 1276 1033 1308 suis
1047 1277 1186 1319 propriis
1206 1288 1241 1310 ac
1258 1289 1317 1321 pro
1335 1284 1482 1323 tempore
1499 1283 1703 1318 existentium

968 1339 1079 1371 regum
1093 1330 1310 1373 Portugalliae
1330 1333 1519 1375 redditibus,
1539 1341 1570 1368 ct
1587 1338 1703 1380 specia-

968 1381 1043 1414 liter
1061 1382 1099 1414 de
1113 1382 1177 1415 illis
1192 1383 1298 1426 quiex
1315 1385 1384 1427 ipsa
1397 1386 1531 1429 regione
1546 1388 1702 1423 Brasiliae

968 1435 1201 1477 percipiuntur,
1226 1437 1365 1479 gratiose
1391 1444 1422 1472 et
1445 1440 1703 1476 irrevocabiliter

969 1488 1008 1520 ad
1034 1488 1119 1521 hunc
1143 1489 1291 1523 effectum
1316 1492 1446 1525 donavit
1469 1498 1499 1528 et
1522 1495 1646 1536 obtulit,
1666 1508 1702 1530 ac

968 1542 1091 1574 solvere
1105 1543 1276 1584 quotannis
1291 1545 1442 1587 promisit
1458 1557 1514 1580 seu
1529 1549 1700 1590 promittit,

967 1595 1115 1629 similiter
1138 1604 1295 1640 perpetuo
1313 1600 1510 1643 applicamus
1528 1608 1560 1636 et
1585 1614 1702 1648 app-ro-

967 1659 1123 1691 priamus.

1011 1702 1025 1744 g
1039 1702 1070 1734 6.
1086 1703 1124 1735 Et
1137 1703 1270 1748 insuper
1282 1705 1375 1739 Petro
1390 1708 1527 1752 principi
1544 1714 1574 1742 et
1589 1711 1699 1753 guber·
1735 1724 1894 1770 ''¹³¹'2T¹''·,‘¹¹³'¹¹⁸

967 1756 1083 1795 natori,
1100 1766 1136 1788 ac
1156 1767 1214 1800 pro
1234 1763 1376 1801 tempoie
1395 1760 1607 1795 existentibus
1626 1764 1700 1796 Por-
1712 1753 1789 1797 2¹:¹¹¹
1768 1779 1787 1796 ι.
1810 1753 1894 1798 ”“’ν’ζ-’-’

967 1809 1117 1851 tugalliae
1144 1815 1175 1842 et
1198 1811 1425 1853 Algaibiorum
1450 1815 1581 1857 regibus
1606 1827 1700 1859 pia«
1711 1804 1766 1849 3¹55..
1757 1810 1784 1824 ''¹¹
1810 1811 1894 1853 iiiiii&

967 1861 1070 1901 dictis,
1108 1862 1157 1895 ius
1182 1868 1372 1906 patrzonitus
1408 1871 1439 1899 et
1469 1839 1739 1910 praesentandi¹
1743 1837 1861 1882 ”’“””””””

965 1913 1048 1946 inl'ra
1066 1926 1183 1947 annum
1203 1926 1357 1959 personas
1375 1918 1509 1952 idoneas
1528 1921 1566 1953 ad
1585 1921 1700 1955 dictam

965 1968 1136 2000 ecclesiam
1161 1968 1192 2001 S.
1215 1969 1404 2011 Sebastiam,
1430 1973 1582 2006 videlicet
1607 1976 1700 2008 nobis

965 2025 996 2052 et
1020 2031 1078 2063 pro
1105 2025 1253 2065 tempore
1278 2024 1427 2057 existenti
1453 2025 1597 2060 Romano
1619 2028 1702 2062 Pon-

964 2072 1060 2113 tilici,
1089 2079 1151 2106 tam
1178 2085 1236 2117 pre
1267 2076 1328 2108 hac
1362 2077 1466 2120 prima
1489 2079 1577 2120 vice,
1604 2091 1699 2123 quam

964 2127 1091 2169 quotics
1117 2127 1205 2160 illam
1243 2129 1415 2173 deinceps,
1441 2131 1555 2175 quovis
1580 2135 1698 2175 mode,

963 2179 1059 2212 etiam
1084 2181 1170 2223 apud
1194 2181 1310 2214 Scdem
1334 2182 1567 2227 Apostolieam‚
1584 2197 1699 2221 vacare

963 2232 1146 2275 contigerit,
1176 2244 1234 2277 per
1255 2244 1314 2267 nos
1332 2241 1363 2268 et
1379 2247 1439 2279 pro
1464 2242 1613 2282 tempore
1635 2242 1700 2274 cxi-

962 2290 1101 2319 stentem
1115 2286 1294 2320 Romanum
1309 2289 1497 2324 Pontificem
1511 2292 1699 2327 huiusmodi

961 2338 993 2370 in
1017 2339 1163 2372 eiusdem
1187 2340 1218 2372 S.
1240 2339 1420 2376 Sebastiani
1446 2346 1604 2380 ecclesiae
1631 2349 1699 2391 cpi-

961 2401 1094 2435 scopum
1111 2397 1142 2425 et
1156 2398 1321 2436 pastorem
1338 2396 1377 2428 ad
1397 2400 1697 2440 praesentationem

1758 932 1798 952 Du:
1814 940 1900 956 men-:io

1718 963 1852 986 “liner-lirnium

996 2471 1007 2498 1
1026 2471 1097 2498 Edit.
1113 2471 1197 2499 Maia.
1214 2472 1280 2508 legit
1294 2474 1367 2502 Divi
1383 2483 1430 2510 pro
1445 2477 1512 2505 Rivi
1525 2478 1566 2513 (R.
1579 2478 1628 2512 aa).

994 2515 1010 2542 2
1025 2516 1124 2543 lterum
1135 2517 1228 2545 eadem
1240 2518 1282 2546 ed.
1296 2518 1378 2547 habet
1389 2521 1460 2548 Divi
1470 2530 1518 2556 pro
1531 2523 1698 2559 Rivi(u.r.).

876 2561 887 2567 ²
907 2593 910 2597 1
954 2597 959 2607 Δ,
986 2560 1099 2604 §afidih
1119 2560 1198 2590 Maia.
1218 2562 1283 2599 legit
1300 2564 1446 2599 praedicti
1465 2567 1504 2601 (n.
1524 2567 1574 2603 ¹13).
