2111 3157
6 197 52 224 An.
69 195 99 224 C.
123 195 188 224 1579

68 2196 81 2215 Α
107 2195 183 2220 Grego-

3 2222 34 2243 n‘o
48 2222 101 2243 xm.

193 246 267 279 sitio
298 244 523 289 subiungebat,
543 245 679 278 subinde
705 245 776 289 piae
806 257 924 278 memo-

193 299 258 331 riae
286 299 432 332 Clemens
457 300 540 343 Papa
564 301 632 338 ΠΙ,
659 300 753 332 etiam
786 301 922 342 praede-

193 362 300 384 eessor
312 358 431 391 noster,
449 354 603 395 quasdam
622 353 742 385 litteras
756 351 826 395 (per
843 364 921 395 quas

193 404 305 438 similis
330 406 565 438 recordationis
590 405 747 437 Adrianus
778 405 861 446 Papa
886 405 919 436 Vl

193 457 314 499 pariter
331 458 563 500 praedecessor
579 463 690 490 noster
706 457 919 489 confratribus

193 509 468 541 eteonsororibus
503 503 775 541 confraternitatis
808 509 845 540 ad
878 509 920 540 al-

192 565 257 593 tare
283 561 313 592 in
343 562 488 603 cappella
519 561 556 593 de
580 561 714 593 Rosario
739 562 920 603 nuncupata

192 613 225 645 B.
254 614 292 645 M.
326 613 465 655 Virginis
501 613 595 645 situm
630 613 662 644 iu
699 612 832 645 ccclesia
857 612 917 644 do-

190 676 260 698 mus
285 666 315 698 S.
342 665 496 698 Dominici
516 665 627 708 oppidi
652 666 691 698 de
716 665 855 697 Victoria
874 665 920 697 di-

190 719 230 750 cti
255 718 394 758 Ordinis,
417 718 658 760 Calaguritanae
680 717 847 753 dioecesis,
873 717 918 749 in·

190 770 328 811 stitutae,
345 771 398 813 qui
425 771 457 802 in
482 772 592 803 ein-lem
618 772 763 814 cappella
789 781 844 802 seu
870 781 921 802 ec-

190 824 290 856 etesia
323 823 506 856 huiusmodi
538 834 633 855 uuam
658 823 918 866 quimpiageuam

188 876 350 908 rosarium
382 886 436 908 seu
472 876 663 917 walterium
704 880 916 918 nuncupatam

188 928 385 967 recitassent,
410 939 469 971 pro
494 929 636 971 qualibet
661 928 712 960 die
739 939 800 971 qua
824 928 855 960 id
877 927 920 959 fe-

188 980 321 1021 cissent,
339 981 573 1024 quinquaginta
591 992 693 1013 anuos
712 982 750 1013 de
768 981 919 1013 iniunctis

188 1032 234 1065 eis
257 1034 466 1075 poenitentiis
502 1033 756 1066 misericorditer
793 1033 825 1065 in
860 1034 920 1065 Do—

187 1084 276 1117 mino
301 1086 511 1127 relexaverat)
532 1086 722 1118 auctoritate
746 1086 920 1128 apostolica

188 1138 377 1170 extenderet
401 1143 430 1171 et
445 1139 614 1180 ampliaret
631 1139 668 1171 ad
688 1139 760 1177 boc,
778 1145 811 1170 ut
829 1149 921 1181 prae-

188 1189 264 1221 dicti
296 1191 475 1222 confratres
512 1190 614 1223 dictae
646 1191 919 1223 confraternitatis

188 1246 263 1273 tunc
288 1248 319 1274 et
342 1253 399 1285 pro
425 1248 569 1284 tempore
595 1242 776 1281 existentes,
799 1243 852 1285 qui
875 1244 920 1275 di-

188 1299 273 1326 ctum
299 1294 489 1336 psalterium
515 1294 545 1326 in
571 1295 677 1337 aliqua
701 1295 839 1327 ecclesia
863 1306 918 1327 seu

188 1346 329 1379 oratorio
355 1346 491 1378 cuiusvis
529 1347 612 1385 loci,
638 1347 668 1379 in
694 1358 756 1390 quo
781 1358 837 1380 ees
861 1358 919 1390 pro

187 1404 334 1442 ternpore
351 1399 493 1432 residere
511 1399 724 1442 contingeret,
740 1400 853 1432 devote
871 1411 920 1432 re-

187 1452 351 1491 citassent,
376 1453 501 1495 quoties
526 1453 557 1485 id
577 1453 734 1491 fecissent,
752 1453 921 1495 indulgen-

189 1504 248 1537 tias
264 1504 423 1547 praefatas
441 1510 731 1547 consequerentur,
751 1516 829 1548 quas
849 1516 920 1538 con-

188 1557 355 1599 sequuturi
384 1557 540 1597 fuissent,
565 1558 589 1590 si
615 1558 646 1590 in
673 1558 758 1590 dieta
784 1559 920 1591 ecclesia

189 1610 219 1641 S.
242 1609 398 1642 Dominici
422 1609 507 1642 iuxta
529 1616 677 1642 tenorem
702 1611 920 1643 concessionis

190 1661 265 1694 dicti
291 1661 421 1694 Adriani
448 1663 707 1704 praedecessoris
733 1663 764 1694 id
790 1663 921 1696 recitas-

189 1719 268 1753 sent,
293 1720 390 1757 prout
414 1715 545 1747 uberius
571 1715 730 1747 contineri
756 1715 873 1747 dicitur
890 1716 920 1748 in

189 1766 305 1799 litteris
339 1767 439 1810 ipsius
464 1767 636 1799 Clementis
661 1768 921 1810 praedecessoris

190 1820 249 1852 sub
274 1820 406 1862 plumbo
428 1820 569 1862 desuper
587 1830 671 1852 anno
692 1820 921 1852 Incarnationis

189 1873 373 1906 Dominicae
398 1883 503 1906 mcxxv
536 1873 640 1915 pridie
676 1884 778 1906 nonas
810 1874 920 1916 aprilis

191 1926 365 1966 emanans,
393 1936 473 1968 quae
500 1926 629 1968 quidem
656 1926 831 1968 originales
857 1937 921 1958 non

190 1979 416 2019 inveniuntur,
443 1979 500 2012 sed
537 1979 569 2011 in
605 1979 746 2022 quodam
782 1979 864 2012 libro
890 1980 922 2012 in

192 2033 345 2076 Ilispania
362 2033 481 2065 dudum
506 2043 577 2064 cum
597 2032 829 2075 approbatione
850 2038 923 2064 tune

193 2085 361 2118 existentis
401 2084 509 2117 nuncii
545 2084 715 2127 apostolici
752 2085 784 2116 in
815 2085 923 2127 regnis

193 2138 417 2181 Hispaniarum
442 2137 614 2170 residentis
636 2137 792 2181 impresso
814 2139 925 2180 legun-

196 2197 263 2231 tur;
276 2201 412 2234 cumque
428 2190 551 2233 pariter
566 2201 632 2223 non
645 2191 849 2234 reperiantur
866 2191 925 2224 ori-

196 2245 318 2286 ginales
343 2245 467 2276 litterae
498 2243 611 2276 similis
644 2244 820 2276 memoriae
852 2244 927 2277 Gre-

197 2297 278 2338 gorii
309 2296 412 2339 Papae
444 2296 509 2328 Xlll
541 2296 636 2328 etiam
663 2297 925 2339 praedecessoris

197 2349 298 2382 nostri
323 2349 374 2382 die
398 2359 470 2382 xxlv
486 2349 628 2382 octobris
652 2359 802 2382 Manxvu
823 2350 872 2392 (ut
889 2361 925 2382 ex

196 2401 326 2435 illarum
361 2402 516 2444 exemplis
559 2401 722 2434 Bononiae
763 2402 927 2444 impressis

197 2454 351 2497 apparet)
376 2454 558 2496 expeditae,
575 2464 634 2496 per
651 2464 730 2496 quas
748 2453 833 2487 idem
850 2454 928 2487 Gre-

200 2506 308 2548 gorius
333 2507 566 2549 praedecessor
590 2506 747 2539 universis
773 2511 805 2539 et
824 2507 929 2550 singu-

199 2559 239 2594 lis
255 2558 422 2604 utriusque
440 2569 532 2593 sexus
548 2559 761 2593 confratribus
779 2564 854 2594 tunc
866 2571 926 2605 pro

784 196 994 222 INNOOENTAES
1015 198 1045 221 XI
1071 198 1119 221 PP.

967 251 1110 287 tempore
1128 245 1337 277 existentibus
1356 242 1624 276 confraternitatis
1641 242 1696 275 tto-

966 298 1040 330 sarii
1067 298 1321 338 gloriosissimae
1356 297 1496 338 Virginis
1522 295 1636 328 Mariae
1661 295 1695 327 in

965 352 1112 393 cappella
1148 350 1284 382 familiae
1317 351 1355 382 de
1386 349 1545 382 Guidottis
1577 348 1637 380 sita
1661 347 1694 379 in

965 403 1099 435 ecclesia
1113 403 1226 435 domus
1240 404 1270 435 S.
1287 402 1444 435 Dominici
1461 401 1587 434 Ordinis
1605 401 1696 433 Prae·

965 455 1138 486 dicatorum
1166 455 1328 487 Bononiae
1350 454 1503 487 canonice
1523 454 1693 492 institutae,

964 507 1202 549 poenitentibus
1220 513 1250 540 et
1267 507 1420 540 confessis
1445 518 1480 539 ac
1504 508 1592 539 sacra
1610 517 1696 539 com-

964 560 1117 591 munione
1143 560 1277 597 refectis,
1298 560 1349 603 qui
1376 561 1511 601 singulis
1537 560 1628 592 annis
1646 570 1695 592 so-

964 612 1059 643 lemni
1075 612 1275 654 processioni
1294 612 1395 654 prima
1413 612 1572 644 dominica
1590 612 1695 643 cuius-

964 663 1042 695 libet
1066 664 1186 695 mensis
1204 664 1236 695 in
1259 664 1341 696 dicta
1365 664 1502 696 ecclesia
1526 664 1696 695 celebran-

964 715 1021 747 dae
1048 715 1280 755 interfuissent,
1303 721 1334 748 et
1362 716 1481 748 dictam
1517 717 1695 758 cappellam

964 768 1077 800 devote
1103 768 1307 805 visitassent,
1341 773 1371 801 et
1398 768 1442 800 ibi
1469 778 1526 810 pro
1551 768 1696 799 christia-

963 830 1075 852 norum
1101 821 1283 863 principum
1308 820 1481 853 concordia
1509 825 1541 852 et
1563 820 1695 860 unione,

963 884 998 905 ac
1024 874 1195 906 haeresum
1230 873 1466 917 extirpatione,
1501 877 1695 915 sanctaeque

962 925 1072 957 matris
1084 925 1244 958 Ecclesiae
1259 925 1453 958 exaltatione
1467 925 1536 968 pias
1547 925 1584 956 ad
1595 924 1695 956 Deum

963 990 1076 1021 preces
1102 978 1302 1019 effudissent,
1326 990 1456 1012 necnon
1474 979 1506 1011 in
1523 979 1636 1021 sigulis
1654 979 1697 1011 se-

963 1032 1154 1064 stiritatibus
1180 1032 1323 1064 eiusdem
1342 1033 1375 1065 B.
1395 1032 1434 1065 M.
1454 1032 1591 1074 Virginis
1609 1042 1696 1065 eam-

964 1085 1036 1117 dem
1063 1086 1241 1127 cappellam
1258 1085 1379 1127 pariter
1401 1084 1593 1124 visitassent,
1615 1090 1646 1117 et
1662 1090 1697 1116 ut

964 1137 1144 1179 praefertur
1167 1138 1367 1177 oravissent,
1401 1148 1463 1180 quo
1488 1137 1541 1170 die
1565 1137 1696 1180 praedi-

964 1194 1088 1221 ctorum
1114 1190 1146 1222 id
1169 1191 1329 1229 fecissent,
1347 1189 1526 1233 plenariam
1554 1190 1696 1222 omnium

964 1247 1168 1284 peecatorum
1194 1253 1325 1275 suorum
1349 1243 1584 1284 indulgentiam
1602 1247 1634 1274 et
1652 1253 1698 1274 re-

964 1295 1148 1327 missionem
1164 1296 1416 1328 misericorditer
1428 1296 1460 1328 in
1474 1296 1609 1328 Domino
1624 1307 1697 1328 con-

964 1347 1076 1386 cessit3
1100 1348 1173 1389 quia
1197 1358 1271 1381 vero
1290 1349 1328 1380 de
1346 1348 1511 1391 praesenti
1526 1347 1696 1406 consuatur

963 1400 1172 1432 summarium
1191 1400 1464 1442 indulgentiarum
1479 1400 1696 1433 confratribus

964 1457 994 1484 ct
1007 1453 1233 1485 consororibus
1252 1454 1548 1486 confraternitatum
1563 1453 1615 1485 SS,
1635 1453 1696 1485 Ro-

963 1506 1038 1537 sarii
1064 1516 1292 1538 concessarum
1325 1512 1357 1539 ct
1381 1506 1560 1549 respective
1586 1511 1697 1539 aucto-

963 1558 1056 1590 ritate
1081 1559 1259 1601 apostolica
1284 1564 1489 1591 extensarum
1509 1564 1540 1591 et
1563 1559 1697 1601 amplia-

965 1616 1077 1649 tarum,
1098 1611 1227 1652 praevia
1244 1611 1512 1653 Congrcgationis
1533 1611 1698 1643 venerabi-

965 1663 1040 1695 lium
1068 1664 1197 1695 fratrum
1225 1671 1409 1697 nostrorum
1433 1664 1464 1696 S.
1485 1663 1521 1696 R.
1542 1664 1575 1696 E.
1595 1664 1698 1695 cardi-

966 1717 1085 1748 nalium
1122 1716 1333 1758 indulgentiis
1359 1722 1390 1749 et
1414 1717 1514 1749 sacris
1548 1717 1696 1759 reliquiis

966 1769 1223 1811 praepositorum
1242 1769 1474 1812 approbatione
1492 1770 1530 1801 ad
1556 1779 1698 1801 eommu-

966 1832 1037 1853 nem
1055 1822 1224 1854 utilitatem
1250 1822 1512 1864 rmbblicandtum
1531 1832 1571 1854 ne
1593 1822 1631 1854 de
1649 1832 1700 1853 su-

967 1886 1023 1917 pra
1041 1874 1201 1918 expressis
1217 1875 1428 1917 indulgentiis
1445 1881 1476 1908 et
1492 1881 1698 1918 peccatorum

966 1927 1219 1964 seruissionibus,
1236 1928 1507 1970 poenitentiarum
1532 1927 1700 1960 relaxatio-

967 1979 1059 2011 nibus
1085 1980 1223 2012 dubitari
1248 1980 1425 2022 contingat,
1451 1980 1613 2023 praefatus
1639 1980 1701 2011 An-

969 2033 1073 2065 tonius
1098 2032 1250 2074 magister
1275 2033 1436 2074 generalis
1457 2037 1641 2075 opportune
1668 2032 1700 2064 in

968 2085 1151 2127 praemissis
1176 2095 1193 2116 a
1218 2085 1311 2117 nobis
1343 2084 1505 2127 provideri
1532 2090 1564 2116 et
1594 2089 1629 2116 ut
1653 2083 1701 2115 in-
1728 2084 1734 2089 '

969 2137 1012 2168 fra
1035 2137 1195 2179 indulgeri
1229 2138 1403 2180 plurimum
1430 2137 1612 2170 desideret:

1011 2189 1074 2233 §3
1094 2189 1165 2229 Nos,
1187 2190 1248 2231 piis
1275 2190 1373 2232 ipsius
1399 2189 1528 2221 Antonii
1542 2189 1701 2232 -magistri
1713 2196 1898 2244 mffigjsacopffi

969 2242 1131 2284 generalis
1156 2241 1234 2274 votis
1261 2242 1321 2273 bae
1346 2241 1378 2273 in
1403 2252 1436 2273 re
1456 2246 1609 2284 quantum
1632 2250 1778 2276 cumeneo.

970 2295 1104 2327 Domino
1128 2305 1302 2337 possumus
1322 2295 1541 2327 favorabiliter
1561 2305 1704 2327 annuere

969 2350 1125 2387 volentes,
1145 2358 1282 2390 eumque
1307 2358 1323 2380 a
1340 2348 1506 2390 quibusvis
1524 2358 1706 2380 excommu-

971 2401 1707 2443 nicationis,suspensionisetinterdieti‚aliis·

972 2465 1032 2498 que
1052 2453 1281 2487 ecclesiasticis
1311 2453 1488 2493 sententiis
1508 2455 1656 2486 censuris
1675 2459 1708 2486 et

971 2507 1095 2550 poenis,
1109 2518 1125 2539 a
1140 2507 1209 2538 iure
1224 2506 1272 2539 vel
1286 2507 1325 2539 ab
1336 2501 1486 2547 bomine,
1499 2507 1610 2549 quavis
1620 2517 1708 2539 occa-

972 2561 1060 2595 sione
1085 2560 1134 2593 vel
1159 2560 1252 2592 causa
1268 2559 1355 2602 latis,
1381 2559 1406 2592 si
1432 2559 1549 2603 quibus
1574 2569 1709 2603 quomo·
1732 2563 1736 2569 “

1594 185 1656 218 18:⁴5
1703 194 1754 220 An.
1771 194 1799 220 o.
1821 194 1887 221 1679
