2111 3157
176 232 229 259 An.
249 230 365 258 aneso
410 220 477 255 352

369 278 424 321 qui
450 282 499 310 est
524 276 613 310 solus
638 274 791 317 eligibilis
807 274 840 306 in
857 272 913 306 illa
931 272 1106 315 provincia,

371 330 484 374 primis
516 329 598 362 votis
626 327 864 367 committatur;
897 330 940 367 et,
969 325 995 357 si
1022 325 1107 357 sussi-

369 383 488 417 cientia
500 387 572 415 rota
588 380 747 419 habuerit,
762 379 963 421 intelligatur
976 378 1106 417 electus,

369 438 490 479 absque
514 446 553 468 eo
578 434 664 478 quod
695 433 749 466 alii
775 432 838 465 duo
866 442 982 464 urnam
1013 441 1107 473 expe-

369 490 516 528 riantur·‚
542 487 568 520 si
603 497 679 520 vero
715 484 906 518 sufficientia
939 489 1011 517 vota
1042 493 1106 516 non

370 541 533 581 habuerit,
553 546 627 574 tunc
656 537 815 581 suffragiis
843 537 1025 570 subdantur
1051 546 1108 579 po-

370 601 449 635 stea,
475 593 529 637 qui
554 603 614 636 per
638 592 756 624 dictum
788 589 980 624 scrutinium
1011 587 1106 621 electi

370 648 516 687 fuerunt3
543 655 682 689 quorum
707 644 762 688 qui
787 644 882 687 plura
911 647 984 675 vota
1008 652 1106 683 supra

371 700 540 735 dimidium
557 698 716 738 habuerit,
734 697 936 739 intelligatur
954 695 1107 728 delinitor

370 764 430 797 pro
455 753 510 786 illa
534 751 709 796 provincia,
730 760 813 794 quae
836 749 968 782 unicum
993 747 1107 780 habuit

370 807 551 850 praelatum
565 804 754 847 eligibilem.
770 802 858 835 quta
871 801 1104 845 praescriptam

371 859 470 902 igitur
494 858 627 891 sormam
651 855 730 889 siant
758 855 944 898 praedictae
973 853 1106 887 electio—

371 923 442 953 neS‚
469 917 501 945 et
523 920 590 944 non
614 909 717 949 aliter,
743 919 803 941 nee
828 908 891 941 alio
913 907 1021 940 modo.

414 975 472 999 vn.
499 963 618 997 Electis
641 973 717 995 vcro
743 967 775 994 et
798 960 1020 1004 pronunciatis
1052 959 1105 992 de-

370 1017 554 1051 finitoribus
572 1022 603 1049 et
619 1015 825 1058 praesidente
843 1013 1104 1056 capituli‚rursus

370 1070 504 1105 nomina
527 1069 672 1103 omnium
696 1069 914 1111 praelatorum
938 1075 1005 1098 non
1029 1064 1106 1097 deti-

371 1124 513 1157 nitorum
539 1123 600 1165 (iis
626 1121 777 1164 exceptiS,
795 1120 848 1163 qui
874 1118 1035 1162 superiori
1060 1128 1106 1151 ca-

370 1177 474 1220 pitulo
506 1174 695 1209 definitores
727 1178 759 1206 et
790 1177 1039 1210 conservatores,
1070 1181 1105 1203 ae

370 1230 427 1263 illo
451 1228 585 1261 biennio
609 1226 791 1260 visitatores
816 1224 954 1264 fuerint,
990 1228 1021 1257 et
1051 1223 1105 1266 qui

371 1282 466 1316 dietis
492 1279 737 1319 intervenerint,
764 1283 818 1311 aut
841 1278 874 1310 in
900 1278 986 1310 dieta
1010 1276 1104 1309 electi

371 1335 404 1368 in
428 1334 593 1378 praelatos
617 1331 762 1374 fuerint)
794 1330 826 1362 in
858 1330 1019 1362 sacculum
1050 1339 1104 1361 seu

370 1397 483 1421 urnam
507 1385 694 1419 iniieiantur
718 1394 777 1427 pro
802 1382 959 1425 eligendis
976 1391 1106 1414 conser-

370 1441 544 1480 vatoribus,
570 1444 602 1472 et
631 1438 685 1471 fiat
717 1436 925 1475 scrutinium,
951 1440 986 1468 ut
1009 1445 1106 1477 supra

371 1494 494 1527 dictum
530 1496 578 1525 est
612 1491 646 1524 in
680 1489 839 1523 electione
876 1487 1103 1527 definitorum3

372 1553 404 1581 et
426 1547 473 1580 illi
499 1550 640 1588 quatuor
670 1543 754 1586 (duo
785 1541 934 1575 videlieet
964 1551 1001 1574 ex
1033 1551 1106 1584 pro-

373 1600 478 1633 vincia
501 1598 662 1637 Romana,
686 1595 913 1638 Neapolitana,
945 1594 1051 1627 Sicula
1076 1598 1106 1626 et

372 1653 516 1692 Etrusca,
535 1656 567 1684 et
591 1651 654 1683 duo
679 1659 716 1682 ex
734 1649 861 1687 Veneta,
879 1647 1059 1680 Lonibarda
1077 1653 1108 1679 et

372 1706 509 1749 Ligura)
535 1705 567 1737 in
593 1714 673 1747 quos
698 1703 794 1746 plura
816 1700 968 1743 sutfragia
992 1710 1105 1733 conve-

372 1759 489 1799 nerint,
508 1758 603 1791 etiam
621 1756 704 1788 infra
725 1754 902 1794 dimidium,
926 1753 1108 1795 intelligan-

373 1819 425 1846 tur
451 1811 545 1845 electi
568 1812 824 1847 conservatores,
856 1812 888 1839 et
918 1808 1023 1840 locum
1056 1807 1108 1838 lia-

371 1867 471 1899 beant
495 1862 677 1897 immediate
702 1866 775 1904 post
799 1860 997 1893 definitores.

212 1929 360 1976 [Ysp‘i'assim.
415 1929 437 1952 1.
463 1915 676 1950 Pronunciata
700 1914 806 1956 itaque
831 1923 887 1945 seu
907 1912 1069 1956 publicata
1090 1923 1107 1945 a

178 1988 222 2003 rum
236 1983 360 2003 auctorum
371 1970 541 2015 superiore
561 1979 599 2002 ex
615 1966 857 2006 scrutatoribus,
871 1965 966 1999 sociis
980 1966 1108 1998 adstan-

179 2012 205 2055 51¹0
215 2009 361 2054 ¹'⁰ii}i¹,?r².2⁰iu‘1³1i
372 2024 469 2063 tibus,
487 2019 660 2056 electione¹
686 2021 788 2064 patris
813 2018 1035 2062 praesidentis,
1054 2019 1108 2051 dc-

178 2064 355 2088 ffl⁰⁹⁹⁰¹³¹¹⁰⁰⁰⁴
373 2077 537 2110 finitorum
561 2080 593 2109 et
616 2077 891 2112 conservatorum,
917 2072 1024 2104 statim
1050 2082 1108 2104 no-

372 2140 429 2164 vus
452 2128 646 2174 praesidens
666 2127 754 2170 legat
770 2135 909 2170 sequens
933 2124 1107 2168 capitulum

371 2192 480 2217 coram
505 2180 664 2215 omnibus.
902 2210 906 2217 ,-

415 2245 448 2269 11.
474 2234 632 2272 Quoniam
663 2231 703 2265 ad
735 2230 875 2264 officium
904 2229 1107 2263 definitorum

372 2287 514 2332 pertinet
538 2290 654 2319 cuncta
677 2285 711 2317 in
736 2284 880 2327 capitulo
908 2282 1109 2316 occurrentia

372 2346 469 2385 atque
483 2340 522 2373 de
540 2338 801 2382 Congregatione
823 2336 1007 2380 disponere,
1024 2335 1109 2367 ordi-

373 2404 487 2428 namus
512 2392 598 2436 quod
623 2391 811 2424 definitores
844 2389 978 2433 capituli
1013 2398 1110 2430 gene-

373 2447 451 2481 ralis
477 2456 605 2479 omnem
638 2441 944 2488 repraesentantes²
975 2442 1110 2483 Congre-

411 2528 422 2555 1
440 2526 533 2554 Potius
548 2525 619 2560 lege:
638 2533 655 2551 a
670 2524 829 2558 superiore,
845 2522 1054 2550 scrutatoribus
1068 2528 1110 2548 so·

375 2572 428 2599 ciis
443 2570 635 2603 adstantibus,
652 2568 797 2598 electione,
815 2570 867 2593 etc.
885 2567 922 2601 (R.
939 2566 987 2599 T.).

411 2616 427 2643 2
448 2614 537 2645 Potius
556 2614 615 2644 lvge
634 2614 848 2645 repraesentent
863 2613 904 2646 (n.
920 2611 969 2645 T.).

953 224 1134 249 BULLARIUM
1157 225 1309 249 ROMANUM

1892 222 1941 251 An.
1961 223 1991 252 C.
2008 223 2075 253 1680

1151 271 1329 315 gationem‚
1362 271 1506 315 ipsisque
1542 271 1653 305 electis
1687 271 1885 315 intelligatur

1149 325 1254 357 omnis
1268 335 1285 357 a
1299 324 1440 367 capitulo
1455 324 1574 357 tributa
1587 329 1729 368 potestas
1743 337 1751 366 ;
1765 325 1885 360 idcirco

1149 377 1267 417 omnia,
1283 387 1365 420 quae
1381 377 1498 410 suerint
1513 388 1572 421 per
1589 377 1677 420 ipsos
1695 378 1729 411 in
1742 379 1883 422 capitulo

1149 431 1292 471 delinita,
1317 431 1406 463 iuxta
1429 431 1672 474 privilegiorum
1699 436 1884 466 nostrorum

1149 489 1306 525 tenorem,
1337 484 1570 518 inviolabiliter
1600 484 1811 518 observentur
1842 486 1883 518 ab

1148 537 1296 570 omnibus
1320 536 1475 580 praelatis
1499 542 1531 570 et
1554 536 1721 570 monachis
1752 541 1882 571 nostrae

1148 589 1414 633 Congregationis
1438 591 1666 635 cuiuscumque
1684 590 1801 634 gradus
1824 600 1883 624 seu

1148 643 1344 677 conditionis
1370 644 1520 677 existent.

1192 707 1239 730 111.
1264 696 1455 730 Praesidens
1472 697 1567 730 etiam
1584 696 1726 740 capituli,
1745 697 1882 731 durante

1147 749 1252 783 officio
1277 760 1345 790 suo,
1364 749 1473 783 omnia
1490 750 1582 793 signa
1604 749 1880 794 praeeminentiae

1148 808 1209 836 tam
1235 803 1400 846 generalia
1424 813 1519 846 quarn
1543 802 1751 847 particularia
1776 802 1880 845 faeiat,

1148 860 1179 888 et
1204 856 1312 889 locum
1336 856 1537 900 superiorem
1561 861 1690 897 teneat,
1718 855 1880 899 ceterique

1147 909 1344 949 definitores,
1370 909 1504 943 absente
1536 909 1753 953 praesidente,
1785 908 1880 942 etiam

1147 963 1255 996 omnia
1285 961 1377 1005 signa
1408 962 1535 1002 saciant,
1558 967 1594 995 ut
1616 972 1721 1005 supra,
1747 966 1779 995 et
1808 963 1881 995 loca

1147 1015 1317 1059 superiora
1334 1020 1476 1054 teneant,
1495 1015 1555 1047 sibi
1572 1015 1708 1048 invicem
1733 1015 1881 1048 deferen-

1148 1069 1202 1109 do,
1228 1069 1403 1102 secundum
1426 1068 1644 1112 professiones
1669 1079 1794 1102 eorum.

1192 1132 1232 1155 tv.
1257 1121 1374 1154 Electis
1397 1121 1505 1164 itaque
1526 1121 1729 1164 praesidente
1754 1126 1785 1154 et
1809 1121 1882 1155 defi-

1148 1174 1322 1215 nitoribus,
1349 1175 1535 1208 ordinamus
1560 1176 1644 1218 quod
1676 1174 1734 1218 ipsi
1760 1176 1883 1219 praesi-

1148 1228 1236 1262 denti
1262 1228 1388 1261 litterae
1412 1238 1524 1261 omnes
1555 1228 1677 1261 bonum
1702 1228 1883 1271 Congrega-

1148 1282 1243 1315 tionis
1272 1287 1516 1322 concernentes,
1543 1292 1623 1324 quae
1649 1281 1767 1314 fuerint
1790 1292 1882 1325 prae-

1147 1336 1332 1375 sentandae,
1347 1335 1573 1379 porrigantur:
1588 1340 1759 1379 antequam
1775 1340 1881 1368 tamen

1148 1389 1223 1421 inde
1247 1387 1450 1427 recesserint,
1476 1387 1554 1420 fiant
1570 1398 1628 1431 per
1644 1392 1769 1430 patrem
1795 1398 1882 1431 prae-

1148 1441 1306 1473 sidentem
1330 1440 1553 1482 infrascriptae
1579 1440 1835 1481 admonitiones3

1191 1503 1222 1526 v.
1246 1493 1286 1525 Ut
1309 1493 1485 1535 capitulum
1510 1492 1603 1525 citius
1627 1493 1728 1535 possit
1752 1493 1882 1535 expedi·
1918 1497 2072 1518 Admonitionos

1168 1546 1174 1552 .
1364 1545 1369 1550 .
1425 1545 1430 1550 .
1807 1545 1812 1551 ,
1857 1545 1862 1550 ,
1892 1523 2000 1544 faciendae
2036 1529 2072 1550 prr

1148 1557 1199 1586 r1,
1236 1546 1371 1589 praelati
1407 1550 1472 1577 sint
1506 1545 1617 1578 breves
1655 1551 1717 1578 tam
1752 1553 1972 1588 scriptisvatrem
1994 1551 2072 1576 praesi-

1892 1578 1975 1596 nentem
2008 1576 2074 1597 omni-

1149 1610 1245 1642 quam
1262 1609 1350 1638 voce,
1368 1608 1429 1630 nec
1447 1598 1559 1630 eadem
1577 1597 1705 1641 saepius
1722 1602 1880 1641 repetant,
1891 1602 1930 1623 bus
1945 1603 1971 1632 <ie
1983 1603 2074 1632 capituto

1149 1653 1207 1684 sed
1232 1651 1406 1694 superflua,
1425 1656 1456 1684 et
1475 1651 1512 1683 ad
1540 1661 1608 1683 rem
1634 1661 1699 1683 non
1717 1651 1882 1693 pertinen·
1892 1634 2074 1682 ἕῗῑιῗῆηᾶἶίιρὲῗῡῗῑῖ

1149 1705 1201 1744 tia,
1228 1705 1359 1737 evitent.

1192 1768 1234 1790 vi.
1261 1755 1398 1789 Solliciti
1423 1756 1490 1788 sint
1514 1756 1599 1788 circa
1624 1755 1830 1799 disciplinam
1851 1761 1884 1788 et

1149 1810 1332 1852 regularem
1362 1808 1610 1848 observantiam,
1641 1812 1673 1840 ct
1707 1808 1882 1851 praecipue

1149 1863 1189 1895 ad
1214 1862 1321 1895 divina
1346 1861 1450 1894 officia
1471 1861 1523 1893 die
1549 1870 1584 1892 ac
1609 1865 1725 1899 nocte,
1759 1865 1881 1894 attento

1149 1916 1235 1959 quod
1261 1914 1411 1947 monaehi
1437 1913 1623 1946 monasterii
1641 1918 1716 1945 sunt
1735 1913 1767 1945 in
1784 1913 1883 1946 variis

1149 1967 1309 2001 exercitiis
1329 1966 1490 2009 occupati.

1193 2032 1248 2054 vii.
1261 2020 1378 2052 Omnes
1394 2018 1528 2062 praelati
1544 2018 1574 2050 in
1590 2019 1729 2061 capitulo
1745 2019 1885 2051 babeant.

1148 2074 1332 2106 facultatem
1363 2072 1503 2114 eligendi
1536 2071 1595 2104 sibi
1627 2071 1882 2112 confessarium·,

1149 2127 1249 2160 ceteri
1273 2136 1368 2163 vero,
1397 2125 1452 2168 qui
1477 2125 1516 2157 ad
1537 2124 1715 2167 capitulum
1743 2134 1885 2157 accesse-

1149 2180 1223 2218 rint,
1248 2178 1464 2211 confiteantur
1481 2188 1554 2209 cuni
1575 2176 1734 2219 deputatis
1752 2177 1790 2209 ad
1808 2186 1885 2209 con-

1151 2232 1325 2265 fessionem
1359 2236 1421 2262 tam
1453 2230 1484 2262 in
1521 2228 1719 2262 monasterio
1751 2228 1885 2271 capituli

1151 2295 1247 2328 quam
1272 2283 1360 2316 alibi.

1194 2348 1261 2371 vin.
1289 2337 1402 2369 Nullus
1429 2340 1521 2368 exeat
1545 2346 1561 2368 e
1586 2333 1783 2367 monasterio
1814 2334 1885 2366 sine

1151 2390 1282 2423 licentia
1318 2389 1419 2432 patris
1456 2386 1671 2431 praesidentis
1704 2386 1751 2418 vel
1777 2385 1886 2418 vicarii

1152 2442 1296 2485 capituli,
1317 2451 1494 2483 omnesque
1512 2440 1549 2471 ad
1570 2439 1665 2471 vitam
1683 2447 1886 2470 communem

1152 2496 1183 2527 in
1210 2494 1383 2527 refectorio
1405 2493 1611 2530 conveniant,
1631 2496 1661 2523 et
1678 2490 1810 2523 omnino
1829 2490 1888 2522 tol·

1152 2549 1235 2580 latur
1256 2547 1382 2587 abusus,
1401 2546 1426 2578 si
1445 2545 1515 2588 quis
1541 2545 1573 2576 in
1598 2543 1795 2576 contrarium
1819 2542 1888 2577 ino-

1152 2600 1237 2634 levit.
