2111 3157
49 229 101 258 An.
120 227 151 256 C.
172 227 239 255 1685

64 1185 169 1205 statutum
187 1189 219 1205 re·

37 1211 109 1232 fertur.

238 275 400 319 professus
417 286 453 309 ae
474 280 668 319 procurator
681 274 866 319 provinciae
880 275 972 307 Fran-

237 329 306 362 ciac
332 339 387 362 seu
413 330 513 362 sancti
537 328 695 361 Francisci
721 328 819 361 Tertii
842 327 970 360 Ordinis

237 381 382 415 eiusdem
407 381 508 414 saneti
532 381 691 413 Francisci
717 380 889 413 Strictioris
907 379 970 412 Ob-

236 435 418 467 servantiae
445 435 478 467 in
502 434 614 474 Gallia,
642 434 740 477 quod,
757 443 826 465 cum
851 432 883 464 in
908 437 970 465 sta-

234 485 313 518 tutis
339 496 394 518 seu
420 485 706 518 constitutionibus
733 484 809 517 dicti
841 483 969 516 Ordinis

235 549 253 570 a
277 538 358 571 Sede
384 538 570 581 Apostolica
594 537 780 580 approbatis
806 547 871 568 non
898 536 970 568 suis-

234 596 285 623 set
310 591 507 624 sufficienter
538 591 702 633 provisum
737 590 768 621 in
804 594 966 628 eventum,

234 653 298 686 quo
324 653 410 676 mors
430 642 568 675 ministri
586 641 804 684 provincialis,
828 651 862 673 ae
880 651 967 673 mors

233 695 358 738 pariter
389 706 446 727 seu
475 695 597 728 vacatio
630 693 808 727 definitoris
839 693 968 736 provin-

232 747 299 780 ciae
325 748 535 787 huiusmodi,
568 752 738 789 antequam
765 757 822 778 sua
855 756 968 788 respe-

231 800 312 832 ctive
331 800 433 832 officia
454 800 682 843 explevissent,
705 800 875 839 accideret,
891 799 966 831 ideo

231 853 269 885 ad
306 853 451 886 tollenda
483 853 650 895 quaelibet
684 851 964 889 inconvenientia,

231 916 314 949 quae
340 906 456 939 exinde
482 906 559 939 oriri
592 912 733 949 possent,
760 906 964 949 propositum

229 957 289 990 suit
314 963 345 991 et
370 969 387 991 a
413 965 479 992 toto
505 960 646 1002 capitulo
670 959 856 1002 provinciae
878 969 967 1001 prae-

230 1013 314 1046 fatae
350 1013 495 1045 unanimi
533 1022 692 1045 consensu
732 1017 896 1055 receptum
935 1017 967 1044 et

230 1067 404 1099 admissum
422 1071 573 1098 statutum
595 1065 716 1098 tenoris
737 1065 789 1107 qui
809 1065 966 1107 sequitur,

229 1119 399 1152 videlicet:

279 1185 291 1204 α
318 1172 348 1205 Si
373 1172 601 1216 provincialem
628 1172 809 1204 ministrum
841 1171 872 1203 in
898 1171 965 1204 ossi-

231 1226 279 1258 cio
297 1236 355 1258 suo
379 1226 459 1258 mori
485 1225 666 1267 eontigerit,
685 1225 878 1267 giiarilianus
895 1234 966 1257 con-

231 1285 365 1319 ventus,
390 1279 422 1311 ia
455 1289 539 1322 quo,
576 1280 625 1311 vel
658 1278 792 1320 propior
823 1278 883 1311 loci
909 1278 963 1309 ubi

230 1331 359 1371 obierit,
382 1337 413 1364 et
437 1331 630 1364 secretarius
656 1331 807 1370 defuncti,
827 1331 965 1373 seriptu-

229 1394 280 1417 ras
306 1393 526 1427 quascumque
552 1384 590 1416 ad
616 1383 827 1426 provinciam,
846 1387 876 1415 et
897 1382 963 1415 eius

230 1437 295 1469 sive
315 1436 412 1469 totius
436 1435 564 1468 Ordinis
591 1436 728 1478 negocia
753 1441 784 1468 et
807 1435 962 1467 interesse

230 1483 467 1532 quovismodo
493 1494 687 1532 spectantes,
714 1489 785 1521 illas
819 1497 882 1520 non
919 1488 964 1520 le-

231 1543 346 1585 gendo,
372 1541 550 1574 minoribus
574 1541 760 1584 provinciae
780 1545 811 1573 et
828 1551 965 1572 conven-

231 1599 280 1628 tus
305 1595 419 1638 sigillis
444 1595 529 1628 bene
554 1596 704 1635 munitas,
722 1595 761 1627 ad
787 1594 966 1637 provincia—

231 1648 296 1681 lem
311 1649 425 1682 ultimo
441 1648 634 1686 absolutum,
654 1648 713 1686 vel,
733 1658 770 1680 eo
786 1646 964 1685 deficiente,

232 1701 271 1733 ad
290 1701 507 1744 antiquiorem
525 1701 557 1732 in
578 1700 737 1742 religione
754 1704 890 1742 patrem,
912 1699 965 1741 qui

233 1753 504 1795 provincialatus,
530 1753 602 1791 vel,
630 1763 667 1784 eo
693 1751 886 1790 deficiente,
914 1751 966 1793 qui

232 1806 404 1838 vicariatus
429 1805 626 1848 provinciae,
647 1807 708 1843 vel,
730 1806 899 1848 utriusque
919 1806 968 1837 de-

233 1860 329 1898 fectu,
347 1858 399 1902 qui
426 1858 661 1891 definitoriatus
684 1858 823 1890 officium
843 1859 968 1889 functus

234 1911 338 1951 suerit,
359 1913 422 1943 una
439 1922 510 1943 cum
531 1911 647 1953 sigillis
668 1910 862 1953 provinciae,
882 1911 970 1942 det'e-

234 1969 307 1997 rant
324 1969 355 1997 et
377 1964 581 2006 consignent.
605 1964 774 1996 Praedicta
792 1969 896 1995 autem
916 1964 968 2006 qui

235 2018 409 2061 receperit,
433 2018 539 2049 statim
574 2017 753 2050 ministrum
785 2019 970 2057 generalem

237 2072 276 2104 de
313 2071 366 2104 tali
392 2071 483 2104 obitu
508 2071 711 2109 admonebit,
740 2071 810 2113 qui,
838 2071 862 2102 si
890 2071 972 2102 iutra

236 2125 331 2157 trium
357 2124 482 2156 dierum
508 2124 723 2156 itinerationis
742 2124 879 2166 spatium
898 2134 972 2156 eou-

238 2178 339 2216 sistat,
365 2177 578 2209 consulendus
604 2177 665 2209 erit
689 2187 786 2218 supra
812 2177 971 2209 electione

238 2229 348 2263 vicarii
381 2229 606 2272 provincialis,
645 2234 674 2261 et
709 2229 778 2261 eius
803 2228 972 2272 responsio

240 2282 449 2325 expectanda,
470 2281 546 2314 velit
562 2280 619 2314 an¹
638 2292 743 2324 perse
759 2281 862 2314 eidem
880 2292 974 2324 prae-

241 2345 312 2368 esse
338 2345 399 2367 nec
422 2345 483 2374 ne;
510 2335 536 2366 si
561 2341 666 2366 autem
705 2334 832 2376 longius
869 2335 971 2373 absit,

241 2398 280 2421 eo
305 2389 500 2427 incunsulto,
526 2388 608 2419 intra
634 2387 775 2430 quinque
802 2387 976 2420 hebdoma-

243 2441 353 2474 darum
379 2441 518 2484 spatium
544 2441 582 2473 ad
608 2451 775 2479 summum,
795 2445 826 2472 et
843 2441 933 2473 citius
951 2441 975 2472 si

241 2493 312 2526 fieri
333 2500 449 2537 potest,
466 2494 502 2534 is,
521 2495 559 2526 ad
586 2504 679 2537 quem
700 2493 884 2536 praedictae
906 2494 977 2525 scri-

243 2552 356 2590 pturae
383 2548 508 2580 delatae
534 2548 663 2587 suerint,
690 2547 882 2580 convocabit
906 2546 977 2580 defi-

281 2609 292 2636 ¹
314 2608 369 2635 Vox
390 2618 427 2635 αη
449 2608 561 2636 delenda
580 2609 680 2644 (n.·r.).

815 226 890 252 iNNo
897 225 1029 250 CENTIUS
1050 226 1081 249 XI
1105 225 1154 249 1³1⁵.

1015 273 1167 306 nitoriurn
1194 282 1231 305 ex
1257 271 1407 305 omnibus
1433 281 1565 304 ommno
1598 269 1750 303 definito-

1014 326 1103 358 ribus
1140 331 1202 359 tam
1235 325 1412 358 actualibus
1449 335 1542 368 quam
1568 322 1744 363 absolutis,

1013 389 1139 411 necnon
1176 390 1213 411 ex
1238 379 1492 422 quibuscumque
1528 376 1748 420 exprovincia-

1014 431 1096 464 libus
1135 432 1409 475 componendum.
1450 431 1480 464 Si
1525 437 1632 463 autem
1671 440 1747 463 casu

1012 484 1170 523 evenerit,
1198 489 1234 516 ut
1258 484 1291 516 hi
1318 494 1428 517 omnes
1453 484 1491 516 ad
1519 484 1629 516 decern
1654 488 1747 515 voto-

1011 546 1080 568 rum
1117 547 1287 570 numerum
1326 548 1391 570 non
1428 537 1631 576 accederent,
1670 542 1747 569 tunc

1011 589 1210 631 antiquiores
1226 600 1261 622 ex
1277 590 1454 622 actualibus
1473 589 1658 632 guardianis
1672 589 1748 622 sub-

1012 649 1204 683 rogarentur
1239 653 1341 685 usque
1379 643 1417 675 ad
1449 642 1629 685 praefixum
1659 643 1747 675 huno

1011 693 1123 726 decem
1160 700 1308 727 votorum
1346 706 1538 735 numerum,
1563 695 1672 739 sicque
1707 696 1747 727 ad

1010 745 1127 778 dietam
1159 747 1267 779 vicarii
1304 748 1515 790 provincialis
1553 748 1746 781 electionem

1009 799 1235 841 procederent.
1264 801 1297 832 ln
1323 812 1385 843 qua
1421 801 1551 843 quidem
1587 802 1745 834 electione

1010 852 1146 894 praefati
1188 863 1301 886 omnes
1342 853 1527 885 huiusmodi
1573 853 1746 886 delinitorii

1009 905 1176 937 convocati
1196 911 1303 938 votum
1321 906 1457 938 activum
1479 906 1655 945 habebunt,
1677 917 1748 948 pas⁴

1009 958 1109 991 sivum
1145 970 1222 992 vero
1262 970 1373 992 omnes
1412 960 1466 1002 qui
1506 959 1592 991 iuxta
1632 960 1744 992 eadem
1789 958 1791 960 ’

1009 1017 1125 1044 statuta
1160 1013 1199 1045 ad
1235 1013 1503 1055 provincialatum
1545 1013 1679 1045 habent.
1715 1012 1745 1045 Si

1010 1070 1117 1098 tamen
1141 1066 1306 1099 residuum
1332 1072 1466 1109 tempus,
1485 1066 1524 1099 ab
1546 1066 1635 1099 obitu
1654 1066 1747 1098 mini-

1009 1118 1066 1150 stri
1093 1119 1303 1161 provincialis
1329 1120 1366 1152 ad
1392 1120 1538 1162 proxime
1573 1119 1671 1151 futuri
1697 1129 1748 1151 ca-

1009 1171 1101 1214 pituli
1137 1182 1196 1214 per
1230 1172 1314 1205 dicta
1350 1178 1470 1205 statuta
1508 1172 1744 1215 praescriptum

1009 1228 1135 1266 tempus
1177 1226 1384 1263 celebrandi,
1424 1230 1547 1268 septem
1587 1225 1746 1257 mensium

1008 1277 1145 1318 spatium
1172 1288 1234 1310 non
1261 1278 1405 1317 excedat,
1433 1283 1497 1310 tum
1526 1277 1746 1320 evprovincia-

1007 1329 1068 1366 lis,
1094 1331 1142 1361 vel
1169 1331 1250 1361 alius
1283 1330 1315 1362 in
1346 1330 1436 1362 cuius
1464 1330 1612 1362 manibus
1637 1330 1743 1362 eonsi-

1007 1387 1119 1423 gnatae
1146 1382 1283 1414 fuissent
1319 1382 1421 1415 dietae
1458 1383 1634 1425 scripturae
1667 1393 1740 1415 eum

1007 1433 1122 1475 sigillis
1148 1435 1347 1477 provinciae,
1372 1435 1507 1467 vicarius
1531 1435 1740 1477 provincialis

1006 1486 1076 1529 ipso
1103 1488 1184 1519 sacto
1210 1492 1408 1527 censeretur,
1435 1492 1467 1519 et
1481 1488 1539 1519 sub
1565 1488 1628 1519 hoc
1654 1488 1746 1520 titulo

1007 1539 1208 1583 provinciam
1234 1552 1304 1573 eum
1328 1541 1513 1573 omnimoda
1531 1545 1561 1572 et
1582 1541 1747 1573 ordinaria

1008 1593 1257 1635 provincialatus
1279 1593 1465 1626 auctoritate
1485 1593 1691 1634 gubernaret.
1712 1593 1747 1625 ln

1009 1645 1150 1687 capitulo
1177 1652 1284 1678 autem
1309 1646 1454 1688 proxime
1480 1646 1638 1689 sequenti,
1659 1645 1685 1677 si
1703 1646 1749 1678 vi-

1010 1698 1113 1729 carius
1140 1698 1349 1741 provincialis
1375 1700 1496 1731 ele-etus
1533 1699 1666 1731 biennio
1701 1698 1749 1730 in-

1012 1756 1112 1791 tegro,
1139 1762 1197 1782 seu
1223 1751 1253 1782 in
1276 1751 1403 1783 duobus
1422 1751 1615 1783 definitoriis
1635 1761 1734 1784 conse

1011 1803 1132 1841 cutivis,
1159 1804 1346 1845 provinciae
1366 1804 1533 1835 vicariatus
1555 1804 1659 1836 officio
1685 1804 1751 1835 sun-

1012 1861 1082 1887 ctus
1110 1856 1211 1895 suerit,
1239 1857 1277 1889 ad
1303 1857 1569 1899 provincialatum
1597 1857 1672 1899 eligi
1692 1857 1750 1888 mi-

1013 1910 1098 1941 nime
1125 1910 1250 1951 poterit,
1276 1912 1331 1942 sed
1360 1915 1424 1942 toto
1455 1910 1596 1942 triennio
1623 1910 1749 1952 integro

1014 1963 1161 2004 sequenti
1197 1963 1489 2005 exprovineialatus
1520 1963 1642 1994 iuribus
1675 1973 1751 2004 gau-

1015 2015 1111 2054 denir,
1139 2015 1164 2046 si
1191 2026 1265 2048 vero
1299 2016 1380 2047 iufra
1411 2015 1578 2048 biennium
1615 2015 1748 2054 rexerit,

1016 2074 1090 2099 tune
1112 2069 1149 2100 ad
1175 2069 1454 2111 provincialatum‚
1488 2073 1541 2100 aut
1566 2068 1628 2101 alia
1653 2078 1752 2111 quae-

1015 2132 1152 2164 cumque
1178 2122 1281 2153 ossiria
1307 2122 1381 2163 eligi
1408 2122 1539 2164 poterit,
1567 2122 1657 2154 nullo
1679 2131 1752 2164 pro-

1016 2176 1089 2208 inde
1116 2175 1402 2218 exprovincialium
1434 2175 1505 2207 iure
1536 2175 1692 2218 gaudens.
1720 2175 1752 2207 Si

1017 2229 1087 2272 quis
1114 2235 1219 2261 autem
1246 2229 1396 2261 definitor
1421 2229 1553 2261 actualis
1579 2228 1750 2266 moriatur,

1017 2288 1070 2314 aut
1094 2283 1154 2314 alia
1179 2281 1303 2313 ratione
1329 2281 1465 2313 iuridiea
1486 2281 1657 2321 vacaverit,
1684 2281 1753 2314 eius

1018 2336 1089 2367 loco
1116 2335 1313 2377 subrogetur
1338 2340 1369 2366 et
1402 2345 1462 2377 pro
1495 2335 1669 2376 subrogato
1695 2334 1753 2366 ba-

1018 2389 1130 2420 beatur
1154 2388 1223 2430 ipso
1249 2388 1330 2419 sacto
1350 2388 1380 2419 in
1402 2387 1566 2429 provincia
1590 2386 1755 2429 antiquior

1019 2446 1120 2483 patr—r,
1147 2440 1199 2481 qui
1225 2439 1485 2482 provincialatus,
1501 2440 1558 2479 vel,
1574 2439 1641 2471 eius
1667 2439 1755 2471 dese-

1020 2500 1082 2530 etu,
1098 2493 1266 2525 vicariatus
1290 2493 1505 2535 proriucialis,
1527 2498 1567 2532 et,
1586 2492 1754 2534 utriusque

1021 2547 1157 2584 defertu,
1180 2546 1233 2588 qui
1261 2545 1495 2577 delinitoriatus
1522 2556 1653 2577 munere
1675 2545 1754 2576 alias

995 2590 1121 2640 ll'uneti
1146 2605 1230 2631 sunt.
1257 2598 1288 2631 Si
1317 2609 1394 2633 vero
1427 2599 1460 2631 hi
1497 2609 1608 2631 omnes
1645 2598 1754 2629 desen*

1638 211 1702 245 587
1748 223 1800 248 An.
1817 220 1845 249 c.
1869 221 1939 249 1634
