2111 3157
1 186 30 222 ii.
40 192 71 220 c.
94 190 160 218 ¹688

756 184 969 211 ttx'NOCErtrms
990 185 1022 209 xt
1047 184 1096 209 Pr„

168 237 309 279 negociis
330 248 414 281 pene
432 236 580 270 omnibus
604 241 636 270 et
661 235 841 279 sumptibus
858 234 895 267 ad

167 290 286 334 prioris
311 300 438 334 semper
462 289 598 324 recurrit
622 289 810 327 consilium,
838 297 898 320 nec

167 343 288 386 grande
320 343 442 387 aliquid
475 348 606 386 praeter
642 342 710 375 eius
735 340 896 374 licentiam

166 406 270 437 agere,
285 396 435 435 vendere.
451 406 568 435 emere,
584 394 793 428 accomodare
810 402 898 436 prae-

166 453 282 487 sumat,
303 454 358 481 aut
379 450 512 489 donare;
531 448 721 480 munuscula
740 452 846 479 tamen
867 451 898 478 et

166 499 291 533 litteras
309 501 451 545 recipere
472 505 581 545 potest
596 501 644 533 vel
663 499 817 541 dirigere;
832 509 895 531 non

165 552 263 585 debet
287 554 456 597 pecuniam
482 559 593 586 mutuo
618 553 707 591 dare,
733 552 783 584 vel
816 551 898 583 acci-

164 616 255 649 pere,
274 611 329 639 aut
349 606 496 650 deposita
520 604 896 646 custodiendarecipere,

164 658 224 692 nisi
251 659 372 692 sciente
403 664 434 692 et
463 659 682 692 consentiente
718 655 844 699 priore:
866 661 897 688 et

164 712 190 744 si
209 712 289 745 sorte
315 723 351 745 ex
376 714 467 745 causa
493 710 663 754 receperit,
679 710 728 742 vel
752 715 895 749 mutuum

163 766 325 808 acceperit
347 771 400 798 aut
425 765 574 804 dederit,
601 775 696 808 quam
720 763 814 796 citius
840 773 897 806 po-

164 823 233 858 test,
255 818 353 851 debet
377 818 438 851 hoe
461 817 667 850 manifestare
692 817 805 860 priori.

205 882 235 904 v.
257 870 288 904 Si
307 870 421 904 domus
447 870 554 915 aliqua
579 870 678 904 nostri
699 870 827 903 Ordinis
853 870 896 902 ul-

163 928 210 962 tra
245 934 335 957 suam
371 924 590 967 provisionem
626 924 734 957 vinum
768 923 895 963 habeat,

161 978 247 1021 quod
265 977 403 1011 vendere
421 978 509 1017 velit,
527 982 726 1021 procurator,
742 978 779 1010 de
797 978 896 1011 licen-

162 1032 204 1064 tia
224 1031 352 1075 prioris,
375 1031 454 1064 illud
481 1031 512 1063 in
539 1041 650 1073 grosso
675 1032 814 1064 vendere
839 1042 896 1074 po-

162 1085 256 1117 terit:
290 1085 350 1121 vel.
366 1084 390 1117 si
416 1084 479 1117 lior,
506 1085 672 1118 commode
699 1085 804 1117 facere
829 1095 895 1117 non

161 1143 272 1181 potest
295 1138 365 1171 sine
390 1148 506 1179 magno
531 1138 645 1171 domus
677 1138 894 1177 incommodo,

160 1192 282 1236 poterit
305 1191 400 1224 vendi
431 1192 464 1223 in
496 1191 618 1224 minuto
653 1191 683 1223 in
716 1191 896 1223 civitatibus

161 1256 215 1278 seu
233 1244 326 1283 villis,
344 1250 397 1277 aut
414 1244 492 1278 locis
512 1244 591 1283 aliis,
606 1249 693 1277 extra
714 1249 820 1277 tamen
846 1255 896 1277 se-

160 1304 215 1340 pta
232 1297 420 1330 monasterii
446 1297 513 1329 sui:
532 1297 662 1340 proviso
684 1297 779 1329 etiam
809 1298 895 1340 quod

161 1361 221 1394 per
251 1350 390 1393 aliquem
422 1349 519 1382 fidum
553 1350 749 1382 saecularem
775 1355 803 1381 et
830 1360 894 1382 non

160 1413 219 1446 per
243 1403 382 1446 aliquam
408 1412 578 1446 personam
604 1401 740 1442 Ordinis,
768 1403 896 1445 dispon-

160 1456 327 1490 sabitur'in
343 1455 511 1497 mensuris,
528 1460 561 1488 ut
574 1456 668 1489 moris
683 1461 729 1489 est
749 1456 805 1499 (a),
819 1456 894 1488 alibi

160 1508 350 1542 hibendum.

205 1572 247 1595 vt.
263 1561 399 1602 Pannos,
417 1561 538 1595 serrum
564 1566 595 1595 et
619 1562 736 1594 similia
754 1572 837 1605 quae
856 1563 893 1595 ad

163 1615 347 1656 generalem
363 1614 475 1647 domus
490 1614 707 1657 provisionem
722 1615 894 1657 pertinent,

162 1668 317 1708 custodit;
335 1673 460 1700 veteres
480 1673 511 1700 et
536 1667 668 1700 detritas
692 1673 798 1700 vestes
819 1668 895 1700 dare

161 1726 270 1764 potest
294 1720 501 1764 pauperibus,
524 1730 587 1753 non
613 1731 730 1761 novas,
757 1731 817 1753 nec
840 1732 896 1764 pc-

163 1774 289 1807 cuniam
313 1776 396 1808 ultra
421 1774 634 1817 quantitatem
661 1774 721 1806 sibi
747 1785 764 1806 a
789 1775 895 1817 priore

161 1827 342 1869 praelixam,
368 1837 427 1860 nec
452 1827 545 1858 alicui
566 1836 693 1858 caseum
718 1827 892 1869 integrum.

161 1879 194 1912 ln
213 1879 353 1921 grangiis
369 1878 526 1922 proximis
545 1889 709 1921 nunquam
729 1879 818 1920 iacet,
840 1880 893 1912 sed

161 1932 333 1965 comedere
357 1937 476 1975 potest.

204 1996 259 2019 vu.
279 1985 332 2024 Ea,
353 1995 435 2028 quae
453 1984 545 2018 nobis
570 1985 731 2018 debentur
755 1996 790 2018 ex
810 1986 895 2018 ordi-

161 2048 200 2071 ne
217 2038 271 2080 (b),
289 2048 306 2070 a
322 2042 533 2081 procuratore
548 2047 613 2070 non
629 2048 645 2070 a
659 2038 767 2080 priore
785 2044 895 2081 peten-

162 2092 201 2124 da
217 2096 302 2130 sunt,
328 2091 389 2123 nisi
414 2091 497 2123 sorte
523 2101 594 2123 cum
611 2097 802 2134 procurator
819 2092 893 2124 dare

160 2144 313 2177 noluerit.
332 2143 468 2186 Propter
486 2143 547 2176 boc
565 2148 671 2176 tamen
690 2154 754 2176 non
773 2144 894 2177 intrant

160 2197 312 2231 monachi
344 2197 430 2230 illius
460 2198 574 2230 cellam
607 2198 728 2240 absque
760 2198 892 2240 speciali

161 2281 163 2283 ·
195 2270 224 2299 α)
243 2268 340 2295 Vinum
357 2268 394 2295 sie
410 2268 435 2295 in
452 2267 585 2295 mensuris
605 2267 752 2300 venditum,
769 2268 831 2295 alibi
853 2269 893 2295 lii-

161 2312 278 2340 bendum
298 2313 405 2346 diritur,
431 2321 465 2340 ne
487 2313 512 2339 in
538 2313 661 2340 domibus
680 2313 787 2339 Oril'inis
806 2313 894 2348 aliqua

160 2358 287 2385 tabernae
302 2357 407 2393 species
422 2361 561 2392 appareat.

195 2403 221 2435 b)
242 2402 334 2429 Debita
350 2410 380 2428 ex
400 2402 493 2429 ordine
509 2410 539 2428 ea
558 2405 621 2428 sunt
642 2409 710 2437 quae
732 2402 764 2429 ad
781 2403 895 2430 necessi-

162 2450 230 2473 tates
252 2454 408 2473 communes
432 2449 563 2480 spectant,
579 2450 605 2472 et
628 2445 707 2472 latius
732 2446 758 2472 in
779 2448 895 2482 antiquis

162 2490 267 2517 statutis
287 2491 480 2525 exprimuntur.
506 2489 561 2516 Non
588 2494 681 2525 putent
702 2499 766 2525 ergo
793 2492 896 2525 priores

162 2534 215 2561 sibi
236 2535 321 2567 licere
340 2535 410 2562 ultra
429 2535 454 2561 id
475 2534 575 2570 aliquid
596 2535 660 2561 dare
681 2535 828 2569 monachis,
849 2540 896 2562 aut

163 2579 286 2610 monachi
305 2580 441 2612 accinet-e,
458 2579 559 2613 absque
574 2579 680 2607 licentia
701 2579 859 2616 superioris.

939 232 1078 273 licentia,
1102 241 1162 266 nec
1185 231 1270 266 aliud
1287 230 1410 265 habent
1425 241 1497 265 cum
1521 231 1578 265 illo
1603 233 1671 266 col-

939 286 1095 329 loquium.

982 348 1049 372 vtu.
1065 339 1146 372 Sede
1170 339 1289 383 prioris
1310 346 1451 381 vacante,
1467 341 1578 375 cellam
1604 342 1672 376 eius

940 392 1080 425 custodit
1103 398 1306 436 procurator,
1333 399 1364 427 et
1388 404 1439 427 res
1473 395 1503 427 in
1536 397 1573 429 ea
1597 405 1674 429 con-

940 449 1045 478 tentas
1071 446 1210 487 integre.

982 508 1024 531 tx.
1058 498 1250 532 Procurator
1281 499 1378 533 debet
1407 501 1494 533 omni
1527 507 1672 546 tempore

933 550 1116 583 'monachos
1143 551 1288 585 infirmos
1318 553 1457 593 visitare,
1487 556 1540 598 qui
1570 558 1674 590 eccle-

939 603 1016 635 siam
1036 604 1226 638 dimiserunt
1243 617 1250 645 ;
1271 612 1301 638 ot
1319 617 1395 650 erga
1413 619 1469 641 eos
1486 609 1624 653 diligens
1641 615 1673 643 et

939 656 1099 698 benignus
1130 667 1218 698 esse;
1249 659 1329 692 alias
1359 671 1423 694 non
1451 662 1557 695 visitat
1585 664 1672 704 illos

938 718 997 741 nec
1016 710 1144 742 illorum
1161 712 1258 745 cellas
1276 712 1469 755 ingreditur,
1488 716 1557 749 sine
1575 717 1675 750 licen—

939 762 992 801 tia,
1010 772 1070 795 nec
1094 774 1166 796 cum
1192 765 1237 797 eis
1262 765 1351 809 loqui
1378 773 1483 810 potest
1508 775 1599 803 extra
1616 769 1676 803 cel·

938 815 1010 855 lam,
1029 815 1090 848 nisi
1119 816 1280 850 invenerit
1308 829 1362 852 eos
1391 821 1593 865 colloquium
1621 823 1676 856 ba-

938 868 1053 901 bentes
1083 869 1121 902 de
1147 870 1279 904 licentia
1304 873 1519 915 praesidentis
1541 876 1608 918 (α);
1635 877 1675 909 ad

937 921 1055 954 ostium
1080 927 1187 955 tamen
1213 929 1322 966 potest
1339 936 1440 968 pauca
1456 927 1555 960 verba
1572 929 1673 972 loqui.

980 985 1010 1007 x.
1038 974 1230 1009 Prociwaior
1253 978 1422 1020 providere
1449 979 1556 1020 debet,
1575 992 1677 1025 quan-

939 1032 1005 1060 tum
1039 1034 1166 1070 potest,
1199 1034 1231 1061 ut
1265 1032 1434 1073 portiones
1466 1034 1674 1076 pitantiarum

939 1080 1002 1112 sint
1019 1082 1190 1123 aequales:
1210 1087 1238 1115 et
1258 1090 1442 1127 propterea,
1458 1092 1677 1130 quantumnc-

939 1133 1029 1174 gocia
1065 1134 1180 1166 (lomus
1211 1137 1422 1178 permittunt,
1455 1139 1599 1181 pitantiis
1632 1141 1676 1174 sa-

939 1186 1063 1218 ciendis
1083 1186 1237 1221 interesse
1256 1190 1364 1230 debet3
1384 1201 1548 1235 nunquam
1568 1200 1675 1227 autem

939 1239 1082 1271 comedit
1107 1240 1136 1271 in
1164 1242 1316 1284 coquina,
1336 1245 1390 1277 sed
1410 1245 1484 1277 alibi
1503 1252 1622 1289 potest.

982 1302 1023 1325 xt.
1052 1292 1245 1326 Procurator
1271 1296 1385 1329 diebus
1407 1298 1536 1341 capituli
1554 1301 1620 1333 exit
1636 1301 1676 1334 (le

939 1345 1076 1377 ecclesi-[1
1101 1356 1248 1388 congruo
1267 1353 1413 1392 tempore
1439 1351 1477 1383 ad
1504 1353 1677 1394 providen-

939 1397 1013 1430 dum
1035 1409 1074 1430 ne
1096 1399 1170 1442 quid
1197 1400 1278 1432 (lesit
1297 1403 1414 1435 mensis
1437 1404 1674 1447 1·0tt2‹:torii;in

939 1461 1001 1493 quo
1028 1456 1115 1483 tenet
1139 1452 1286 1485 ultimum
1314 1455 1419 1488 locum
1452 1467 1468 1488 a
1501 1463 1591 1500 parte
1625 1469 1662 1492 co

939 1504 1066 1546 quinae,
1105 1506 1154 1538 vel
1191 1507 1369 1541 secundum
1406 1511 1676 1544 consuetudinem

939 1558 1062 1597 domus,
1090 1563 1121 1590 et
1146 1560 1297 1592 scutellas
1318 1562 1453 1604 apponit
1471 1568 1502 1596 et
1520 1570 1670 1597 removet-

980 1620 1034 1643 xu.
1079 1610 1271 1644 Procurator
1306 1618 1337 1646 et
1377 1615 1476 1647 ceteri
1521 1616 1675 1650 officiales

938 1663 1107 1696 domorum
1134 1665 1163 1696 iu
1190 1665 1334 1707 pitantiis
1360 1668 1535 1701 ordinariis
1555 1675 1583 1702 et
1604 1680 1662 1713 gra

941 1716 1009 1749 uis*
1036 1727 1100 1750 non
1127 1718 1277 1751 different
1302 1731 1318 1752 a
1344 1721 1472 1754 ceteris.

980 1779 1049 1802 xut.
1078 1770 1268 1804 Procurator
1285 1779 1419 1817 propter
1437 1775 1594 1818 hospites,
1621 1776 1675 1820 qui

939 1828 1094 1864 manent,
1123 1824 1329 1859 refectorium
1355 1826 1507 1866 dimittit,
1541 1829 1675 1863 absente

938 1877 1060 1918 priore;
1075 1878 1170 1919 quod,
1192 1888 1229 1910 eo
1247 1884 1430 1921 praesente,
1449 1880 1509 1912 nisi
1530 1881 1674 1923 iubente,

938 1930 1041 1962 sarcre
1068 1940 1131 1963 non
1158 1937 1354 1973 praesumat.
1372 1933 1459 1966 Circa
1478 1944 1559 1977 quos
1579 1936 1676 1968 debet

938 1993 1010 2015 esse
1036 1983 1200 2022 sollicitus,
1228 1990 1259 2016 et
1278 1985 1400 2027 primus
1425 1987 1675 2022 advenientibus

937 2046 1122 2075 occurrere,
1148 2046 1183 2068 ac
1208 2036 1246 2069 de
1271 2038 1351 2071 cibis
1377 2044 1407 2071 et
1439 2040 1531 2072 lectis
1563 2051 1674 2074 corum

938 2090 1175 2132 providentiam
1213 2091 1355 2131 habere,
1382 2103 1504 2136 eosque
1529 2093 1671 2128 visitare.

938 2144 1127 2177 Procurator
1160 2155 1225 2177 non
1257 2145 1373 2187 passim
1399 2150 1430 2178 et
1455 2146 1675 2181 indifferenter

938 2198 1087 2232 comedat
1123 2208 1193 2230 cum
1219 2198 1394 2238 omnibus,
1420 2200 1476 2231 scd
1509 2200 1675 2233 dumtaxat

938 2262 1009 2283 cum
1036 2251 1183 2294 personis
1209 2251 1373 2290 honestis,
1399 2263 1435 2284 ac
1462 2253 1580 2285 talibus
1605 2255 1676 2296 qui-

938 2305 996 2337 bus
1018 2305 1080 2337 hoc
1104 2304 1271 2337 commode
1293 2315 1413 2347 negare
1439 2315 1502 2338 non
1528 2306 1671 2349 poterit:

938 2368 1007 2390 cum
1033 2357 1149 2400 quibus
1174 2362 1291 2399 quanto
1317 2358 1415 2390 ratius
1434 2359 1564 2401 poterit,
1586 2364 1673 2393 tanto

937 2412 1051 2444 melius
1077 2410 1149 2443 crit.

981 2474 1043 2497 xiv.
1072 2463 1149 2497 Post
1173 2464 1310 2497 Primam
1336 2465 1504 2505 conversi,
1529 2465 1583 2508 qui
1606 2476 1672 2502 non

972 2535 1002 2569 a)
1022 2534 1072 2561 Soli
1090 2535 1254 2570 procuratori
1271 2534 1366 2562 domus
1382 2534 1407 2561 id
1423 2535 1494 2562 lieet.

974 2581 984 2607 ί
1003 2579 1114 2608 Videtur
1130 2579 1234 2617 legend.
1250 2580 1373 2616 yrcisciis
1388 2581 1428 2608 ret
1445 2581 1566 2617 yrassiie
1575 2581 1671 2618 (ΙΙ-Ἡ).

1570 173 1628 208 8¹11
1677 183 1727 211 An.
1743 184 1773 212 c.
1795 185 1861 212 1088
