2111 3157
0 167 49 195 An.
65 165 98 195 C.
115 165 184 194 1678

15 2314 169 2337 Contrariorum

0 2340 106 2368 lei-ozano.

185 216 385 260 privilegiata
409 216 515 257 causa,
539 215 665 257 colore,
691 219 858 259 praetextu
883 219 915 246 et

186 269 298 312 capite,
324 270 418 303 etiam
452 270 485 303 in
515 280 652 313 corpore
682 269 759 301 iuris
791 269 913 305 clauso,

187 321 281 354 etiam
306 322 458 362 enormis,
483 321 724 355 endrmissimae
749 325 781 353 et
807 319 914 352 totalis

185 374 348 415 laesionis,
366 375 454 407 nullo
467 383 608 416 unquam
625 378 770 415 tempore
788 371 826 404 de
840 370 914 402 sub-

184 426 341 469 reptionis
374 427 426 459 vel
450 425 651 468 obreptionis
679 429 733 457 aut
756 422 913 455 nullitatis

184 478 272 518 vitio,
298 483 351 511 aut
381 477 569 511 intentionis
593 482 721 510 nostrae
753 477 803 509 vel
832 476 913 508 inte-

183 541 272 564 resse
293 531 482 564 habentium
499 540 686 570 consensus,
710 529 810 562 aliove
834 537 914 570 quo·

184 583 264 616 libet
295 584 391 616 etiam
416 583 618 626 quantumvis
643 592 761 625 magno
786 586 818 615 et
841 583 914 614 sub·
931 594 937 611 .-

184 636 325 668 stantiflli
351 646 386 668 ae
416 635 593 677 incogitato
618 639 650 667 et
673 634 911 675 inexcogitabili

183 686 445 730 individuamque
469 686 709 729 expressionem
726 687 912 728 requirente

183 739 308 771 defectu
334 739 455 778 notari,
480 738 672 781 impugnari,
698 738 843 781 infringi,
862 749 912 770 re-

182 791 324 830 tractari,
347 791 379 823 in
397 790 644 823 controversiam
661 791 777 828 vocari,
804 796 856 822 aut
873 790 911 822 ad

182 843 338 875 terminos
357 843 433 874 iuris
457 843 578 882 reduci,
600 853 654 874 seu
673 843 825 875 adversus
842 843 912 875 illas

182 895 368 937 aperitionis
377 895 451 934 oris,
465 894 675 927 restitutionis
693 895 725 926 in
739 895 910 936 integrum,

182 947 310 980 aliudve
337 948 560 990 quodcumque
585 947 672 986 iuris,
692 947 764 979 facti
782 949 831 980 vel
847 958 913 989 gra-

181 999 243 1031 tiae
266 999 442 1032 remedium
475 999 628 1031 intentari
657 1000 706 1032 vel
735 999 912 1042 impetrari,

181 1056 235 1084 aut
257 1051 439 1094 impetrato,
461 1062 515 1084 seu
535 1051 632 1083 etiam
656 1057 754 1091 motu,
779 1052 913 1085 scientia

182 1109 213 1136 et
236 1104 403 1146 potestatis
438 1104 641 1146 plenitudine
673 1104 805 1146 paribus
837 1115 912 1137 con-

181 1166 271 1188 cesso
295 1157 344 1188 vel
359 1161 517 1194 emanato,
536 1156 718 1199 quempiam
743 1157 775 1189 in
793 1157 911 1190 iudicio

180 1208 229 1240 vel
254 1213 343 1240 extra
368 1208 448 1240 illud
483 1208 530 1239 uti
563 1218 621 1240 seu
654 1218 688 1241 se
713 1209 820 1241 iuvare
844 1210 910 1242 ullo

180 1260 276 1292 modo
301 1270 416 1302 posse,
444 1260 501 1292 sed
534 1260 619 1302 ipsas
648 1266 834 1302 praesentes
862 1262 912 1293 lit-

180 1315 265 1344 teras
291 1322 418 1354 semper
442 1311 558 1351 firmas,
583 1312 703 1344 validas
720 1318 751 1344 et
768 1313 910 1345 efficaces

181 1364 317 1397 existere
347 1370 378 1397 et
403 1365 488 1403 fore,
517 1375 658 1407 suosque
691 1366 856 1408 plenarios
881 1372 910 1399 et

180 1416 324 1458 integros
349 1416 480 1449 effectus
507 1417 613 1449 sortiri
639 1422 671 1449 et
696 1417 850 1457 obtinere,
876 1428 911 1450 ac

180 1468 219 1500 ab
243 1468 321 1509 illis,
339 1469 377 1501 ad
396 1479 476 1511 quos
498 1474 621 1512 spectat
644 1475 675 1502 et
691 1480 749 1512 pro
767 1475 911 1513 tempore

181 1521 450 1563 quandocumque
463 1521 629 1564 spectabit,
641 1522 870 1556 inviolabiliter
880 1529 910 1556 et

180 1572 369 1605 inconcusse
380 1573 552 1613 observari,
564 1573 672 1616 sicque
687 1574 718 1606 in
728 1575 912 1617 praemissis

180 1635 238 1667 per
253 1636 472 1669 quoscumque
485 1627 607 1659 iudices
622 1627 802 1660 ordinarios
818 1633 850 1660 et
862 1628 912 1661 de-

124 1716 130 1721 ,
180 1677 315 1719 legatos,
329 1677 425 1710 etiam
439 1689 607 1711 causarum
622 1680 731 1721 palatii
745 1680 910 1723 apostolici

180 1730 354 1770 auditores,
369 1741 405 1763 ac
421 1730 534 1764 S.R.E.
551 1731 742 1772 cardinales,
762 1732 856 1765 etiam
874 1733 911 1766 de

180 1782 280 1814 latere
298 1783 420 1824 legatos
439 1788 470 1815 et
488 1782 577 1816 Sedis
594 1784 755 1826 praefatae
769 1785 910 1825 nuncios,

180 1834 298 1867 aliosve
331 1835 496 1878 quoslibet
528 1846 730 1879 quacumque
755 1837 913 1879 praeemi-

180 1886 290 1919 nentia
314 1891 345 1918 et
368 1892 526 1929 potestate
549 1888 719 1930 fungentes
737 1893 768 1921 et
792 1889 911 1921 functu-

180 1948 242 1977 ros,
261 1939 386 1971 sublata
410 1939 455 1972 eis
473 1944 503 1972 et
523 1950 633 1973 eorum
652 1941 784 1973 cuilibet
802 1942 910 1984 quavis

179 1990 274 2023 aliter
306 1991 470 2024 iudicandi
495 1996 527 2024 et
555 1992 788 2035 interpretandi
815 1994 910 2027 facul-

180 2048 245 2075 tate
281 2048 312 2075 et
333 2043 543 2083 auctoritate,
569 2044 703 2077 iudicari
729 2051 761 2078 et
783 2045 910 2078 definiri

180 2095 323 2136 debere,
351 2107 387 2128 ac
412 2096 540 2129 irritum
578 2102 610 2130 et
634 2097 729 2131 inane
757 2098 782 2130 si
818 2109 909 2131 secus

179 2157 279 2191 super
292 2148 341 2180 his
359 2159 376 2180 a
396 2158 567 2191 quoquam,
583 2149 693 2192 quavis
710 2151 910 2191 auctoritate,

180 2199 323 2233 scienter
349 2201 400 2234 vel
431 2201 634 2243 ignoranter,
661 2202 835 2245 contigerit
858 2208 908 2236 at-

180 2253 311 2286 tentari.

223 2305 238 2349 §
261 2305 293 2338 4.
318 2304 389 2339 Non
414 2305 616 2339 obstantibus
641 2306 838 2349 praemissis,
863 2318 909 2348 ac,

180 2362 341 2400 quatenus
363 2367 445 2401 opus
460 2358 509 2397 sit,
528 2360 638 2391 nostra
655 2363 685 2391 et
701 2359 911 2392 cancellariae

180 2411 380 2454 apostolicae
398 2412 510 2454 regula
531 2412 569 2444 de
586 2411 654 2443 iure
677 2413 825 2454 quaesito
846 2423 910 2446 non

181 2464 335 2502 tollendo,
352 2464 488 2507 aliisque
503 2464 792 2498 constitutionibus
813 2470 843 2498 ct
860 2476 912 2498 or-

180 2514 398 2550 dinationibus
422 2517 615 2560 apostolicis,
632 2527 758 2551 necnon
777 2517 908 2562 quibus-

765 164 977 191 INNOCENTIUS
998 166 1029 189 XI
1055 166 1104 190 PP.

954 213 1009 253 vis,
1026 213 1121 246 etiam
1136 213 1324 254 iuramento,
1345 212 1588 246 confirmatione
1608 222 1686 254 apo-

955 266 1077 305 stolica,
1090 267 1138 299 vel
1150 266 1258 309 quavis
1271 266 1420 299 firmitate
1437 265 1497 298 alia
1510 264 1685 305 roboratis,

955 319 1080 351 statutis
1105 325 1137 352 et
1160 319 1466 358 consuetudinibus,
1493 329 1530 351 ac
1553 318 1684 358 usibus,

955 370 1045 413 stylis
1082 371 1177 404 etiam
1202 371 1529 411 immemorabilibus,
1555 369 1687 413 privile-

954 421 1013 464 giis
1037 433 1165 466 quoque
1186 423 1318 456 indultis
1342 429 1374 456 et
1397 423 1511 456 litteris
1535 421 1687 465 apostoli-

955 474 1012 513 cis,
1037 475 1191 517 praesatis
1216 475 1327 508 aliisve
1352 475 1551 518 quibuslibet
1571 473 1686 506 iudici-

953 526 1023 565 bus,
1048 527 1201 568 consiliis,
1227 528 1443 561 tribunalibus
1469 533 1501 560 et
1524 526 1682 570 personis,

954 580 1048 611 etiam
1075 580 1277 622 quantumvis
1295 580 1484 613 sublimibus
1510 585 1541 612 et
1564 579 1685 622 specia-

953 631 1075 664 lissima
1087 632 1253 664 mentione
1270 632 1388 674 dignis,
1407 633 1466 664 sub
1481 632 1685 674 quibuscum-

954 694 1016 725 que
1040 684 1213 719 verborum
1244 684 1411 716 tenoribus
1436 689 1468 716 et
1492 684 1620 723 formis,
1648 695 1684 716 ac

953 746 1025 768 cum
1043 736 1205 778 quibusvis
1223 736 1318 768 etiam
1336 736 1616 777 derogatoriarum
1634 736 1685 767 de-

953 787 1132 829 rogatoriis,
1158 787 1293 829 aliisque
1309 786 1556 826 efficacioribus,
1581 787 1684 819 effica-

953 840 1088 872 cissimis
1109 844 1141 872 et
1164 840 1303 872 insolitis
1320 840 1469 872 clausulis
1483 844 1514 872 et
1534 839 1684 879 decretis,

954 892 1049 924 etiam
1075 898 1181 932 motu,
1206 892 1341 924 scientia
1366 897 1398 924 et
1425 892 1592 935 potestatis
1617 893 1685 934 ple-

953 945 1100 977 nitudine
1124 945 1265 987 paribus,
1279 955 1332 977 seu
1351 945 1391 977 ad
1406 954 1684 987 quarumcumque

954 1007 1174 1038 personarum,
1189 997 1284 1028 etiam
1300 996 1469 1039 imperiali,
1487 997 1598 1037 regali,
1612 996 1685 1028 alia-

953 1060 988 1081 ve
1004 1049 1147 1091 qualibet
1164 1049 1326 1081 mundana
1344 1049 1393 1081 vel
1407 1048 1622 1081 ecclesiastica
1638 1048 1685 1080 di-

954 1101 1073 1142 gnitate
1090 1101 1291 1143 fulgentium,
1305 1101 1495 1140 instantiam,
1508 1106 1561 1132 aut
1574 1111 1685 1133 earum

954 1154 1236 1196 contemplatione,
1252 1163 1307 1186 seu
1333 1153 1411 1185 alias
1431 1153 1684 1195 quomodolibet,

954 1206 984 1237 in
1010 1216 1128 1248 genere
1165 1207 1213 1238 vel
1240 1206 1271 1237 in
1303 1206 1410 1248 specie
1429 1231 1436 1244 ‚
1462 1205 1557 1237 etiam
1581 1205 1686 1238 consi-

952 1258 1125 1290 storialiter
1148 1258 1320 1297 concessis,
1339 1257 1544 1297 confirmatis,
1570 1267 1686 1301 appro-

952 1310 1034 1342 batis
1060 1315 1092 1342 et
1119 1310 1299 1349 innovatis;
1331 1310 1447 1352 quibus
1481 1308 1629 1342 omnibus
1655 1315 1686 1342 et

953 1363 1097 1404 singulis,
1123 1362 1247 1395 etiamsi
1272 1373 1331 1404 pro
1356 1362 1485 1394 illorum
1512 1361 1686 1394 sufficienti

954 1414 1163 1456 derogatione
1189 1415 1228 1447 de
1253 1414 1316 1446 illis
1337 1424 1514 1456 eorumque
1540 1413 1614 1446 totis
1640 1419 1685 1446 te-

954 1467 1087 1500 noribus
1112 1467 1273 1510 specialis,
1299 1466 1457 1509 specifica,
1485 1477 1635 1509 expressa
1653 1470 1686 1499 et

954 1522 1127 1562 individua,
1151 1532 1215 1554 non
1236 1527 1341 1554 autem
1364 1532 1424 1564 per
1448 1522 1608 1554 clausulas
1633 1532 1686 1564 ge-

928 1574 1079 1606 ²neralcs
1110 1573 1196 1607 idem
1227 1574 1453 1616 importantes,
1484 1573 1604 1606 mentio
1629 1583 1685 1605 scu

954 1626 1059 1668 aliqua
1084 1626 1147 1658 alia
1171 1625 1327 1668 exquisita
1348 1626 1450 1658 fornia
1476 1625 1514 1657 ad
1533 1625 1596 1657 hoc
1619 1635 1687 1657 scr-

953 1678 1055 1710 vanda
1078 1678 1180 1718 foret,
1215 1682 1346 1710 tenores
1376 1676 1562 1709 huiusmodi
1593 1688 1687 1719 prae-

954 1730 1099 1762 sentibus
1124 1741 1184 1773 pro
1220 1731 1317 1772 plene
1353 1735 1384 1762 et
1411 1729 1610 1761 sufficienter
1634 1738 1687 1761 ex-

953 1783 1075 1824 pressis
1101 1794 1136 1816 ac
1160 1784 1198 1816 de
1222 1783 1320 1816 verbo
1344 1783 1383 1816 ad
1403 1783 1536 1815 verbum
1554 1782 1686 1814 insertis

955 1835 1199 1875 liabentcs,illis
1224 1835 1301 1867 alias
1328 1835 1360 1867 in
1390 1845 1448 1867 suo
1479 1835 1597 1867 robore
1611 1844 1686 1876 poi·-

953 1888 1122 1928 mansuris,
1137 1888 1175 1920 ad
1190 1887 1441 1930 praemissorum
1458 1885 1612 1925 effectum,
1624 1886 1686 1918 hac

953 1940 1018 1973 vice
1044 1941 1225 1981 dumtaxat,
1257 1939 1444 1983 specialiter
1473 1945 1505 1972 et
1535 1948 1684 1981 expresse

953 1993 1145 2035 derogamus
1162 1998 1194 2025 et
1211 1992 1397 2034 derogatum
1420 2002 1491 2024 esse
1516 1991 1684 2030 volumus;

952 2045 1134 2087 ceterisque
1166 2043 1335 2077 contrariis
1367 2043 1639 2086 quibuscumque.

995 2097 1107 2130 Datum
1132 2097 1261 2136 Romae,
1288 2096 1371 2139 apud
1397 2095 1427 2128 S.
1457 2095 1600 2134 Petrum,
1626 2094 1685 2127 sub

953 2151 1071 2182 annulo
1094 2148 1275 2187 piscatoris,
1303 2147 1353 2181 die
1374 2157 1473 2181 xxvul
1498 2146 1684 2180 novembris

952 2211 1149 2241 iincrxxvin,
1174 2200 1377 2244 pontificatus
1402 2200 1502 2233 nostri
1526 2210 1608 2234 anno
1633 2209 1683 2232 111.

988 2263 1049 2290 Dat.
1065 2263 1108 2291 die
1129 2263 1161 2290 18
1180 2260 1336 2290 novembris
1352 2262 1430 2297 1678,
1446 2261 1544 2298 pontif.
1559 2269 1630 2289 anno
1646 2267 1686 2289 ιιι.

1253 2393 1381 2428 XLVIII.

955 2464 1171 2507 Confirmalur
1208 2464 1426 2497 smnmarzssum
1464 2463 1687 2508 indulgentie&-

996 2528 1072 2551 rum
1114 2518 1435 2561 consralernilulibus
1473 2519 1509 2551 in
1549 2516 1687 2552 ecclesiis

1578 153 1643 189 133
1688 163 1737 191 An.
1758 163 1787 192 c.
1809 164 1877 192 1678
