2111 3157
20 207 71 231 An.
91 202 118 228 C.
138 201 204 228 1683

784 203 997 230 amoenamus
1018 205 1050 229 xi
1074 197 1122 230 1¹1³.

66 261 193 283 obstantium
246 249 261 293 ἓ
280 250 312 283 4.
343 250 412 285 Νοη
448 252 652 285 obstantibus
673 253 872 296 praemissis,
901 263 936 285 ac
979 263 1078 296 super
1101 262 1234 297 gregem
1252 253 1451 288 dominicum
1469 263 1563 286 curae
1580 259 1710 287 nostrae

15 289 108 311 remotio.

33 1151 176 1179 Transumpto·

1 1183 44 1200 mm
57 1178 114 1200 tides.

0 2415 172 2467 „2²:335,¹2²'·¹¹,2¹,¹„{
225 2413 258 2445 In
284 2417 436 2457 suprema
460 2414 629 2447 militantis

201 303 482 337 constitutionibus
497 311 526 338 et
540 305 797 339 ordinationibus
812 311 935 349 aposto-

198 355 288 396 licis,
307 366 433 390 necnon
454 358 629 401 supradicti
657 358 798 398 Ordinis,
825 358 934 391 aliisve

200 407 380 450 quibusvis,
407 409 503 443 etiam
538 411 737 451 iuramento,
763 410 932 445 confirma-

198 460 285 493 tione
307 461 489 504 apostolica
507 463 555 496 vel
576 463 687 506 quavis
703 462 852 496 firmitate
871 463 932 495 alia

196 512 377 554 roboratis,
404 515 528 548 statutis
561 521 592 548 et
615 516 906 549 consuetudinibus
921 543 928 555 ,

195 566 373 610 privilegiis
402 578 555 611 quoque,
582 569 715 602 indultis
749 574 780 601 et
813 569 929 601 litteris

193 620 377 662 apostolicis
400 621 433 653 in
458 622 656 654 contrarium
679 622 927 665 praemissorum

193 672 440 714 quomodolibet
471 674 649 714 concessis,
673 674 872 708 confirmatis
897 680 928 708 et

191 725 374 766 innovatis;
401 726 518 770 quibus
543 727 694 761 omnibus
719 733 751 760 ct
773 727 925 770 singulis,

191 777 321 811 illorum
339 783 467 813 tenores
491 781 718 823 praesentibus
743 790 803 824 pro
828 782 925 824 plene

191 834 224 862 et
260 830 455 864 sufficienter
493 833 656 875 expressis
691 843 726 865 ac
758 833 798 866 de
827 833 924 867 verbo

189 884 229 916 ad
257 885 390 917 verbum
415 885 545 918 insertis
572 886 741 924 hahentes,
759 886 823 919 illis
847 887 925 919 alias

187 935 220 968 in
246 947 304 970 suo
330 937 446 971 robore
467 939 697 981 permansuris,
714 939 752 971 ad
772 939 925 981 praemis-

188 998 297 1022 sorum
322 989 479 1030 effectum,
499 992 558 1024 liae
578 992 645 1024 vice
662 992 838 1032 dumtaxat,
857 1003 923 1035 spe-

187 1042 312 1077 cialiter
331 1049 363 1076 et
386 1054 537 1087 expresse
556 1045 766 1087 derogamus3
789 1045 922 1078 ceteris-

187 1105 248 1138 que
269 1097 439 1130 contrariis
463 1097 735 1140 quibuscumque.

230 1147 300 1191 §5
332 1149 484 1182 Volumus
524 1155 629 1182 autem
665 1155 700 1183 ut
733 1151 920 1184 earumdem

185 1201 408 1244 praesentium
424 1202 602 1236 litterarum
623 1203 843 1245 transumptis,
863 1214 919 1236 seu

185 1254 359 1297 exemplis,
387 1255 481 1287 etiam
513 1255 693 1299 impressis,
730 1265 824 1290 manu
865 1257 921 1289 ali-

184 1307 274 1340 cuius
298 1307 415 1340 notarii
439 1308 561 1351 publici
587 1309 796 1351 subscriptis,
828 1314 860 1341 ct
879 1310 920 1341 si-

184 1359 262 1401 gillo
285 1369 444 1402 personae
466 1361 498 1393 in
524 1361 741 1394 ecclesiastica
762 1361 918 1404 dignitate

183 1413 378 1445 constitutae
413 1414 555 1454 munitis,
583 1415 696 1447 eadem
728 1419 863 1457 prorsus
888 1414 919 1446 fi-

184 1465 241 1498 des
276 1466 398 1508 ubique
440 1467 586 1501 locorum
623 1473 686 1500 tam
726 1468 757 1499 in
797 1468 917 1501 iudicio

183 1528 279 1561 quam
311 1524 398 1552 extra
429 1520 508 1553 illud
535 1520 715 1561 habeatur,
753 1530 835 1563 quac
862 1521 918 1554 ha-

181 1571 312 1604 beretur
349 1572 429 1616 ipsis
477 1573 704 1616 praesentibus
741 1574 766 1606 si
810 1574 918 1608 forent

184 1625 349 1659 exhibitae
375 1627 424 1658 vel
443 1632 607 1660 ostensae.

226 1677 339 1710 Datum
367 1677 497 1718 Romae,
523 1680 607 1721 apud
631 1679 661 1712 S.
683 1678 823 1719 Petrum,
857 1680 916 1712 sub

182 1731 304 1763 annulo
313 1730 493 1771 piscatoris,
504 1732 555 1765 die
566 1741 614 1765 xvi
627 1732 705 1764 iunii
715 1742 913 1773 noctixxxui,

181 1782 392 1826 pontificatus
417 1784 523 1818 nostri
552 1795 639 1817 anno
664 1795 721 1818 vu.

217 1843 276 1871 Dat.
293 1844 336 1871 die
354 1845 386 1872 16
399 1845 467 1873 iunii
491 1845 566 1880 1683,
588 1846 685 1881 pontis.
706 1854 779 1875 anno
797 1854 843 1874 vn.

468 1962 623 1996 cxxvllt.

181 2031 349 2065 Indicitur
372 2033 554 2066 iubilneum
578 2033 764 2067 umrersale
787 2034 830 2067 acl
854 2035 914 2067 im-

221 2085 420 2128 plorandum
444 2085 595 2119 divinum
611 2087 780 2120 auxilium
803 2092 915 2121 contra

228 2138 379 2173 Turcas¹.

368 2210 561 2239 Innocentius
582 2210 659 2245 Papa
677 2211 729 2245 XI,

180 2261 336 2290 Universis
358 2263 606 2291 christifidelibus
633 2267 808 2298 praesentes
831 2266 916 2293 litte-

231 2314 280 2334 ras
301 2308 501 2341 inspecturis,
522 2309 651 2336 salutem
670 2312 701 2336 et
720 2310 915 2343 apostolicam

231 2352 478 2381 benedictionem.

654 2414 813 2449 Ecclesiae
843 2427 914 2460 spe-

0 2467 254 2499 remmstawve-cula
292 2467 342 2500 liis
382 2468 669 2501 calamitosissimis
716 2471 915 2503 temnoribus

0 2494 60 2516 titum.

218 2537 229 2562 1
252 2536 328 2564 Aliud
344 2537 488 2564 iubilaeum
501 2538 651 2564 universale
662 2537 789 2565 indictum
805 2538 914 2566 suitan-

182 2582 224 2606 tea
243 2579 277 2606 ab
296 2581 390 2608 eodem
411 2582 539 2609 Pontitice
558 2582 585 2608 in
601 2586 684 2609 const.
702 2582 745 2609 ed.
761 2589 914 2619 mncrxxxx,

977 305 1128 340 divinitus
1149 307 1305 340 creditum
1323 308 1500 350 pastorales
1518 306 1642 349 vigilias
1665 317 1711 339 as-

975 358 1065 391 sidue
1090 359 1273 402 agitantes,
1311 360 1383 392 dum
1423 361 1584 394 luctuosas
1617 360 1708 402 regni

973 410 1155 453 Huugariae
1194 423 1230 447 ac
1268 412 1497 446 archiducatus
1536 412 1705 453 Austriae,

971 462 1173 506 aliarumque
1194 464 1482 498 heraeditariarum
1501 464 1655 498 carissimi
1672 465 1706 498 in

970 513 1089 548 Christi
1112 515 1169 548 filii
1193 517 1297 549 nostri
1315 518 1470 561 Leopoldi
1489 518 1705 551 Romanorum

969 567 1054 609 regis
1078 567 1110 600 in
1135 568 1365 611 imperatorem
1399 570 1493 603 electi
1523 570 1705 614 provincia—

969 628 1039 653 rum
1064 625 1096 653 et
1120 621 1278 655 ditionum
1301 623 1518 664 calamitates,
1549 623 1703 656 ecclesia-

967 671 1169 706 sticorum-et
1185 674 1425 716 religiosorum,
1453 686 1489 708 ac
1511 676 1703 718 praesertim

967 725 1269 767 sanctimonialium,
1295 728 1496 771 aliorumque
1513 728 1703 762 christifide-

966 777 1043 811 lium
1067 778 1261 821 praecipites
1286 780 1393 823 sugas,
1416 786 1447 814 et
1463 786 1587 824 strages
1603 782 1702 824 virgi-

965 839 1056 870 num,
1075 836 1107 863 et
1131 841 1307 874 puerorum
1332 833 1551 866 miserandam
1577 834 1609 866 in
1634 844 1701 867 ser-

965 882 1096 916 vitutem
1109 910 1117 923 ‚
1134 889 1182 924 et,
1200 885 1286 927 quod
1308 886 1446 919 amarius
1464 886 1700 929 deplorandum

965 940 1033 975 est,
1058 936 1090 969 in
1116 937 1297 979 apostasiae
1327 938 1564 981 pudicitiaeque
1589 938 1700 971 discri-

964 988 1048 1022 mina
1073 989 1294 1029 abductiones,
1315 990 1487 1031 civitatum,
1506 991 1698 1034 oppidorum

964 1046 995 1072 et
1018 1051 1168 1083 agrorum
1200 1042 1335 1083 excidia,
1369 1043 1577 1084 vastationes,
1612 1043 1698 1076 dire-

963 1093 1093 1135 ptiones
1129 1099 1160 1126 et
1183 1094 1351 1134 incendia,
1376 1095 1504 1138 aliaque
1528 1096 1698 1128 innumera

962 1147 1056 1186 mala,
1082 1147 1198 1189 quibus
1223 1147 1366 1180 nefarius
1390 1148 1565 1180 Turcarum
1591 1153 1697 1191 tyran-

962 1209 1021 1231 nus
1047 1199 1177 1232 immani
1204 1200 1322 1232 ferocia
1357 1200 1619 1244 tbrmidabilique
1638 1203 1696 1233 sua

961 1251 1108 1293 potentia
1131 1261 1249 1285 nomen
1271 1253 1482 1286 christianum
1500 1254 1609 1286 delere
1627 1264 1696 1286 mo-

961 1304 1046 1343 litur,
1073 1305 1272 1346 apostolicae
1298 1306 1463 1339 charitatis
1488 1307 1594 1340 studio
1619 1317 1697 1339 con-

960 1356 1152 1396 sideramus,
1187 1358 1399 1391 veliemcnter
1438 1359 1693 1401 ingemiscimus,

959 1414 1054 1451 atque
1079 1409 1162 1442 inter
1185 1419 1350 1443 moerores
1372 1416 1403 1443 et
1420 1412 1559 1454 suspiria
1583 1422 1695 1444 vocem

959 1462 1121 1504 proferre,
1151 1468 1182 1495 ct
1207 1463 1354 1505 spiritum
1380 1464 1497 1497 ducere
1533 1465 1582 1498 vix
1612 1465 1696 1497 vale-

959 1524 1041 1548 mus.
1068 1514 1145 1547 Nam
1169 1515 1240 1558 quis
1265 1517 1346 1549 adeo
1371 1518 1474 1549 ferreo
1500 1518 1541 1549 sit
1560 1521 1694 1560 pectore

959 1568 1007 1599 cui
1034 1573 1081 1600 tot
1103 1569 1261 1602 matorum
1294 1569 1391 1603 tristis
1422 1570 1520 1603 facies
1552 1570 1693 1613 gemitus

959 1625 990 1652 et
1015 1622 1170 1664 lacrymas
1190 1632 1253 1654 non
1272 1622 1451 1664 exprimat?
1476 1622 1551 1660 Quis
1570 1624 1608 1656 ad
1627 1633 1693 1665 gra-

957 1673 1052 1713 viora,
1078 1684 1160 1716 quae
1185 1675 1401 1717 undequaque
1422 1675 1623 1718 impendent,
1642 1685 1695 1718 pe-

958 1726 1058 1758 ricula
1082 1736 1147 1759 non
1173 1736 1297 1761 summo
1322 1737 1442 1769 pavore
1468 1728 1695 1761 concutiatur?

957 1778 1089 1811 Immitis
1109 1779 1195 1811 enim
1220 1779 1274 1812 ille
1300 1785 1455 1832 &fannus
1480 1781 1630 1813 secundis
1648 1791 1696 1814 ar-

957 1840 1083 1864 morum
1109 1841 1242 1865 suorum
1263 1831 1363 1864 initiis
1381 1832 1522 1873 inflatus,
1544 1834 1694 1877 nihilque

932 1908 936 1934 Ι
957 1884 1017 1918 sibi
1032 1884 1224 1927 impervium
1242 1885 1304 1917 iam
1322 1886 1391 1918 sore
1410 1885 1586 1925 confidens,
1604 1886 1695 1919 Vien-

933 1936 937 1994 ,
957 1948 1030 1970 nam
1055 1938 1213 1978 Austriae,
1238 1938 1352 1970 urbem
1377 1938 1622 1972 celeberrimam
1658 1949 1694 1972 ac

933 1991 1202 2061 lmunitissimam
1218 2018 1225 2031 ‚
1259 1995 1290 2023 ct
1321 2002 1403 2033 quae
1429 1997 1591 2025 tumentes
1617 1992 1695 2026 olim

958 2044 1151 2077 turcicorurn
1175 2054 1338 2077 armorum
1368 2045 1482 2077 fluetus
1515 2046 1693 2087 confregit,

957 2099 1045 2129 arcta
1061 2097 1310 2139 vehementique
1329 2097 1497 2130 obsidione
1516 2104 1692 2141 oppugnat,

958 2155 988 2182 et
1013 2155 1175 2193 tamquam
1200 2150 1406 2192 inexplebilis
1423 2150 1530 2184 bellua
1551 2151 1696 2184 christia·

958 2213 1014 2235 nas
1038 2213 1150 2236 omnes
1175 2203 1357 2246 provincias
1384 2214 1439 2245 spe
1464 2203 1526 2236 iam
1547 2204 1691 2245 devorat,

957 2257 1273 2299 mahumetanacque
1299 2256 1454 2299 perfidiae
1481 2256 1694 2289 abominatio-

957 2320 1031 2342 nem
1055 2311 1152 2351 longe
1184 2309 1323 2351 lateque·
1347 2318 1538 2352 propagare,
1571 2320 1607 2342 ac
1637 2309 1694 2343 Dei

957 2363 1090 2397 viventis
1111 2362 1286 2395 Ecclesiam
1305 2362 1447 2396 funditus
1465 2363 1630 2395 destruere
1645 2373 1694 2395 sa-

958 2417 1046 2460 tagit.
1070 2415 1184 2448 Verum
1212 2415 1347 2449 Domino
1363 2420 1568 2459 protegente,
1586 2416 1620 2448 in
1641 2426 1694 2449 cu-

956 2495 999 2522 die
1020 2496 1049 2522 11
1071 2495 1244 2530 septembris,
1270 2496 1344 2529 pont.
1371 2501 1396 2527 v;
1416 2497 1443 2521 et
1468 2498 1560 2530 postea
1579 2495 1614 2522 ab
1633 2496 1693 2522 Alc-

956 2540 1057 2567 xandro
1077 2539 1133 2566 Vlll
1154 2539 1342 2568 constitutione
1362 2539 1403 2567 ed.
1425 2545 1584 2574 nocuum,
1602 2539 1645 2567 die
1659 2541 1690 2567 ‘11

957 2584 1127 2619 decembris,
1148 2588 1222 2619 pont.
1243 2589 1261 2611 1.

1607 196 1664 230 501
1717 206 1768 232 An.
1789 206 1818 234 c,
1837 206 1903 235 ¹683
