2111 3157
22 196 70 229 Διί.
86 199 115 230 C.
136 199 205 228 168⁴

800 206 1011 231 INNOCENTIUS
1034 208 1064 231 XI
1090 207 1138 231 PP.

213 242 319 290 scant,
345 249 463 284 deinde
496 255 645 284 naturam
672 257 702 285 et
726 252 822 286 finem
844 253 943 285 virtu-

213 307 281 335 tum
305 303 533 343 cardinalium,
561 315 640 348 quae
666 310 740 338 sunt
769 306 866 339 veluti
891 317 944 339 co-

986 253 1118 294 liciatnr,
1141 265 1220 297 quae
1247 254 1279 287 in
1297 254 1412 288 ordine
1430 254 1467 287 ad
1486 254 1623 286 salutem
1641 263 1716 296 pro-

986 306 1142 340 ximorum
1169 307 1324 350 imprimis
1354 306 1568 345 ordinantur,
1594 311 1629 338 ut
1653 305 1714 338 iam

213 354 341 388 lumnae
359 356 469 389 salutis
486 363 623 398 nostrae,
642 359 772 391 eosdem
790 359 940 397 instruat,
962 344 965 412 1
986 370 1051 391 non
1075 360 1177 392 solum
1203 360 1282 399 sibi,
1307 370 1417 393 verum
1447 359 1542 392 ctiam
1577 358 1647 391 aliis
1671 358 1715 391 vi-

213 417 277 440 non
303 408 408 441 minus
427 409 466 442 de
486 411 558 442 vera
579 410 770 451 humilitate,
788 411 942 454 patientia

214 464 246 492 ct
264 460 477 503 abnegatione
504 462 654 504 propriae
678 462 866 501 voluntatis,
892 473 941 494 ea-

213 522 349 556 rumque
374 513 531 556 oppositis
555 514 743 553 defectibus,
768 515 942 546 informen-

215 569 288 605 tur3
315 570 347 598 et
371 566 512 609 denique
537 567 569 598 in
595 566 743 599 omnibus
761 567 829 599 aliis
847 565 942 598 virtti-

213 617 308 657 tibus,
335 618 452 661 quibus
483 619 581 651 homo
606 618 740 651 interior
769 618 801 650 in
827 618 941 651 ordine

213 669 404 703 adsalutem
417 675 581 703 aeternam
598 670 782 713 perficitur3
799 670 941 702 medium

213 734 341 767 quoque
358 723 562 756 discretionis
579 724 611 756 in
628 724 715 756 omni
735 724 851 756 virtute
869 734 942 766 per-

212 775 332 818 spicuis
356 775 534 808 rationibus
560 781 591 809 et
615 776 771 818 exemplis
800 775 940 819 practice

212 829 422 869 edoceantur,
448 840 488 862 ne
513 830 550 862 ad
576 835 717 862 extrema
742 829 925 862 deflectant.

254 891 332 914 xxu.
357 881 392 914 In
412 882 498 914 hunc
514 881 609 914 finem
629 881 781 914 inserviat
801 881 940 920 libellus,

211 933 265 977 qui
290 933 472 967 inscribitur
488 934 604 976 Puqna
621 933 816 977 spiritualis
836 944 852 965 a
870 944 941 965 san-

212 990 263 1019 cto
287 985 456 1019 Francisco
480 986 604 1019 Salesio
629 996 837 1029 summopere
855 996 941 1018 com-

210 1039 393 1079 mendatus,
419 1039 591 1073 accedente
609 1039 747 1081 practica
764 1038 941 1071 instructio·

211 1102 252 1125 ne
287 1092 388 1135 patris
423 1092 630 1135 provincialis
660 1092 699 1124 ad
731 1092 940 1135 pugnandum

211 1150 325 1178 contra
354 1146 521 1188 passiones
553 1151 584 1178 et
620 1145 694 1178 vitia
722 1156 782 1188 per
805 1145 939 1177 virtutes

211 1197 379 1240 oppositas
394 1224 401 1238 ,
439 1198 630 1240 praesertim
671 1203 782 1230 contra
827 1196 938 1229 vitium

211 1250 371 1292 quoddam
396 1250 598 1292 particulare,
624 1261 722 1293 super
749 1260 822 1292 quo,
856 1249 940 1282 eius-

210 1312 274 1346 que
298 1303 415 1336 virtute
447 1304 596 1347 opposita
625 1304 820 1342 exercenda,
846 1304 940 1336 etiam

209 1355 405 1399 particulare
420 1366 552 1389 examen
567 1356 767 1399 frequentius
778 1356 940 1388 instituen-

210 1408 286 1441 dum
305 1408 381 1448 erit·,
399 1408 432 1441 in
450 1408 566 1451 quibus
584 1414 615 1441 et
631 1409 663 1441 in
681 1409 767 1441 omni
786 1409 847 1441 alia
864 1419 940 1442 con-

210 1463 288 1504 grua
311 1462 478 1495 occasione
503 1467 595 1505 pater
619 1461 791 1505 spiritualis
816 1462 940 1495 clienti-

209 1515 270 1548 bus
295 1514 359 1547 suis
376 1515 551 1558 practicam
569 1515 756 1548 exercitium
771 1516 809 1548 ad
827 1526 940 1549 manus

210 1567 310 1601 dabit.

252 1630 338 1654 xxm.
371 1620 412 1653 Ex
450 1619 586 1663 singulis
617 1621 781 1653 erroribus
813 1621 939 1654 occasio

210 1672 378 1706 erudiendi
405 1677 436 1705 et
460 1679 572 1705 contra
598 1673 671 1705 vitia
688 1674 853 1716 pugnandi
871 1684 940 1716 pro-

208 1725 415 1768 positumque
439 1724 471 1757 in
496 1730 658 1768 posterum
682 1726 839 1758 formandi
869 1727 941 1759 ado—

207 1777 400 1812 lescentibus
427 1788 444 1810 a
469 1782 560 1820 patre
586 1777 743 1820 spirituali
761 1779 799 1810 ad
825 1788 939 1811 manus

209 1832 312 1870 detur,
337 1832 374 1863 ca
398 1830 540 1874 practica
559 1830 780 1870 instructione,
800 1842 862 1873 qua
878 1831 939 1863 vir-

208 1884 282 1916 tutis
308 1884 358 1916 via
380 1889 412 1916 et
442 1883 548 1926 ipsum
578 1883 766 1916 exercitium
797 1887 939 1926 congrua

207 1936 434 1981 perspicuitate
460 1941 576 1979 pateat,
593 1942 624 1968 et
641 1936 762 1968 animus
780 1936 939 1979 ingenuus

207 1999 279 2022 cum
303 1988 452 2022 facilitate
478 1994 509 2021 et
526 1988 725 2021 iucunditate
743 1988 782 2020 ad
799 1989 877 2022 illud
897 1989 938 2021 in-

208 2041 354 2075 ducatur.
381 2041 415 2074 In
441 2051 537 2084 quem
562 2040 658 2073 finem
684 2041 938 2084 paterspiritua-

206 2094 246 2128 lis
264 2105 336 2127 cum
353 2093 523 2127 clientibus
540 2092 605 2126 suis
627 2093 721 2126 toties
739 2095 937 2137 colloquium

206 2147 399 2191 particulare
418 2146 572 2186 instituet,
590 2146 716 2189 quoties
737 2146 936 2189 singulorum

206 2199 385 2242 indigentia
421 2199 554 2241 propria
587 2198 731 2241 requirat
779 2198 936 2232 Exercitia

207 2263 336 2296 quoque
360 2251 540 2295 spiritualia
575 2261 680 2284 annua
714 2255 832 2284 statuto
860 2257 938 2285 tem-

206 2314 286 2348 pore
312 2305 416 2338 eidem
441 2302 650 2346 praescribet.

248 2366 332 2390 xxiv.
360 2357 590 2389 Adolescentes
613 2356 722 2388 tertiae
748 2356 859 2389 classis
885 2368 937 2390 vo-

207 2409 341 2441 cationis
371 2420 447 2441 suae
473 2409 632 2441 clericalis
656 2419 789 2451 scopum
814 2415 934 2443 mature

207 2462 293 2494 cordi
321 2462 489 2501 habentes,
517 2462 584 2494 viae
610 2462 802 2504 perfectivae
829 2473 862 2495 se
888 2474 937 2496 ac-

208 2515 349 2556 cingant,
376 2521 410 2547 nt
434 2526 544 2548 eorum
572 2515 668 2547 homo
690 2515 826 2548 interior
844 2521 936 2549 etex-

207 2569 308 2601 tcrior
332 2568 364 2601 in
389 2569 538 2601 omnibus
564 2568 601 2600 iis
628 2568 834 2612 qualitatibus
862 2580 935 2612 per-

985 421 1058 444 vere
1084 419 1114 444 ct
1137 412 1263 445 studere
1283 412 1450 455 incipiant.

1028 474 1098 496 xxv.
1118 465 1290 507 Postquam
1311 465 1343 497 in
1362 465 1591 498 reformatione
1608 464 1715 498 homi-

985 515 1033 547 nis
1060 516 1106 547 sui
1134 517 1297 549 interioris
1323 517 1383 549 rite
1410 517 1558 549 instructi
1584 517 1713 556 fuerint,

984 567 1051 599 viae
1078 568 1183 610 regiae
1208 569 1360 601 virtutum
1382 569 1576 610 insistentes,
1601 570 1640 602 ad
1665 579 1714 602 re-

985 619 1186 652 formandum
1211 631 1300 652 suum
1328 622 1493 654 homiuem
1522 622 1713 655 exteriorem

984 678 1225 713 convertentur,
1253 684 1304 705 nas
1329 674 1460 706 virtutes
1485 680 1515 706 et
1542 675 1712 717 qualitates

984 725 1041 756 sub
1056 725 1232 758 directione
1250 726 1350 769 patris
1367 727 1540 768 spiritualis
1558 726 1618 759 sibi
1633 737 1714 760 com-

983 778 1137 819 parando,
1163 789 1245 820 quae
1270 778 1302 810 in
1326 785 1411 810 statu
1436 778 1574 811 clericali
1600 780 1639 811 ad
1670 779 1715 811 vi-

984 834 1047 861 tam
1072 830 1202 862 activam
1227 831 1258 862 in
1286 831 1348 864 hoc
1371 832 1501 864 saeculo
1519 830 1713 864 necessaria¹

984 887 1073 921 sunt,
1094 882 1126 914 in
1147 893 1240 926 quem
1262 883 1359 916 finem
1380 883 1640 915 informabuntur
1656 894 1715 926 per

984 935 1130 968 ordinem
1155 936 1186 967 in
1214 937 1366 968 exercitio
1392 942 1597 969 externarum
1617 935 1715 968 virtu-

984 992 1060 1027 tum,
1086 988 1223 1030 qualiter
1248 999 1280 1021 se
1300 999 1376 1031 erga
1394 989 1497 1022 omnis
1514 988 1642 1031 generis
1661 989 1715 1021 ho-

983 1036 1086 1069 mines
1110 1037 1287 1070 christiane
1312 1038 1464 1072 exhihere
1490 1037 1646 1076 debeant,
1673 1037 1715 1069 si-

983 1089 1103 1122 militer
1128 1090 1166 1123 dc
1192 1090 1389 1123 discretione
1414 1090 1584 1134 spirituum
1599 1096 1629 1123 et
1645 1090 1715 1122 uni>-

983 1153 1075 1175 vcrso
1107 1143 1210 1176 officio
1246 1144 1401 1186 pastorali
1426 1144 1458 1176 in
1483 1145 1584 1176 multa
1609 1143 1714 1176 chari-

985 1200 1047 1228 tate
1072 1197 1267 1238 praestando
1291 1197 1429 1240 practice
1449 1196 1638 1229 erudiantur
1655 1223 1662 1236 ,
1680 1200 1716 1227 ut

984 1248 1015 1280 in
1041 1248 1178 1291 singulis
1203 1250 1382 1282 actionibus
1415 1250 1593 1283 secundum
1617 1259 1714 1282 unam

983 1302 1240 1346 uniformemque
1287 1313 1431 1336 normam
1481 1312 1514 1334 se
1554 1302 1714 1335 moderari

982 1355 1096 1388 sciant.

1024 1418 1107 1441 xxVi.
1128 1408 1265 1441 Primum
1283 1409 1398 1449 locum,
1416 1408 1449 1441 in
1468 1409 1582 1442 ordine
1597 1408 1716 1442 doetri-

982 1471 1050 1501 nae,
1066 1462 1218 1495 discretio
1238 1463 1407 1501 obtinebit,
1430 1468 1590 1505 tamqnam
1608 1462 1715 1495 mode-

982 1515 1078 1547 ratrix
1110 1515 1323 1547 humanarum
1357 1515 1540 1547 actionum:
1573 1520 1613 1553 et,
1641 1525 1714 1548 cum

982 1568 1043 1600 (luo
1070 1568 1233 1600 hominem
1258 1568 1453 1600 exteriorem
1478 1568 1511 1600 in
1536 1568 1648 1600 ordine
1675 1568 1714 1600 ad

983 1621 1076 1653 vitam
1102 1621 1237 1653 activam
1259 1620 1443 1663 perficiant,
1464 1620 1496 1652 1⁰
1514 1621 1600 1663 ipsae
1618 1621 1715 1653 virtu-

984 1678 1049 1709 tes,
1076 1673 1108 1705 ⁶2⁰
1134 1674 1248 1705 modus
1272 1673 1429 1716 operandi
1455 1674 1494 1706 ad
1521 1679 1618 1713 extra,
1637 1674 1713 1705 ado-

982 1727 1139 1758 lescentes
1168 1726 1200 1757 in
1229 1730 1365 1768 utroque
1394 1725 1592 1758 informandi
1624 1731 1710 1759 sunt.

981 1779 1067 1811 Inter
1093 1779 1236 1818 virtutes,
1258 1779 1365 1821 quoad
1383 1779 1514 1811 modum
1531 1778 1713 1812 instruendi

981 1831 1189 1870 iuventutem,
1216 1831 1318 1873 prima
1343 1836 1391 1863 est
1414 1831 1626 1864 mansuetudo
1652 1831 1712 1864 ho-

982 1884 1077 1916 minis
1101 1884 1276 1923 christiani,
1298 1883 1482 1916 consistens
1507 1883 1540 1916 in
1557 1883 1662 1916 verbis
1683 1889 1715 1916 et

981 1935 1170 1975 actionibus,
1198 1946 1280 1978 quae
1307 1945 1383 1978 erga
1408 1946 1520 1969 omnes
1546 1936 1633 1968 omni
1660 1947 1714 1969 oc-

980 1988 1109 2020 casione
1141 1988 1404 2031 superabundare
1440 1989 1553 2028 debet;
1596 1988 1713 2022 deinde

981 2041 1155 2080 humilitas,
1181 2041 1350 2074 ccniuncta
1376 2046 1480 2074 tamen
1505 2052 1576 2074 cuni
1596 2041 1713 2075 decore

979 2096 1122 2135 vestium,
1148 2094 1322 2135 actionum,
1348 2094 1531 2134 verborum,
1558 2099 1590 2127 et
1615 2095 1713 2128 totius

981 2147 1121 2180 hominis
1146 2152 1326 2188 venustate,
1354 2157 1580 2191 personaeque
1601 2157 1712 2181 sacrae

979 2200 1143 2242 gravitate.

1022 2264 1116 2287 xxvn.
1143 2253 1284 2285 Tertium
1310 2254 1416 2285 locum
1440 2252 1629 2286 affabilitas²
1652 2253 1713 2286 sibi

980 2307 1136 2345 vendicat,
1157 2311 1191 2338 nt
1208 2317 1278 2338 cum
1297 2305 1472 2338 christiana
1496 2306 1648 2340 suavitate
1674 2307 1713 2339 ad

979 2358 1238 2391 aedificationem
1271 2358 1472 2391 conversatio
1508 2357 1589 2398 siat·,
1623 2359 1713 2392 cuius

979 2422 1087 2444 comes
1105 2417 1154 2443 cst
1174 2411 1342 2450 modestia,
1365 2411 1576 2454 plurimarum
1603 2422 1713 2445 rerum

979 2463 1184 2501 moderatrix,
1205 2473 1286 2506 quae
1304 2462 1492 2497 effusionem
1514 2464 1647 2497 nimiam
1665 2465 1712 2497 sui

1014 2535 1023 2559 1
1049 2533 1140 2567 Aptius
1162 2533 1218 2564 loge
1241 2534 1416 2559 necessariae
1435 2533 1471 2563 (u.
1493 2534 1540 2563 Τ.),

1013 2578 1028 2603 2
1049 2577 1113 2603 Male
1134 2576 1195 2602 vdit.
1216 2577 1294 2603 Mam.
1317 2578 1379 2611 legit
1399 2578 1528 2612 affabiles
1548 2578 1584 2612 (R.
1606 2577 1653 2613 12),

1615 195 1679 230 535
1723 204 1772 231 An.
1794 204 1821 232 c.
1842 206 1909 233 16⁰4
