2111 3157
206 239 260 268 Λα.
279 238 308 265 c.
327 237 395 266 1689
441 228 506 263 934

403 288 551 327 cutione,
577 286 658 320 adeo
682 289 717 318 ut
748 294 914 328 nunquam
939 282 1036 315 detur
1058 291 1138 325 pro-

402 340 571 373 nunciatio
597 338 798 382 particularis
824 347 923 380 super
951 336 1020 379 ipsa
1047 334 1141 367 resti-

403 393 527 425 tutione
552 390 762 424 concedenda
795 390 846 423 vel
870 388 1053 433 respective
1086 387 1142 420 de-

404 445 564 487 neganda,
601 445 656 477 sed
683 444 739 477 illa
764 444 871 476 solum
897 442 939 474 sit
970 451 1083 481 causa,
1107 445 1142 472 ut

402 498 637 541 pronunciatur
655 498 705 530 vel
726 496 936 540 provideatur
952 495 985 527 in
1003 493 1141 537 negocio

402 551 588 594 principali,
616 561 657 583 ne
683 546 761 583 alias
780 554 935 592 sequatur
952 548 1008 581 illa
1025 557 1141 589 magna

401 603 631 648 multiplicatio
666 602 922 641 sententiarum,
962 611 1045 644 quae
1084 599 1141 634 ali-

402 658 531 700 quando
557 656 649 700 sequi
676 655 852 689 consuevit.

445 710 584 749 Quinto,
610 709 696 752 quod
723 709 796 752 (ubi
822 718 923 751 super
948 707 1060 740 eadem
1094 716 1141 739 re-

400 764 594 804 stitutione,
622 768 684 796 tam
711 763 895 796 incidenter
925 772 1021 804 quam
1053 759 1142 803 prin-

401 817 550 860 cipaliter
574 817 686 860 petita,
714 816 856 859 aliquam
881 813 1138 848 controversiam

400 871 481 904 oriri
505 871 685 913 contingat,
712 875 774 902 tam
799 869 884 901 circa
901 867 1139 901 recusationem

400 923 529 964 iudicis,
556 933 665 956 coram
691 933 753 965 quo
778 921 912 965 petitur,
937 932 1032 964 qnam
1054 921 1140 953 circa

400 976 651 1019 suspensionem
670 975 876 1014 executionis,
896 985 931 1007 ac
952 973 1042 1015 alia),
1066 983 1138 1005 cum

399 1029 562 1061 restitutio
588 1034 619 1061 et
647 1027 823 1071 appellatio
844 1026 1065 1070 parificentur,
1092 1025 1141 1058 id-

401 1081 488 1114 circo
514 1081 611 1114 etiam
632 1080 664 1113 in
696 1080 759 1113 isto
785 1090 857 1112 casu
884 1084 1030 1112 servetur
1054 1077 1140 1110 idem

401 1134 488 1176 quod
514 1144 610 1177 supra
642 1134 674 1165 in
701 1143 778 1166 casu
810 1131 1041 1175 appellationis
1066 1141 1141 1173 pro-

400 1188 504 1219 visum
531 1192 590 1227 est,
618 1187 703 1230 quod
730 1186 853 1219 scilicet
876 1186 970 1219 detur
990 1194 1140 1217 recursus

402 1241 441 1272 ad
468 1246 649 1273 senatorem
688 1250 726 1273 eo
757 1239 874 1279 modo,
913 1247 978 1281 quo
1011 1238 1041 1269 in
1068 1237 1140 1270 aliis

402 1293 619 1326 tribunalibus
646 1294 742 1327 datur
773 1294 810 1326 ad
833 1292 1032 1326 cardinalem
1051 1301 1142 1335 prae-

402 1346 520 1378 sectum
539 1346 723 1389 signaturae
743 1346 897 1385 iustitiae,
915 1350 946 1378 et
962 1345 1141 1378 successive

403 1400 442 1432 ad
480 1405 743 1432 assettamentum
769 1400 854 1432 tum¹
882 1400 997 1432 eodem
1027 1398 1140 1437 modo,

404 1462 468 1495 quo
495 1452 533 1485 ad
558 1452 757 1495 signaturam
781 1453 921 1496 plenam,
947 1457 981 1484 ut
1006 1460 1118 1495 supra.

449 1505 486 1537 Et
510 1510 602 1538 sexto
627 1506 769 1545 demum,
797 1506 883 1548 quod
906 1505 1000 1538 etiam
1021 1506 1052 1538 in
1078 1505 1143 1537 hoc

405 1557 559 1591 tribunali
608 1558 693 1591 circa
739 1558 905 1591 nullitates
953 1558 1144 1592 observetur

405 1612 492 1655 quod
530 1611 562 1643 in
599 1612 670 1644 aliis
703 1611 918 1644 tribunalibus
951 1612 1144 1655 dispositum

407 1670 457 1697 est
481 1675 539 1708 per
563 1664 830 1698 rcl‘ormationcm
859 1665 946 1697 Pauli
972 1665 1004 1704 V,
1025 1671 1143 1697 utnon

407 1718 618 1751 attendantur
642 1718 806 1751 nullitates
820 1718 882 1750 nisi
902 1718 1014 1750 sintex
1031 1718 1144 1759 tribus,

409 1776 485 1810 etc.,
503 1776 599 1814 prout
613 1771 708 1804 etiam
727 1771 911 1814 disponitur
932 1771 964 1803 in
982 1777 1146 1815 motupro-

409 1825 480 1868 prio
506 1824 550 1857 Pii
577 1824 624 1857 IV.

983 232 1163 258 BULLARIUM
1187 231 1339 256 Romnum

1183 290 1200 311 a
1224 285 1342 323 sponte
1368 279 1444 313 dare
1471 279 1674 321 volentibus;
1708 281 1740 314 in
1769 292 1919 315 commis-

1183 333 1276 365 sariis
1312 338 1417 365 autem
1451 333 1573 376 pariter
1597 334 1766 376 civilibus,
1797 336 1852 368 ubi
1878 337 1918 371 de

1183 388 1306 418 summa
1324 390 1485 419 scutorum
1503 387 1614 429 viginti
1637 387 1780 432 quinque
1798 390 1913 432 agitur,

1183 444 1215 471 et
1238 438 1331 479 infra,
1350 439 1432 472 niliil
1458 451 1604 483 prorsus,
1624 452 1640 474 a
1657 442 1917 487 vigintiquinque

1183 502 1283 535 supra
1308 502 1408 535 usque
1434 493 1472 525 ad
1498 498 1625 526 centum
1644 494 1812 535 inclusive,
1829 501 1920 529 scuta

1185 544 1251 584 tria,
1273 555 1288 577 a
1306 550 1435 577 centum
1454 555 1556 589 usque
1575 546 1614 579 ad
1632 546 1813 589 ducentum,
1832 555 1920 582 scuta

1183 609 1245 639 sex,
1272 610 1288 632 a
1314 600 1487 633 ducentum
1505 611 1607 643 usque
1625 601 1664 634 ad
1683 612 1920 646 quamcumque

1184 662 1358 693 summam,
1386 659 1475 685 scuta
1501 653 1628 693 decem,
1666 660 1698 687 et
1732 665 1797 688 non
1822 656 1919 697 ultra;

1183 704 1308 748 aliquae
1343 717 1418 739 vero
1459 706 1654 749 litigantium
1692 710 1846 751 querelae
1881 710 1920 743 ad

1183 769 1275 791 aures
1299 758 1497 792 Sanctissimi
1526 761 1734 803 pervenerint
1770 762 1920 796 adversus

1183 812 1329 847 eiusdem
1368 814 1609 847 constitutionis
1649 815 1681 847 in
1724 815 1787 848 hac
1828 822 1920 859 parte

1183 864 1474 900 inobservantiam:
1516 867 1635 901 idcirco
1668 868 1707 901 de
1737 869 1806 901 eius
1831 879 1917 902 mau-

1184 918 1267 958 dato,
1302 929 1336 951 re
1361 925 1486 952 mature
1511 932 1546 952 ac
1577 920 1700 964 pluries
1726 922 1920 962 examinata,

1184 971 1348 1004 decretum
1375 978 1406 1005 et
1430 973 1630 1006 declaratum
1656 974 1724 1015 suit,
1743 975 1921 1018 praefatam

1184 1024 1473 1065 constitutionem,
1500 1026 1733 1068 prohibentem
1759 1029 1922 1070 sportulas

1183 1076 1342 1110 iudicibus
1369 1078 1550 1118 ordinariis,
1569 1078 1608 1111 ab
1633 1079 1783 1112 omnibus
1808 1080 1922 1112 iudici-

1184 1130 1263 1172 hus,
1302 1131 1358 1174 qui
1399 1142 1465 1164 non
1499 1132 1564 1164 sint
1599 1143 1673 1165 vere
1699 1132 1921 1174 commissarii,

1184 1183 1348 1218 observari
1375 1184 1496 1217 debere
1523 1186 1610 1217 iuxta
1645 1185 1922 1219 universalitatem

1185 1236 1310 1269 litterae
1336 1248 1370 1270 ac
1395 1238 1580 1278 verborum,
1606 1249 1808 1282 quacumque
1840 1239 1924 1272 limi-

1185 1290 1305 1322 tatione
1343 1291 1392 1324 rcl
1430 1291 1698 1334 interpretatione
1733 1292 1797 1325 sive
1829 1302 1924 1335 argu-

1184 1348 1293 1376 mento
1319 1349 1372 1377 aut
1397 1344 1557 1377 contraria
1583 1345 1818 1379 consuetudine
1851 1346 1924 1378 sub-

1185 1396 1257 1429 latis
1283 1407 1319 1429 ac
1339 1397 1491 1438 retentis,
1526 1397 1652 1432 iudices
1687 1409 1764 1431 vero
1794 1398 1924 1431 ordina-

1185 1450 1252 1482 rios
1278 1460 1349 1483 esse
1377 1461 1490 1483 omncs
1513 1451 1597 1491 illos,
1616 1451 1670 1495 qui
1688 1457 1762 1484 sunt
1779 1451 1923 1495 deputati

1186 1504 1224 1539 ad
1239 1503 1378 1546 aliquam
1398 1503 1651 1542 universitatem,
1666 1505 1714 1537 vel
1728 1504 1859 1547 aliquod
1873 1515 1923 1548 ge·

1187 1567 1246 1588 nus
1268 1566 1455 1596 causarum,
1474 1556 1555 1588 adeo
1574 1561 1607 1588 ut
1631 1556 1843 1590 commissarii
1861 1557 1926 1589 sint

1188 1611 1290 1642 solum
1315 1610 1379 1649 illi,
1406 1610 1458 1652 qui
1484 1620 1544 1653 per
1568 1610 1828 1643 commissionem
1856 1620 1926 1653 spe-

1188 1664 1303 1696 cialem
1330 1663 1475 1706 deputati
1502 1668 1576 1695 sunt
1601 1664 1640 1696 ad
1667 1669 1769 1696 certas
1795 1669 1826 1696 et
1853 1674 1927 1706 par-

1191 1718 1341 1750 ticulares
1360 1728 1488 1757 causas3
1515 1717 1656 1761 istosque
1675 1717 1778 1751 teneri
1804 1717 1928 1760 pariter

1190 1772 1363 1804 observare
1379 1771 1495 1804 dictam
1509 1771 1785 1810 constitutionem,
1799 1777 1834 1804 ut
1847 1781 1929 1803 sum·

1191 1835 1256 1857 mas
1271 1824 1483 1868 propinarum
1501 1835 1560 1867 per
1573 1835 1642 1858 eam
1661 1830 1780 1857 taxatas
1794 1825 1929 1857 nullate-

1192 1889 1251 1910 nus
1266 1879 1436 1919 excedere,
1451 1884 1546 1920 atque
1562 1878 1633 1921 plus
1648 1878 1776 1920 exigere
1792 1878 1928 1910 valeant.

1925 222 1978 259 mn
1993 231 2021 258 c.
2039 222 2104 262 teau

560 1882 599 1912 De
620 1883 761 1922 sportulis,
785 1882 827 1912 vel
842 1884 968 1923 propinis
982 1884 1001 1913 ².

220 1968 224 1972 Α
259 1940 287 1962 ao
304 1944 350 1966 <aar
384 1972 387 1975 Δ
457 1930 551 1971 Cum,
578 1930 663 1963 inter
688 1937 795 1964 cetera
820 1942 904 1975 quae
933 1932 1151 1976 disponuntnr

219 1967 473 2028 'risistiiii'ili‘ssiuni?per
509 1984 772 2017 constitutionem
813 1991 941 2018 sanctae
974 1986 1150 2019 memoriae

221 2026 370 2043 ¹¹⁸¹³³³⁰⁴³⁰¹⁰⁴
415 2038 504 2070 Pauli
526 2038 548 2069 V
566 2048 666 2080 super
682 2038 914 2072 rel'ormatione
934 2039 1152 2079 tribunalium,

415 2091 493 2124 illud
519 2091 712 2134 praesertim
737 2092 830 2123 enixe
863 2092 1092 2135 praecipiatur,
1119 2098 1155 2124 ut

417 2145 523 2177 nullus
560 2144 703 2176 iudicum
739 2144 974 2178 ordinariorum
1001 2145 1094 2178 Urbis
1123 2151 1155 2178 et

418 2197 582 2229 Romanae
596 2197 718 2237 Curiae,
735 2197 962 2241 cuiuscumque
978 2198 1154 2241 dignitatis,
1198 2199 1268 2231 aliis
1293 2209 1359 2230 non
1385 2197 1530 2237 exclusis,
1556 2202 1714 2240 quatenus
1742 2195 1850 2229 adsint
1874 2194 1934 2238 (eis

420 2249 515 2282 etiarn
540 2250 674 2293 speciali
699 2253 776 2282 notit
801 2251 927 2293 dignus,
943 2251 973 2283 in
992 2251 1097 2284 causis
1116 2251 1156 2284 ci·
1199 2257 1304 2284 tamen
1339 2251 1525 2284 nullatenus
1564 2248 1820 2293 praeiudicatum
1861 2257 1936 2281 cen-

420 2303 535 2335 vilibus
561 2304 684 2336 ratione
710 2305 930 2346 sportularum
963 2315 1019 2337 seu
1045 2304 1157 2348 propi·
1199 2311 1307 2337 seatur
1337 2303 1443 2347 quoad
1479 2304 1549 2336 illas
1579 2303 1741 2346 sportulas
1775 2302 1825 2335 vel
1860 2310 1936 2344 pro-

422 2368 535 2391 narum
559 2359 682 2403 aliquid
719 2370 853 2402 prorsus
877 2359 1032 2403 accipiat,
1061 2359 1156 2393 etiam
1200 2358 1302 2402 pinas,
1329 2368 1408 2402 quae
1427 2367 1581 2399 expresse
1599 2367 1635 2388 ac
1653 2355 1849 2397 litteraliter,
1870 2364 1935 2387 non

1202 2417 1307 2444 autem
1333 2421 1392 2454 per
1412 2414 1604 2452 argumenta
1629 2409 1678 2440 vel
1710 2407 1874 2440 illationes
1905 2412 1938 2439 et

1204 2463 1489 2508 interpretationes
1525 2468 1579 2495 aut
1609 2461 1800 2495 subauditos
1835 2460 1934 2493 intel-

459 2500 475 2526 2
495 2500 559 2526 Vide
580 2501 620 2549 Pii
640 2501 673 2551 iv
694 2505 776 2528 consi.
797 2502 844 2549 ω’.
863 2508 961 2551 ΜΪΜΗ·
978 2501 1061 2550 (ΗΕΪἩ
1081 2502 1160 2535 iunii,
1204 2521 1306 2552 lectus
1331 2518 1377 2551 eis
1402 2518 1592 2550 deseruntur
1614 2526 1651 2548 ac
1675 2514 1863 2547 tribuuntur
1880 2522 1938 2556 per

426 2548 501 2579 pont.
517 2550 555 2577 lli,
572 2544 584 2577 ξ
600 2545 625 2576 ὁ,
640 2546 666 2576 b,
683 2545 714 2576 73
731 2550 757 2571 et
770 2545 846 2571 Pauli
864 2546 877 2571 N
899 2550 984 2572 const.
1001 2546 1043 2572 die
1061 2548 1068 2571 1
1090 2554 1161 2573 mar-

427 2589 456 2615 tii
477 2594 579 2621 nncxn,
600 2592 672 2622 pont.
694 2596 741 2620 vn,
763 2591 774 2622 g
794 2590 839 2622 ¹33
861 2589 925 2616 item
948 2589 1095 2616 Innocenni
1119 2590 1161 2615 m
1206 2572 1351 2605 eamdem
1387 2575 1653 2627 constitutionem
1690 2568 1780 2626 IJauli
1812 2567 1834 2598 V
1872 2576 1937 2598 sire

429 2637 512 2661 const.
531 2632 572 2659 ed.
590 2639 717 2661 MDCthtl.
739 2634 781 2659 dio
805 2635 814 2659 t
836 2633 1000 2667 decemtnis,
1022 2634 1109 2669 ponnf
1134 2641 1161 2659 11.
1206 2636 1266 2669 per
1291 2624 1459 2668 privileaia
1484 2628 1515 2657 ct
1539 2628 1787 2656 coust1lutiones
1812 2624 1941 2664 aposto·-

354 1940 401 1958 mm
1236 1930 1276 1964 Ut
1300 1937 1405 1963 autem
1436 1931 1541 1965 onmis
1568 1931 1738 1964 dubitandi
1772 1931 1821 1964 vel
1856 1940 1931 1963 con-

1195 1984 1395 2018 traveniendi
1413 1984 1538 2017 occasio
1555 1985 1693 2024 tollatur,
1709 1983 1836 2017 censuit
1851 1983 1932 2017 Con-

1195 2037 1341 2081 gregatio
1377 2037 1557 2080 exprimere
1598 2048 1634 2069 ac
1669 2047 1838 2070 recensere
1864 2036 1932 2079 qui-

1196 2102 1269 2124 nam
1294 2091 1359 2123 sint
1383 2090 1507 2123 iudices
1527 2090 1684 2123 ordinarii
1701 2089 1794 2123 Urbis
1815 2095 1847 2123 et
1871 2089 1932 2122 Ro-

1197 2155 1309 2177 manae
1334 2143 1465 2184 Curiae,
1499 2143 1586 2187 iique
1612 2149 1689 2176 sunt
1712 2141 1930 2185 infrascripti,

459 2457 471 2482 1
490 2456 626 2483 Particula
641 2460 701 2484 lum
717 2456 831 2484 delenda
848 2457 952 2483 videtur
965 2458 992 2492 (n
1021 2458 1068 2491 T.)-
