2111 3157
98 202 145 229 An.
163 200 190 229 c.
215 200 280 228 1684
327 190 390 226 5t0

289 250 324 284 in
347 250 509 291 omnibus,
534 259 615 294 quae
635 246 770 282 alicuius
786 245 943 280 momenti
963 245 1025 278 sue-

288 303 362 344 rint,
380 303 561 338 adhibebit.

333 367 394 392 crx.
435 356 559 399 Singuli
595 356 743 389 locorum
778 351 1023 397 particularium

288 410 477 455 superiores
501 419 633 442 suorum
657 406 797 441 maxime
830 406 1025 440 domestico-

289 475 360 500 rum
384 474 493 497 curam
520 473 558 495 ex
583 462 690 495 animo
723 465 851 504 gerant,
886 460 1025 504 diligen-

288 520 377 562 tique
401 515 693 559 circumspectione
717 514 889 548 attendant
921 519 955 547 ut
987 514 1025 547 ti-

288 581 358 604 mor
380 568 507 603 Domini
532 573 564 601 et
596 567 778 601 animorum
808 567 916 601 unitas
952 578 1025 611 per-

289 629 386 668 petuo
411 622 444 656 in
469 622 605 656 aedibus
630 621 697 654 suis
721 621 868 665 vigeant:
896 626 961 653 tam
991 620 1024 653 in

287 676 523 720 gubernatione
549 675 663 708 domus
694 684 791 718 quam
822 674 1024 707 administra-

287 732 376 764 tione
400 728 611 763 oeconomiae
636 727 731 771 dirigi
756 738 791 761 se
816 727 924 761 sinent
940 738 958 760 a
975 727 1023 760 sui

287 782 453 817 decanalis
477 782 639 816 districtus
665 781 845 825 superiore,
872 786 915 821 et,
942 792 1023 824 quae

286 837 319 870 in
344 836 528 870 visitatione
552 837 602 869 vel
627 835 706 869 alias
723 835 844 867 suerint
863 835 1022 875 mandata,

287 890 466 933 diligenter
486 888 715 923 observabunt.

331 953 382 977 cx.
410 942 587 986 inspiciant
603 942 792 985 frequenter
811 941 844 974 in
861 951 945 976 anno
962 951 1021 981 res,

286 1007 368 1042 quae
392 996 616 1040 possidentur,
642 1000 689 1035 ut,
707 1005 788 1038 quae
812 994 1022 1038 reparatione

285 1050 449 1092 indigent,
476 1054 601 1081 mature
625 1052 835 1091 reparentur3
851 1052 921 1086 aut,
940 1057 1023 1090 quae

286 1103 445 1138 servando
470 1101 588 1136 servari
613 1111 680 1134 non
705 1105 854 1144 possunt,
881 1100 921 1133 de
956 1099 1022 1133 illis

286 1162 410 1190 mature
436 1156 640 1199 disponatur.
661 1154 812 1197 Vigilanti
831 1153 928 1188 etiam
948 1155 1024 1186 cura

285 1210 325 1243 ad
350 1207 596 1252 suppellectilia,
622 1207 736 1247 libros,
761 1207 877 1240 cellam
897 1211 929 1239 et
951 1207 1023 1239 loca

288 1262 456 1295 frumentis
483 1262 635 1305 deputata
659 1261 835 1299 attendant,
871 1270 912 1292 ne
946 1260 1022 1303 quid

285 1316 423 1350 intereat
453 1315 550 1356 furto,
592 1314 830 1359 prodigalitate,
869 1318 924 1346 aut
958 1313 1022 1346 alio

285 1369 383 1403 modo
416 1370 500 1402 male
533 1368 749 1407 distrahatur·,
783 1377 883 1410 quare
916 1366 1023 1399 claves

285 1423 458 1465 diligenter
482 1432 582 1465 penes
607 1431 640 1454 se
665 1422 714 1454 vel
740 1420 787 1463 (si
815 1420 897 1453 ratio
925 1419 1023 1463 parti-

285 1476 404 1509 cularis
432 1475 476 1508 ita
504 1474 661 1518 postulari
691 1473 858 1516 videatur)
885 1473 1022 1506 clericos

285 1529 345 1562 sibi
367 1529 593 1563 cohabitantes
612 1527 810 1561 retinebunt.

328 1592 391 1616 cxi.
418 1581 602 1624 Originalia,
636 1581 834 1614 decimarum
869 1580 1022 1614 aliorum-

284 1647 347 1680 que
364 1640 579 1679 proventuum
597 1634 809 1668 instrumenta
825 1633 858 1666 in
879 1633 1021 1666 archivio

283 1690 438 1732 cuiusque
453 1687 516 1722 loci
531 1687 705 1730 diligenter
718 1692 933 1726 asserventur,
950 1697 1021 1719 cum

283 1742 491 1776 annotatione
517 1746 698 1784 temporum
724 1740 840 1783 quibus
874 1750 1020 1783 quaeque

283 1796 381 1840 pendi
406 1796 524 1835 solent,
544 1795 629 1827 iuxta
647 1804 781 1838 quorum
800 1804 945 1827 normam
963 1793 1021 1825 sin-

283 1849 365 1893 gulis
390 1849 482 1883 annis
503 1848 581 1882 siant
599 1848 663 1881 duo
685 1848 796 1887 libelli,
815 1852 851 1880 ut
867 1847 900 1879 in
921 1858 1020 1879 unum

282 1903 467 1936 reserantur
483 1912 543 1945 per
561 1901 710 1934 ordinem
727 1900 936 1944 praediorum
954 1910 1022 1943 per-

282 1960 394 1999 ceptae
420 1955 579 1995 decimae,
605 1954 638 1987 in
663 1955 802 1987 alterum
827 1963 904 1986 vero
923 1953 1021 1986 annui

282 2019 432 2049 canones,
459 2009 523 2041 sive
549 2008 582 2041 hi
608 2007 640 2040 in
666 2009 753 2040 certa
777 2006 923 2051 pecunia,
956 2006 1021 2039 sive

283 2063 315 2096 in
347 2063 408 2096 alia
440 2073 474 2096 re
511 2062 707 2106 pendantur.
745 2061 819 2094 Sine
859 2060 1021 2104 praescitu

275 2108 462 2160 vsuperioris
497 2115 664 2148 districtus
699 2113 864 2147 decanalis
900 2113 1020 2146 fructus

284 2170 482 2203 decimarum
507 2168 539 2201 in
563 2168 650 2211 agris
675 2178 741 2201 non
766 2167 956 2206 vendantur,
976 2167 1023 2199 ni-

285 2222 414 2265 hilque,
441 2221 546 2265 quoad
585 2221 785 2260 locationes,
811 2225 996 2253 contractus
1014 2247 1021 2260 ,

285 2280 340 2308 aut
365 2275 473 2308 debita
497 2274 731 2314 contrahenda,
756 2274 884 2317 aliaque
906 2273 1022 2307 similia

285 2332 419 2371 spectat,
444 2326 513 2359 sine
537 2327 681 2361 eiusdem
706 2326 843 2360 consilio
878 2331 931 2358 aut
948 2336 1022 2358 con-

286 2390 384 2413 sensu
409 2380 537 2419 saciant,
563 2380 612 2412 cui
639 2385 746 2412 tamen
778 2380 922 2412 rationes
947 2389 1021 2411 suas

284 2433 317 2466 in
346 2432 554 2473 contrarium,
577 2433 601 2465 si
630 2443 707 2477 quas
737 2432 920 2473 habuerint,
955 2442 1020 2465 mo-

287 2486 376 2519 deste
395 2491 590 2529 proponant.

330 2549 405 2573 cxii.
437 2538 650 2571 lnventarium
687 2538 868 2571 ordinatum
906 2548 1022 2571 secun-

287 2592 361 2626 dum
388 2597 490 2626 certas
515 2591 659 2626 rubricas
681 2591 823 2625 omnium
844 2590 1023 2625 mobilium.

872 197 1051 222 BULLARIUM
1076 197 1227 222 ROMANUM

1068 255 1149 288 quae
1174 244 1208 278 in
1233 245 1330 278 domo
1355 249 1437 285 sunt,
1463 246 1514 279 vei
1539 246 1579 280 ad
1601 245 1706 290 ipsam
1730 257 1804 291 spe-

1068 302 1166 338 ctant,
1191 298 1345 338 habeant,
1368 297 1518 342 illudque
1542 300 1708 333 annuatim
1723 304 1804 333 tem-

1067 362 1146 395 pore
1170 350 1365 384 visitationis
1389 356 1562 393 revocent,
1588 352 1803 387 adscribendo

1067 416 1105 438 ea
1129 416 1212 449 quae
1237 405 1363 439 noviter
1387 406 1600 446 advenerunt,
1625 411 1658 440 et
1680 416 1804 451 expun-

1067 458 1173 500 gendo
1210 469 1292 502 quae
1317 458 1490 503 absumpta
1514 460 1563 492 vel
1589 459 1720 493 vendita
1737 459 1803 493 sue-

1067 511 1141 544 rint.
1169 511 1321 545 Referant
1345 523 1475 556 quoque
1500 513 1683 547 summatim
1703 513 1736 546 in
1752 523 1805 547 co-

1067 564 1172 598 dicem
1191 564 1264 599 lites
1290 570 1322 599 et
1346 570 1426 606 acta,
1462 576 1544 610 quae
1575 566 1710 600 alicuius
1735 577 1804 601 moa

1066 618 1275 652 menticirca
1299 628 1350 652 res
1376 621 1572 663 temporales
1593 619 1801 663 contigerint.

1067 672 1097 705 Si
1123 682 1203 716 quae
1228 672 1380 707 utensilia
1404 672 1444 706 ab
1470 672 1630 707 extraneis
1660 683 1805 707 commo-

1067 725 1140 759 dato
1164 726 1362 769 acceperint,
1383 730 1541 760 annotent
1557 725 1664 761 omnia
1680 726 1805 770 specia-

1067 779 1146 818 tim,
1175 784 1206 812 et
1242 779 1367 813 calculo
1407 790 1514 813 rerum
1550 779 1803 814 domesticarum

1066 832 1338 876 specificationem
1351 831 1537 876 adiungant,
1553 833 1658 867 donec
1673 833 1803 877 singula

1067 884 1291 918 restituantur.

1111 948 1198 972 cxni.
1226 937 1337 971 Nullos
1372 938 1559 973 notabiles¹
1584 938 1618 972 in
1653 938 1803 974 aedificia

1066 996 1120 1024 aut
1143 991 1222 1024 alias
1249 996 1338 1025 extra
1361 992 1541 1026 ordinarias
1565 1003 1675 1027 causas
1706 1003 1804 1037 expo-

1066 1050 1152 1085 nent,
1171 1045 1239 1079 sine
1260 1045 1421 1089 praescitu
1440 1046 1619 1090 superioris
1640 1046 1803 1081 decanalis

1066 1103 1098 1130 et
1123 1108 1273 1141 expresso
1297 1097 1385 1131 illius
1401 1109 1583 1139 consensu,
1601 1104 1633 1132 et
1656 1099 1743 1143 quod
1768 1098 1802 1133 in

1066 1161 1142 1183 usus
1172 1150 1378 1194 quotidianos
1415 1152 1582 1195 oportebit
1619 1152 1803 1186 necessario

1065 1203 1220 1247 impendi,
1245 1208 1361 1237 curent
1395 1209 1430 1237 ut
1454 1205 1487 1238 id
1511 1215 1584 1238 cum
1609 1205 1718 1239 debita
1739 1205 1803 1240 uti-

1066 1256 1155 1289 litate
1174 1262 1205 1289 et
1221 1256 1381 1290 industria
1397 1256 1461 1290 fiat.
1510 1275 1515 1279 -

1109 1319 1191 1343 cxiv.
1218 1310 1432 1344 Conscribent
1452 1311 1490 1345 de
1509 1312 1561 1346 die
1582 1312 1614 1345 in
1633 1311 1731 1353 diem,
1753 1323 1803 1346 se·

1065 1363 1207 1396 cundum
1233 1369 1337 1397 certas
1361 1364 1529 1406 rubricas,
1561 1365 1595 1398 in
1626 1365 1712 1400 libro
1736 1365 1801 1399 sive

1064 1416 1207 1450 manuali
1232 1417 1270 1450 ad
1293 1417 1356 1451 hoc
1373 1418 1536 1461 deputato,
1564 1423 1626 1452 tam
1662 1429 1744 1463 quae
1769 1418 1802 1452 in

1065 1470 1258 1510 frumentis,
1286 1481 1381 1514 quam
1417 1481 1498 1515 quae
1532 1471 1564 1504 in
1600 1471 1737 1515 pecunia
1772 1477 1805 1505 et

1064 1523 1134 1556 aliis
1159 1524 1344 1568 acceperint
1366 1529 1398 1567 et
1419 1525 1643 1569 expenderint,
1656 1525 1804 1559 reddant-

1064 1588 1125 1620 que
1159 1578 1300 1621 desuper
1332 1578 1490 1612 rationem
1516 1578 1679 1622 superiori
1700 1578 1804 1612 distri-

1064 1636 1132 1663 ctus
1158 1631 1321 1664 decanalis
1346 1632 1459 1664 saltem
1486 1632 1587 1665 semel
1614 1632 1665 1664 vel
1695 1631 1745 1665 bis
1769 1631 1804 1665 in

1065 1694 1149 1717 anno
1174 1685 1303 1727 quando
1329 1684 1481 1725 visitabit,
1501 1684 1551 1718 cui
1573 1683 1670 1718 etiam
1695 1684 1804 1718 debita

1065 1742 1095 1770 et
1133 1738 1255 1770 credita
1290 1738 1467 1781 parochiae
1506 1738 1633 1781 aliaque
1669 1737 1803 1771 maioris

1064 1790 1218 1823 momenti
1239 1791 1374 1834 negocia
1394 1796 1426 1824 et
1442 1796 1512 1824 acta
1529 1801 1584 1823 sua
1601 1790 1802 1831 indicabunt,

1064 1848 1098 1875 ut
1122 1844 1165 1876 ita
1191 1843 1289 1876 totius
1315 1844 1454 1876 familiae
1486 1847 1604 1876 statum
1635 1844 1733 1887 plene
1757 1843 1804 1877 in-

1065 1897 1211 1939 telligere
1233 1896 1348 1940 possit.

1109 1959 1177 1983 cxv.
1205 1949 1371 1989 Pecunias,
1403 1960 1486 1994 quae
1523 1949 1562 1983 ad
1596 1948 1808 1994 quotidianos

1064 2014 1140 2036 usus
1173 2013 1239 2035 non
1268 2002 1388 2036 fuerint
1412 2003 1641 2044 necessariae,
1666 2003 1803 2037 seorsim

1065 2060 1247 2101 reponant,
1281 2060 1434 2099 prompto
1472 2061 1652 2101 paratoque
1691 2056 1802 2090 animo

1065 2108 1276 2152 consignandi
1301 2108 1527 2152 superioribus
1552 2109 1617 2142 suis
1644 2113 1803 2153 quantum

1065 2175 1101 2197 ex
1128 2164 1165 2197 iis
1190 2163 1222 2196 in
1248 2163 1356 2206 aliqua
1392 2163 1579 2206 particulari
1610 2163 1804 2197 necessitate

1065 2218 1103 2250 ad
1129 2218 1251 2250 bonum
1276 2216 1372 2249 huius
1406 2215 1545 2249 instituti
1579 2215 1802 2260 superioribus

1065 2271 1284 2304 necessarium
1305 2270 1405 2302 visum
1427 2269 1532 2303 suerit.

1109 2334 1192 2357 cxvl.
1218 2324 1382 2356 Tenentur
1406 2329 1496 2357 certo
1518 2327 1638 2356 statuto
1657 2327 1803 2366 tempore

1066 2377 1169 2409 facere
1188 2377 1379 2410 relationem
1398 2376 1621 2419 superioribus
1642 2375 1804 2409 districtus

1066 2430 1228 2463 decanalis
1255 2440 1319 2462 non
1345 2430 1451 2462 solum
1483 2430 1522 2462 de
1548 2429 1611 2462 vita
1644 2433 1675 2462 et
1705 2429 1804 2462 mori-

1066 2483 1124 2515 bus
1160 2483 1355 2515 clericorum
1389 2482 1449 2515 sibi
1481 2481 1739 2514 cohabitantium
1772 2487 1805 2514 et

1811 197 1861 225 An.
1882 197 1911 225 C.
1931 198 1995 226 168⁴

1067 2536 1327 2575 domesticorum,
1343 2546 1454 2568 verum
1473 2535 1566 2568 etiam
1585 2535 1614 2567 in
1637 2545 1700 2577 quo
1718 2539 1805 2567 statu
1858 2572 1861 2574 ,

1102 2599 1112 2624 1
1130 2597 1221 2625 Lectio
1237 2597 1370 2625 defectiva
1384 2595 1593 2626 redintegranda
1609 2596 1649 2632 (n.
1661 2597 1708 2625 TA.
