2111 3157
82 207 132 233 An.
152 204 265 233 (2168ss

103 1312 113 1338 5
126 1312 147 1333 3.
163 1312 193 1333 Da
208 1312 260 1338 obe—

76 1338 155 1358 divuu‘a
166 1341 186 1359 et
201 1345 259 1360 revo-

76 1368 144 1385 r··nua
163 1366 258 1389 supr-rio.

75 1391 134 1411 rusus
159 1391 257 1412 exhihen-

842 207 917 231 INNO
923 207 1055 230 CENTIUS
1077 207 1108 230 xt
1134 207 1182 230 1‘1‘.

275 258 307 286 et
331 255 492 298 expensis.
518 255 628 298 Neque
652 259 759 288 tamen
784 255 827 295 id,
859 255 943 298 quod
971 254 1007 285 fi-

1090 253 1304 296 Siugulariter
1328 259 1358 286 et
1383 255 1441 286 sub
1467 254 1552 295 gravi
1578 255 1684 296 poena
1705 264 1778 295 pro-

274 307 342 340 nito
367 318 451 341 anno
475 310 562 342 ultra
587 319 746 351 expensas
771 308 916 347 restabit,
943 312 1006 340 sta·
1048 307 1183 338 bibitum
1199 307 1247 346 sit,
1265 317 1304 339 ne
1320 307 1389 349 quis
1407 318 1477 339 cum
1493 307 1608 339 abbate
1627 307 1674 338 vel
1693 306 1778 348 prio-

275 359 331 393 tim
358 360 463 393 eidem
483 361 609 394 tradere
627 361 731 400 debet,
750 361 806 393 sed
825 359 1006 403 proportio-

273 418 380 445 natam
406 414 618 456 quantitatem
651 423 712 455 pro
737 413 897 455 exigentia
923 412 1006 444 futu»

274 474 380 498 rarum
403 476 615 509 expensarum
635 466 667 498 in
692 466 838 498 manibus
857 470 888 498 et
907 466 1003 506 capsa

273 520 330 550 sua
350 517 490 551 retinere
510 523 639 560 potest3
658 519 744 560 quod
760 528 835 550 vero
852 517 1003 555 abundat,

274 569 405 603 domino
430 569 535 602 abbati
561 571 705 603 tradatur
727 571 760 602 in
784 580 876 602 usum
897 574 928 602 et
947 569 1005 601 uti-

273 622 396 655 litatem
419 622 605 655 monasterii
631 623 840 664 erogandum.

316 674 356 706 Ut
366 684 440 707 vero
453 674 663 718 proprietatis
678 674 798 714 vitium,
816 684 881 707 non
900 675 1002 706 solum

271 726 305 758 in
329 726 488 768 pecuniis,
511 727 567 759 sed
588 726 621 759 in
646 727 796 759 omnibus
817 726 911 759 etiam
932 726 1002 759 aliis

270 778 368 812 rebus
380 778 557 821 extirpetur
565 778 611 811 et¹
622 785 857 822 praecaveatur,
868 778 1002 820 singulis

264 826 372 870 *annis
387 841 458 863 cum
479 831 634 863 schedula
658 831 926 874 quadragesimali
947 833 1002 864 bo-

270 893 385 915 norum
403 893 538 926 operum
554 895 588 916 ex
603 885 805 927 praescripto
820 885 949 927 regulae
963 884 1000 916 ad

270 936 398 968 initium
422 935 692 979 Quadragesimae
717 936 899 976 afferenda,
926 937 1003 970 dent

271 987 391 1030 singuli
423 989 516 1022 aliam
550 989 737 1022 schedulam
766 1000 823 1022 seu
857 989 1002 1031 designa-

270 1040 390 1073 tionem
414 1041 556 1073 omnium
591 1051 699 1074 rerum
731 1052 810 1084 quas
843 1042 882 1075 ad
907 1052 1000 1074 usum

270 1093 406 1136 quisque
423 1104 516 1127 suum
542 1094 574 1127 in
599 1096 682 1128 cella
709 1096 758 1128 vel
779 1095 856 1128 alias
873 1095 1000 1133 retinet,

270 1151 428 1188 quatenus
444 1146 667 1190 unusquisque
689 1147 721 1180 in
737 1147 935 1180 conscientia
952 1157 1001 1179 se-

269 1207 366 1230 curus
391 1209 461 1231 esse
485 1199 598 1242 possit,
617 1199 698 1233 nihil
716 1210 761 1241 se,
779 1200 886 1233 insciis
908 1210 1001 1242 supe-

269 1250 421 1289 rioribus,
448 1252 607 1285 detinere.

313 1303 484 1347 Proprium
521 1308 554 1336 et
588 1305 769 1348 principale
809 1306 1000 1348 requisitum

270 1355 352 1389 vitae
378 1361 411 1389 et
434 1362 532 1390 status
551 1359 709 1400 regularis
731 1363 780 1391 est
804 1358 999 1396 obedientia,

269 1418 365 1451 quam
389 1419 449 1452 pro
474 1411 590 1443 merito
616 1412 710 1443 toties
741 1412 945 1446 commendat
970 1417 1001 1444 et

268 1460 407 1495 inculcat
430 1469 538 1495 sancta
563 1464 673 1505 regula
697 1469 816 1503 nostra,
837 1465 876 1496 ab
901 1465 1000 1498 omni-

267 1514 327 1547 bus
351 1515 499 1556 proinde,
519 1516 572 1558 qui
591 1527 707 1550 nomen
725 1522 757 1550 et
779 1517 928 1550 meritum
942 1517 999 1549 viri

267 1566 411 1609 religiosi
437 1567 635 1607 desiderant,
652 1574 761 1601 sancte
785 1569 996 1604 observanda.

267 1617 306 1650 Et
319 1618 509 1662 qnidquidja
522 1620 659 1652 dominis
673 1622 853 1660 abbatibus,
870 1622 1001 1654 ceteris-

269 1680 330 1713 que
355 1677 484 1704 nostrae
498 1672 764 1715 Congregationis
778 1674 999 1716 superioribus

268 1721 407 1762 iubetur,
422 1722 507 1765 quod
525 1722 670 1755 illicitum
690 1729 722 1755 et
739 1725 870 1766 regulae
884 1735 939 1756 seu
955 1724 1000 1756 in-

269 1774 379 1807 stituto
392 1775 586 1807 contrarium
601 1786 665 1808 non
684 1781 743 1815 est,
762 1776 830 1809 sine
844 1777 1000 1809 contradi-

269 1827 375 1860 ctione
392 1832 424 1860 et
443 1828 697 1861 murmuratione
714 1828 913 1872 implendum
930 1830 998 1861 erit.

311 1879 342 1913 Si
368 1880 445 1923 quid
463 1880 661 1922 iniungatur,
681 1882 766 1924 quod
786 1882 928 1922 difficile,
947 1888 1001 1914 aut

267 1942 365 1975 supra
387 1932 472 1966 vires
496 1934 545 1966 vel
571 1934 740 1976 qualitates
766 1944 836 1966 suas
862 1945 933 1967 esse
955 1935 1000 1966 vi-

268 1985 408 2024 deretur,
436 1996 463 2017 v.
490 1995 543 2026 g..
568 1985 593 2018 si
619 1986 689 2028 quis
710 1986 848 2019 officium
874 1997 930 2029 per
955 1998 1000 2020 re-

267 2037 399 2079 ligiosos
424 2038 640 2070 administrari
664 2039 793 2072 solitum
819 2040 997 2082 suscipere,

267 2089 291 2122 si
317 2090 443 2130 docere,
468 2091 661 2130 concionari,
686 2097 761 2132 etc.‚
781 2092 937 2133 iubeatur,
963 2092 999 2125 li-

267 2141 355 2175 cebit
384 2142 512 2185 quidem
544 2143 688 2175 modeste
712 2154 746 2175 se
771 2154 941 2183 excusare,
968 2151 1000 2177 et

266 2194 408 2227 rationes
424 2195 456 2227 in
475 2194 668 2227 contrarium
689 2197 838 2239 allegare,
857 2202 996 2229 attamen

267 2247 473 2289 pertinaciter
508 2247 627 2279 iudicio
662 2258 719 2280 suo
752 2248 901 2281 insistere
932 2259 996 2281 non

266 2299 350 2338 licet,
362 2300 429 2338 sed,
448 2299 473 2331 si
490 2299 605 2332 auditis
624 2300 802 2333 rationibus
816 2301 997 2334 huiusmodi

266 2352 413 2394 superior
437 2352 470 2384 in
495 2353 552 2384 sua
576 2351 720 2384 iussione
744 2353 904 2394 persistat,
924 2354 998 2386 reli-

267 2404 375 2446 giosus
399 2404 547 2437 subditus
573 2414 638 2436 non
663 2414 762 2443 suam,
781 2405 837 2437 sed
855 2405 996 2448 superio-

265 2468 334 2490 rum
367 2458 562 2490 voluntatem
598 2463 769 2500 sequatur,
795 2463 827 2490 et
855 2458 996 2491 confisus

267 2509 305 2543 de
330 2510 492 2543 adiutorio
515 2509 571 2543 Dei
596 2510 737 2543 obediat.

301 2573 314 2599 ί
331 2571 468 2598 Coniunet.
485 2575 511 2598 et
526 2579 575 2598 nos
589 2571 711 2598 addimus
729 2572 768 2603 (a.
780 2573 830 2607 τ.).

350 2625 428 2654 Ball.
450 2625 530 2653 Rom.
557 2626 615 2653 Vol.
636 2641 668 2645 —
690 2626 765 2656 XIX.
911 2628 945 2654 83

1046 370 1079 391 re
1098 370 1155 392 suo
1171 365 1202 392 et
1215 360 1286 393 aliis
1304 360 1528 403 superioribus
1542 364 1688 402 proterve
1703 369 1778 391 con-

1046 412 1187 451 tendere,
1207 414 1254 445 vel
1279 414 1367 445 nullo
1392 413 1488 445 modo
1517 422 1581 451 eos,
1603 422 1682 454 quos
1707 411 1776 443 vice

1045 464 1094 496 vel
1119 464 1247 497 nomine
1265 464 1382 497 Christi
1399 464 1460 496 sibi
1479 464 1680 506 praepositos
1704 465 1774 504 scit,

1044 516 1150 548 verbis
1175 522 1229 548 aut
1255 517 1354 558 signis
1387 517 1642 559 quibuscumque
1668 517 1776 559 despi-

1045 578 1117 601 cere
1130 570 1181 602 vel
1199 569 1351 602 iniuriare
1369 575 1563 612 praesumat.
1584 570 1646 602 Sed
1661 569 1684 601 si
1704 570 1775 612 quis

1045 631 1170 654 causam
1196 622 1293 654 etiam
1317 622 1429 654 iustam
1455 622 1707 661 contradicendi,
1725 624 1775 656 vel

1044 674 1202 706 mandatis
1229 675 1428 716 superiorum
1447 685 1481 707 se
1504 676 1699 717 opponendi,
1720 675 1778 708 ha-

1044 725 1121 757 bere
1146 731 1245 768 putat,
1267 736 1337 758 eam
1363 727 1507 759 modeste
1532 727 1601 759 sine
1627 733 1777 769 expostu-

1045 778 1165 810 latione
1191 784 1361 821 proponat,
1379 789 1472 820 quam
1499 779 1609 822 utique
1630 780 1777 822 superio·

1044 840 1095 862 res
1120 831 1298 873 prudenter
1330 842 1437 863 secum
1468 832 1704 873 ponderabunt,
1733 839 1775 870 et,

1045 888 1202 925 quatenus
1222 882 1340 915 iustum
1358 889 1390 915 et
1407 883 1582 925 expediens
1601 884 1773 923 videbitur,

1044 935 1194 968 deserent
1214 941 1246 968 et
1270 936 1542 968 condescenderit.
1566 936 1595 968 Si
1622 937 1685 968 hoc
1709 947 1775 968 uon

1043 987 1112 1026 fiat,
1145 989 1290 1032 adeoque
1315 988 1485 1030 religiosus
1510 990 1703 1032 quicumque
1728 989 1775 1021 in-

1043 1041 1124 1074 iuste
1138 1052 1170 1074 se
1187 1041 1326 1085 opponi*
1345 1047 1375 1075 et
1396 1042 1516 1084 gravari
1542 1042 1670 1079 iudicet,
1689 1043 1775 1074 salu-

1043 1099 1110 1127 tare
1128 1095 1357 1137 appellationis
1379 1095 1556 1127 remedium
1574 1095 1773 1135 conceditur,

1043 1153 1169 1179 servato
1196 1153 1300 1180 tamen
1325 1148 1403 1180 iuris
1429 1153 1461 1179 et
1485 1148 1707 1180 instantiarum
1726 1158 1776 1180 or-

1043 1199 1127 1238 dine,
1146 1206 1211 1232 tum
1237 1201 1347 1233 debito
1372 1201 1592 1233 moderamine
1615 1206 1645 1233 et
1669 1202 1777 1233 mode-

1043 1252 1104 1285 stia
1129 1253 1290 1293 religiosa.
1317 1252 1525 1291 Nimirum,si
1551 1253 1622 1295 quis
1647 1263 1663 1284 a
1684 1259 1775 1295 patre

1043 1304 1150 1346 priore
1167 1315 1200 1338 se
1217 1306 1333 1338 iniuste
1349 1307 1508 1349 privatum
1533 1307 1581 1338 vel
1597 1307 1660 1338 alio
1678 1307 1774 1338 modo

1043 1363 1204 1398 gravatum
1231 1363 1337 1400 putat,
1367 1359 1406 1390 ad
1432 1359 1598 1390 dominum
1625 1359 1773 1391 abbatem

1043 1409 1172 1452 quidem
1196 1410 1298 1443 libere
1316 1412 1481 1453 appellare
1499 1416 1615 1452 potest,
1632 1410 1676 1442 uti
1695 1422 1775 1443 sem-

1043 1472 1102 1503 per
1126 1462 1278 1494 omnibus
1297 1462 1329 1494 in
1351 1473 1553 1504 quatumque
1578 1465 1671 1495 causa
1693 1463 1777 1495 liber

1042 1524 1191 1545 accessus
1216 1514 1254 1545 ad
1281 1514 1428 1546 eumdem
1449 1519 1560 1556 patere
1585 1515 1700 1553 debet,
1731 1521 1776 1546 at-

1044 1572 1147 1598 tamen
1174 1567 1279 1598 nullus
1305 1572 1379 1598 tunc
1403 1567 1508 1598 statim
1533 1567 1662 1608 quando
1680 1568 1777 1599 corri-

1043 1619 1144 1660 pitur,
1169 1619 1261 1661 quasi
1287 1624 1391 1651 stante
1417 1619 1499 1661 pede
1525 1619 1557 1650 in
1582 1629 1691 1652 vocem
1720 1630 1777 1662 ap-

1042 1672 1228 1714 pellationis
1261 1676 1432 1714 erumpat,
1459 1672 1542 1714 quod
1570 1671 1638 1703 sine
1665 1672 1777 1714 despe-

1041 1723 1147 1756 ctione
1173 1723 1350 1756 immediati
1372 1723 1546 1765 superioris
1566 1724 1650 1756 haud
1671 1723 1774 1763 lieren

1041 1777 1096 1808 sed
1120 1776 1348 1815 correctiones,
1366 1776 1414 1808 vel
1435 1776 1530 1807 etiam
1555 1776 1775 1818 poenitentiae

1042 1828 1255 1865 dictationem,
1282 1829 1314 1860 in
1336 1828 1488 1869 religiosa
1519 1828 1697 1861 humilitate
1723 1840 1776 1861 ex-

1041 1881 1158 1923 cipiat,
1192 1881 1380 1923 primosque
1405 1886 1437 1912 et
1459 1880 1653 1923 praecipites
1678 1882 1773 1913 animi

1041 1939 1144 1966 motus
1171 1938 1245 1965 tunc
1270 1935 1438 1972 coerceat;
1461 1933 1629 1965 intervallo
1655 1939 1774 1971 autem,

1040 1986 1105 2023 ubi,
1119 1985 1226 2018 animo
1240 1991 1390 2018 serenato
1408 1991 1440 2017 et
1457 1985 1691 2017 deliberatione
1706 1996 1776 2028 pru-

1042 2038 1128 2070 denti
1154 2037 1359 2080 praehabita,
1386 2037 1637 2079 appellationem
1662 2048 1776 2070 neres-

1040 2090 1156 2123 sariam
1171 2090 1299 2128 iudicat,
1318 2090 1482 2122 dominum
1501 2089 1648 2122 abbatem
1667 2091 1772 2129 adeat,

1041 2144 1128 2185 prius
1154 2148 1259 2175 tamen
1284 2153 1301 2174 a
1326 2142 1432 2184 priore
1450 2147 1482 2173 et
1506 2152 1594 2174 more
1619 2148 1783 2175 consueto

1041 2196 1169 2228 licentia
1194 2194 1302 2237 petita.
1322 2195 1368 2226 Ab
1387 2194 1502 2226 abbate
1520 2194 1573 2226 fiet
1597 2195 1772 2236 appellatio

1039 2248 1076 2280 ad
1104 2248 1295 2285 visitatores,
1317 2257 1334 2278 a
1359 2245 1576 2278 visitatoribus
1595 2246 1634 2278 ad
1652 2247 1773 2289 praesi-

1040 2301 1123 2338 dem,
1142 2305 1174 2332 et
1196 2300 1234 2331 ab
1253 2300 1316 2332 hoc
1336 2299 1374 2331 ad
1394 2298 1577 2341 capitulum,
1597 2309 1613 2330 a
1631 2299 1773 2340 capitulo

1039 2363 1112 2385 vero
1137 2352 1322 2384 immediate
1341 2352 1379 2383 ad
1399 2357 1539 2383 sanctam
1560 2351 1675 2383 Sedem
1691 2352 1775 2393 Apo-

1039 2406 1194 2442 stolicam,
1207 2405 1245 2436 ad
1261 2415 1356 2446 quam
1372 2403 1466 2436 etiam
1484 2414 1613 2446 semper
1627 2409 1659 2436 et
1676 2415 1774 2447 quan-

1039 2459 1219 2500 documque
1244 2457 1326 2489 liber
1351 2461 1458 2499 pateat
1483 2466 1640 2488 accessus.

1074 2529 1082 2553 1
1109 2526 1207 2553 Forsan
1228 2526 1291 2561 quid
1317 2525 1389 2552 aliud
1415 2534 1463 2561 pro
1488 2526 1594 2560 opponi
1613 2525 1772 2561 legendu1n;

1037 2581 1075 2600 ex.
1096 2580 1112 2608 g
1127 2592 1135 2607 ,
1155 2572 1292 2609 opprimi,
1314 2571 1354 2600 vel
1372 2572 1458 2600 simile
1478 2573 1511 2608 <u-
1531 2572 1580 2607 T.)-

1674 196 1737 229 657
1783 204 1831 230 An.
1854 204 1881 230 C.
1901 203 1967 231 1086
