2111 3157
93 178 143 206 An.
162 177 190 205 C.
216 178 284 205 ¹08ss
331 169 395 203 074·
858 179 1039 204 nrrmmru
1064 179 1214 204 amrinum
1804 180 1856 209 An.
1872 180 1902 209 c.
1924 181 1994 210 ¹686

142 347 275 368 Confirmatio

92 380 154 398 tunm
165 376 276 395 inlaturum

92 407 192 423 emulum.

287 234 501 261 strumentum
527 228 699 272 subscripsi
734 232 766 260 ct
789 228 949 271 publicavi
975 238 1025 260 re-

288 282 436 326 quisitus.
684 281 764 313 Loco
788 284 811 322 -1-
835 281 924 323 siqui
941 293 970 314 n.

331 336 345 378 ἓ
371 335 399 368 Q.
421 335 521 374 Quare
540 345 607 373 nos,
626 334 759 366 tirmiori
774 334 1022 377 praemissorum

288 389 432 422 omnium
462 393 491 419 ct
517 387 721 429 singulorum
757 386 869 419 robori
902 391 933 419 et
959 387 1025 420 essi-

287 443 406 479 caciae,
421 446 576 484 quantuni
594 450 665 472 cuin
687 440 824 473 Domino
842 451 1023 483 possumus,

286 495 482 540 providere,
515 505 551 526 ac
587 504 688 526 novae
715 494 870 527 ecclesiae
897 495 1026 537 praedi-

288 555 357 582 ctae
384 547 478 580 statui
510 558 569 590 pro
600 547 772 590 pastoralis
803 547 899 580 officii
923 547 1025 581 nostri

288 602 398 635 debito
425 607 608 644 opportune
634 602 813 640 consulere,
839 601 1025 645 dictumque

287 655 410 688 Livium
431 655 553 694 ducem,
573 655 818 698 praeclarorum
845 654 912 688 eius
930 655 1026 687 meri-

287 714 393 741 torum
420 708 556 748 intuitu,
583 708 734 752 specialis
771 708 877 741 favore
904 708 1025 751 gratiae

286 762 444 805 prosequi
477 763 645 801 volentes,
673 767 704 794 et
736 773 753 794 a
778 762 943 805 quibusvis
976 773 1026 795 ex-

287 815 604 855 communicationis,
625 816 848 858 suspensionis
873 821 904 848 et
927 815 1027 848 inter-

287 868 387 908 dicti,
415 869 551 912 aliisque
577 869 807 902 ecclesiasticis
832 869 1024 909 sententiis,

288 922 434 955 censuris
453 927 485 954 et
501 922 628 965 poenis,
643 933 659 954 a
674 922 743 954 iure
761 923 811 955 vel
825 922 864 954 ab
879 922 1024 962 homine,

287 975 400 1018 quavis
425 975 597 1008 occasione
614 976 664 1008 vel
686 976 780 1007 causa
805 975 888 1014 latis,
907 975 933 1007 si
959 975 1028 1018 qui-

286 1029 348 1061 bus
372 1028 620 1072 quomodolibet
640 1028 812 1060 innodatus
838 1027 961 1067 existit,
988 1028 1027 1060 ad

287 1081 435 1115 ellectum
467 1081 687 1125 praesentium
723 1081 890 1114 dumtaxat
913 1091 1028 1114 couse-

287 1135 471 1178 quendum,
509 1135 623 1167 harum
656 1134 741 1166 serie
766 1134 970 1167 absolventes
996 1140 1028 1167 et

287 1188 476 1221 absolutum
508 1188 576 1221 sore
609 1192 806 1227 censentes,
840 1193 931 1220 motu
956 1199 1028 1231 pro-

287 1242 373 1285 prio,
400 1252 465 1274 non
492 1242 530 1274 ad
563 1242 709 1274 eiusdem
734 1241 812 1274 Livii
838 1242 947 1282 ducis,
975 1248 1028 1275 aut.

288 1296 420 1328 alterius
446 1306 505 1338 pro
528 1305 576 1335 eo,
600 1295 719 1328 aliusve
737 1305 900 1338 personae
926 1295 1027 1328 cuius-

289 1359 438 1392 cumque,
464 1348 558 1381 nohis
585 1359 682 1391 super
707 1349 770 1381 hoc
794 1349 921 1382 oblatae
947 1350 1027 1392 peti-

287 1402 387 1434 tionis
413 1402 612 1441 instantiam,
635 1402 692 1434 sed
718 1412 754 1434 cx
781 1404 869 1434 ceita
892 1403 1027 1435 scientia

288 1460 318 1488 et
342 1457 467 1487 matura
492 1454 726 1488 deliberatione
756 1455 887 1494 nostris,
920 1455 1026 1499 deque

287 1508 482 1551 apostolicae
515 1507 685 1550 potestatis
710 1508 925 1550 plenitudine,
951 1519 1027 1541 ven-

288 1560 445 1594 ditionem
463 1560 668 1603 supradictae
694 1561 809 1593 domus
835 1561 912 1594 olim
933 1571 1027 1603 regu-

285 1614 365 1648 laris
390 1614 420 1647 S.
445 1614 560 1647 Mariae
596 1614 628 1646 in
654 1614 784 1647 Porticu
812 1615 1025 1658 omniumque

288 1672 320 1700 et
345 1667 548 1709 singulorum
578 1667 715 1700 aliorum
749 1667 910 1701 bonorum
936 1679 1026 1711 prae-

287 1720 424 1753 fatorum
450 1720 551 1752 dictae
572 1720 682 1753 Annae
702 1721 853 1754 Moronae
872 1732 888 1754 a
905 1731 1026 1755 meino-

285 1774 363 1806 ratis
388 1773 515 1806 clericis
539 1774 744 1815 regularibus
770 1775 882 1807 domus
900 1776 1026 1817 regula—

287 1827 330 1859 ris
354 1826 385 1859 S.
414 1826 528 1858 Mariae
555 1826 587 1858 in
612 1826 828 1870 Campitellis,
863 1838 899 1860 ac
924 1833 1026 1861 retro-

287 1880 470 1912 cessionem
495 1885 527 1912 ct
552 1881 861 1914 retrovenditionem
880 1882 1025 1915 eiusdem

288 1934 402 1966 domus
432 1933 509 1966 olim
543 1934 703 1975 regularis
737 1935 937 1978 aliorumque
966 1936 1025 1969 bo-

287 1998 403 2020 norum
431 1986 633 2019 venditorum
668 1987 854 2021 huiusmodi
880 1989 1025 2031 praefato

288 2040 430 2073 Tliomae
474 2039 651 2073 Odescalco
695 2042 733 2074 ab
780 2043 892 2075 eadem
933 2043 1025 2075 Anna

289 2094 442 2137 cniptrice
461 2095 636 2136 respective
656 2095 762 2134 factas
780 2100 814 2127 ut
832 2096 1023 2139 praefertur,

290 2147 501 2189 confectaque
527 2147 670 2190 desuper
702 2148 779 2181 bina
810 2148 1024 2182 instrumenta

289 2200 419 2242 publica
444 2210 542 2242 supra
567 2201 747 2241 enunciata,
768 2212 838 2234 cum
855 2201 1023 2235 omuibus¹

290 2252 424 2293 singulis
447 2254 546 2295 pactis
564 2259 594 2285 et
611 2254 866 2294 conditionibus,
889 2255 1024 2298 aliisque

290 2305 322 2338 in
349 2307 393 2338 eis
425 2307 673 2348 quomodolibet
704 2309 867 2342 contentis
904 2314 934 2341 et
966 2320 1021 2342 ex-

291 2358 423 2400 pressis.
449 2370 484 2391 ac
510 2359 584 2392 iude
611 2361 728 2393 secutis
754 2362 1024 2405 quibuscumque,

293 2410 331 2442 dc
357 2410 471 2452 quibus
507 2412 656 2444 omnibus
695 2419 726 2446 et
761 2414 896 2457 singulis
929 2416 1025 2457 plone

293 2473 400 2495 sumus
427 2463 609 2502 iusoruutti,
635 2472 817 2510 certamque
852 2474 882 2500 et
906 2468 1023 2501 indivi-

293 2516 386 2548 duam
413 2517 555 2549 notitiam
590 2518 765 2559 babemus,
793 2527 824 2553 et
850 2523 943 2555 talem
969 2533 1026 2554 nos

330 2579 341 2604 1
364 2578 432 2604 Addi
454 2583 539 2613 potest
559 2580 692 2607 conjunct.
714 2585 739 2610 ee
758 2584 796 2616 (n.
818 2583 868 2618 τ,).

1068 229 1188 261 habere
1213 228 1326 261 harum
1344 228 1430 262 serie
1447 233 1654 271 attestamur;
1674 239 1803 264 necnon

1068 281 1265 315 dotationem
1304 283 1466 326 praefatae
1506 293 1607 316 novae
1649 285 1804 318 ecclesiae

1067 335 1098 368 S.
1126 335 1234 368 Gallae
1261 346 1278 368 a
1302 341 1480 370 memorato
1497 336 1586 370 Livio
1611 337 1692 371 duce
1721 338 1805 373 sicut

1069 388 1282 431 praemittitur
1306 389 1431 430 factam,
1449 401 1485 423 ac
1503 391 1685 424 consectum
1710 391 1805 425 desu-

1068 451 1125 484 per
1144 441 1396 475 instrumentum
1421 443 1668 487 praeinserturn‚
1687 445 1805 478 omnia·

1069 505 1130 537 que
1161 499 1192 527 et
1224 495 1350 537 singula
1382 495 1416 528 in
1442 507 1480 530 eo
1513 503 1666 531 contenta
1691 503 1723 532 et
1746 508 1802 532 ex-

1068 558 1191 590 pressa,
1213 558 1250 581 ac
1268 548 1344 582 inde
1362 555 1471 582 secuta
1489 555 1521 583 et
1544 555 1695 584 secutura
1714 562 1807 595 quae-

1069 611 1224 645 cumque,
1250 607 1366 635 tenore
1390 603 1612 646 praesentium
1645 611 1806 648 perpetuo

1069 654 1298 688 contii-mamus
1332 660 1364 689 et
1401 658 1642 700 approbamus,
1674 657 1806 701 illisque

1069 707 1265 741 inviolabilis
1290 714 1321 742 et
1348 709 1579 753 irrefragabilis
1611 711 1807 754 apostolicae

1069 760 1228 794 firmitatis
1253 762 1327 802 vim,
1348 763 1459 803 robur,
1477 764 1653 797 efficaciam
1674 769 1707 798 et
1729 764 1808 799 vali-

1070 814 1203 848 ditatem
1228 815 1434 859 adiungimus
1458 821 1490 850 et
1513 817 1693 858 adijcimus,
1715 827 1751 851 ac
1772 828 1808 851 o·

1069 881 1160 903 mnes
1186 876 1217 903 et
1241 871 1384 914 singulos
1410 871 1486 905 iuris
1511 878 1543 905 et
1568 872 1641 905 sacti
1676 878 1707 906 et
1727 873 1809 906 sole-

1069 923 1236 955 mnitatum
1262 934 1552 968 quarumcumque,
1578 930 1642 958 tam
1666 937 1702 959 ex
1728 925 1808 960 iuris

1070 977 1249 1009 communis
1287 982 1318 1009 et
1349 979 1615 1012 constitutionum
1644 984 1676 1012 et
1699 979 1810 1013 decre-

1071 1034 1175 1063 torum
1194 1030 1459 1074 apostolicorum,
1476 1042 1605 1065 necnon
1630 1032 1734 1066 dictae
1752 1032 1810 1066 Ur-

1071 1083 1131 1123 bis,
1151 1084 1354 1127 aliorumque
1372 1085 1602 1128 quorumlibet,
1617 1089 1809 1120 statutorum

1071 1147 1247 1181 eorumque
1279 1147 1435 1171 novarum
1468 1138 1668 1172 additionum
1693 1149 1729 1172 ac
1760 1149 1811 1174 re-

1070 1189 1299 1223 s'ormationum
1323 1191 1537 1235 praescripto,
1568 1202 1624 1225 scu
1650 1192 1690 1226 dc
1713 1194 1808 1237 stylo,

1070 1254 1128 1275 usu
1154 1249 1185 1276 et
1214 1244 1472 1284 consuetudine,
1499 1255 1595 1288 quam
1625 1243 1703 1279 alias
1728 1257 1810 1290 quo-

1070 1297 1251 1330 modolibet
1275 1297 1308 1330 in
1333 1297 1492 1330 similibus
1513 1298 1610 1332 etiam
1631 1299 1671 1333 de
1696 1309 1810 1333 ncces-

1070 1350 1165 1383 sitate
1184 1350 1471 1389 observandarum,
1487 1357 1519 1384 et
1536 1352 1614 1385 alios
1638 1363 1810 1396 quoscum-

1071 1414 1143 1446 que,
1161 1403 1257 1436 etiam
1283 1404 1487 1447 quantumvis
1512 1405 1666 1439 formales
1690 1411 1722 1439 et
1741 1406 1811 1439 sub·

1069 1456 1235 1489 stantiales
1260 1466 1296 1489 ac
1320 1458 1485 1490 naturales
1502 1462 1534 1490 et
1557 1455 1750 1501 ineogitatos
1779 1463 1812 1493 ct

1070 1509 1337 1552 inexcogitabiles
1365 1510 1523 1550 desectus,
1540 1511 1566 1544 si
1588 1512 1641 1555 qui
1667 1512 1699 1545 in
1720 1522 1811 1556 prae·

1070 1563 1186 1603 missis,
1212 1565 1262 1597 vel
1288 1574 1402 1597 eorum
1428 1565 1557 1608 aliquo,
1583 1566 1811 1609 principaliter

1069 1617 1118 1648 vcl
1144 1617 1336 1657 accessorie,
1368 1618 1599 1651 antecedenter
1622 1619 1672 1652 vel
1698 1629 1811 1653 conse-

1070 1674 1226 1712 quenter,
1254 1674 1310 1701 aut
1344 1670 1619 1712 concomitanter,
1646 1672 1696 1705 vel
1733 1671 1810 1706 alias

1069 1721 1181 1764 quovis
1206 1722 1305 1757 modo
1331 1722 1576 1764 intervenerint,
1595 1735 1651 1758 seu
1670 1724 1811 1760 interve-

1070 1775 1158 1808 nisse
1185 1775 1259 1815 dici,
1285 1776 1433 1816 censeri,
1458 1776 1617 1820 intelligi,
1643 1780 1692 1812 vel
1717 1776 1811 1822 prae·

1071 1828 1157 1861 tendi
1191 1829 1493 1873 quomodocumque
1526 1836 1557 1863 et
1589 1831 1810 1874 quandocum-

1069 1892 1130 1925 quc
1155 1887 1301 1925 possent,
1327 1882 1454 1917 etiamsi
1479 1883 1560 1917 tales
1587 1884 1660 1924 sint,
1677 1890 1712 1917 ut
1728 1895 1810 1920 non-

1069 1935 1130 1967 nisi
1155 1936 1237 1967 sacta
1267 1945 1380 1968 eorum
1412 1936 1562 1980 specifica
1589 1943 1620 1970 et
1644 1937 1809 1973 individua

1068 1989 1231 2022 mentione
1251 1994 1281 2022 et
1306 1989 1519 2032 expressione
1537 1990 1644 2024 sanari
1673 1992 1808 2035 possint,

1068 2043 1257 2085 supplemus
1291 2048 1322 2075 et
1347 2053 1516 2084 sanamus,
1550 2054 1586 2077 ae
1622 2045 1749 2088 penitus
1775 2051 1808 2080 et

1068 2096 1203 2129 omnino
1229 2095 1370 2129 tollimus
1397 2102 1429 2130 et
1454 2097 1634 2131 abolemus.

1110 2149 1125 2192 ξ
1150 2148 1181 2182 3.
1208 2148 1381 2182 Praeterea
1407 2160 1502 2184 omne
1527 2150 1587 2190 ius,
1613 2153 1698 2196 quod
1717 2163 1806 2197 prae·
1848 2154 1998 2187 0¹¹0³⁰¹²mv1⁶

1816 2181 1848 2202 lus
1875 2188 1938 2208 supun-
1966 2183 1999 2203 ‹u-

1068 2202 1139 2235 satis
1165 2202 1291 2236 clericis
1311 2204 1514 2245 regularibus
1534 2205 1756 2241 venditoribus
1773 2207 1870 2256 ing'naffg¹
1886 2209 1998 2257 flamm

1067 2257 1117 2288 vel
1161 2266 1259 2300 super
1298 2258 1484 2301 supradicta
1521 2259 1622 2293 veteri
1669 2261 1805 2294 ecclesia
1815 2261 1934 2283 ³¹³<¹³⁰²l¹¹ss
1959 2296 1967 2305 ,

1067 2308 1098 2341 S.
1125 2308 1240 2342 Mariae
1258 2309 1291 2342 in
1310 2309 1449 2352 Portum,
1470 2310 1533 2345 iarn
1555 2313 1637 2346 sicut
1652 2314 1806 2358 praemit-

1069 2362 1144 2393 titur
1164 2362 1253 2395 iussu
1272 2368 1384 2397 nostro
1410 2364 1575 2399 destructa
1592 2372 1624 2399 et
1640 2367 1804 2409 demolita,

1068 2415 1097 2447 in
1124 2416 1320 2458 primodicto
1355 2417 1573 2453 instrumento
1607 2421 1804 2456 venditionis

1068 2470 1316 2511 ‹piomodolibet
1340 2477 1535 2505 reservatum
1560 2473 1628 2513 suit,
1651 2475 1804 2519 quodque

1070 2523 1146 2554 laui'
1164 2523 1224 2565 ipsi
1240 2524 1345 2557 elciici
1365 2526 1532 2568 regulares
1550 2537 1728 2571 eorumque
1747 2529 1804 2562 do-

1109 2584 1115 2610 l
1140 2583 1205 2611 Male
1222 2584 1285 2612 edit.
1302 2585 1380 2613 Maia.
1397 2586 1462 2622 legit
1478 2588 1537 2615 iam
1560 2596 1607 2623 pro
1625 2590 1681 2616 lam
1700 2589 1737 2624 (n.
1754 2591 1803 2625 τ.).
