2111 3157
190 211 238 239 An.
257 212 284 239 C.
310 213 378 241 ¹080

423 205 487 239 338

382 264 486 304 batus,
508 265 722 297 admoneatur
739 264 846 296 verbis
870 275 972 307 usque
991 271 1118 308 quater;

382 318 408 350 51
435 328 500 351 11011
525 318 754 358 emendaverit,
779 317 974 350 adhibeatur
997 319 1027 351 ci
1053 329 1120 352 cor-

382 371 484 406 rectio
528 371 719 413 disciplinae
756 371 926 413 regularis.
965 371 1056 410 Quod
1092 373 1118 405 si

382 434 488 466 neque
510 424 554 456 sic
575 425 762 463 correxerit,
790 430 865 457 111110
890 425 1058 458 deiiciatur
1079 427 1118 460 (10

380 477 496 509 ordine
520 477 777 520 praepositurae,
804 482 836 510 et
867 478 948 510 alius
980 479 1034 521 qui
1072 479 1118 512 di-

380 541 463 571 gnus
489 535 537 563 est
562 531 594 562 in
616 531 690 563 loco
709 531 777 563 eius
798 531 1005 574 subrogetur.
1026 532 1117 570 Quod

379 583 403 614 si
431 588 462 615 ct
487 588 602 625 postea
632 583 663 615 in
696 584 951 626 congregatione
988 585 1117 628 quietus

378 640 410 667 et
435 635 591 669 obediens
625 646 691 669 non
727 637 832 675 fuerit,
865 637 961 670 etiam
988 638 1026 670 (10
1051 648 1118 671 010-

375 690 519 722 nasterio
537 690 728 732 expellatur.
749 690 875 732 Cogitet
892 695 1000 723 tamen
1018 691 1116 724 abbas

376 753 409 774 se
435 743 474 775 de
500 742 650 775 omnibus
676 743 805 776 iudiciis
826 743 892 776 Deo
912 744 1115 777 redditurum

375 795 547 835 rationem,
585 806 625 828 ne
663 796 746 828 sorte
786 795 928 829 invidiae
965 802 1016 829 aut
1054 798 1114 830 zeli

373 847 501 884 flamma
525 853 598 881 urat
622 849 774 881 animam.

643 910 839 931 naemu-xiie.

413 951 451 985 (a)
475 959 494 978 1.
526 949 730 980 Ordinalt'onrm
759 950 917 979 monasterii
947 951 999 979 sui.
1032 949 1110 980 Sicut

371 997 455 1027 1101115
476 1003 519 1027 051
544 1008 629 1027 curae
653 1007 688 1027 ne
714 998 832 1037 praelati
859 998 984 1027 existant
1011 1008 1111 1038 perpe-

372 1047 425 1084 tui,
450 1047 498 1076 sed
522 1047 652 1085 quolibet
673 1047 800 1085 capitulo
822 1057 836 1076 a
859 1048 912 1076 sua
934 1048 1110 1086 praelatione

371 1096 575 1132 absolvantur,
610 1097 648 1125 ita
679 1096 833 1134 diligenter
862 1096 1042 1125 intendimus
1074 1107 1110 1127 110

371 1144 554 1183 praepositus
583 1144 765 1181 monasterii,
794 1144 844 1183 qui
867 1145 1027 1173 secundum
1050 1154 1110 1175 1110-

369 1202 430 1222 rem
454 1197 585 1223 nostrum
609 1193 689 1232 prior
718 1193 881 1223 claustralis
904 1198 1041 1231 vocatur,
1065 1204 1109 1224 se-

369 1242 535 1281 nioresque,
554 1252 586 1271 ac
600 1242 689 1272 ceteri
707 1242 845 1272 officiales
862 1242 1107 1272 monasteriorum

369 1291 502 1329 perpetui
526 1290 689 1320 videantur.

408 1348 438 1368 11.
462 1339 572 1368 Idcirco
595 1339 768 1377 statuimus,
785 1343 828 1375 ut,
849 1343 1001 1378 postquam
1025 1349 1108 1379 prae-

368 1386 443 1416 latus
465 1387 500 1416 ad
524 1387 734 1417 monasterium
767 1387 820 1417 sibi
851 1388 1029 1425 assignatum
1058 1399 1107 1418 ve-

368 1435 455 1473 nerit,
476 1435 550 1465 infra
572 1440 637 1465 octo
660 1435 733 1472 dies,
757 1436 781 1465 si
803 1436 952 1466 commode
975 1436 1038 1466 fieri
1057 1446 1107 1476 po-

369 1484 458 1522 terit]
482 1484 649 1513 convocatis
675 1484 789 1514 cunctis
815 1485 954 1514 fratribus
976 1485 1006 1514 in
1029 1486 1107 1525 capi-

367 1532 446 1568 tulo,
470 1533 590 1562 realiter
614 1532 745 1563 absolvat
767 1542 867 1563 ornnes
895 1533 1035 1563 habentes
1056 1535 1106 1564 ali-

366 1580 442 1618 quod
478 1581 620 1617 osticium,
660 1582 704 1610 vel
734 1582 1036 1620 administrationem,
1060 1583 1103 1613 rel

367 1629 494 1659 titulum.
521 1630 648 1669 lpsique,
673 1630 702 1660 in
725 1631 841 1669 signum
864 1640 1000 1661 assensus
1023 1641 1105 1670 prae-

365 1678 459 1707 (1101110
475 1678 677 1717 absolutioniS,
702 1680 841 1710 inclinato
856 1681 951 1720 capite
967 1690 1105 1710 reveren-

365 1731 411 1755 ter
432 1732 600 1765 assurgant,
634 1733 863 1768 accusantesque
896 1738 926 1759 se
949 1730 984 1759 de
1007 1740 1104 1759 exces-

363 1774 445 1804 sibus
467 1776 527 1806 suis
549 1776 579 1806 in
602 1777 768 1806 huiusmodi
801 1778 904 1807 officiis
926 1779 1102 1817 commissis,

364 1824 480 1853 veniam
504 1826 643 1864 prostrati
665 1835 762 1856 coram
781 1826 918 1856 omnibus
941 1828 1101 1866 postulent,

363 1872 516 1913 clavesque
535 1874 568 1903 ad
594 1874 657 1913 ipsa
673 1875 766 1905 officia
784 1875 974 1914 pertinentes,
992 1877 1015 1906 si
1032 1887 1103 1916 quas

363 1920 493 1957 habent,
523 1923 652 1961 praelato
674 1924 869 1962 consignent,
893 1929 1103 1964 praetereaque

363 1971 471 2004 omnia,
496 1975 527 2001 ut
556 1981 642 2011 supra
666 1972 694 2001 in
717 1982 781 2011 cap.
805 1982 896 2002 xxxin
932 1974 963 2003 Si
991 1974 1102 2003 debcant

362 2019 488 2048 monachi
516 2021 662 2058 proprium
686 2020 793 2059 aliquid
821 2022 928 2057 habere,
953 2032 983 2051 ac
1006 2022 1101 2051 locum

363 2067 553 2104 professionis
585 2072 712 2104 teneant,
748 2079 800 2099 1100
832 2070 862 2099 in
895 2070 966 2108 ipsis
999 2071 1102 2099 officiis

362 2116 486 2146 ulterius
508 2126 539 2146 se
562 2117 770 2155 intromittant,
801 2119 857 2148 nisi
881 2119 1029 2158 praelatus
1052 2119 1103 2148 ali-

362 2168 407 2193 101·
419 2165 604 2204 disposuerit,
622 2171 650 2196 et
666 2176 766 2196 eorum
781 2176 881 2197 curam
897 2167 967 2207 ipsis
983 2168 1101 2197 interim

361 2215 550 2244 commiserit.

402 2271 442 2291 111.
466 2262 572 2292 Omnes
594 2264 703 2301 etiam,
728 2265 778 2303 qui
801 2265 954 2295 occasione
977 2266 1101 2295 alicuius

361 2311 449 2340 officii
472 2311 501 2340 in
525 2313 669 2351 superiori
692 2313 754 2343 loco
777 2318 860 2344 erant
875 2315 1036 2352 constituti,
1052 2324 1102 2353 pcr

360 2363 420 2388 tres
449 2360 551 2389 saltem
579 2361 641 2390 dies
670 2362 732 2391 loca
756 2372 825 2392 suae
848 2363 1037 2402 professionis
1061 2368 1101 2393 te-

359 2411 459 2437 neant.
484 2409 633 2439 I‘raelatus
651 2420 731 2448 vero,
749 2412 798 2450 qui
821 2412 855 2441 ad
878 2412 1037 2451 capitulum
1054 2422 1102 2449 ge-

359 2454 459 2482 nerale
482 2463 538 2483 non
562 2456 730 2493 accesserit,
750 2458 774 2486 si
790 2457 979 2487 confirmatus
1002 2458 1031 2486 in
1055 2468 1102 2487 eo-

360 2502 424 2531 dem
448 2502 511 2531 loco
534 2503 642 2539 suerit,
677 2504 805 2543 idipsum
828 2506 914 2534 faciat
936 2507 1012 2535 intra
1036 2510 1100 2536 octo

359 2550 438 2586 dies,
464 2554 615 2589 postquam
644 2552 679 2581 de
713 2553 774 2591 ipsa
797 2554 1015 2584 confirmatione
1038 2564 1101 2584 cer-

359 2599 417 2630 tior
439 2599 531 2630 sactus
555 2600 653 2632 fuerit.

967 216 1146 241 normarum
1170 217 1322 243 ROMANUM

1204 275 1242 296 ιν.
1261 266 1361 307 Itaque
1377 272 1449 298 nutu
1468 270 1600 308 praelati,
1614 271 1692 301 iuxta
1712 276 1841 304 tenorem
1857 283 1902 305 re-

1163 315 1260 354 gulae,
1285 317 1468 356 praepositus
1484 319 1634 358 ceterique
1657 321 1795 351 officiales
1817 322 1900 353 insti-

1163 368 1292 403 tuantur,
1316 370 1345 395 et
1372 366 1440 396 inde
1469 376 1570 397 rursus
1599 374 1801 408 amoveantur,
1832 381 1898 403 cum

1162 414 1283 444 consilio
1307 418 1402 444 tamen
1425 415 1574 446 seniorum
1597 427 1729 448 suorum.

1201 471 1228 492 v.
1252 462 1284 492 In
1306 464 1382 493 nova
1402 463 1570 494 officialium
1588 466 1632 495 vel
1654 466 1834 506 depositione
1853 470 1897 500 vel

1162 511 1379 549 publicatione,
1409 512 1554 551 praelatus
1582 513 1658 552 legat
1689 515 1720 544 in
1751 522 1897 548 conventu

1160 560 1359 590 ordinationes
1381 564 1409 590 ct
1429 560 1642 591 admonitiones
1661 564 1749 593 factas
1767 564 1796 594 in
1820 566 1897 605 capi-

1161 609 1221 638 tulo
1252 610 1403 647 generali,
1427 619 1501 649 quae
1527 615 1571 640 ter
1598 611 1628 641 in
1655 620 1731 642 anno
1758 613 1895 651 legendae

1159 661 1237 693 511111,
1255 666 1292 686 ne
1308 658 1372 696 quis
1388 658 1422 687 de
1444 659 1609 696 ignorantia
1626 668 1656 689 se
1675 665 1811 699 excuset3
1828 671 1893 693 cum

1159 705 1293 735 videlicet
1314 706 1461 745 praelatus
1477 707 1598 737 redierit
1619 717 1634 737 a
1656 709 1784 748 capitulo
1806 720 1893 749 gene-

1158 753 1230 792 rali,
1255 754 1330 784 circa
1360 755 1465 785 festum
1490 755 1627 786 Omnium
1655 756 1844 796 Sanctorum,
1865 763 1893 790 et

1157 802 1233 831 circa
1255 802 1522 841 Quadragesimam.

1196 858 1233 879 11.
1251 850 1459 881 Censtituimus
1475 852 1572 887 etiam,
1590 856 1632 890 ut,
1654 862 1724 883 casu
1738 864 1795 894 quo
1810 865 1893 895 prae-

1156 898 1231 927 latus
1253 904 1417 930 moreretur
1447 905 1496 930 aut
1516 901 1550 930 ad
1573 901 1733 940 capitulum
1755 905 1894 941 generale·

1156 948 1405 987 proficisceretur,
1430 949 1525 978 omnis
1551 950 1614 979 eius
1635 951 1665 980 in
1688 951 1890 990 spiritualibus

1154 996 1312 1025 auctoritas
1345 1001 1494 1026 remancat
1527 1006 1616 1036 penes
1646 998 1784 1037 priorem.
1811 1000 1889 1036 Quae

1154 1044 1311 1073 auctoritas
1333 1045 1417 1075 duret
1439 1045 1530 1075 (101100
1552 1046 1587 1075 ad
1610 1047 1820 1077 monasterium
1842 1058 1890 1079 ve-

1154 1092 1213 1122 niat
1236 1102 1327 1122 novus
1350 1094 1507 1132 praelatus,
1532 1095 1575 1124 vel
1599 1095 1741 1134 pristinus
1761 1101 1889 1127 reverta-

1153 1146 1210 1178 tur,
1235 1142 1365 1179 etiamsi‚
1383 1143 1432 1182 qui
1453 1144 1515 1174 loco
1538 1144 1659 1183 praelati
1681 1145 1799 1175 relictus
1821 1146 1889 1183 fuit,

1151 1190 1233 1219 alteri
1258 1192 1436 1221 monasterio
1458 1192 1560 1222 suisset
1580 1193 1756 1231 assignatus,

1191 1247 1238 1268 vu.
1265 1239 1403 1269 Volumus
1424 1244 1520 1270 autem
1536 1250 1569 1270 eo
1588 1245 1716 1280 tempore
1738 1242 1767 1271 id
1789 1242 1884 1273 obser-

1152 1288 1211 1317 vari
1243 1288 1318 1326 quod
1348 1289 1495 1327 praelatus
1523 1290 1706 1320 constituerit
1730 1294 1886 1330 antequam

1150 1341 1313 1366 moreretur
1334 1338 1377 1367 vel
1400 1338 1434 1367 ad
1457 1339 1615 1377 capitulum
1639 1344 1782 1378 pergeret.
1804 1340 1885 1376 Quod

1149 1385 1172 1414 si
1196 1386 1273 1424 prior
1295 1386 1340 1416 vel
1362 1387 1436 1416 alius
1458 1387 1591 1426 superior
1612 1388 1840 1427 contrafecerit,
1857 1393 1885 1419 et

1148 1434 1316 1464 scandalum
1346 1435 1381 1464 ob
1410 1435 1439 1464 id
1469 1439 1566 1465 ortum
1588 1436 1686 1474 fuerit,
1710 1436 1882 1475 deponatur.

1148 1481 1175 1511 Si
1199 1486 1294 1511 autern
1318 1492 1364 1512 res
1387 1483 1509 1513 minoris
1532 1483 1671 1513 rntmenti
1693 1484 1798 1522 fuerit,
1827 1488 1884 1515 stet

1148 1540 1199 1569 per
1223 1540 1352 1560 mensem
1374 1531 1403 1561 in
1427 1532 1489 1561 1000
1521 1541 1590 1562 suae
1618 1532 1804 1571 professionis
1820 1556 1828 1571 ,
1852 1537 1884 1563 ut

1147 1579 1340 1609 obedientiam
1364 1585 1391 1610 et
1413 1581 1608 1610 humilitatem
1630 1581 1733 1611 discat.

1185 1638 1244 1658 vm.
1268 1629 1410 1659 Similiter
1439 1630 1463 1660 si
1486 1630 1641 1668 contigerit
1663 1631 1824 1669 praelatum
1847 1631 1882 1662 ad

1146 1678 1305 1716 capitulum
1336 1688 1394 1708 non
1424 1674 1603 1716 accessisse,
1636 1684 1768 1710 cessante
1795 1682 1882 1710 causa

1147 1726 1316 1756 manifestae
1347 1726 1551 1765 infirmitatis,
1581 1731 1631 1757 aut
1663 1728 1719 1757 alia
1752 1728 1881 1766 legitima

1146 1777 1234 1804 eausa
1256 1775 1364 1805 iudicio
1387 1780 1468 1815 patre
1491 1776 1684 1815 praesidentis
1712 1781 1762 1806 aut
1783 1777 1882 1807 visita-

1147 1828 1241 1853 torum
1273 1824 1482 1863 approbanda‚
1512 1826 1575 1864 ipso
1604 1826 1699 1863 facto,
1729 1829 1760 1855 ut
1790 1827 1880 1856 ceteri

1147 1873 1265 1911 praelati
1288 1873 1397 1902 suerint
1429 1873 1459 1903 in
1489 1874 1616 1913 capitulo
1645 1874 1789 1911 absoluti,
1818 1875 1880 1914 ipse

1145 1931 1259 1960 quoque
1282 1922 1432 1953 absolutus
1448 1922 1639 1960 intelligatur,
1655 1927 1684 1953 et
1699 1924 1728 1952 in
1751 1923 1880 1962 priorem

1122 1969 1124 1972 ’
1144 1970 1330 1999 claustralem
1362 1975 1431 2000 tunc
1458 1975 1486 2000 et
1508 1980 1540 2001 eo
1563 1980 1632 2000 casu
1654 1972 1748 2001 omnis
1770 1975 1826 2001 tam
1849 1972 1879 2002 in

1144 2018 1344 2056 spiritualibus
1359 2029 1444 2058 quam
1467 2019 1496 2049 in
1521 2020 1729 2058 temporalibus
1758 2020 1881 2050 transse-

1144 2072 1224 2096 ratur
1246 2072 1370 2107 potestas
1387 2078 1479 2108 usque
1501 2069 1536 2098 ad
1559 2079 1663 2099 noram
1686 2069 1878 2109 provisionem

1144 2117 1324 2146 monasterii.

1183 2173 1221 2193 ix,
1246 2164 1333 2194 Secus
1356 2170 1451 2195 autem
1481 2166 1505 2196 si
1535 2176 1601 2196 cum
1625 2166 1746 2196 licentia.
1767 2166 1880 2206 praesa—

1145 2217 1259 2249 tormn,
1284 2218 1332 2243 aut
1360 2215 1435 2244 iusto
1463 2215 1642 2245 infirmitatis
1670 2216 1879 2255 impedimento

1145 2263 1338 2298 remanserit,
1364 2267 1432 2293 tunc
1460 2264 1538 2293 enim
1566 2265 1592 2294 ei
1623 2265 1821 2295 continuatam
1847 2275 1878 2295 o-

1144 2321 1241 2340 mnem
1265 2317 1454 2350 potestatem,
1478 2323 1570 2353 usque
1596 2314 1631 2344 ad
1653 2323 1760 2344 novum
1785 2316 1878 2354 prela-

1145 2364 1204 2389 tum
1222 2362 1265 2390 vel
1289 2371 1371 2390 suam
1394 2363 1660 2399 confirmationem,
1683 2363 1876 2394 declaramus.

1184 2419 1211 2438 x.
1231 2410 1260 2439 ln
1277 2420 1365 2449 snpra
1379 2411 1463 2440 (lictis
1476 2411 1602 2448 casibus,
1618 2411 1774 2449 cellerarii,
1788 2416 1816 2442 01
1827 2412 1878 2442 alii

1144 2458 1192 2495 qui
1217 2459 1384 2497 temporalia
1406 2464 1520 2495 curant,
1539 2460 1656 2489 interim
1672 2463 1825 2489 recurrant
1841 2461 1877 2490 ad

1144 2507 1323 2545 praedicturi}
1347 2508 1410 2537 loco
1433 2508 1554 2547 praelati
1576 2508 1783 2545 constitutum,
1807 2509 1877 2547 ipsi-

1142 2565 1197 2594 que
1220 2561 1351 2594 pareant,
1369 2561 1396 2586 et
1411 2557 1474 2586 eius
1496 2556 1618 2587 consilio
1633 2561 1661 2587 et
1679 2565 1801 2587 assensu
1816 2565 1878 2591 om-

1142 2604 1189 2634 nia
1211 2605 1330 2635 faciant.

1849 211 1868 227 ²
1906 226 1956 255 An.
1975 227 2004 256 c.
2026 229 2092 261 ¹680
