2111 3157
158 195 207 222 An.
225 195 254 223 c.
277 196 344 223 1678
388 187 430 221 9ss

349 245 594 278 confraternitas
617 245 695 288 erigi
714 249 834 288 posset,
854 254 913 276 nec
931 245 1083 288 deinceps

349 308 430 331 nova
451 299 588 331 societas
613 309 668 331 scu
695 297 941 330 confraternitas
971 298 1082 329 huius-

347 351 433 383 modi
459 351 678 384 institueretur
705 350 735 382 in
761 350 954 390 civitatibus,
990 352 1082 394 oppi-

348 403 395 435 dis.
421 409 473 435 aut
497 403 576 436 locis
602 404 633 435 in
659 403 774 446 quibus
809 413 874 435 non
895 409 980 436 esset
1004 404 1078 436 dicti

346 455 474 488 Ordinis
500 457 626 495 domus,
642 461 697 487 aut
713 456 745 488 in
763 455 905 488 finitimis
923 457 1078 496 ecclesiis,

347 507 467 551 absque
494 508 625 540 licentia
645 508 761 550 prioris
789 508 994 551 provincialis
1021 520 1076 541 scu

346 560 564 593 conventualis
590 560 665 592 dicti
689 560 825 599 Ordinis,
853 561 884 592 in
914 561 1004 594 cuius
1033 562 1078 594 di-

345 613 455 645 strictu
481 613 540 645 sita
565 619 648 645 esset
673 614 810 647 ecclesia
842 614 873 645 in
908 624 969 657 qua
994 614 1076 647 dicta

344 665 590 698 confraternitas
641 676 698 698 seu
744 666 881 699 societas
923 672 990 699 erat
1027 668 1075 700 vel

345 717 426 750 foret
450 718 617 761 erigenda;
654 719 739 761 quod
771 719 796 751 si
833 730 924 752 secus
960 720 1075 752 factum

344 770 464 811 fuisset,
491 772 670 804 confratres
696 772 801 804 taliter
825 773 953 805 admissi
972 773 1074 806 dictae

342 823 623 862 confraternitatis,
639 834 697 856 seu
714 824 885 862 societatis,
905 824 1076 867 indulgen-

342 876 401 908 tias
426 886 490 909 non
516 882 807 919 consequerentur,
832 887 891 909 nec
916 878 1074 910 favoribus

341 934 395 961 aut
418 928 597 971 privilegiis
623 930 809 971 gauderent,
836 941 918 973 quae
950 931 1075 963 confra-

340 981 442 1014 tribus
467 981 609 1023 legitime
631 981 759 1024 scriptis
780 992 838 1024 per
855 981 969 1014 Sedent
987 993 1074 1025 prae-

341 1033 456 1066 dictam
482 1033 754 1072 concedebantur,
778 1039 936 1076 perpetuo
956 1040 1074 1067 statue-

338 1086 379 1118 rit
403 1092 435 1118 et
469 1086 683 1126 ordinaverit,
713 1097 749 1118 ae
773 1086 868 1118 etiam
901 1087 1073 1120 districtius

338 1138 524 1177 inhibuerit,
551 1138 660 1181 sicque
685 1138 824 1171 voluerit
848 1143 879 1171 et
903 1149 1074 1182 praecepe-

337 1191 387 1230 rit,
406 1196 438 1223 et
462 1191 548 1230 alias,
562 1196 658 1234 prout
682 1191 715 1223 in
744 1192 933 1223 eorumdem
966 1191 1011 1223 Pii
1037 1192 1072 1224 lv

338 1249 370 1276 et
393 1243 438 1276 Pii
457 1243 478 1275 V
500 1245 784 1286 praedecessorum
801 1244 916 1277 litteris
935 1244 1074 1288 desuper

337 1296 494 1340 expeditis
518 1297 651 1329 uberius
676 1296 791 1329 dicitur
827 1297 1008 1337 contineri;
1036 1309 1072 1330 ac

336 1350 540 1392 postmodum
575 1350 647 1392 piae
683 1350 857 1383 memoriae
897 1349 1071 1392 Gregorius

334 1403 421 1445 Papa
446 1403 522 1443 Xlll,
551 1404 781 1445 praedecessor
804 1403 926 1446 pariter
951 1410 1069 1444 noster,

333 1455 514 1497 praedictas
539 1455 585 1487 Pii
611 1455 646 1487 lv
671 1461 702 1488 et
726 1456 771 1488 Pii
796 1456 819 1487 V
843 1457 1072 1499 praedecesso-

334 1518 406 1539 rum
430 1507 552 1540 litteras
585 1507 824 1540 confirmaverit
856 1513 887 1540 et
912 1510 1071 1551 approba-

335 1560 426 1599 verit,
451 1559 592 1603 aliasque
610 1559 828 1602 indulgentias
853 1561 1069 1595 confratribus

336 1612 438 1645 dictae
468 1612 742 1645 confraternitatis
778 1613 933 1654 elargitus
965 1614 1069 1653 fuerit,

335 1671 433 1708 prout
456 1666 488 1698 in
514 1665 648 1698 diversis
675 1666 775 1708 ipsius
800 1665 945 1707 Gregorii
976 1677 1070 1709 prae-

336 1719 645 1752 decessorislitteris
657 1719 1068 1762 desuperemanatisetiam

336 1772 453 1805 dicitur
489 1773 618 1815 plenius
646 1772 826 1811 contineri,
857 1773 912 1805 sed
944 1783 1069 1806 succes-

335 1826 398 1859 sive
416 1826 528 1859 similis
545 1827 781 1859 reeordationis
799 1826 916 1859 Paulus
934 1826 1018 1870 Papa
1031 1827 1066 1866 V,

335 1879 431 1911 etiam
466 1879 700 1921 praedecessor
725 1885 843 1913 noster.
877 1879 928 1922 qui
967 1885 1069 1912 certas

334 1931 509 1975 unicuique
528 1932 786 1964 confraternitati
805 1932 1021 1974 indulgentias
1039 1937 1070 1965 et

335 1984 453 2026 gratias
485 1984 684 2027 spirituales,
724 1985 840 2027 quibus
879 1985 917 2017 de
958 1990 1068 2017 cetero

332 2037 501 2076 frueretur,
522 2036 654 2069 duxerat
678 2037 956 2079 praescribendas‚
980 2047 1069 2069 revo-

334 2089 411 2121 catis
435 2095 466 2121 et
482 2088 658 2121 annullatis
678 2099 714 2121 ac
739 2089 858 2121 nullius
885 2088 1011 2121 roboris
1037 2094 1069 2122 et

332 2141 487 2174 [nomenti
524 2141 556 2173 in
592 2146 757 2184 posterum
794 2142 862 2174 fore
899 2142 1068 2174 declaratis

335 2195 484 2228 omnibus
502 2200 533 2227 et
549 2195 683 2237 singulis
707 2195 917 2237 indulgentiis
943 2200 974 2227 et
998 2205 1069 2238 pec-

335 2253 479 2280 catorum
494 2247 739 2280 remissionibus
752 2258 786 2279 ac
800 2247 1069 2290 poenitentiarum

335 2300 585 2333 relaxationibus
600 2300 851 2333 confraternitati
862 2300 914 2332 SS.
926 2299 1070 2333 Nominis

336 2353 442 2390 Dei,in
457 2352 590 2384 ecclesia
605 2354 634 2384 ὃ.
652 2353 768 2385 Mariae
785 2363 884 2395 super
895 2353 1071 2386 Minervam

337 2408 375 2439 de
393 2405 477 2438 Urbe
493 2405 567 2437 dicti
582 2404 708 2437 Ordinis
723 2406 853 2438 fratrum
874 2406 1069 2438 Praedicato-

337 2470 407 2495 rum
432 2458 586 2490 canonice
611 2457 801 2497 institutae,
829 2464 859 2491 et
884 2459 970 2491 illius
996 2469 1071 2491 con-

339 2511 489 2543 fratribus
516 2515 547 2541 et
572 2510 804 2543 consororibus
841 2516 975 2542 eatenus

340 2573 558 2607 quoscumque
600 2562 759 2594 ltonianos
796 2562 967 2595 Pontifices
1001 2563 1068 2595 eius

1011 2521 1071 2554 pm*
1090 2523 1091 2527 ¹

926 197 1057 220 Bt'LLAnt
1064 198 1104 222 ΠΜ
1128 195 1279 220 ΒΟΜᾸΝΗΜ

1125 243 1397 285 praedecessores
1412 242 1598 283 concessit⁴‚
1611 242 1760 277 omnibus
1776 242 1858 276 utri-

1123 305 1226 338 usque
1251 305 1342 328 sexus
1369 296 1635 328 christifidelibus
1668 296 1751 328 hanc
1781 305 1858 329 con—

1124 347 1359 380 fraternitatem
1384 349 1422 380 de
1448 353 1556 380 cetero
1582 347 1794 390 ingressuris,
1821 359 1858 381 ac,

1123 404 1184 432 tam
1199 400 1276 443 ipsis
1294 401 1332 433 de
1352 407 1493 444 tempore
1512 400 1746 439 describendis,
1762 411 1855 443 quam

1121 453 1183 484 iani
1210 453 1382 496 descriptis
1412 454 1444 486 in
1478 453 1562 486 dicta
1593 453 1855 486 confraternitate

1121 506 1337 538 confratribus
1362 511 1394 538 et
1417 506 1656 546 consororibus,
1682 505 1736 549 qui
1767 511 1856 539 certa

1121 564 1195 591 tunc
1215 560 1417 602 praeseripta
1442 560 1569 602 pietatis
1599 570 1698 603 opera
1722 570 1856 603 perage-

1119 617 1201 651 rent,
1229 618 1332 644 certas
1357 613 1574 655 indulgentias
1592 618 1625 645 et
1648 617 1853 655 peccatorum

1118 664 1328 698 remissiones
1359 675 1395 697 ac
1430 665 1706 708 poenitentiarum
1730 666 1854 697 relaxa-

1119 717 1224 750 tiones
1259 717 1291 750 in
1316 723 1514 761 perpetuum
1551 717 1758 758 concesserit,
1793 728 1854 751 nec

1118 780 1181 803 non
1198 772 1350 813 magistro
1364 772 1508 814 generali
1525 772 1600 804 dicti
1615 771 1743 804 Ordinis
1762 771 1853 804 Prae-

1118 823 1308 863 dicatorum,
1326 830 1365 864 et,
1387 825 1443 857 illo
1468 825 1615 863 absente,
1642 823 1710 856 eius
1733 823 1852 857 vicario

1118 875 1149 908 in
1170 876 1254 908 Urbe
1276 877 1503 916 commoranti,
1520 882 1555 908 ut
1572 877 1852 909 confraternitates

1118 932 1205 960 extra
1230 928 1348 960 Urbem
1378 929 1574 971 praedictam
1608 928 1730 971 ubique
1762 930 1852 962 loco-

1117 990 1186 1011 rum
1203 980 1329 1021 erigere
1348 986 1379 1013 et
1396 981 1574 1021 instituere,
1593 981 1722 1024 illisque
1739 991 1851 1014 omnes

1117 1032 1333 1074 indulgentias
1372 1037 1403 1065 et
1439 1034 1558 1075 gratias
1596 1033 1781 1076 spirituales
1816 1034 1850 1066 in

1116 1084 1218 1126 ipsius
1245 1085 1331 1117 Pauli
1358 1086 1620 1127 praedecessoris
1645 1086 1762 1118 litteris
1796 1087 1851 1120 de-

1116 1147 1217 1179 super
1234 1138 1390 1170 emanatis
1409 1148 1589 1181 expressas,
1608 1141 1733 1171 servata
1747 1139 1850 1172 forma

1116 1190 1231 1222 tradita
1260 1190 1291 1222 in
1323 1191 1556 1224 constitutione
1589 1191 1702 1224 similis
1726 1202 1850 1226 memo-

1116 1242 1181 1275 riae
1199 1242 1371 1275 Clementis
1390 1243 1491 1285 Papae
1504 1243 1566 1275 vll}
1585 1244 1849 1285 praedecessoris

1115 1295 1234 1337 pariter
1272 1295 1375 1328 nostri
1416 1306 1515 1338 super
1550 1297 1850 1332 confraternitatum

1114 1348 1400 1390 aggregationibus
1426 1354 1457 1381 et
1480 1348 1739 1381 institutionibus
1754 1350 1848 1390 edita,

1114 1401 1353 1434 communicare
1385 1401 1486 1433 libere
1523 1406 1555 1433 et
1587 1401 1673 1434 licite
1709 1403 1849 1446 valeret,

1113 1453 1303 1486 auctoritate
1321 1454 1502 1496 apostoliea
1520 1454 1702 1486 facultatem
1720 1464 1853 1492 conces⁴

1113 1506 1194 1538 serit
1228 1512 1260 1539 et
1290 1507 1472 1549 impertitus
1503 1507 1615 1547 fuerit,
1647 1517 1682 1540 ac
1716 1507 1851 1550 insuper

1113 1559 1181 1601 ipse
1212 1558 1329 1591 Paulus
1358 1559 1594 1602 praedecessor
1629 1559 1780 1593 omnibus
1818 1566 1850 1594 et

1113 1612 1247 1654 singulis
1272 1612 1438 1655 utriusque
1463 1622 1556 1645 sexus
1581 1612 1850 1646 christifidelibus

1113 1665 1144 1697 in
1181 1665 1290 1708 aliqua
1315 1675 1353 1698 ex
1379 1664 1699 1698 confraternitatibus
1732 1665 1765 1698 in
1798 1676 1849 1699 ec-

1112 1718 1218 1751 clesiis
1243 1718 1375 1750 fratrum
1400 1718 1476 1751 dicti
1502 1717 1629 1750 Ordinis
1649 1718 1849 1754 Praedicato-

1112 1781 1181 1804 rum
1207 1771 1361 1804 canonice
1386 1770 1540 1803 institutis
1578 1771 1743 1803 dumtaxat.
1775 1777 1852 1805 tuno

1113 1824 1284 1867 descriptis
1309 1828 1340 1856 et
1365 1833 1423 1866 pro
1450 1828 1598 1866 tempore
1624 1823 1851 1858 describendis

1112 1887 1186 1909 vere
1211 1875 1457 1918 poenitentibus
1496 1881 1527 1907 et
1551 1875 1708 1908 confessis
1739 1887 1775 1908 ac
1801 1887 1853 1909 sa-

1112 1930 1165 1961 era
1190 1928 1419 1960 communione
1444 1928 1595 1968 refectis,
1631 1928 1684 1971 qui
1715 1939 1850 1972 proces-

1113 1981 1195 2014 sioni
1220 1981 1362 2014 secunda
1386 1981 1550 2014 dominica
1570 1981 1744 2014 cuiuslibet
1764 1992 1849 2015 men-

1112 2035 1154 2068 sis
1172 2044 1231 2078 per
1251 2035 1351 2067 dictas
1376 2033 1660 2066 confraternitates
1691 2035 1850 2068 celebrari

1111 2088 1222 2120 solitae
1248 2087 1363 2120 devote
1389 2086 1622 2126 interfuissent,
1645 2091 1676 2119 et
1693 2097 1752 2130 pro
1778 2099 1850 2121 san-

1111 2147 1181 2174 ctae
1205 2139 1315 2172 matris
1339 2138 1498 2171 Ecclesiae
1531 2139 1736 2178 exaltatione,
1774 2140 1850 2174 hae-

1111 2204 1220 2227 resum
1256 2192 1494 2235 exin-palione,
1522 2202 1559 2224 ac
1593 2192 1848 2226 christianorum

1111 2245 1292 2289 principum
1310 2244 1492 2283 concordia,
1512 2244 1581 2287 pias
1598 2245 1636 2277 ad
1654 2244 1753 2278 Deum
1775 2256 1849 2288 pre-

1111 2309 1162 2331 ces
1187 2296 1380 2336 elfflderint,
1407 2297 1586 2339 plenariam
1612 2296 1754 2330 omnium
1779 2308 1848 2341 pec-

1111 2358 1256 2384 catorum
1281 2360 1411 2383 suorum
1438 2350 1674 2392 indulgentiam
1690 2355 1722 2382 et
1739 2351 1848 2383 remis-

1111 2405 1237 2438 sionem
1261 2403 1515 2436 misericorditer
1539 2403 1571 2435 in
1596 2403 1733 2436 Domino
1764 2404 1848 2436 elar—

1111 2458 1195 2499 gitus
1221 2457 1325 2494 fuerit,
1353 2462 1385 2489 et
1408 2456 1544 2489 subinde
1569 2455 1634 2488 illis
1652 2466 1717 2488 non
1741 2457 1847 2489 solum

1111 2511 1143 2542 in
1169 2509 1308 2542 secunda
1338 2508 1542 2548 huiusmodi,
1569 2508 1625 2540 sed
1657 2508 1690 2540 in
1716 2510 1779 2540 una
1808 2519 1845 2541 ex

1147 2572 1156 2598 1
1182 2570 1270 2596 Potius
1290 2570 1348 2606 lege
1367 2570 1498 2596 concessis
1517 2570 1552 2603 (n.
1574 2568 1620 2601 T·).

1864 193 1911 220 An.
1934 193 1964 222 C.
1985 194 2050 224 «678
