2111 3157
3 255 53 283 An.
74 255 105 282 C.
123 254 188 282 1681

26 786 54 807 De
76 785 180 806 electione

17 812 160 833 nummorum

0 840 106 861 ahbatum.

25 1309 54 1330 ne
78 1309 180 1331 electione

0 1336 110 1362 generalis.

15 1991 94 2012 Petitur
104 1993 184 2018 postre-

5 2023 82 2038 marum
124 2024 183 2043 praa·

5 2049 110 2064 missarum
119 2046 183 2064 muta—

4 2071 80 2090 tionum
97 2071 128 2090 vel
149 2076 184 2090 no-

6 2101 74 2116 varum
87 2099 184 2117 eonstitu-

6 2123 82 2142 tionum
112 2122 185 2143 confir-

5 2151 76 2169 matio.

192 303 256 336 illis
275 309 446 347 praecepto
466 303 600 344 formali,
620 303 923 337 excommunicatio-

192 366 233 389 ne
253 357 335 389 latae
356 357 532 390 sentcntiae
557 362 589 390 et
603 358 710 400 poena
732 355 875 399 periurii,
896 355 921 387 si

192 418 324 451 quoquo
349 410 444 442 modo
468 409 540 442 illas
564 407 801 448 revelaverint3
828 417 921 449 quarn

191 466 303 502 postea
334 461 577 504 dispositionem
606 460 752 494 alteravit
774 458 923 501 Congre-

192 513 287 554 gatiO,
306 514 495 556 permittens
520 513 759 553 revelationem,
785 521 823 547 eo
847 510 923 553 quia

191 565 314 597 nullum
338 565 473 599 afferens
490 564 732 609 praeiudicium,
750 573 856 606 neque
873 563 922 595 in-

192 618 387 651 conveniens
413 618 451 650 ad
475 617 615 651 nihilum
638 616 725 649 aliud
750 614 920 655 serviebat,

191 679 287 711 quam
311 670 350 702 ad
374 670 594 713 praebendam
616 668 819 702 occasionem
835 676 922 700 scru-

190 722 344 764 pulorum
368 722 503 765 periurii
520 732 527 754 t

234 774 289 806 11⁰
308 774 343 807 ln
362 774 648 807 constitutionibus
672 784 732 817 per
748 772 880 806 Paulum
899 772 922 804 V

190 826 386 859 confirmatis
410 826 601 870 dispositum
625 826 694 867 suit,
719 835 831 859 omnes
857 825 923 857 ele-

190 879 313 912 ctiones
336 879 538 912 abbatiarum
562 879 741 912 vacantium
757 878 842 911 inter
856 888 923 911 me-

191 931 278 964 dium
304 932 509 975 quadriennii
539 931 609 965 sieri
640 931 759 965 debere
788 942 846 974 per
869 942 922 974 ge-

190 985 350 1025 neralem,
377 989 442 1017 tres
473 985 660 1017 definitores
685 989 717 1017 et
739 994 838 1017 unum
868 985 922 1016 ab·

189 1038 308 1077 batem,
325 1038 438 1070 ordine
454 1037 488 1070 in
505 1038 559 1070 illa
575 1038 791 1080 praescripto,
808 1042 922 1080 postea

189 1089 404 1132 Congregatio
422 1091 583 1133 disposuit
606 1090 691 1133 quod
709 1090 840 1123 abbates
856 1091 921 1122 col-

189 1143 350 1185 legiorum
374 1148 405 1175 et
428 1143 700 1175 monasteriorum
726 1148 790 1175 tres
813 1153 922 1175 mona-

190 1195 268 1227 chos
292 1205 354 1227 non
381 1195 571 1227 habentium
594 1205 653 1238 per
670 1195 774 1228 solum
791 1204 921 1236 genera-

190 1247 254 1279 lem
279 1247 460 1288 eligantur:

234 1299 292 1331 120
320 1299 408 1332 Circa
443 1300 633 1333 electionem
669 1300 828 1343 generalis
852 1304 917 1332 sta-

191 1357 323 1385 tuerunt
347 1352 449 1384 dictae
482 1352 727 1385 constitutiones
760 1358 792 1385 et
822 1353 920 1385 Breve

189 1405 318 1438 illarum
343 1405 625 1445 confirmatorium,
650 1410 685 1438 ut
708 1406 763 1438 illa
779 1406 922 1438 celebre-

192 1463 243 1489 tur
266 1458 298 1489 in
323 1457 456 1500 speciali
477 1458 632 1498 sessione,
655 1464 727 1501 post
744 1458 921 1491 electiones

191 1510 420 1549 definitorum,
453 1511 654 1543 abbatiarum
690 1516 721 1544 et
757 1510 922 1544 secretarii

191 1563 321 1606 capituli
347 1564 526 1605 generalis3
554 1574 648 1606 quam
674 1564 923 1607 dispositionem

192 1622 303 1659 postea
319 1616 531 1658 Congregatio
549 1617 706 1655 alteravit,
720 1616 923 1660 disponendo

193 1669 278 1711 quod
305 1669 359 1701 illa
375 1668 429 1700 siat
447 1674 478 1701 et
497 1669 677 1702 celebretur
691 1669 741 1702 die
759 1668 923 1701 dominico

194 1721 379 1753 immediato
399 1726 471 1763 post
495 1722 580 1753 diem
604 1722 767 1764 ingressus
794 1722 826 1753 in
843 1720 926 1763 capi-

194 1775 304 1814 tulum,
331 1779 362 1806 et
386 1774 417 1805 in
436 1774 547 1806 eadem
566 1774 712 1806 sessione
737 1774 767 1806 in
787 1784 849 1816 qua
866 1773 926 1806 eli-

193 1832 310 1869 guntur
324 1826 518 1865 definitores,
540 1831 572 1858 et
589 1827 674 1869 quod
697 1837 759 1859 non
777 1827 926 1868 regulen-

194 1885 244 1911 tur
267 1884 340 1911 vota
364 1879 543 1922 usquedum
568 1880 650 1912 aliae
674 1879 848 1912 electiones
882 1880 926 1910 fa-

194 1936 262 1964 ctae
288 1931 419 1963 suerint.

237 1985 252 2027 ἓ
276 1983 306 2016 ⁶2.
332 1983 408 2016 Cum
432 1989 557 2024 autem,
583 1984 665 2016 sicut
693 1985 805 2017 eadem
829 1994 927 2027 expo-

194 2036 267 2069 sitio
300 2036 513 2077 subiungebat
538 2036 701 2079 (quamvis
738 2037 821 2070 dicta
845 2037 927 2070 Con-

196 2089 340 2132 gregatio
381 2089 608 2130 alterationes,
641 2090 925 2130 commutationes,

195 2152 360 2184 novasque
393 2141 623 2184 dispositiones
655 2143 841 2176 huiusmodi
872 2154 925 2176 re-

197 2195 338 2238 spective
364 2195 467 2227 facere
493 2195 551 2226 sibi
577 2195 705 2228 licuisse
732 2196 925 2236 crediderit,

196 2253 228 2280 et
245 2247 353 2280 adhuc
376 2246 510 2279 firmiter
526 2247 645 2286 credat,
665 2248 801 2281 maxime
819 2249 928 2291 vigore

197 2300 383 2333 facultatum
409 2310 426 2332 a
445 2299 629 2332 memoratis
646 2300 804 2343 Gregorio
822 2306 854 2334 et
873 2301 930 2333 Ur-

197 2353 282 2386 bano
306 2352 612 2396 praedecessoribus
646 2354 824 2396 respective
858 2364 931 2386 con-

198 2415 358 2437 cessarum
383 2411 414 2438 et
438 2404 707 2444 confirmatarum,
733 2411 764 2438 et
780 2406 930 2439 continue

197 2463 232 2489 ut
255 2468 351 2500 supra
375 2458 620 2500 practicatarum
646 2463 677 2490 et
693 2458 931 2491 observatarum

200 2512 239 2543 ab
257 2512 368 2543 eadem
386 2511 667 2553 Congregatione),
689 2516 829 2544 attamen
854 2522 934 2544 non-

200 2563 280 2595 nulli
317 2573 353 2596 ex
388 2563 557 2595 monachis
589 2568 620 2595 et
655 2563 815 2605 religiosis
845 2563 932 2596 illius

202 2614 386 2647 habuerunt
404 2615 611 2651 habeantque
628 2617 826 2654 scrupulum,
844 2615 935 2648 dubi-

772 254 984 280 INNOCENTIUS
1004 254 1036 278 XI
1060 254 1109 278 Pr.

964 307 1066 334 tantes
1095 311 1136 334 ne
1160 300 1192 333 in
1217 299 1367 333 omnibus
1391 297 1582 342 supradictis
1616 298 1695 330 alte-

962 354 1150 394 rationibus,
1164 351 1427 392 immunitatibus‚
1443 350 1693 392 recentibusque

965 406 1230 450 dispositionibus
1255 407 1294 439 ab
1319 403 1505 449 Apostolica
1528 402 1609 436 Sede
1628 412 1693 435 non

963 458 1161 492 confirmatis
1193 458 1333 492 invalide
1357 466 1548 501 processum
1572 455 1689 496 suerit,

964 512 1118 555 quodque
1153 510 1352 544 confirmatio
1384 521 1402 543 a
1440 510 1525 543 dicto
1562 508 1691 542 Urbano

961 566 1213 609 praedecessore
1230 563 1428 598 emanaverit
1443 564 1475 596 in
1490 563 1593 596 forma
1609 572 1694 595 com-

962 618 1062 659 muni,
1086 627 1148 651 nec
1171 628 1204 650 se
1229 617 1268 649 ad
1292 614 1537 649 constitutiones
1567 625 1584 647 a
1608 614 1692 647 dicto

963 671 1062 704 Paulo
1085 670 1338 713 praedecessore
1359 668 1559 701 confirmatas
1584 673 1693 701 exten-

964 724 1038 764 dat;
1069 724 1236 766 multoque
1271 722 1372 764 magis
1402 721 1435 753 in
1460 720 1504 753 cis
1535 725 1693 763 augeatur

964 776 1134 819 scrupulus
1168 786 1206 808 ex
1230 785 1268 807 eo
1310 774 1397 817 quod
1429 773 1516 805 idem
1546 772 1693 805 Urbanus

963 829 1198 872 praedecessor
1217 827 1250 859 in
1275 827 1384 860 alteris
1410 824 1526 859 litteris
1551 825 1692 868 supradi-

964 882 1022 915 ctis
1047 882 1282 924 subsequenter
1315 879 1409 913 editis
1442 878 1692 911 constitutiones

963 935 1025 967 iam
1045 933 1250 968 confirmatas
1277 931 1482 976 praeceperit
1502 930 1691 969 observari·,

964 993 996 1021 et
1015 988 1105 1030 (licet
1127 987 1216 1021 credi
1234 985 1455 1019 verisimiliter
1474 984 1580 1027 possit
1596 983 1692 1026 quod,

963 1042 1014 1074 his
1038 1051 1105 1075 non
1122 1039 1337 1078 obstantibus,
1364 1038 1577 1081 Congregatio
1603 1047 1694 1079 prae-

963 1094 1027 1126 fata
1043 1093 1249 1126 omnialicite
1266 1091 1441 1136 peregerit,
1465 1096 1587 1123 attento
1605 1089 1693 1133 quod

963 1147 1096 1179 facultas
1120 1155 1180 1188 per
1203 1144 1391 1187 Gregoriuin
1408 1153 1567 1182 concessa,
1586 1147 1619 1175 et
1637 1149 1695 1185 per

962 1199 1137 1238 Urbanum,
1156 1198 1427 1241 praedecessores
1465 1196 1634 1239 praefatos,
1659 1200 1695 1228 ut

963 1261 1069 1294 supra,
1091 1251 1295 1289 confirmata,
1322 1249 1359 1281 ad
1384 1247 1595 1281 mutationem
1619 1258 1695 1280 con-

963 1303 1163 1336 stitutionum
1188 1303 1251 1334 iam
1275 1302 1430 1334 saetarum
1456 1305 1551 1343 atque
1579 1299 1695 1333 confir-

962 1360 1118 1387 matarum
1142 1353 1288 1387 restricta
1308 1363 1374 1385 non
1392 1351 1582 1395 reperiatur,
1599 1357 1694 1394 atque

964 1408 1007 1440 ita
1030 1407 1069 1440 ad
1090 1408 1214 1440 futuros
1239 1406 1366 1439 extendi
1399 1406 1544 1438 videatur
1559 1432 1566 1445 ,
1594 1405 1695 1447 quod-

964 1471 1026 1503 que
1043 1487 1050 1501 ‚
1078 1461 1169 1493 sicuti
1194 1469 1289 1492 nemo
1314 1458 1428 1491 melius
1454 1468 1549 1500 quam
1581 1457 1696 1499 religio

964 1513 1051 1555 ipsa,
1075 1512 1274 1555 experientia
1299 1512 1413 1551 docta,
1439 1520 1614 1552 agnoscere
1639 1520 1698 1552 po-

965 1571 1028 1598 test
1043 1575 1201 1608 quaenam
1220 1565 1308 1606 leges
1325 1564 1389 1596 sint
1408 1563 1508 1605 magis
1526 1562 1696 1605 proficuae,

965 1622 996 1649 et
1013 1628 1145 1660 quarum
1164 1627 1256 1649 usum
1273 1622 1456 1658 temporum
1477 1620 1571 1657 atque
1590 1624 1699 1646 rerum

966 1670 1100 1712 qualitas
1125 1669 1304 1712 permittat,
1331 1669 1374 1700 ita
1395 1678 1525 1710 quoque
1550 1667 1700 1710 expediat

966 1728 1000 1754 ut
1014 1723 1167 1765 ipsasmet
1182 1721 1429 1754 constitutiones
1449 1726 1480 1753 ct
1496 1721 1583 1762 leges
1602 1720 1700 1762 ipsas,

967 1775 1093 1817 quoties
1119 1774 1272 1817 expedire
1297 1774 1453 1815 agnoscit,
1470 1774 1573 1806 valeat
1589 1773 1620 1805 in
1634 1782 1701 1804 me-

967 1827 1029 1859 lius
1055 1827 1264 1869 commutare)
1283 1826 1509 1866 nihilominus,
1530 1825 1569 1857 ad
1587 1835 1702 1857 consu-

967 1880 1098 1912 lendum
1123 1880 1195 1922 paci
1219 1885 1251 1912 et
1275 1880 1373 1922 quieti
1398 1880 1495 1912 totius
1520 1879 1702 1920 Congrega-

969 1932 1064 1965 tionis
1084 1932 1276 1975 praedictae,
1296 1943 1331 1964 ac
1348 1931 1387 1965 ad
1407 1932 1586 1964 tollendum
1605 1941 1703 1963 aino-

969 1986 1145 2018 nachorum
1177 1985 1337 2017 mentibus
1365 1985 1544 2027 quemlibet
1568 1995 1703 2027 scrupu-

969 2039 1035 2070 lum
1051 2064 1058 2077 ‚
1102 2043 1198 2080 atque
1235 2038 1458 2080 suspicionem
1494 2037 1702 2069 invaliditatis

971 2090 1182 2129 electionum,
1210 2090 1412 2133 aliorumque
1436 2090 1469 2122 in
1494 2090 1704 2132 praeteritum

970 2148 1004 2175 ut
1028 2153 1126 2185 supra
1151 2147 1331 2183 gestorum,
1357 2142 1565 2185 omniumque
1590 2142 1704 2175 exinde

972 2195 1238 2235 subsecutorum,
1273 2206 1309 2227 ex
1333 2194 1458 2238 {quibus
1495 2200 1560 2228 tota
1589 2196 1704 2238 religio

972 2248 1206 2287 involveretur,
1233 2253 1328 2290 prout
1361 2247 1456 2280 etiam
1491 2248 1529 2280 ad
1559 2248 1706 2281 effectum

972 2300 1111 2333 evitandi
1130 2299 1270 2332 infinitas
1288 2300 1511 2340 invaliditates,
1529 2311 1611 2344 quae
1629 2301 1706 2334 oriri

972 2359 1115 2397 possent,
1133 2358 1329 2396 exponentes
1348 2353 1503 2396 praedicti
1526 2360 1707 2397 opportune

974 2419 991 2439 a
1015 2406 1108 2439 nobis
1134 2406 1165 2438 in
1190 2406 1376 2449 praemissis
1392 2407 1556 2449 provideri
1570 2419 1708 2441 summo-

974 2470 1049 2502 pere
1083 2458 1286 2491 desiderent:
1311 2458 1405 2491 nobis
1438 2465 1617 2502 propterea
1648 2462 1708 2493 hu-

975 2511 1094 2544 militer
1120 2510 1293 2553 supplicari
1329 2511 1477 2544 fecerunt
1504 2518 1538 2544 ut
1561 2513 1709 2555 supradi-

976 2568 1040 2595 ctas
1073 2574 1170 2595 novas
1195 2563 1441 2596 constitutiones
1465 2569 1500 2595 ut
1529 2565 1710 2607 praefertur

977 2617 1174 2653 observatas,
1201 2620 1361 2653 tamquam
1389 2616 1533 2652 leeitime
1551 2617 1648 2648 saetas
1669 2616 1712 2647 vi-

1593 240 1657 274 389
1701 247 1755 276 An.
1771 247 1799 275 c.
1817 247 1881 274 teat
