2111 3157
0 243 52 271 An.
71 240 99 267 C.
119 237 184 266 1688

12 1714 78 1736 mm
92 1713 161 1744 XXV.-

22 1743 49 1763 nu
58 1747 173 1763 criminosis

0 1772 16 1790 n
29 1769 126 1794 fugitivis.

186 285 413 327 provinciarum,
436 290 468 316 ut
489 295 579 325 super
601 285 654 315 hac
675 293 706 314 re
731 284 855 314 sollicite
878 284 920 313 in-

188 336 317 374 vigilent,
341 344 394 365 nec
416 335 490 364 ullae
508 343 635 373 unquam
658 333 849 363 admittantur
870 341 921 361 ex-

185 385 362 422 cusationes,
386 385 442 414 nisi
465 393 572 422 urgens
593 383 689 422 aliqua
711 382 870 412 necessitas
886 381 920 411 ad

186 438 301 473 tempus
323 433 351 463 id
373 434 482 471 exigat,
505 433 541 461 de
563 441 618 471 qua
639 432 725 461 etiam
748 431 920 460 necessitate

184 482 420 513 informationem
444 481 559 519 capiant
581 484 609 509 et
631 480 765 517 redigant
792 479 820 507 in
848 478 921 507 scri-

186 531 254 571 ptia
287 530 369 570 quasi
401 530 542 559 rationem
575 530 604 559 in
637 529 768 567 sequenti
794 529 920 567 capitulo

185 579 313 617 generali
335 579 370 608 de
395 579 448 608 hoc
471 578 623 607 reddituri.
648 577 707 606 Hac
730 585 798 605 vero
821 585 920 605 neces-

185 628 270 658 sitate
292 629 449 663 transacta,
467 631 516 656 aut
538 626 661 664 negotiis
682 625 838 664 expeditiS,
858 626 917 654 offi-

185 676 273 706 ciales
288 676 323 707 ad
339 675 540 705 observantias
556 675 704 712 regulares
726 674 754 703 in
779 678 921 703 monaste-

184 724 260 754 rium
281 723 412 761 redeant,
429 724 580 761 sciantque
607 727 663 751 tam
687 721 801 761 priores
823 722 921 750 domo-

184 781 249 802 rum
273 780 360 811 quam
387 771 549 801 visitatores
574 770 808 811 grovinciarum‚
833 769 919 808 quod,

184 819 241 849 nisi
267 820 296 850 in
325 819 370 850 his
402 818 598 848 omnimodam
620 817 774 847 adhibeant
799 817 921 855 diligen-

184 868 272 906 tiam,
295 868 399 897 damna
422 867 488 896 inde
509 866 611 897 Ordini
633 871 661 896 et
690 865 842 895 animabus
865 865 920 895 sihi

184 916 303 946 creditis
323 925 338 945 a
360 916 417 945 Deo
440 916 624 945 obvenientia
644 915 673 945 in
688 919 774 954 caput
790 914 918 952 illorum,

183 968 248 994 tum
270 964 300 994 in
322 963 371 993 Dei
394 964 512 1001 iudicio,
536 968 597 993 tum
629 963 658 992 in
687 963 805 1002 capituli
830 963 919 992 nostri

183 1012 329 1051 generalis
353 1013 487 1049 censura,
511 1011 771 1050 retorquebuntur,
787 1011 920 1049 hancque

183 1061 398 1091 ordinationem
415 1061 445 1090 in
461 1060 596 1090 omnibus
619 1060 690 1089 locis
710 1060 819 1089 servari
840 1069 919 1088 man·

183 1109 297 1138 damus.
326 1109 467 1139 Similiter
494 1118 531 1138 ne
556 1108 663 1138 abusus
690 1117 725 1138 ex
753 1108 920 1137 officialium

183 1158 218 1188 ad
242 1162 363 1188 externa
386 1158 629 1197 multiplicatione
657 1157 800 1191 oriantur,
825 1157 922 1195 prohi-

184 1207 297 1244 bemus,
321 1216 357 1237 ne
380 1207 437 1237 ulla
461 1208 510 1237 fiat
527 1216 599 1237 nova
623 1207 790 1236 officialium
813 1207 921 1235 creatio

184 1254 295 1294 absque
324 1255 444 1294 speciali
476 1255 593 1285 licentia
625 1255 745 1293 capituli
776 1255 922 1292 generalis

184 1307 234 1333 aut
254 1303 405 1333 reverendi
429 1303 529 1342 patris.
546 1303 574 1333 Si
591 1312 657 1332 vero
676 1312 752 1332 nunc
775 1303 921 1341 reperian-

184 1356 232 1381 tur
263 1352 414 1391 superssui,
446 1352 617 1381 mandamus
650 1351 858 1387 visitatoribus,
891 1356 921 1381 ut

185 1405 288 1431 curent
309 1401 344 1430 ad
368 1401 523 1440 pristinum
546 1405 574 1430 et
597 1400 793 1430 necessarium
822 1410 922 1429 nume-

184 1458 260 1486 rum,
283 1449 460 1488 quamcitius
484 1449 634 1479 commode
653 1449 775 1487 poterit,
792 1448 919 1484 restitui,

183 1498 301 1528 illorum
317 1498 404 1528 etiam
420 1498 514 1537 quoad
531 1498 584 1527 hoc
600 1502 756 1527 onerantes
772 1498 922 1527 conscien-

185 1547 278 1583 tiam,
308 1547 390 1586 quasi
413 1547 448 1576 de
471 1547 524 1576 hac
556 1556 586 1576 re
617 1546 760 1576 rationem
789 1546 920 1575 districte

184 1594 275 1626 ludici
307 1595 466 1633 reddituri,
497 1599 583 1634 atque
606 1596 693 1624 etiarn
716 1594 842 1634 capitulo
873 1604 921 1633 ge-

184 1645 276 1674 nerali
298 1654 326 1673 5).

228 1712 249 1736 1.
278 1702 449 1736 Criminosi
476 1702 614 1734 confessi
639 1711 747 1734 coram
773 1701 920 1739 testibus,

184 1756 233 1788 vel
259 1755 397 1788 convicti
416 1755 454 1787 de
476 1754 748 1794 inconvenientia,
767 1754 805 1786 de
825 1763 918 1786 manu

186 1808 336 1847 violenta,
363 1808 402 1840 de
429 1808 522 1847 furto,
544 1807 750 1850 proprietate,
770 1807 921 1839 rebellio—

183 1871 234 1901 ne,
266 1860 500 1899 inobedientia,
527 1860 734 1892 infamatione
761 1859 919 1898 criminis,

183 1914 271 1957 quod
296 1914 367 1957 quis
391 1913 505 1945 obiicit
535 1923 595 1945 nec
631 1912 768 1955 probare
794 1918 918 1955 potest,

185 1968 223 2001 de
249 1967 434 2010 magisterio
454 1964 717 2008 conspirationis,
735 1975 861 1996 necnon
881 1965 919 1996 de

184 2019 346 2064 frequenti
365 2019 577 2052 seminatione
595 2017 787 2057 discordiae,
810 2024 841 2050 ct
866 2018 918 2061 qui

184 2073 349 2106 minantur
373 2072 479 2114 ignem
505 2071 553 2102 vel
569 2075 716 2109 mortem,
735 2071 837 2114 etqui
865 2072 919 2103 do-

183 2137 270 2159 mum
296 2126 343 2159 vel
365 2134 539 2169 personam
560 2123 687 2156 Ordinis
714 2134 819 2157 coram
846 2135 921 2168 quo-

184 2189 324 2222 cumque
349 2178 455 2210 iudice
480 2176 713 2215 ecclesiastico,
730 2186 793 2209 non
815 2183 919 2210 tamen

183 2231 297 2265 Sancta
319 2231 414 2270 Sede,
431 2230 480 2262 vel
505 2229 662 2262 saeculari
690 2229 721 2261 in
747 2229 794 2262 ius
820 2235 921 2262 traxe—

184 2286 259 2325 rint,
287 2285 335 2318 vel
362 2283 444 2316 trahi
470 2282 626 2321 fecerint,
651 2293 709 2325 pro
734 2283 832 2316 modo
858 2283 920 2315 cri-

185 2338 281 2371 minis
307 2337 428 2370 carceri
455 2342 614 2379 perpetuo
640 2337 689 2368 vel
723 2336 761 2368 ad
794 2341 919 2378 tempus

185 2391 402 2424 intrudantur.
429 2389 467 2422 Et
496 2394 669 2432 propterea
693 2388 837 2430 singulae
863 2390 920 2422 do-

185 2455 256 2478 mus
280 2444 408 2477 Ordinis
434 2453 596 2476 carcerem
627 2442 769 2474 habeant
793 2453 920 2485 compc-

186 2503 317 2537 tentem,
343 2507 408 2530 non
435 2502 542 2529 tamen
567 2495 778 2527 inhumanum
808 2501 837 2527 et
862 2505 920 2537 pe-

186 2551 360 2584 riculosum
387 2549 479 2589 vitae,
505 2549 536 2580 in
561 2558 626 2591 quo
652 2547 689 2579 ad
715 2546 920 2590 augendam¹

222 2613 235 2639 1
256 2612 386 2648 Legerem
407 2611 550 2646 ayentlam
572 2611 607 2646 (a.
628 2610 676 2643 Τ.).

770 236 865 261 imme
872 235 981 259 mritis
1004 237 1032 259 Xl
1058 236 1106 259 rP.

962 283 1194 325 poenitentiam
1225 282 1381 326 praedicti
1412 282 1631 321 recludantur,
1664 288 1696 314 et

962 336 1000 367 ad
1027 336 1088 368 hoc
1113 335 1273 378 agendum
1305 335 1438 368 obedire
1471 335 1694 378 superioribus

962 389 1077 420 subditi
1112 394 1306 429 teneantur,
1343 388 1404 431 ipsi
1430 394 1534 422 autem
1559 389 1694 428 carceri,

962 447 1117 483 quantum
1154 441 1222 473 [ieri
1258 441 1392 484 poterit,
1418 442 1569 475 sacellum
1593 441 1697 474 conti-

962 504 1059 535 guum
1086 494 1252 532 habeatur,
1278 494 1331 526 ubi
1358 494 1453 526 missa
1474 494 1637 527 celebrata
1655 495 1697 527 fe-

962 546 1048 577 stivis
1064 547 1177 579 diebus
1190 547 1293 589 possit
1305 546 1343 578 ab
1358 546 1558 580 incarcerato
1577 547 1694 581 audiri.

1006 608 1039 631 ιι.
1060 599 1194 641 Propter
1210 600 1312 631 levem
1331 605 1435 632 tamen
1454 600 1697 642 percussionem

963 651 992 682 in
1012 652 1127 684 laicum
1153 653 1260 684 nullus
1284 652 1511 692 incarceretur,
1528 653 1584 685 sed
1610 653 1698 685 iuxta

963 703 1094 736 modum
1119 704 1234 746 culpae
1262 714 1279 736 a
1296 704 1404 746 priore
1430 705 1592 747 puniatur.
1611 704 1697 744 Quae

961 761 1065 787 autem
1091 756 1131 788 sit
1151 757 1230 788 levis
1255 757 1419 799 percussio
1444 767 1461 789 a
1486 758 1594 800 priore
1620 756 1698 790 defi-

961 808 1078 840 niatur.
1095 807 1241 840 Ceterum
1259 809 1283 840 si
1299 809 1389 851 prior
1405 809 1599 842 dubitaverit
1616 820 1697 852 quae

963 861 1003 893 sit
1027 861 1132 903 gravis
1158 862 1207 893 vel
1232 861 1312 894 levis
1337 862 1514 904 percussio,
1536 862 1699 894 examina-

963 919 1029 945 tum
1056 914 1186 946 modum
1205 914 1275 946 eius
1292 914 1322 946 in
1342 920 1504 947 conventu
1522 916 1700 948 monacho-

963 976 1031 997 rum
1068 967 1173 999 mittat
1207 966 1385 1008 visitatori,
1422 967 1474 1010 qui
1513 967 1699 1000 discernens

962 1024 1068 1050 utrum
1106 1019 1210 1061 gravis
1235 1029 1291 1051 seu
1328 1019 1405 1052 levis
1437 1020 1478 1051 sit
1508 1019 1696 1062 percussio,

963 1071 1121 1113 quidquid
1139 1071 1339 1104 mandaverit
1358 1077 1518 1104 teneatur.
1535 1071 1569 1103 Et
1589 1072 1699 1104 admo-

962 1134 1074 1155 nemus
1092 1124 1216 1166 priores
1235 1134 1274 1156 ne
1292 1124 1536 1167 percussionem
1556 1124 1700 1157 iudicent

963 1186 1033 1208 esse
1069 1176 1181 1216 levem,
1218 1176 1280 1208 nisi
1313 1177 1477 1210 evidenter
1512 1176 1700 1220 apparuerit

963 1239 1031 1261 csse
1058 1229 1148 1261 levis.

1007 1292 1052 1314 ui.
1081 1282 1111 1314 Si
1139 1282 1192 1324 qui
1218 1282 1250 1314 in
1276 1293 1310 1315 re
1335 1283 1454 1326 aliqua,
1472 1284 1554 1316 ultra
1575 1283 1700 1317 duode-

962 1334 1023 1365 cim
1050 1334 1172 1367 solidos
1197 1344 1262 1367 non
1294 1337 1435 1377 valente,
1462 1336 1580 1369 furtum
1613 1347 1699 1369 com-

963 1387 1111 1419 miserint
1135 1387 1230 1419 simul
1260 1389 1309 1421 vel
1338 1398 1395 1431 per
1420 1394 1539 1432 partes,
1564 1400 1628 1422 non
1656 1390 1700 1422 in-

962 1445 1194 1480 carccrentur,
1229 1440 1284 1473 sed
1317 1440 1451 1474 arbitrio
1484 1442 1602 1484 prioris
1641 1453 1701 1485 pu-

963 1493 1102 1524 niantur.
1123 1492 1154 1525 Si
1181 1493 1235 1536 qui
1257 1504 1331 1526 vero
1358 1494 1389 1526 in
1416 1505 1449 1527 re
1468 1494 1575 1537 aliqua
1593 1495 1697 1538 vigin-

964 1544 1133 1588 tiquinque
1159 1546 1282 1578 solidos
1315 1548 1465 1587 valente,
1500 1557 1560 1580 nec
1592 1552 1698 1581 tamen

962 1598 1153 1638 excedente,
1168 1598 1286 1630 furtum
1303 1599 1538 1639 commiserint,
1554 1600 1699 1634 incarce-

963 1656 1073 1682 rentur
1097 1651 1136 1683 ad
1163 1656 1287 1693 tempus
1321 1661 1379 1693 pro
1404 1651 1538 1685 arbitrio
1563 1652 1698 1695 prioris:

963 1703 1025 1734 hoc
1050 1702 1154 1745 ipsum
1181 1704 1219 1736 de
1245 1704 1471 1746 proprietariis
1497 1704 1561 1736 fiat.
1587 1704 1617 1738 Si
1644 1704 1699 1747 qui

963 1765 1040 1787 vcro
1060 1756 1144 1787 fures
1169 1762 1199 1787 et
1219 1756 1426 1798 proprietarii
1449 1757 1533 1789 ultra
1557 1758 1699 1789 valorem

963 1807 1219 1850 vigintiquinque
1234 1808 1411 1840 solidorum
1432 1808 1547 1841 furtum
1564 1815 1615 1841 aut
1629 1820 1700 1852 pro-

963 1861 1130 1903 prietatem
1146 1861 1375 1901 commiserint,
1395 1867 1563 1904 postquam
1579 1863 1609 1894 id
1626 1873 1700 1895 con-

962 1914 1099 1954 stiterit,
1133 1919 1290 1957 perpetuo
1323 1915 1445 1948 carceri
1478 1915 1697 1954 intrudantur,

962 1967 1067 1999 donec
1080 1977 1137 2009 per
1154 1966 1328 2009 capitulum
1345 1968 1496 2009 generale
1512 1967 1586 2000 inde
1604 1967 1699 2000 educi

963 2024 1160 2052 mereantur.

1006 2083 1046 2105 iv.
1065 2072 1184 2105 Similis
1205 2082 1312 2116 poena
1330 2073 1477 2114 falsariis,
1496 2078 1527 2107 et
1543 2074 1697 2107 convictis

963 2126 1000 2158 de
1018 2125 1262 2166 incontinentia,
1282 2126 1488 2159 incendiariis
1506 2131 1537 2159 et
1555 2126 1695 2159 homici-

963 2178 1010 2210 dis
1028 2178 1190 2210 statuitur.
1209 2178 1239 2210 Si
1259 2187 1339 2220 quos
1357 2184 1463 2212 autem
1490 2179 1529 2212 de
1556 2178 1697 2212 inconti-

962 2231 1072 2263 nentia
1103 2230 1265 2263 convictos
1297 2231 1462 2274 contingat
1499 2231 1537 2264 de
1569 2241 1697 2265 carcere

962 2283 1066 2323 educi,
1083 2284 1171 2317 nullo
1189 2283 1285 2315 modo
1303 2283 1335 2315 in
1354 2284 1514 2323 domibus,
1529 2283 1561 2315 in
1580 2283 1696 2326 quibus

963 2336 1082 2368 fuerint
1099 2335 1248 2375 convicti,
1269 2340 1465 2375 remaneant,
1484 2335 1509 2368 si
1527 2336 1696 2369 commode

962 2388 1035 2422 alibi
1058 2388 1154 2420 locari
1174 2388 1311 2430 possint.
1328 2388 1427 2421 Porro
1445 2388 1636 2431 quicumque
1656 2388 1696 2421 de

962 2451 1164 2485 quacumque
1181 2440 1340 2473 indicibili
1358 2440 1594 2473 incontinentia
1620 2451 1698 2473 con-

962 2495 1037 2527 victi
1056 2493 1182 2533 fuerint,
1200 2494 1249 2525 vel
1267 2493 1395 2536 publice
1413 2493 1566 2533 confessi,
1584 2504 1697 2536 perpe-

963 2553 1016 2580 tuo
1034 2545 1154 2578 carceri
1173 2545 1398 2589 mancipentur
1415 2546 1484 2579 sine
1502 2546 1568 2579 ulla
1585 2556 1641 2589 spe
1659 2546 1697 2579 li-

963 2598 1156 2632 berationis.

1589 224 1653 258 377
1701 235 1752 260 An.
1773 234 1802 263 c,
1821 235 1886 261 icae
