2111 3157
189 221 227 248 An
256 221 285 249 C.
306 220 370 250 1677

215 864 265 883 0111*

271 865 332 883 rarior

190 890 222 910 dai
229 895 299 916 libano

339 870 371 884 llss)

417 214 458 248 68

383 283 419 305 ac
443 273 519 315 illis,
537 275 575 308 ad
594 286 676 319 quos
695 281 820 320 spectat
841 286 871 310 et
891 288 950 321 pro
969 283 1115 323 tempore

383 327 651 371 quandocumque
675 330 841 372 spectabit,
864 330 897 363 in
919 332 1069 365 omnibus
1086 337 1117 365 et

382 389 442 421 per
466 381 575 413 onmia
600 382 786 424 plenissime
811 383 994 427 suffragari,
1022 391 1055 418 et
1078 386 1116 418 ab

383 431 428 464 eis
453 434 632 476 respective
661 435 895 470 inviolabiliter
927 439 1114 481 observari,

383 483 493 527 sicque
519 486 550 517 in
576 488 762 529 praemissis
795 500 855 532 per
896 502 1116 535 quoscumque

384 535 504 570 iudices
530 540 711 573 ordinarios
744 546 777 574 et
806 543 993 585 delegatos,
1020 545 1117 577 etiam

383 597 552 622 causarum
586 592 696 634 palatii
734 596 905 637 apostolici
939 597 1114 638 auditores,

382 640 518 674 iudicari
543 648 574 675 et
591 644 717 678 definiri
739 647 869 689 debere,
889 660 924 682 ac
940 649 1066 683 irritum
1088 657 1118 684 et

381 692 478 726 inane
507 696 533 727 si
558 706 648 730 secus
675 709 775 742 super
800 701 850 734 liis
883 713 900 734 a
933 714 1115 746 quoquam,

383 756 492 787 quavis
528 750 740 793 auctoritate,
766 754 908 787 scienter
942 757 992 789 vel
1025 756 1118 798 igno-

382 804 514 841 ranter,
542 803 715 845 contigerit
738 807 900 840 attentari.

427 852 441 894 ἓ
461 852 493 885 4.
520 853 589 887 Non
612 856 814 891 obstantibus
835 860 1042 903 praemissis,
1082 873 1118 895 ac

383 905 669 941 constitutionibus
694 915 725 942 et
752 912 1009 947 ordinationibus
1041 926 1118 958 apo-

383 957 514 1000 stolicis,
539 970 666 994 necnon
689 965 910 1006 praefatorum
934 967 1062 1000 Ordinis
1087 973 1118 1001 et
1139 993 1140 998 ,

382 1011 578 1054 provinciae,
604 1014 700 1048 etiam
724 1016 926 1059 iuramento⁷
951 1020 1119 1053 confirma-

384 1062 470 1096 tione
489 1067 678 1108 apostolica‚
696 1079 750 1101 seu
768 1071 876 1113 quavis
890 1072 1039 1107 firmitate
1058 1076 1118 1108 alia

384 1115 563 1159 roboratis,
598 1121 722 1154 statutis
749 1128 779 1155 et
807 1127 1115 1168 consuetudinibus,

383 1168 564 1213 privilegiis
591 1184 738 1218 quoque,
769 1176 903 1212 indultis
941 1185 973 1213 et
1001 1181 1116 1214 litteris

383 1225 568 1263 apostolicis
586 1227 618 1259 in
643 1230 838 1263 contrarium
863 1234 1115 1275 praemissorum

383 1279 626 1317 quomodolibet
653 1284 825 1324 concessis,
855 1287 1050 1321 confirmatis
1086 1295 1117 1322 et

381 1327 566 1371 innovatis;
597 1335 712 1377 quibus
740 1338 888 1372 omnibus
915 1346 946 1372 et
963 1341 1114 1384 singulis,

382 1380 510 1414 illorum
542 1389 671 1420 tenores
695 1391 924 1431 praesentibus
941 1404 999 1436 pro
1017 1396 1115 1437 plene

382 1438 412 1464 et
438 1436 637 1472 sufficienter
660 1443 822 1485 expressis
859 1455 894 1478 ac
919 1447 957 1479 ad
982 1448 1115 1481 verbum

381 1486 510 1520 insertis
537 1490 707 1533 habentes,
733 1495 798 1528 illis
822 1497 900 1530 alias
926 1499 957 1531 in
984 1510 1114 1534 311010-

380 1539 459 1572 bore
483 1546 716 1584 permansuris,
736 1549 775 1580 ad
799 1552 1052 1592 praemissorum
1075 1556 1114 1586 et'·

381 1591 506 1635 sectum,
527 1596 586 1629 hac
603 1598 671 1632 vice
687 1600 860 1643 dumtaxat,
880 1606 1065 1647 specialiter
1082 1612 1114 1639 et

380 1656 532 1689 expresse
559 1651 762 1695 derogamus3
780 1657 960 1701 ceterisque
986 1666 1113 1692 contra-

378 1700 434 1733 riis
452 1702 724 1750 quibuscumque.

421 1753 534 1788 Datum
557 1757 687 1799 Romae,
714 1762 799 1803 apud
820 1761 851 1794 S.
868 1763 999 1797 Mariam
1017 1766 1113 1799 Maio-

379 1816 456 1848 rem,
476 1810 535 1842 sub
561 1813 681 1845 annulo
703 1813 887 1856 piscatoris,
913 1817 964 1850 die
990 1828 1033 1851 vn
1057 1820 1112 1852 de-

377 1862 515 1896 cembris
550 1875 731 1909 Mnctxxvu,
762 1868 969 1911 pontificatus
1006 1872 1110 1904 nostri

376 1923 461 1948 anno
487 1927 522 1950 11.

385 1994 395 2023 ’ἦ
410 1984 468 2012 Dat.
486 1986 529 2014 die
550 1988 563 2014 7
585 1989 739 2017 decembris
757 1991 833 2025 1677,
850 1993 944 2027 pontif¹
962 2001 1031 2020 anno
1046 2001 1073 2021 11.

680 2186 797 2219 xxxii.

373 2290 593 2332 Confirmatio·
635 2291 791 2325 decretum
843 2294 1106 2338 Cougyreyaliom's

416 2345 636 2387 episcoporum
660 2351 688 2378 et
713 2347 930 2389 reqularium,
954 2359 1016 2391 quo
1035 2359 1106 2391 per-

415 2398 552 2429 missum
586 2399 650 2440 fuit
683 2404 718 2431 ut
754 2401 934 2442 superiores
972 2400 1105 2434 Ordinis

413 2449 683 2482 Praeclz'ccttorum
714 2452 942 2495 Portuqalliae
971 2453 1104 2495 provin·

414 2501 483 2534 ciae
504 2507 630 2545 possent
656 2513 810 2543 mutauere
836 2515 873 2536 cz:
897 2505 1104 2537 conventibus

413 2555 580 2597 reliyiosos
618 2556 931 2590 conrcntuctlz'tulmn
963 2557 1103 2591 indultis

412 2609 563 2641 munitos.

956 228 1136 254 BULLAmrM
1159 229 1309 257 nonaum!

1345 281 1539 309 Innocentius
1559 282 1636 316 Papa
1654 282 1702 316 XI,

1299 325 1334 352 ad
1356 326 1487 355 futuram
1507 327 1551 354 rei
1571 329 1750 355 memoriam.

1202 387 1217 429 g
1242 386 1272 419 1.
1300 388 1386 420 Alias
1408 399 1467 431 pro
1492 393 1581 432 parte
1600 389 1792 422 dilectorum
1810 389 1893 427 fi1i0.-
1919 401 2081 424 ciusadeeren.

1159 449 1228 471 rum
1253 440 1370 483 prioris
1390 441 1599 483 provincialis
1616 452 1652 474 ac
1667 441 1844 474 definitoris
1861 450 1893 475 et

1160 492 1312 524 electoris
1330 494 1513 535 provinciae
1531 494 1747 536 Portugalliae
1764 494 1892 527 Ordinis

1161 545 1294 577 fratrum
1311 545 1583 586 Praedicatorum,
1603 553 1680 580 tunc
1697 547 1728 579 in
1750 547 1894 580 Romana

1161 597 1252 630 Curia
1273 599 1500 640 praesentium,
1522 599 1773 642 Congregationi
1796 610 1894 633 vene-

1160 650 1311 684 rabilium
1348 651 1480 684 fratrum
1517 658 1702 685 nostrorum
1733 653 1764 686 S.
1792 652 1829 686 R.
1855 652 1889 685 E.

1161 703 1371 736 cardinalium
1391 705 1531 747 negotiis
1554 711 1585 738 et
1601 705 1891 739 consultationibus

1161 755 1387 799 episcoporum
1407 763 1438 790 et
1456 758 1653 800 regularium
1670 757 1891 801 praepositae¹

1161 809 1247 851 quod
1273 809 1359 851 (011111
1385 821 1444 852 pro
1469 811 1555 843 bona
1584 811 1762 843 directione
1788 811 1893 843 dictae

1160 861 1347 903 provinciae
1393 868 1561 905 oporteret.
1599 867 1635 894 ut
1667 862 1893 905 unusquisque

1161 919 1337 947 conventus
1363 926 1434 947 eum
1460 916 1597 949 liaberet
1621 926 1793 948 numerum
1818 915 1894 948 reli-

1162 967 1327 1008 giosorum
1353 969 1408 1011 qui
1428 980 1460 1001 111
1482 969 1538 1002 1110
1557 969 1727 1002 sustentari
1745 973 1891 1012 possunt,

1161 1019 1289 1063 ipsique
1314 1021 1459 1063 religiosi
1496 1027 1606 1055 essent
1638 1022 1741 1064 magis
1774 1032 1893 1065 oppor-

1162 1073 1230 1104 tuni
1254 1084 1313 1116 pro
1338 1075 1533 1108 necessitate
1561 1075 1748 1117 religionis²
1771 1075 1804 1107 in
1830 1085 1893 1118 qua

1162 1125 1237 1158 dicti
1270 1134 1443 1160 conventus
1467 1128 1668 1167 consistunt,
1700 1128 1737 1160 ad
1771 1128 1834 1161 hoc
1859 1134 1894 1161 ut

1160 1178 1232 1211 illas
1246 1186 1381 1222 possent
1398 1181 1578 1223 adimplere
1596 1181 1811 1223 obligationes
1828 1180 1894 1223 qui-

1160 1231 1219 1264 bus
1239 1243 1371 1276 operam
1389 1234 1465 1267 dare
1485 1235 1616 1274 debent,
1635 1235 1678 1267 ita
1694 1239 1729 1266 ut
1749 1235 1893 1267 civitates

1160 1284 1287 1328 aliaque
1312 1286 1382 1318 loca
1412 1287 1586 1329 praecipua
1609 1287 1893 1320 concionatoribus

1160 1341 1191 1369 et
1219 1338 1423 1371 confessariis
1455 1339 1559 1372 doctis
1590 1344 1622 1371 et
1652 1339 1891 1381 exemplaribus

1159 1399 1218 1432 pro
1258 1400 1370 1423 eorum
1408 1391 1606 1423 necessitate
1647 1392 1807 1424 instructa
1843 1402 1893 1425 es-

1159 1447 1242 1482 sent,
1267 1453 1307 1475 ne
1326 1444 1449 1476 defectu
1478 1444 1623 1486 religiosi
1651 1444 1821 1477 ministerii
1848 1446 1892 1477 la-

1158 1496 1336 1536 borarent,
1369 1507 1448 1529 neve
1471 1498 1674 1529 suboriretur
1702 1498 1890 1531 scandalum

1159 1550 1243 1592 quod
1267 1550 1359 1582 facile
1390 1550 1533 1582 nascitur
1562 1551 1648 1583 inter
1673 1551 1784 1583 fideles
1815 1551 1891 1585 dum

1157 1603 1266 1639 vident
1298 1602 1470 1644 religiosos
1500 1603 1630 1636 maioris
1665 1604 1888 1645 sufficientiae,

1157 1655 1280 1687 virtutis
1305 1661 1336 1687 et
1361 1655 1527 1688 doctrinae
1560 1656 1700 1689 residere
1724 1657 1757 1688 in
1782 1658 1889 1700 regio-

1156 1707 1258 1747 nibus,
1284 1707 1338 1739 ubi
1364 1718 1475 1741 eorum
1501 1719 1600 1751 opera
1620 1719 1684 1741 non
1706 1714 1755 1741 est
1777 1720 1890 1743 neees-

1155 1760 1245 1800 saria,
1265 1765 1297 1792 et
1321 1770 1337 1792 e
1363 1771 1520 1793 converso
1542 1761 1622 1794 alios
1647 1761 1685 1793 iis
1707 1763 1889 1805 occupatio-

1155 1813 1248 1845 nibus
1283 1813 1447 1845 adhibitos
1479 1814 1593 1856 quibus
1625 1823 1690 1846 non
1720 1820 1886 1848 merentur

1154 1867 1313 1907 adhiberi,
1340 1872 1404 1898 tum
1430 1872 1565 1909 propter
1589 1868 1749 1901 modicam
1773 1878 1886 1902 eorum

1154 1925 1291 1952 aetatem
1327 1925 1421 1962 atque
1447 1920 1675 1963 capacitatem,
1708 1926 1776 1954 tum
1812 1921 1886 1965 quia

1153 1975 1238 2006 malo
1263 1975 1412 2016 exemplo
1437 1974 1567 2006 suerunt
1593 1974 1626 2006 in
1658 1975 1737 2007 locis
1770 1985 1885 2008 eorum

1152 2026 1357 2065 residentiae,
1382 2030 1412 2058 et
1435 2026 1571 2069 proinde
1592 2037 1726 2060 necesse
1747 2033 1832 2061 esset
1849 2033 1884 2061 ut

1151 2079 1297 2122 praelati,
1316 2079 1433 2121 quibus
1454 2079 1599 2121 regimen
1616 2080 1784 2120 incumbit,
1801 2082 1884 2114 mul-

1151 2132 1189 2164 tis
1223 2131 1436 2164 incommodis
1473 2132 1652 2165 remedium
1688 2133 1883 2167 adhiberent

1149 2184 1361 2228 providendi³
1385 2185 1561 2228 unicuique
1579 2187 1751 2218 conventui
1769 2187 1807 2219 de
1832 2187 1882 2219 his

1149 2238 1322 2281 religiosis,
1349 2237 1466 2281 quibus
1484 2249 1747 2282 unamquamque
1772 2239 1882 2272 civita-

1148 2297 1212 2324 tem
1238 2296 1269 2323 et
1289 2292 1393 2323 locum
1418 2291 1565 2334 indigere
1600 2291 1819 2334 cognoverint,
1845 2302 1882 2325 ac

1148 2345 1290 2378 tollendo
1315 2345 1465 2377 scaudala
1495 2355 1577 2387 quae
1603 2345 1699 2387 aliqui
1735 2345 1879 2387 religio&

1146 2398 1304 2441 praebere
1326 2403 1463 2441 possunt
1482 2398 1545 2430 illis
1569 2399 1608 2430 ab
1629 2408 1694 2431 uno
1721 2399 1758 2431 ad
1780 2399 1880 2432 alium

1146 2456 1339 2484 conventum
1365 2451 1523 2494 traslatis)
1548 2451 1761 2484 nihilominus
1787 2461 1880 2494 prae-

1182 2531 1189 2556 1
1215 2531 1295 2556 Deest
1315 2539 1363 2557 vox
1383 2530 1509 2565 cit-posito
1528 2532 1565 2564 (11.
1581 2530 1630 2563 Τ.).

1177 2574 1194 2600 2
1213 2574 1321 2601 Videtur
1340 2574 1482 2609 legendum
1502 2574 1628 2607 reyi'om's
1646 2574 1684 2606 (n.
1701 2573 1750 2607 T.).

1178 2619 1194 2645 3
1214 2618 1325 2646 Videtur
1345 2618 1485 2653 legendum
1504 2618 1680 2651 providendo
1697 2620 1735 2649 (R.
1755 2618 1806 2647 T.)-

1895 235 1945 263 An.
1966 236 1995 264 C.
2016 237 2083 266 ³678
