2111 3157
139 196 191 222 Α...
213 194 240 222 c.
260 195 328 222 imo
374 180 439 218 528

179 2096 241 2116 Ortus
257 2098 275 2116 et
289 2101 335 2120 pru-

154 2128 236 2147 erwuus
274 2123 335 2142 lium<

154 2155 176 2175 pr
187 2155 275 2169 *strictae

153 2182 196 2196 suis
212 2176 303 2195 statutis.

333 243 513 278 modolibet
543 241 723 276 concessis.
750 239 946 274 confirmatis
973 243 1004 270 et
1025 238 1071 270 in-

334 297 477 335 novatis,
516 296 632 339 quibus
671 294 819 327 omnibus
850 297 882 325 et
921 291 1069 334 singulis,

334 352 462 384 illorum
489 354 617 381 tenores
641 346 865 390 praesentibus
889 355 948 387 pro
974 345 1070 387 plene

335 409 365 436 et
398 403 593 434 sufficienter
617 399 777 442 expressis
803 408 837 430 ac
867 397 906 430 ad
935 398 1069 430 verbum

335 455 462 488 insertis
478 455 646 489 habentes,
667 452 730 484 illis
745 451 820 483 alias
835 450 867 482 in
882 461 937 483 suo
955 450 1071 482 robore

336 506 563 550 permansuris,
583 505 621 536 ad
640 503 889 547 praemissorum
914 501 1071 539 ellectum,

337 562 397 593 hac
413 559 479 590 vice
494 559 666 594 dumtaxat,
685 555 910 598 specialiteret
923 565 1071 597 expresse

337 614 549 651 detegamus,
583 609 764 652 ceterisque
800 607 969 640 contrariis
1002 607 1073 649 qni-

338 665 545 705 buscumque.

382 715 450 755 §fn
478 715 629 747 Volumus
663 718 770 745 autem
807 717 841 744 ut
885 711 1072 744 earumdem

339 767 555 811 praesentium
581 766 760 798 litterarum
782 764 1002 806 transumptis,
1018 773 1072 795 seu

340 819 504 861 exemplis,
520 819 616 851 etiam
633 817 809 859 impressis,
826 826 922 848 manu
941 815 1075 847 alicuius

340 872 458 904 notarii
477 870 595 914 publici
611 869 813 912 subscriptis,
831 874 861 901 et
878 868 986 910 sigillo
1005 878 1077 910 per-

340 935 439 958 sonae
459 925 489 956 in
511 922 729 956 ecelesiastica
747 921 904 963 dignitate
922 920 1078 953 constitu-

342 984 392 1010 tae
413 976 557 1015 munitis,
577 975 691 1007 eadem
710 983 843 1016 prorsus
861 972 941 1005 sides
957 972 1077 1014 ubique

343 1033 488 1063 locorum
514 1034 577 1060 tam
605 1028 637 1059 in
662 1027 780 1059 iudicio
805 1036 899 1068 quam
925 1030 1015 1057 extra
1044 1025 1078 1056 il-

343 1083 398 1116 lud
444 1083 616 1119 habeatur,
664 1090 746 1122 quae
791 1079 966 1111 haberetur
1001 1077 1078 1120 ipsis

343 1134 571 1179 praesentibus
611 1133 637 1164 si
674 1132 783 1164 forent
822 1131 990 1163 exhibitae
1028 1130 1077 1162 vel

343 1194 510 1220 ostensae.
1050 1189 1057 1194 “

387 1240 498 1271 Datum
516 1239 646 1277 Romae,
668 1237 753 1279 apud
779 1236 809 1269 S.
830 1235 958 1268 Mariam
984 1234 1079 1267 Maio-

342 1304 423 1331 rem,
455 1293 513 1324 sub
545 1293 667 1324 annulo
695 1289 885 1329 piscatoris,
914 1289 965 1321 die
997 1298 1078 1320 xxvii

343 1345 528 1378 novembris
548 1353 718 1382 iiDCLxxix,
751 1342 958 1385 pontificatus
979 1340 1078 1372 nostri

344 1407 429 1430 anno
447 1407 489 1430 tv.

381 1458 437 1485 Dat.
457 1458 500 1485 die
519 1458 551 1484 27
568 1456 722 1484 novembris
744 1455 821 1488 1679,
843 1454 941 1490 pontif.
958 1462 1028 1480 anno
1042 1460 1078 1481 iv.

629 1598 786 1633 LXXVIII.

344 1682 554 1717 Permittitur
577 1685 612 1714 ut
640 1681 675 1713 in
695 1679 861 1723 provincia
881 1677 913 1711 S.
937 1676 1028 1710 Petri
1044 1675 1082 1708 de

387 1735 570 1768 Alcantczrn
609 1733 884 1767 Di'sealceatorum
914 1732 949 1763 in
982 1739 1080 1770 reqno

387 1787 604 1831 Neapolitano
622 1787 724 1819 locam
747 1786 861 1818 habere
876 1784 998 1827 possint
1018 1783 1082 1825 sra-

389 1846 449 1873 tres
493 1840 631 1873 eiusdem
668 1838 803 1873 Ordinis
835 1836 1078 1880 provinciarum

387 1894 582 1937 Hispaniae.
968 1890 984 1905 ⁶

527 1973 724 2000 Innocentius
745 1973 823 2004 Papa
843 1971 896 2002 XI,

468 2018 504 2045 ad
521 2022 695 2052 perpetuam
715 2017 758 2043 rei
774 2015 953 2042 memoriam.

391 2089 449 2133 gl.
465 2089 549 2122 Alias
565 2088 667 2121 felicis
681 2085 916 2120 reeordationis
927 2082 1080 2117 Clementi

348 2143 450 2185 Papae
464 2143 497 2181 X,
513 2139 756 2185 praedecessori
776 2145 895 2177 nostro,
914 2147 973 2180 pro
992 2142 1081 2179 parte

348 2195 457 2228 dilecti
483 2194 539 2227 filii
565 2193 683 2226 nobilis
708 2192 766 2225 viri
793 2191 877 2224 Petri
904 2191 942 2222 de
968 2190 1082 2230 Arago—

348 2247 401 2279 nia
425 2247 515 2279 ducis
539 2245 731 2287 Segobricae
759 2249 789 2276 et
818 2243 983 2276 Cardonae
1010 2247 1083 2273 tunc

348 2300 439 2341 regni
454 2299 607 2341 Neapolis
626 2298 783 2340 prot—egis,
803 2295 969 2339 exposito„
984 2293 1081 2336 quod,

349 2363 420 2384 cum
446 2351 589 2383 custodia
614 2350 644 2383 S.
674 2351 753 2382 Petri
787 2351 825 2382 de
852 2350 1023 2381 Alcantara
1050 2346 1081 2377 in

350 2405 435 2437 dicto
462 2415 560 2445 regno
586 2403 737 2446 Neapolis
765 2403 897 2434 fratrum
923 2400 1081 2433 Minoi-um

349 2457 477 2491 Ordinis
503 2457 601 2489 sancti
628 2456 784 2488 Francisci
807 2455 846 2487 dc,
874 2452 1084 2487 Observantia

349 2511 620 2543 Iliscalceatorum
655 2514 928 2549 nuncupatorum,
955 2506 986 2538 in
1013 2515 1084 2537 exe-

351 2564 514 2597 cutionem
541 2562 749 2606 quarumdam
783 2560 884 2604 ipsius
910 2556 1082 2593 Clementis

913 185 1093 214 mattarum
1117 185 1267 214 nomisma

1113 236 1374 282 praedecessoris
1407 236 1438 269 in
1472 236 1567 269 simili
1604 235 1704 269 fornia
1736 234 1846 268 Brevis

1114 293 1294 325 litterarum
1327 290 1378 324 die
1404 301 1461 323 xxx
1497 290 1690 333 septembris
1722 298 1847 323 itinchx

1114 344 1348 388 expeditarum,
1374 349 1532 387 perpetuo
1564 348 1671 375 erecta
1696 348 1727 375 et
1757 342 1849 375 insti-

1115 403 1183 430 tuta
1208 397 1330 435 suisset,
1357 407 1396 429 eo
1422 397 1595 439 praecipue
1624 395 1685 428 stne
1703 400 1738 428 ut
1761 395 1847 428 illius

1116 451 1230 482 fratres
1248 449 1462 483 instructioni.
1478 449 1615 491 aliisque
1630 447 1849 491 spiritualibus

1115 502 1360 535 necessitatibus
1395 502 1532 534 militum
1568 502 1784 544 Hispanorum
1817 500 1849 532 in

1115 557 1229 588 eodem
1254 566 1356 597 regno
1392 566 1451 598 pro
1483 561 1630 597 tempore
1664 553 1849 595 degentium

1116 618 1249 651 operam
1288 609 1413 646 darent,
1446 608 1532 640 idern
1571 607 1684 639 Petrus
1725 606 1785 638 dux
1820 609 1852 637 et

1117 671 1230 703 prorex
1258 661 1429 699 nonnulla,
1455 660 1524 691 sine
1550 659 1667 701 quibus
1693 658 1766 690 sinis
1791 658 1852 689 liu-

1118 713 1257 745 iusmodi
1283 712 1421 745 obtineri
1443 712 1600 754 nequibat
1620 721 1679 743 nec
1707 710 1852 743 custodia

1119 765 1188 808 ipsa
1213 766 1244 797 in
1270 765 1319 797 sui
1345 764 1479 796 instituti
1505 764 1613 806 rigore
1648 769 1679 795 et
1711 762 1852 806 puritate

1119 818 1303 851 conservari
1324 817 1494 860 potuisset,
1515 816 1609 849 statui
1635 821 1665 848 et
1691 815 1852 857 indulgeri

1120 872 1296 914 plurimum
1332 870 1553 903 desiderabat:
1587 869 1671 901 idem
1704 867 1852 900 Clemens

1121 924 1362 966 praedecessor,
1377 921 1669 965 supplicationibus
1684 920 1784 963 ipsius
1797 920 1855 953 Pe-

1122 978 1160 1009 tri
1186 976 1275 1010 ducis
1301 982 1332 1008 et
1357 975 1501 1018 proregis
1526 974 1656 1007 nomine
1678 973 1739 1006 sibi
1757 983 1856 1016 super

1123 1031 1185 1063 lioe
1207 1029 1373 1062 humiliter
1391 1027 1548 1071 porrectis
1565 1027 1748 1064 inclinatus,
1767 1025 1855 1069 quod

1122 1083 1265 1115 eiusdem
1291 1081 1455 1114 custodiae
1488 1085 1594 1113 eustos
1621 1084 1653 1111 et
1677 1084 1854 1111 conventus

1122 1136 1152 1167 S.
1180 1135 1296 1167 Luciae
1315 1134 1354 1166 de
1372 1134 1477 1166 Monte
1511 1131 1685 1174 nuncupati
1719 1131 1855 1163 civitatis

1121 1187 1353 1230 Neapolitanae
1379 1186 1416 1218 ad
1446 1186 1547 1227 ipsam
1579 1183 1758 1216 custodiam
1783 1194 1857 1226 spe·

1121 1240 1236 1272 etantis
1256 1239 1460 1281 giuti·(li:·.ms'
1480 1238 1611 1270 natione
1629 1236 1761 1278 Hispani
1778 1246 1858 1268 sem-

1122 1304 1180 1336 per
1204 1303 1275 1325 esse
1311 1292 1490 1329 deberent;
1529 1301 1566 1322 ex
1603 1295 1741 1332 quatuor
1778 1299 1856 1321 vero

1123 1345 1351 1379 definitoribus
1387 1344 1488 1387 ipsius
1528 1343 1693 1375 custodiae
1742 1343 1857 1374 saltem

1123 1400 1186 1431 duo
1218 1408 1349 1441 semper
1384 1403 1491 1429 essent
1515 1395 1659 1438 IIispani,
1690 1395 1786 1427 etiam
1823 1395 1858 1427 in

1122 1461 1229 1484 casum
1247 1450 1505 1492 subrogationis;
1525 1454 1555 1481 et
1572 1447 1758 1491 superiores
1776 1447 1859 1480 eius-

1123 1506 1196 1538 dem
1222 1504 1400 1542 custodiae,
1422 1509 1554 1546 praeter
1578 1506 1609 1534 et
1625 1502 1707 1534 ultra
1732 1500 1857 1544 praesa-

1126 1564 1172 1590 tos
1198 1558 1367 1599 Hispanos,
1396 1556 1427 1587 in
1453 1555 1537 1588 dicto
1562 1558 1723 1586 conventu
1747 1553 1779 1586 S.
1801 1552 1860 1585 Lu-

1124 1611 1191 1643 ciae
1214 1609 1226 1627 *²
1264 1612 1380 1643 saltem
1419 1609 1669 1642 concionatores
1708 1611 1740 1639 et
1778 1606 1859 1639 duos

1124 1664 1338 1697 confessarios
1363 1662 1483 1706 pariter
1506 1661 1675 1704 Hi<panos‚
1701 1669 1760 1703 pro
1785 1668 1860 1692 con-

1124 1717 1272 1750 cionibus
1297 1716 1335 1749 ad
1361 1716 1524 1759 praefatos
1557 1713 1675 1747 milites
1700 1712 1860 1755 Hispanos

1124 1769 1281 1802 habendis
1306 1770 1482 1810 eorumqtte
1503 1763 1785 1799 confessionibus⁸
1804 1773 1860 1796 au-

1124 1823 1264 1863 diendis,
1290 1822 1411 1854 habere
1436 1830 1564 1863 semper
1589 1823 1792 1856 tenerentur;
1817 1826 1859 1849 ne

1124 1886 1264 1919 unquam
1290 1876 1322 1907 in
1348 1875 1489 1906 suturam
1516 1873 1546 1905 in
1566 1871 1745 1904 custodiam
1770 1879 1861 1913 prae·

1125 1931 1218 1962 satam
1245 1928 1345 1971 recipi
1371 1932 1481 1970 posset
1503 1927 1588 1959 ullus
1613 1926 1712 1957 frater
1741 1924 1773 1956 in
1798 1924 1860 1957 alia

1124 1983 1289 2026 provincia
1313 1982 1364 2014 vel
1396 1980 1542 2013 custodia
1568 1978 1753 2022 professus,
1778 1976 1834 2010 sed
1850 2002 1858 2017 ,

1125 2037 1253 2079 quando
1278 2035 1417 2077 aliquem
1453 2032 1576 2066 admitti
1610 2031 1786 2074 expediens
1809 2029 1860 2062 vel

1125 2100 1259 2121 necesse
1286 2088 1406 2125 suisset,
1433 2087 1459 2119 is
1484 2086 1666 2118 immediate
1691 2095 1708 2116 a
1732 2083 1860 2116 saeculo

1125 2142 1163 2174 ad
1190 2141 1335 2173 habitum
1362 2139 1486 2182 recipi,
1521 2144 1552 2171 et
1577 2138 1608 2170 in
1642 2137 1725 2170 dicta
1757 2141 1862 2169 custo-

1126 2195 1178 2227 dia
1214 2194 1347 2236 eiusque
1385 2193 1481 2225 domo
1520 2191 1695 2224 novitiatus
1731 2188 1861 2222 educari

1126 2248 1267 2285 deberet,
1294 2246 1481 2279 auctoritate
1507 2243 1682 2287 apostoliea
1699 2243 1782 2274 inter
1798 2241 1861 2274 alia

1127 2300 1237 2332 statuit
1270 2304 1300 2330 et
1325 2298 1502 2337 ordinavit,
1530 2302 1561 2328 et
1585 2296 1678 2332 alias,
1705 2299 1803 2337 prout
1827 2293 1858 2326 in

1128 2353 1228 2395 ipsius
1253 2351 1427 2384 Clementis
1452 2348 1712 2393 praedecessoris
1746 2346 1860 2380 litteris

1127 2407 1269 2448 desuper
1287 2405 1316 2436 in
1336 2404 1431 2437 simili
1451 2405 1550 2436 forma
1572 2402 1680 2436 Brevis
1695 2402 1746 2434 die
1763 2409 1862 2434 xxvtll

1163 2478 1171 2501 1
1198 2476 1258 2502 Edit
1289 2475 1367 2501 Main.
1397 2474 1460 2509 legit
1479 2473 1640 2508 quai-(liant
1659 2473 1698 2506 (tt.
1720 2471 1770 2506 T.).

1161 2523 1176 2546 ’2
1199 2521 1295 2546 Forsan
1318 2522 1392 2545 duest
1414 2521 1482 2544 sinus
1502 2522 1539 2547 (tt.
1556 2519 1604 2544 ΤΛ.

1161 2565 1177 2591 3
1198 2564 1257 2591 Edit
1289 2564 1368 2590 llaiu.
1389 2563 1454 2598 legit
1468 2561 1669 2597 consessoribus
1684 2562 1725 2588 (tt.
1740 2561 1792 2595 T.)-

1850 183 1902 212 An.
1924 183 1954 212 C.
1972 181 2038 212 1670
