2111 3157
51 249 100 275 Aa.
114 246 142 274 C.
166 246 229 274 tGS'I

834 247 907 272 INNO
914 247 1044 272 CENTIUS
1067 249 1096 271 XI
1123 249 1170 271 PP.

236 295 383 339 passivae
417 307 488 329 cum
520 298 634 337 altero,
661 307 699 330 eo
724 307 811 337 casu,
836 306 901 329 non
927 296 971 328 vi·
1012 296 1176 338 praesecto
1192 295 1362 338 hospitalis
1376 295 1482 328 Limae
1495 295 1627 328 Nostrae
1641 296 1748 328 Domi-

239 347 357 388 carius,
385 349 440 381 sed
470 349 624 382 assistens
649 349 823 391 antiquior,
850 349 881 381 in
906 349 971 381 ele-

239 399 345 433 ctione
372 401 498 443 passiva
529 402 713 435 huiusmodi
738 412 803 434 non
828 410 972 443 compre-

238 452 368 492 hensus,
387 464 443 487 suo
468 453 620 496 suffragio
637 454 806 497 paritatem
830 453 970 486 dirimet.

283 505 314 538 7.
341 506 484 539 Vicarius
513 507 610 540 debet
638 507 757 540 habere
785 505 972 547 suffragium

239 558 378 591 activum
404 565 434 592 et
449 560 621 603 passivum,
639 565 671 592 et
687 560 760 602 quia
778 564 884 602 potest
900 569 973 591 eve-

239 612 321 652 nire,
345 617 380 644 ut
403 612 436 645 in
468 612 637 652 electione,
670 623 752 655 quae
781 612 845 651 siet,
870 611 973 644 nomi-

239 670 333 698 netur
357 666 389 698 in
413 666 611 710 praefectum
636 666 829 708 generalem,
856 670 886 697 et
910 665 973 697 hoc

239 728 316 751 casu
340 718 583 762 incompatibile
609 723 657 751 est
681 723 717 750 ut
737 718 840 761 possit
857 728 973 760 appro-

237 769 316 804 bare
334 776 366 804 et
389 771 555 814 publicare
580 771 784 811 electionem,
810 770 884 803 ideo
910 770 972 802 dis-

237 825 379 868 ponitur,
405 830 447 864 ut,
475 825 546 867 ipso
570 824 689 857 vicario
715 824 747 856 in
772 824 970 868 praesectum

238 877 422 919 generalem
443 878 556 916 electo,
569 877 732 920 antiquior
748 877 902 909 assistens
918 877 971 909 de-

236 929 312 962 beat
324 930 504 973 approbare
518 934 549 962 et
563 929 728 972 publicare
743 930 946 963 electionem.

281 981 312 1016 8.
346 982 385 1016 Ut
411 982 514 1026 possit
546 982 580 1015 in
610 983 808 1026 praesectum
841 993 971 1026 genera-

235 1034 300 1069 lem
325 1035 401 1078 eligi
426 1040 458 1068 et
482 1036 642 1069 nominari
675 1036 812 1078 quilibet
843 1047 879 1068 ex
913 1036 971 1068 sra-

236 1085 340 1119 tribus
375 1086 479 1120 dictae
514 1085 690 1126 societatis,
718 1087 816 1119 debet
849 1086 969 1119 habere

237 1139 431 1182 completam
457 1139 669 1182 quadraginta
696 1140 840 1182 quinque
872 1149 971 1172 anno-

235 1202 306 1226 rum
330 1198 479 1232 aetatem,
505 1198 537 1226 et
562 1193 679 1235 elapsis
704 1198 777 1236 post
801 1193 971 1236 professio-

236 1255 311 1279 nem
331 1245 516 1289 quindecim
538 1256 574 1278 ex
599 1246 676 1278 illis.
709 1246 747 1278 Et
770 1247 892 1288 pariter
917 1246 971 1278 de-

235 1298 292 1331 bet
308 1297 469 1337 habuisse,
486 1303 521 1330 ut
537 1298 652 1337 minus,
679 1299 727 1331 bis
752 1298 896 1339 regimen
916 1298 971 1330 ali-

236 1351 326 1385 cuius
351 1362 388 1384 ex
414 1351 519 1384 dictae
547 1351 709 1384 societatis
731 1351 958 1394 hospitalibus.

281 1403 313 1437 9.
346 1403 385 1436 Et
417 1405 541 1436 attenta
571 1404 744 1443 distantia,
771 1414 851 1446 quae
887 1409 972 1436 tanta

237 1462 286 1491 est
302 1456 387 1491 inter
405 1457 489 1490 dicta
506 1457 689 1500 hospitalia,
708 1457 970 1500 quandoquidem

237 1508 365 1554 aliqua⁴
389 1510 475 1543 inter
507 1520 540 1542 se
573 1510 645 1552 plus
671 1510 759 1543 mille
780 1510 883 1543 leucis
910 1510 973 1543 dis-

236 1568 315 1603 tant,
335 1563 415 1596 etin
443 1563 499 1602 eis,
526 1573 606 1606 quae
634 1563 665 1594 in
691 1568 859 1605 posterum
884 1568 971 1595 exta-

235 1616 325 1655 bunt,
345 1616 457 1649 eadem
473 1625 532 1658 pro
550 1615 761 1658 amplitudine
780 1616 910 1648 illorum
924 1626 973 1649 re-

237 1679 374 1711 gnorum
393 1668 582 1701 intercedit²
598 1668 756 1708 distantia,
776 1673 807 1701 et
831 1669 863 1701 in
880 1679 973 1702 even-

236 1721 332 1761 tibus,
353 1721 456 1765 quae³
479 1722 512 1754 in
538 1721 686 1764 quolibet
710 1721 839 1754 illorum
866 1732 974 1754 occur-

236 1780 361 1815 rerent,
412 1780 595 1819 promptam
640 1775 789 1807 convenit
826 1775 972 1808 adhiberi

237 1828 465 1872 provisionem,
492 1838 632 1871 cumque
665 1838 729 1861 non
762 1828 862 1871 possit
886 1838 975 1871 prae-

238 1881 342 1914 fectus
367 1881 528 1924 generalis
554 1881 586 1913 in
613 1881 692 1914 adeo
725 1881 918 1913 distantibus
944 1887 974 1913 et

237 1934 392 1968 seiunctis
409 1934 488 1968 locis
508 1936 570 1966 una
587 1944 657 1967 cum
675 1934 898 1967 assistentibus
924 1944 974 1967 re-

236 1985 362 2020 sidere:
387 1985 491 2031 ideo&
504 1996 562 2029 pro
588 1985 713 2018 meliori
746 1986 849 2018 dictae
874 1985 974 2018 socie-

237 2038 311 2071 tatis
337 2038 494 2081 regimine
519 2038 713 2081 disponitur,
734 2039 830 2081 quod,
848 2040 974 2082 praese-

237 2095 288 2124 cto
314 2091 460 2134 generali
486 2091 517 2124 in
542 2101 642 2133 regno
660 2091 804 2124 l‘eruano
826 2092 972 2134 degente,

238 2144 336 2178 debet
360 2144 564 2177 committere
589 2145 675 2177 vices
699 2155 771 2177 suas
807 2145 973 2188 praesecto

237 2196 270 2230 S.
303 2196 465 2230 Francisci
491 2197 617 2229 Xaverii
645 2197 683 2230 de
709 2197 839 2236 Mexico,
863 2198 975 2230 adiun-

238 2249 297 2283 ctis
334 2249 441 2283 eidem
475 2249 546 2282 aliis
579 2255 716 2292 quatuor
750 2250 974 2284 assistentibus

237 2302 270 2336 in
296 2303 438 2347 capitulo
467 2303 611 2346 generali
638 2305 805 2346 eligendis,
826 2315 884 2347 pro
910 2315 975 2338 om-

239 2356 335 2390 nibus
373 2367 457 2401 quae
494 2362 664 2390 occurrent
695 2357 727 2389 in
760 2357 848 2390 illius
882 2359 973 2400 regni

240 2409 478 2453 hospitalibus·,
504 2415 536 2443 et
561 2420 632 2442 cum
656 2409 689 2442 in
713 2409 797 2443 Nova
822 2410 975 2454 Hispania

238 2461 348 2504 suerit,
376 2463 508 2496 easdem
532 2462 617 2496 vices
642 2463 842 2497 committere
859 2464 975 2497 debeat

275 2544 286 2569 1
309 2541 380 2570 Edit.
397 2542 475 2569 Main.
492 2542 558 2577 legit
572 2543 705 2577 aliquam
719 2543 758 2574 (a.
775 2543 825 2576 τ.).

275 2585 292 2613 2
311 2586 405 2620 Aptius
424 2587 485 2621 tege
505 2587 662 2614 intercedet
677 2589 716 2618 (n.
734 2591 782 2619 τ.).

274 2629 292 2658 8
303 2629 352 2662 Vel
361 2631 413 2665 leg.
427 2630 486 2665 qui,
500 2630 540 2657 vel
549 2631 678 2658 omnibus
689 2639 736 2665 pro
745 2631 889 2660 eventibus
896 2632 962 2667 (ηπ)

351 2684 428 2713 Ball.
444 2684 527 2711 Rom.
540 2699 572 2704 -
592 2684 652 2711 rut.
671 2685 744 2713 XIX.
906 2687 938 2713 94

1014 358 1073 380 nae
1099 348 1137 380 de
1163 347 1317 386 Carmelo,
1343 348 1501 380 adiunctis
1539 348 1643 380 eidem
1677 349 1746 381 aliis

1015 405 1154 442 quatuor
1178 400 1401 432 assistentibus
1426 401 1458 432 in
1483 401 1625 443 capitulo
1651 411 1748 443 gene-

1015 453 1073 485 rali
1099 453 1267 495 eligendis,
1287 464 1359 486 cum
1380 453 1584 496 plenitudine
1605 460 1748 497 potesta-

1017 505 1066 543 tis,
1088 511 1317 549 praeterquam
1342 506 1427 549 quod
1453 506 1484 539 in
1504 507 1746 551 pertinenthus

1016 558 1054 590 ad
1079 568 1225 591 normam
1260 559 1427 602 regiminis
1460 561 1620 603 generalis
1649 562 1765 596 socie-s

1016 611 1087 644 tatis
1105 617 1136 645 et
1153 613 1326 655 peculiaris
1345 614 1516 647 cuiuslibet
1531 626 1567 648 ex
1586 615 1768 657 domibus(

1016 670 1047 698 et
1080 666 1159 699 citra
1190 668 1403 701 remotionem
1437 679 1492 702 seu
1525 669 1748 703 dimissionem

1015 719 1252 760 praefectorum
1270 720 1412 763 ipsarum
1432 721 1571 764 (possint
1588 727 1691 756 tamen
1711 734 1749 756 ex

1015 770 1097 803 iusta
1122 774 1217 804 eausa
1242 774 1281 805 ad
1312 778 1442 815 tempus
1478 774 1516 806 ab
1552 774 1657 808 officio
1682 786 1750 808 sus-v

1008 824 1157 866 'pendere
1179 830 1211 857 et
1231 827 1416 867 generalem
1442 828 1625 869 certiorare,
1652 829 1750 872 depu-

1015 883 1078 910 tato
1104 878 1232 911 interim
1257 879 1290 911 in
1315 881 1462 922 suspensi
1493 882 1598 914 locum
1630 882 1749 917 vicario

1014 929 1161 973 idoneo),
1188 941 1247 964 nec
1271 942 1335 964 non
1367 932 1587 967 dimissionem
1616 934 1749 968 alicuius

1015 993 1051 1015 ex
1070 983 1233 1023 fratribus,
1252 984 1313 1016 nisi
1339 984 1371 1017 in
1395 996 1460 1018 uno
1486 996 1521 1018 cx
1548 987 1672 1019 delictis
1698 998 1750 1020 ex*

1015 1036 1132 1078 pressis
1165 1036 1197 1068 in
1222 1038 1453 1071 constitutione
1479 1038 1515 1071 et
1544 1039 1640 1071 huius
1664 1040 1751 1083 capi-

1016 1088 1073 1121 tuli
1097 1099 1146 1129 1x;
1173 1091 1308 1132 proviso,
1336 1092 1421 1134 quod
1448 1092 1632 1126 substitutio
1657 1103 1752 1136 prae·

1015 1141 1077 1173 sata
1100 1151 1166 1174 non
1187 1143 1289 1184 possit
1314 1143 1408 1176 etiam
1427 1150 1498 1186 post
1515 1144 1638 1177 obitum
1657 1155 1751 1188 prae-

1015 1193 1087 1226 fecti
1113 1195 1273 1236 generalis
1298 1197 1454 1236 revocari,
1486 1197 1543 1230 sed
1576 1203 1643 1230 toto
1673 1203 1752 1230 tem-

1015 1248 1103 1288 poris
1128 1247 1298 1281 intervallo
1324 1259 1428 1291 usque
1454 1249 1492 1281 ad
1525 1250 1597 1281 novi
1629 1250 1752 1291 praefe-

1015 1299 1056 1331 cti
1082 1300 1240 1342 generalis
1259 1301 1448 1334 electionem
1466 1302 1633 1345 perduret,
1649 1303 1751 1345 quod·

1015 1362 1076 1394 que
1108 1357 1246 1395 uterque
1270 1353 1452 1395 praelectus
1482 1354 1694 1392 substitutus,
1719 1355 1752 1387 in

1015 1404 1166 1437 omnibus
1183 1416 1264 1447 quae
1290 1406 1519 1448 operabuntur,
1538 1407 1678 1439 debeant
1702 1418 1752 1440 ra-

1016 1457 1135 1489 tionem
1152 1458 1288 1491 reddere
1312 1459 1475 1501 praesecto
1497 1459 1656 1501 generali,
1676 1458 1753 1493 sed¹

1015 1520 1053 1542 eo
1079 1509 1239 1549 defuncto,
1265 1510 1396 1549 vicario,
1422 1516 1457 1543 ut
1483 1514 1545 1544 una
1569 1522 1642 1544 cum
1676 1513 1754 1545 assi-

1016 1562 1176 1595 stentibus
1200 1563 1433 1597 resolutionem
1458 1569 1577 1597 statuat
1608 1565 1667 1598 sibi
1697 1566 1754 1599 he-

1016 1615 1177 1654 nevisam;
1197 1625 1267 1648 cum
1294 1616 1355 1648 hoc
1381 1622 1486 1649 tamen
1505 1617 1603 1660 quod,
1629 1618 1654 1650 si
1680 1627 1754 1651 con-

1018 1668 1118 1709 tingat
1135 1668 1238 1711 ipsum
1257 1669 1453 1711 praesectum
1472 1672 1656 1712 generalem
1683 1676 1754 1703 actu

1017 1731 1137 1753 moram
1160 1721 1290 1755 trahere
1316 1722 1348 1754 in
1374 1723 1481 1765 aliquo
1499 1734 1535 1756 ex
1555 1723 1679 1756 duobus
1697 1724 1755 1757 ho-

1017 1774 1190 1816 spitalibus
1223 1785 1278 1808 seu
1310 1776 1460 1810 domibus
1485 1776 1592 1809 Limne
1616 1778 1665 1810 vel
1691 1777 1755 1810 Me-

1017 1827 1270 1871 xici‚consopita
1287 1828 1416 1861 interim
1436 1835 1631 1862 censeantur
1649 1830 1754 1863 omnis

1018 1880 1196 1914 iurisdictio
1237 1886 1267 1914 et
1306 1887 1448 1925 potestas
1488 1882 1575 1915 illius
1615 1883 1752 1926 praet'ati

1018 1932 1196 1973 substituti,
1222 1937 1254 1966 et
1279 1939 1414 1976 exurgat
1438 1935 1656 1968 tantummodo
1681 1940 1755 1979 post

1018 1986 1184 2019 decessum
1209 1986 1309 2029 ipsius
1333 1987 1488 2030 praefecti
1515 1989 1678 2030 generalis
1713 1990 1752 2022 ab

1017 2039 1071 2072 itta
1095 2039 1204 2072 domo.
1225 2039 1268 2071 Ac
1285 2039 1390 2079 etiam,
1406 2043 1521 2082 magna
1546 2042 1691 2074 locorum
1711 2041 1754 2074 di-

1017 2092 1132 2125 stantia
1157 2092 1370 2131 considerata‚
1397 2093 1548 2136 quoniam
1576 2093 1600 2125 si
1625 2094 1755 2137 praese-

1017 2150 1101 2177 ctum
1138 2146 1323 2186 generalem
1354 2146 1440 2194 {nori
1477 2146 1682 2188 contingeret
1721 2147 1753 2180 in

1017 2198 1080 2231 alio
1104 2208 1213 2240 regno,
1233 2208 1329 2241 quam
1354 2208 1404 2238 eo,
1422 2199 1477 2231 ubi
1504 2199 1610 2231 sutura
1636 2200 1753 2234 electio

1017 2251 1177 2284 celebrari
1196 2250 1337 2290 debebit,
1351 2251 1553 2294 impossibile
1572 2251 1638 2284 sere
1656 2257 1752 2293 esset,
1799 2252 1802 2255 “

1017 2310 1052 2337 ut
1069 2304 1264 2343 assistentes,
1280 2303 1333 2346 qui
1352 2304 1473 2336 suturae
1491 2304 1661 2337 electionis
1679 2311 1754 2338 sunt

1019 2368 1090 2401 pars
1110 2357 1299 2401 praecipua,
1318 2362 1503 2399 opportuno
1530 2361 1676 2400 tempore
1703 2368 1752 2391 re-

1018 2411 1185 2453 periantur
1209 2409 1240 2441 in
1261 2409 1356 2442 domo
1376 2409 1446 2442 talis
1466 2410 1656 2449 electionis;
1676 2410 1753 2443 hinc

1019 2469 1068 2497 est
1089 2463 1174 2506 quod
1195 2462 1354 2503 statuitur,
1372 2467 1415 2503 ut,
1441 2462 1501 2495 nisi
1526 2462 1588 2496 alia
1613 2464 1754 2496 necessi-

1018 2523 1064 2550 tas
1091 2521 1144 2548 aut
1169 2515 1249 2548 ratio
1275 2520 1400 2548 moveat
1436 2514 1604 2548 arbitrium
1629 2516 1754 2559 praese-

1018 2570 1059 2603 cti
1080 2569 1241 2612 generalis
1267 2569 1305 2602 ad
1332 2568 1406 2602 alibi
1426 2568 1648 2610 residendum,
1668 2569 1753 2603 idem

1052 2632 1065 2660 1
1088 2631 1188 2659 Forsan
1207 2638 1257 2659 seu
1276 2639 1323 2667 pro
1342 2631 1391 2658 sed
1409 2630 1555 2667 tegendum
1574 2632 1611 2666 (a.
1621 2630 1658 2667 τ.)

1645 239 1708 271 745
1753 248 1802 275 An.
1823 247 1851 276 e,
1870 247 1935 275 1687
