2111 3157
155 175 204 201 An.
227 172 254 200 C.
279 174 345 201 1678

397 165 455 198 116

349 224 620 266 praedecessores
629 226 772 262 nostros,
788 231 823 254 ac
838 231 907 260 nos,
923 225 955 253 et
969 220 1086 253 dictam

350 275 476 315 Sedem,
503 276 654 317 illiusque
687 275 823 316 legatos,
848 273 944 306 etiam
977 276 1086 311 motu,

350 328 484 360 scientia
518 334 549 360 et
574 327 778 370 plenitudine
804 326 974 363 similibus,
990 325 1086 357 etiam

350 380 636 419 consistorialiter,
662 390 698 411 ac
730 379 807 411 alias
840 378 1088 421 quomodolibet

350 439 380 465 et
405 432 528 465 iteratis
554 432 675 464 vicibus
702 431 875 471 concessis,
900 430 1085 474 approbatis

351 490 382 517 et
406 484 584 523 innovatis,
612 483 727 526 quibus
752 483 900 516 omnibus
926 488 959 515 et
983 482 1088 523 singu-

350 539 398 576 lis,
418 537 542 569 etiamsi
561 547 618 579 pro
644 536 773 568 illorum
797 535 969 568 sufficienti
995 535 1088 567 dero-

351 590 479 631 gatione
510 590 588 622 alias
626 590 665 621 de
700 589 764 621 illis
796 598 975 631 eorumque
1013 588 1086 620 totis

350 642 518 674 tenoribus
545 642 715 684 specialis,
742 641 910 684 specifica,
936 650 1087 683 expressa

350 701 381 727 et
405 695 590 733 individua,
615 705 652 726 ac
678 695 716 727 de
745 695 844 726 verbo
880 694 919 726 ad
943 693 1087 731 verbnm,

295 744 307 754 ⁵
350 758 415 779 non
436 752 541 779 autem
556 757 616 789 per
633 747 794 779 clausulas
812 747 981 788 generales
1002 745 1087 777 idem

190 1443 246 1462 'saxa
268 1444 338 1462 immu-

156 1472 199 1490 tata
209 1472 339 1495 permaneat.

186 2177 273 2197 Sannio
293 2181 344 2203 poe-

159 2206 220 2225 nulis.

348 800 587 842 importantes,
618 799 739 831 mentio
772 809 829 831 seu
863 797 992 841 quaevis
1027 797 1087 829 alia

351 852 519 895 expressio
542 851 692 883 habenda
710 856 763 883 aut
783 851 889 893 aliqua
905 850 967 882 alia
984 849 1088 891 exqui-

352 906 411 937 sita
430 905 531 936 forma
549 904 586 936 ad
621 905 682 936 1100
713 904 867 936 servanda
891 904 984 941 soret,
1003 908 1087 934 teno-

351 969 402 990 res
418 958 613 996 huiusmodi,
629 968 665 990 30
683 957 708 989 si
727 958 766 990 de
779 958 878 989 verbo
897 956 1085 995 adverbum,

351 1011 435 1043 nihil
459 1011 590 1054 penitus
620 1011 739 1043 omisso
760 1021 796 1042 30
823 1010 924 1042 forma
956 1009 988 1040 111
1022 1008 1086 1040 illis

351 1064 468 1096 tradita
502 1064 690 1102 observata,
713 1063 825 1095 inserti
851 1067 971 1101 essent,
996 1071 1088 1103 prae-

351 1117 496 1149 sentibus
510 1126 568 1158 pro
586 1117 683 1159 plene
702 1121 733 1148 et
749 1115 946 1148 sufficienter
962 1124 1087 1157 expres-

350 1169 392 1200 sis
415 1174 445 1200 et
465 1169 595 1200 insertis
612 1168 782 1207 habentes,
800 1167 863 1199 illis
881 1167 958 1199 alias
980 1166 1011 1198 in
1030 1176 1086 1198 suo

350 1222 468 1253 robore
486 1221 715 1263 permansuris,
737 1221 798 1252 hac
821 1220 888 1252 vice
915 1220 1086 1257 dumtaxat,

350 1274 463 1305 harum
489 1273 582 1312 serie,
597 1272 781 1315 specialiter
802 1277 834 1304 et
858 1281 1008 1314 expresse
1033 1271 1088 1303 de-

350 1336 512 1367 rogamus,
534 1325 719 1368 ceterisque
753 1324 925 1356 contrariis
947 1323 1083 1366 quibus-

350 1388 500 1420 cumque.

394 1431 408 1473 g
433 1430 464 1462 6.
491 1431 664 1463 Praeterea
690 1430 785 1462 etiam
819 1429 969 1461 volumus
1001 1428 1087 1470 quod

352 1489 421 1516 taxa
435 1483 604 1522 fructuum,
623 1483 807 1515 reddituum
825 1487 856 1514 et
873 1487 1087 1524 proventuum

351 1546 483 1569 mensae
509 1536 585 1568 olim
611 1535 805 1578 episcopalis
824 1545 909 1566 nunc
928 1533 1089 1576 arehiepi-

351 1589 490 1632 scopalis
509 1588 681 1627 Albiensis,
704 1588 735 1619 in
756 1587 847 1619 libris
869 1587 1021 1619 Camerae
1039 1586 1088 1617 de-

351 1642 479 1684 scripta,
493 1646 630 1683 propter
643 1640 881 1682 separationem
898 1644 928 1670 et
943 1638 1089 1670 dismem-

351 1695 534 1727 brationem
553 1704 732 1726 annuarum
752 1693 936 1735 quindecim
954 1691 1089 1723 niilliuni

350 1748 505 1780 librarum
523 1746 710 1779 huiusmodi
733 1745 867 1778 diminui
884 1755 940 1776 seu
959 1744 1088 1776 alterari

351 1801 441 1833 nullo
467 1800 563 1834 modo
589 1800 699 1842 possit,
718 1799 774 1831 sed
793 1799 824 1830 in
843 1800 880 1830 ea
900 1798 1088 1840 quantitate,

351 1854 383 1885 in
402 1864 464 1896 qua
484 1854 639 1885 hactenus
658 1852 725 1890 suit,
744 1856 904 1894 perpetuo
922 1860 1089 1882 remanere

351 1906 483 1945 debeat,
503 1910 534 1937 et
552 1916 567 1937 e
592 1910 704 1937 contra
736 1903 889 1936 ecclesiae
915 1902 1092 1934 Bituricen-

351 1959 393 1992 sis
419 1965 490 1990 taxa
515 1963 654 2001 propter
679 1966 797 1989 novum
827 1956 889 1988 hoc
906 1955 1089 1987 reddituum

351 2016 560 2053 augmentum
577 2009 760 2052 amplianda
777 2018 843 2040 non
869 2008 930 2046 sit,
950 2018 1022 2039 cum
1038 2017 1092 2038 311-

351 2070 404 2095 tea
418 2063 545 2106 inopiae
558 2072 686 2094 mensae
709 2060 1001 2103 archiepiscopalis
1016 2069 1092 2091 con-

354 2122 497 2158 grueret.

398 2170 412 2211 §
448 2169 477 2200 7.
516 2167 601 2200 Nulli
635 2177 713 2209 ergo
751 2166 883 2198 omnino
923 2164 1091 2197 bominum

351 2221 449 2255 liccat
478 2222 561 2253 hanc
596 2220 747 2263 paginam
780 2224 911 2251 nostrae
944 2227 1093 2259 segrega-

354 2275 460 2314 tionis,
483 2273 659 2313 divisionis,
685 2272 917 2315 scparatIOnis,
945 2270 1093 2302 dismem-

354 2327 525 2365 brationis,
551 2326 776 2367 exemptionis,
805 2323 1020 2362 liberationis,
1048 2323 1093 2354 in-

356 2379 543 2417 stitutionis,
574 2377 805 2416 subiectionis,
835 2375 1090 2419 suppositioni&

355 2432 494 2470 unionis,
508 2430 709 2469 annexionis,
728 2428 1008 2471 incorporationis,
1021 2437 1094 2458 con-

357 2484 533 2523 cessionis,
561 2482 703 2521 decreti,
735 2481 956 2522 derogationis
987 2486 1018 2512 et
1043 2490 1095 2511 ro-

933 171 1113 196 mmmmm!
1136 169 1287 194 ROMANUM

1130 218 1306 258 contraire;
1337 217 1362 250 si
1389 217 1460 261 quis
1485 221 1590 249 autem
1614 216 1678 249 1100
1704 219 1863 248 attentare

1129 270 1408 314 praesumpserit,
1435 269 1692 312 indignationem
1717 268 1865 311 omnipo-

1130 323 1224 356 tentis
1253 324 1310 356 Dei
1336 333 1372 355 ac
1395 324 1564 355 beatorum
1595 321 1680 353 Petri
1712 325 1744 353 et
1774 320 1864 352 Pauli

1129 377 1348 419 apostolorum
1374 386 1408 407 se
1430 374 1557 407 noverit
1579 374 1795 405 incursurum.

1172 428 1286 460 Datum
1310 428 1452 465 Romae,
1478 427 1563 469 apud
1589 425 1619 458 S.
1648 424 1778 457 Mariam
1803 423 1866 456 Ma—

1130 480 1256 519 iorem,
1291 489 1374 511 anno
1410 477 1643 510 Incarnationis
1678 475 1863 509 Dominicae

1130 542 1324 571 Moetxxvni,
1351 542 1370 564 v
1394 541 1496 563 nonas
1514 530 1667 569 octobris,
1693 527 1864 572 pontifica-

1130 591 1179 617 tus
1204 585 1305 618 nostri
1331 595 1416 617 anno
1443 583 1496 617 11¹.

1164 645 1222 672 Dat.
1239 644 1282 671 die
1297 645 1312 672 3
1328 644 1446 672 octobris
1463 643 1540 677 1678,
1557 643 1651 678 pontif.
1669 650 1739 670 anno
1753 648 1783 669 11.

1455 785 1542 817 XLV.

1133 864 1338 908 Praecipiun-
1354 869 1472 908 septem
1488 863 1683 907 presbyteris
1700 863 1865 895 Societatis

1174 917 1248 949 Iesu
1271 918 1488 949 mi'ssionariz's
1512 916 1601 961 apud
1625 917 1733 955 Sinas,
1756 920 1792 948 ut
1814 925 1865 948 ac-

1173 970 1286 1002 cedant
1303 969 1345 1001 ad
1361 970 1497 1008 Urbem,·
1517 973 1546 1001 et
1563 968 1783 1000 missionariis
1799 978 1866 1000 om-

1173 1022 1269 1054 nibus
1298 1022 1444 1064 formula
1475 1021 1636 1064 quaedam
1667 1021 1863 1061 iuramenti,

1172 1074 1258 1117 quod
1272 1078 1438 1117 praestare
1448 1074 1590 1113 debeant,
1608 1071 1865 1118 praescribitur‘.

1314 1153 1511 1180 Innocentius
1533 1154 1611 1186 Papa
1632 1153 1681 1186 XI,

1253 1198 1289 1224 ad
1309 1201 1484 1231 perpetuam
1504 1197 1547 1224 rei
1563 1197 1744 1224 memoriam.

1173 1268 1250 1301 Cum
1289 1269 1370 1300 haec
1403 1273 1511 1300 sancta
1549 1267 1647 1300 Sedes
1682 1266 1867 1309 Apostolica
1911 1271 1980 1293 ema
1999 1271 2061 1292 huin·

1877 1299 2040 1320 constitutionis.

1130 1321 1239 1363 paucis
1276 1321 1315 1352 ab
1352 1320 1428 1352 hinc
1462 1320 1554 1352 annis
1587 1320 1625 1352 ad
1650 1319 1762 1359 Sinas,
1787 1318 1867 1351 Tun-

1130 1373 1263 1405 chinum
1297 1378 1328 1405 et
1359 1372 1634 1407 Cochinchinam,
1661 1371 1865 1411 Camboiam,

1130 1426 1268 1463 Sianum,
1288 1425 1415 1468 aliaque
1436 1425 1538 1457 vicina
1555 1435 1656 1466 regna
1682 1430 1713 1456 et
1737 1424 1868 1466 provin-

1131 1478 1194 1510 cias
1218 1477 1379 1510 Indiarum
1404 1477 1581 1509 nonnullos
1599 1477 1724 1508 miserit
1748 1476 1870 1519 episco-

1132 1541 1189 1573 pos
1213 1530 1349 1562 vicarios
1376 1529 1580 1572 apostolicos,
1600 1534 1634 1560 ut
1658 1528 1739 1561 fides
1763 1529 1868 1561 catho-

1132 1583 1191 1615 lica
1215 1582 1335 1615 ibidem
1360 1582 1574 1614 benedicente
1592 1581 1727 1613 Domino
1753 1591 1870 1624 propa-

1132 1640 1272 1677 garetur,
1290 1640 1322 1667 et
1351 1645 1387 1666 ex
1414 1633 1599 1666 christianis
1624 1633 1786 1675 indigenis
1812 1643 1868 1665 seu
1895 1665 1896 1669 ,

1133 1687 1246 1719 ineolis
1282 1687 1412 1719 illarum
1450 1685 1589 1728 partium
1621 1676 1900 1727 instituerenturl

1133 1739 1242 1772 cleriei
1261 1745 1292 1771 et
1309 1739 1502 1776 sacerdotes,
1519 1744 1614 1780 atque
1632 1739 1676 1770 ita
1701 1742 1869 1770 crescente

1133 1791 1275 1824 fidelium
1312 1801 1447 1823 numero
1480 1790 1672 1833 disciplinae
1706 1790 1870 1822 Ecclesiae

1133 1855 1210 1876 usus
1232 1850 1264 1876 et
1283 1844 1399 1876 veritas
1417 1843 1692 1881 introduceretur,
1710 1841 1773 1885 ipsi
1792 1851 1870 1874 vero

1134 1896 1278 1939 episcopi
1303 1895 1411 1928 vicarii
1437 1895 1608 1937 apostolici
1633 1894 1781 1926 omnibus
1798 1904 1873 1936 ope·

1135 1949 1248 1989 rai-iis,
1275 1949 1329 1991 qui
1354 1947 1421 1980 illic
1453 1948 1484 1980 in
1514 1947 1608 1980 vinea
1632 1946 1758 1979 Domini
1782 1947 1872 1979 labo-

1135 2008 1251 2041 rarent,
1268 2006 1471 2044 praeessent,
1498 2011 1612 2033 verum
1637 2000 1774 2032 istorum
1792 2008 1873 2042 ope-

1135 2055 1291 2087 rariorum
1312 2054 1424 2096 aliqui,
1441 2054 1564 2096 proprii
1587 2053 1685 2086 officii
1702 2052 1872 2084 immemo-

1135 2118 1198 2147 res,
1217 2118 1249 2140 se
1267 2107 1360 2139 dictis
1380 2106 1507 2138 vicariis
1522 2104 1725 2148 apostolicis,
1745 2114 1871 2137 eorum·
1902 2118 1911 2129 -ι

1135 2171 1196 2202 que
1221 2158 1408 2203 provicariis
1434 2164 1467 2191 et
1485 2157 1655 2197 ministris,
1682 2167 1718 2189 30
1742 2156 1873 2189 illorum

1135 2211 1317 2244 auctoritati
1344 2210 1499 2243 acerrime
1518 2209 1723 2252 opponendo,
1746 2208 1872 2240 dissen—

1170 2316 1182 2342 1
1206 2315 1245 2341 Ab
1265 2315 1396 2341 electione
1416 2322 1486 2341 anno
1506 2320 1533 2340 111
1554 2314 1590 2348 (a.
1607 2312 1656 2347 T.).

1170 2362 1185 2387 2
1206 2361 1241 2388 De
1257 2360 1298 2386 liis
1313 2359 1485 2386 missionariis
1499 2358 1557 2384 vide
1577 2357 1690 2384 Constit.
1712 2357 1797 2384 Decet
1814 2356 1872 2384 Ro-

1135 2414 1264 2438 manum,
1280 2411 1369 2436 0111111,
1389 2404 1472 2430 Illius
1488 2403 1550 2438 qui,
1564 2408 1663 2435 can,
1679 2401 1808 2428 Iniunctz'
1824 2408 1873 2428 no-

1136 2450 1188 2482 bis,
1208 2456 1319 2481 (turin,
1341 2448 1482 2480 Quoniam
1498 2456 1540 2479 ea,
1557 2453 1626 2479 cmi,
1643 2449 1669 2472 et
1686 2445 1873 2473 Christianae

1135 2493 1299 2527 reliyionis,
1320 2498 1394 2525 cmx,
1415 2490 1558 2518 Clementis
1578 2489 1615 2524 X,
1636 2492 1700 2516 tom.
1721 2494 1803 2523 xvm,
1823 2495 1874 2523 pa·-

357 2536 488 2570 luntatis
503 2535 690 2577 infringere,
708 2535 757 2567 vel
779 2534 807 2565 ei
828 2544 905 2565 ausu
923 2531 1094 2564 temerario
1135 2538 1198 2573 gina
1217 2536 1266 2564 443
1287 2540 1313 2564 et
1332 2544 1388 2571 seq.

1872 152 1922 192 111.
1942 161 2053 193 01618
