2111 3157
105 140 155 168 An.
177 142 206 169 c.
226 143 293 170 inst
340 123 424 169 548'
456 160 458 163 .

296 193 474 234 beneficia,
501 202 638 237 quorum
661 202 864 236 possessores
896 193 1034 226 seorsim

297 245 443 279 habitare
470 251 719 286 consueverunt,
739 246 923 279 sacerdotes
941 245 1033 278 insti-

295 299 366 339 tuti,
389 299 444 332 ubi
466 300 529 332 duo
554 300 604 332 vel
630 299 724 342 plura
748 298 909 331 eiusmodi
934 299 1033 331 bene-

294 352 366 386 ficia
391 352 614 392 obtinuerint,
634 357 788 395 quantum
813 351 882 384 fieri
907 357 1028 395 potest,

294 407 437 440 fraterne
462 406 648 438 cohabitare
677 405 881 448 obligantur:
908 406 939 438 in
965 416 1031 439 ma-

294 459 365 501 gnis
402 464 507 492 tamen
543 458 736 498 civitatibus,
762 459 825 491 nisi
861 460 1029 494 commode

294 518 323 544 et
349 512 418 544 sine
443 511 590 555 periculo
615 512 793 546 animarum
825 522 921 546 curae
952 523 1028 546 suae

292 564 537 597 commissarum
575 565 724 607 possint,
760 575 824 598 non
857 575 923 598 uno
955 566 1028 599 loco

291 628 404 650 omnes
429 618 536 658 simul,
558 618 616 651 sed
647 618 680 651 in
712 618 847 652 diversis
881 618 950 652 bini
978 620 1027 652 vel

289 671 400 713 plures
426 670 628 704 cohabitent.

332 733 436 757 xxx1x.
459 722 549 762 Quod
582 724 607 756 si
642 724 675 757 in
708 726 800 768 pagis
834 731 866 759 et
897 726 1026 769 oppidis

287 776 481 818 parochialis
506 777 646 810 ecclesia
670 779 896 821 cappellanum
921 779 1026 812 hacte-

287 839 347 861 nus
372 840 437 863 non
463 830 634 872 habuerit,
660 831 791 864 interim
817 837 924 865 tamen
954 833 1026 866 red-

288 882 372 916 ditus
397 884 513 924 adsint,
532 884 648 927 quibus
670 884 733 918 duo
755 885 862 918 clerici
880 895 1023 928 congrue

287 935 325 968 ad
357 946 438 969 onus
462 937 625 979 pastorale
652 937 819 971 terendum
852 939 1023 971 sustentari

286 998 381 1031 posse
398 989 557 1029 videntur,
577 990 774 1032 superiores,
790 999 864 1023 cum
885 999 1022 1025 consen-

286 1051 321 1073 su
347 1042 606 1075 reverendissimi
632 1042 755 1075 domini
770 1042 950 1081 Ordinarii,
967 1053 1023 1086 pa·

286 1094 388 1127 rocho
407 1095 622 1135 sacerdotem,
638 1100 777 1128 nontam
795 1095 827 1127 in
842 1095 1020 1130 subsidium

285 1147 466 1180 animarum
504 1157 612 1187 curae,
638 1157 735 1190 quam
772 1148 805 1180 in
841 1148 1020 1182 subsidium

284 1200 504 1233 continentiae
522 1206 553 1233 et
574 1200 765 1244 disciplinae
795 1201 939 1234 securius
958 1212 1021 1234 ser-

283 1253 417 1293 vandae,
432 1254 624 1296 adimerent,

325 1317 375 1340 XL.
404 1306 505 1340 Porro
527 1306 551 1339 si
573 1307 768 1349 parochialis
789 1307 925 1340 ecclesia
949 1318 1022 1351 cap-

282 1360 442 1403 pellanias
468 1370 524 1392 seu
542 1359 655 1393 filiales
682 1361 835 1393 ecclesias
861 1361 1019 1394 distantes

283 1412 343 1445 sub
368 1423 402 1445 se
427 1413 587 1452 habuerit,
608 1413 872 1445 reverendissimi
897 1413 1020 1446 domini

282 1464 442 1499 Ordinarii
470 1467 617 1499 locorum
642 1465 777 1508 rogandi
803 1472 909 1506 erunt,
935 1476 1016 1509 qua-

282 1523 376 1551 tenus
402 1519 601 1561 permittant,
618 1519 659 1551 ob
677 1519 798 1551 bonum
813 1519 1017 1561 disciplinae,

282 1571 476 1605 clericorum
494 1571 753 1604 cohabitationes
777 1571 819 1604 ita
841 1571 957 1605 divisas
979 1572 1018 1605 ad

281 1635 377 1658 unam
410 1624 564 1657 socialem
600 1625 804 1663 contrahere,
843 1624 1018 1657 dummodo

281 1687 341 1720 per
366 1677 607 1715 excussionem,
633 1677 711 1709 citra
737 1678 920 1719 neglectum
952 1677 1019 1709 ani-

281 1740 414 1770 marum,
442 1730 629 1764 humanitus
661 1729 826 1772 praedicta
850 1731 920 1762 loca
945 1740 1019 1772 pro-

280 1783 379 1816 videri
406 1783 543 1826 possint,
571 1782 603 1814 in
628 1793 692 1825 quo
713 1792 749 1815 ex
776 1782 895 1815 iudicio
920 1793 1015 1815 reve-

280 1837 553 1869 rendissimorum
590 1836 799 1869 dominorum
833 1835 1018 1869 Ordinario-

280 1900 350 1922 rum
378 1889 606 1922 determinatio
632 1889 710 1929 fiet3
734 1889 837 1922 dictae
862 1889 1017 1922 ecclesiae

279 1942 395 1976 sillales
416 1944 466 1976 vel
491 1943 667 1986 parochiae
689 1955 706 1976 a
724 1953 757 1976 se
776 1943 912 1975 invicem
931 1944 1016 1975 ultra

281 1995 395 2029 horam
416 2006 482 2029 non
509 1996 640 2029 distent.

323 2059 386 2082 xm.
420 2049 567 2082 Ceterum
601 2049 635 2082 hi
671 2050 855 2084 sacerdotes
881 2054 945 2082 tam
971 2050 1017 2082 di-

278 2102 352 2135 vina
388 2103 492 2135 officia
528 2113 624 2146 quam
661 2103 838 2136 conciones
870 2108 902 2135 et
933 2108 1017 2135 cate-

280 2156 423 2189 chismos
450 2156 625 2199 diligenter
657 2156 690 2189 in
719 2156 859 2189 ecclesia
882 2155 1017 2199 propria

280 2214 449 2252 peragant,
471 2220 537 2242 non
563 2220 656 2242 secus
680 2220 715 2242 ac
742 2210 767 2242 si
791 2209 823 2242 in
848 2210 921 2242 loco
939 2208 1016 2241 resi-

281 2261 417 2294 derent:
444 2262 661 2305 parochianos
688 2263 728 2296 de
754 2261 958 2306 baptizandis
985 2266 1014 2293 et

281 2314 320 2347 de
346 2315 554 2357 providendis
581 2317 721 2357 aegrotis
745 2316 881 2359 provide
908 2314 1016 2347 admo-

280 2372 386 2406 neant,
407 2373 439 2399 et
464 2369 565 2400 semel
591 2369 718 2407 saltem,
736 2374 867 2411 praeter
885 2368 963 2400 festa
987 2372 1015 2398 et

281 2419 468 2458 domimus
485 2420 515 2452 in
537 2421 720 2463 septimana
737 2421 876 2465 quisque
902 2421 940 2454 ad
966 2431 1016 2453 ec-

280 2472 409 2505 clesiam
435 2483 522 2505 suam
549 2479 638 2506 certo
657 2474 708 2507 ‹lie
733 2475 772 2507 ad
790 2484 915 2507 sacrum
931 2475 1016 2506 cele-

277 2525 436 2562 brandum
462 2531 566 2565 exeat,
589 2532 623 2559 ut
647 2527 835 2570 parochiani
868 2527 899 2560 id
924 2537 1015 2571 prae-

880 145 1062 171 BULLARIUM
1084 145 1236 172 ROMANUM

1076 192 1212 225 scientes
1250 192 1317 225 suis
1342 197 1372 225 et
1396 202 1527 229 suorum
1560 193 1810 230 necessitatibus

1075 244 1296 288 spiritualibus
1311 245 1403 278 facile
1418 247 1590 279 consulere
1609 246 1748 289 possint,
1769 247 1811 281 ad

1074 302 1349 330 sacramentorum
1384 297 1700 331 administrationem
1736 308 1805 334 evo-

1074 350 1153 383 cati:
1172 350 1204 382 in
1221 350 1308 383 omni
1333 360 1408 384 casu
1433 350 1502 384 sine
1526 352 1617 384 mora
1640 358 1808 396 promptos

1073 412 1106 436 se
1132 403 1319 436 exhibeant.

1115 466 1191 490 xtu.
1218 456 1298 490 Casu
1323 467 1387 500 quo
1412 461 1500 491 tanta
1528 457 1736 492 ecclesiarum
1760 459 1809 493 di-

1072 510 1189 543 stantia
1213 509 1316 550 soret,
1343 520 1423 553 quae
1447 510 1587 554 positam
1621 521 1808 546 mensuram

1070 563 1260 596 notabiliter
1279 564 1428 604 excedat,
1455 569 1553 607 atque
1577 563 1618 597 ob
1643 564 1817 607 desectum.

1070 617 1255 651 reddituum
1287 617 1351 650 duo
1383 617 1530 650 habitare
1554 623 1726 660 nequeant,
1751 617 1805 662 qui

1071 674 1144 703 tunc
1164 669 1306 703 solitarie
1332 670 1545 713 exponendus
1566 670 1638 710 erit,
1663 670 1706 703 sit
1730 670 1818 712 soli-1

1069 724 1187 757 tudinis
1223 733 1332 756 amans
1363 728 1394 756 et
1428 722 1640 766 provectioris
1671 723 1822 764 aetatis,²

1068 776 1203 820 eiusque
1224 776 1407 809 constantia
1424 776 1457 808 in
1474 776 1620 809 castitate
1637 780 1670 808 et
1685 774 1815 810 sobrie·'

1068 834 1130 861 tate
1152 828 1255 872 probe
1281 833 1454 871 perspecta
1470 828 1652 869 haheatur;
1671 828 1806 872 insuper

1067 881 1205 924 singulis
1230 881 1419 924 septimanis
1445 881 1484 914 ad
1509 881 1641 915 domum
1670 881 1803 915 decana·

1066 936 1128 968 lem
1154 935 1203 967 vel
1224 934 1413 977 parochiam
1439 933 1579 977 aliquam
1600 934 1640 967 ad
1657 934 1803 967 sacerdo-

1067 992 1113 1020 tes
1146 986 1242 1019 huius
1270 985 1408 1018 instituti
1438 996 1497 1029 pro
1528 986 1673 1020 facienda
1698 996 1803 1020 sacra-

1064 1039 1196 1072 mentali
1221 1039 1426 1072 contessione
1451 1038 1568 1079 veniat,
1586 1038 1615 1072 ei
1640 1039 1800 1082 superiori

1065 1093 1103 1125 de
1120 1092 1202 1125 vitae
1221 1102 1298 1125 suae
1315 1096 1398 1124 statu
1417 1091 1619 1134 frequentius
1642 1092 1802 1126 rationem

1062 1145 1190 1185 reddat,
1207 1146 1404 1187 acceptaque
1423 1144 1583 1187 spirituali
1601 1144 1800 1178 exhortatio-

1064 1210 1104 1232 ne
1131 1204 1162 1232 et
1186 1198 1531 1237 consolationes.n0vo
1567 1207 1640 1230 cum
1675 1198 1800 1231 fervore

1064 1253 1194 1285 domum
1225 1256 1432 1291 revertatur,
1458 1250 1492 1283 in
1523 1251 1672 1283 eumdem
1703 1249 1800 1283 finem

1063 1305 1194 1348 saepius
1219 1304 1315 1338 etiam
1339 1304 1411 1337 talis
1429 1314 1447 1336 a
1464 1303 1635 1347 superiore
1653 1303 1801 1336 decanali

1063 1360 1113 1391 vel
1131 1358 1275 1401 parocho
1293 1358 1431 1400 quodam
1449 1356 1607 1396 visitetur,
1625 1366 1685 1399 pro
1700 1356 1799 1389 admi-

1062 1412 1231 1445 nistranda
1247 1411 1351 1444 culina
1369 1415 1400 1443 et
1416 1410 1537 1444 familia
1560 1410 1715 1442 famulum
1741 1409 1798 1442 ha-

1063 1466 1145 1504 beat,
1173 1464 1429 1506 observeturque
1462 1462 1550 1505 quod
1575 1462 1659 1494 infra
1683 1461 1723 1494 de
1748 1471 1790 1493 se-

1062 1517 1230 1560 paratione
1255 1516 1427 1549 mulierum
1453 1520 1607 1547 statutum
1629 1514 1779 1546 habetur.

1104 1580 1195 1603 xmu.
1222 1569 1256 1602 ln
1287 1567 1401 1612 primis
1435 1577 1548 1600 omnes
1582 1566 1734 1599 studeant
1762 1577 1795 1600 se
1815 1572 1989 1622 eggfflrrrmffln

1856 1601 1980 1624 abitamium

1064 1624 1143 1655 tales
1168 1622 1200 1654 in
1226 1621 1471 1656 conversatione
1496 1630 1572 1654 suae
1595 1619 1680 1652 vitae
1704 1619 1990 1676 exhi-ggsspacfflg-ob-

1061 1676 1150 1715 here,
1168 1680 1202 1707 ut
1219 1675 1285 1707 suis
1301 1673 1468 1707 affectibus
1493 1684 1530 1706 ex
1554 1673 1681 1706 sincero
1698 1672 1813 1711 corde,

1062 1728 1105 1760 sic
1136 1727 1356 1766 dominentur,
1389 1731 1550 1769 quatenus
1587 1725 1686 1757 cuivis
1721 1734 1795 1757 cum

1060 1781 1158 1813 animi
1180 1780 1377 1813 iucunditate
1398 1779 1587 1812 cohabitare
1604 1777 1723 1819 sciant;
1742 1778 1796 1811 sir-

1061 1835 1157 1867 miter
1182 1833 1278 1866 etiam
1314 1832 1374 1865 sibi
1409 1832 1626 1875 persuadeant
1649 1831 1682 1864 in
1707 1830 1795 1864 omni

1062 1888 1197 1927 familia,
1215 1886 1418 1930 quantumvis
1442 1885 1526 1918 bene
1551 1884 1717 1924 ordinata,
1737 1884 1795 1917 im-

1060 1940 1276 1983 perfectiones
1296 1949 1332 1972 ac
1357 1938 1616 1971 inordinationes
1641 1938 1792 1981 quando-

1060 2003 1121 2036 que
1148 1992 1362 2034 conssngere,
1390 1991 1467 2023 hinc
1491 1990 1574 2033 apud
1600 2000 1635 2023 se
1660 1989 1795 2023 omnino

1059 2050 1207 2085 statuant,
1245 2045 1390 2077 desectus
1427 2043 1565 2076 aliorum
1601 2043 1635 2075 in
1665 2044 1740 2076 vera
1763 2046 1796 2075 et

1059 2098 1235 2131 christiana
1252 2097 1408 2140 patientia
1428 2098 1575 2136 tolerare,
1598 2106 1634 2128 ac
1654 2090 1810 2128 eiusmo·ss

1059 2152 1090 2185 di
1112 2157 1176 2184 tam
1197 2151 1229 2184 in
1256 2150 1489 2194 temporalibus
1522 2159 1619 2194 quam
1643 2148 1677 2182 in
1701 2148 1796 2192 spiri-

1059 2205 1199 2239 tualibus
1223 2209 1428 2248 supportare.

1101 2269 1184 2293 xtiv.
1211 2258 1401 2301 Superiores
1426 2257 1460 2290 in
1485 2254 1714 2290 coniunctione
1732 2255 1796 2289 cle-

1058 2312 1198 2345 ricorum
1235 2311 1386 2354 prudenti
1421 2309 1715 2352 circumspectione
1756 2318 1794 2342 ex

1060 2365 1169 2397 notitia
1196 2365 1364 2407 geniorum
1396 2369 1427 2396 et
1452 2362 1571 2396 indolis
1603 2361 1793 2401 attendant,

1058 2426 1093 2451 ut
1124 2419 1203 2451 tales
1238 2428 1367 2461 semper
1392 2416 1641 2453 combinentur,
1665 2424 1706 2448 ne
1742 2414 1794 2447 vel

1059 2477 1262 2514 contemptus
1287 2472 1337 2504 vel
1363 2470 1462 2504 nimia
1486 2467 1686 2502 familiaritas
1716 2467 1795 2500 inde

1059 2531 1223 2570 sequatur.
1244 2524 1305 2558 Pro
1323 2524 1502 2558 directione
1518 2520 1696 2556 universim
1713 2521 1805 2560 tales,

1818 146 1868 175 An.
1887 146 1918 175 C.
1934 146 2009 198 1684·
2026 174 2035 191 4
