2111 3157
165 165 218 192 An.
238 164 355 194 caeso
399 153 464 188 ⁶254

357 213 478 245 ximum
503 213 686 255 importune
704 221 744 244 ne
764 210 1014 251 interrumpent,
1036 208 1091 240 sed

358 267 523 310 patienter
559 265 709 304 audiant3
742 263 899 296 indecens
925 261 1011 294 enim
1044 266 1093 294 est

359 319 463 354 audiri
487 320 578 358 velle,
601 317 712 349 audire
737 326 812 348 vero
836 314 965 347 nonnisi
992 315 1093 357 impa-

358 372 488 404 tienter.

401 435 484 457 xmv.
511 422 637 455 Nemini
663 421 847 460 detrahant,
874 421 1010 453 aliorum
1047 420 1094 453 di-

359 482 409 509 cta
442 481 473 507 et
508 476 589 507 sacta
620 475 652 506 in
685 473 798 506 melius
823 473 1090 515 interpretentur.

359 528 494 561 Sinistre
527 538 602 560 vero
627 527 706 559 alios
738 526 880 558 iudicare
914 530 946 558 et
977 525 1092 558 amaris

358 580 464 612 verbis
499 579 746 622 praestringere,
773 578 903 611 oderint
927 588 1004 610 cane
1038 588 1093 620 pe-

358 632 406 664 ius
432 637 464 664 et
487 642 602 673 angue.

402 694 472 716 XLV.
500 684 559 716 tbi
585 684 662 722 duo,
689 688 755 715 tres
771 683 821 715 vel
846 684 956 725 plures
975 682 1093 715 fuerint

358 737 462 775 simul,
488 741 621 769 caveant
645 746 685 768 ne
710 736 854 768 desectus
873 735 958 767 tertii
985 734 1093 778 (quis-

359 790 432 832 quis
473 789 527 822 ille
554 789 660 826 suerit,
684 787 890 827 domesticus,
916 789 965 820 vel
991 794 1092 820 extra-

358 853 450 883 neus,
471 842 618 885 superior
637 844 684 874 vel
703 841 868 884 aequalis)
894 840 1092 883 imprudenti

358 906 414 928 ore
447 895 642 937 suggillent:
675 894 761 937 quod
797 894 882 926 enim
923 894 983 926 sibi
1020 894 1091 936 quis

358 947 426 979 sieri
452 958 516 979 non
552 948 640 986 vult,
674 957 811 989 aequum
845 952 891 979 est
922 956 962 978 ne
999 946 1093 978 saciat

359 999 464 1031 alteri,

191 1063 281 1084 ,morum
299 1069 348 1092 1³⁹0?
402 1061 483 1084 nri.
505 1052 647 1083 Alterius
666 1052 749 1083 dicta
770 1052 818 1084 vel
838 1052 926 1090 sacta,
949 1061 1005 1083 seu
1026 1061 1093 1093 gra-

165 1093 348 1136 ἷῗζῗιιιηςυρῖἳῗζῖ
360 1104 460 1143 viora,
488 1115 543 1136 seu
569 1105 690 1137 leviora
707 1104 888 1143 videantur,
909 1104 1006 1136 tertio
1027 1113 1093 1135 non

180 1143 240 1166 mm
361 1159 512 1197 revelent,
539 1158 595 1189 sed
621 1158 659 1189 ad
686 1157 901 1200 superiorem,
936 1157 960 1188 si
986 1166 1093 1188 corre-

360 1210 465 1243 ctione
492 1210 700 1252 indiguerint,
738 1221 809 1243 cum
843 1210 951 1242 debita
986 1210 1095 1242 mode-

360 1263 419 1294 stia
457 1268 486 1294 et
523 1262 816 1294 commiserationis
857 1261 971 1305 affectu
1007 1261 1094 1293 dese-

202 437 230 457 De
253 436 348 456 omnibus

166 464 218 484 bene
233 465 331 484 sentiant.

187 698 292 718 Neminem
302 701 347 716 car-

166 727 222 749 pant..

359 1321 443 1347 rant.

192 1377 221 1397 Ab
243 1377 289 1398 attis
312 1383 348 1397 au·
402 1378 498 1401 xtvlt.
526 1369 573 1400 Ab
598 1368 669 1400 aliis
707 1368 814 1401 audita
850 1368 880 1399 in
918 1378 952 1400 se
989 1367 1095 1399 sinant

165 1405 249 1451 2¹:2⁰²
272 1410 474 1460 propaemori,
501 1432 582 1463 quae
601 1432 672 1453 cum
691 1421 797 1453 debita
813 1420 961 1459 utilitate,
983 1431 1094 1452 neces—

359 1473 450 1506 sitate
475 1479 527 1506 aut
555 1474 723 1506 honestate
742 1483 807 1506 non
832 1473 997 1516 propalari
1027 1484 1094 1515 pos-

360 1527 435 1566 sint,
463 1527 547 1569 quod
574 1526 630 1558 fiet
654 1526 678 1559 si
704 1526 889 1569 superiores
915 1525 1093 1558 abolendae

359 1580 548 1621 garrulitati,
575 1580 802 1612 adolescentes
833 1589 910 1611 vero
935 1578 1093 1611 servando

360 1632 490 1664 silentio
516 1633 666 1665 dederint
689 1643 832 1675 operam.

403 1695 512 1718 XLVttt.
540 1685 570 1717 Si
597 1686 668 1728 quis
686 1686 871 1729 proximum
898 1688 946 1719 vel
966 1687 1093 1719 fratrem

361 1749 453 1771 suum
491 1740 529 1772 de
566 1740 660 1772 tertio
697 1741 779 1772 male
816 1740 904 1782 loqui
941 1740 1092 1779 audierit,

361 1792 423 1825 hoc
449 1792 543 1825 tertio
570 1803 632 1824 non
659 1793 886 1831 manifestabit,
914 1795 1013 1826 multo
1038 1793 1096 1825 mi-

360 1856 430 1885 nus,
455 1856 537 1888 quae
564 1845 677 1877 tertius
703 1846 758 1878 ille
784 1846 822 1877 de
850 1846 962 1878 eodem
987 1845 1095 1888 proxi-

360 1909 412 1930 mo
438 1899 566 1939 dixeiit,
586 1899 671 1931 velut
695 1910 838 1939 susuiro,
861 1898 995 1939 ell'utiet;
1015 1900 1095 1931 haee

361 1951 456 1991 enim,
482 1951 556 1994 quia
582 1952 776 1984 discordiam
802 1953 971 1991 seminant,
998 1952 1093 1984 etiam

223 1693 349 1713 Praesertim

167 1720 339 1741 obtrectationes,

943 158 1125 184 anLMutntt
1148 157 1299 183 ROMANUM

1875 159 1927 188 An,
1947 158 1967 188 C
1996 159 2064 189 {690

1135 206 1167 239 in
1193 207 1329 249 gratiam
1362 207 1505 247 redeant,
1520 212 1551 241 et
1576 207 1629 251 qui
1655 208 1762 242 illatae
1787 209 1902 243 iniu-in
1924 223 2014 248 gutiam
2032 229 2064 245 ro-

1136 259 1201 292 riae
1228 271 1302 293 reus
1335 260 1442 301 suerit,
1477 261 1621 294 iniuncta
1655 249 1954 305 poenitentia,‘¹⁰³'¹²·

1136 313 1242 345 laesae
1267 313 1350 356 parti
1383 314 1551 347 humiliter
1584 315 1788 358 deprecando
1824 326 1872 349 sa-

1136 364 1283 398 tissaciat.

1179 427 1220 450 Lt.
1248 417 1383 451 iniurias
1410 424 1515 452 tamen
1541 419 1580 451 ab
1613 419 1684 452 aliis
1714 419 1775 452 sibi
1803 420 1873 453 itta·
1921 432 2065 454 Laestvtndt-

1137 475 1183 503 tas
1208 471 1297 503 nullo
1323 471 1417 504 modo
1442 471 1606 504 vindicare
1631 472 1742 509 velint,
1770 461 1938 506 scien-{²23²
1960 465 2002 479 '¹⁰¹¹
2030 465 2065 485 ΡΨ

1136 528 1182 555 tes
1209 523 1238 555 in
1265 524 1419 566 patientia
1444 524 1612 566 possidere
1639 524 1761 557 animas
1785 535 1870 565 suas,

1136 577 1270 609 maxime.
1299 577 1323 609 si
1351 582 1472 609 tantum
1498 577 1530 609 in
1563 577 1727 620 propriam
1760 588 1873 620 perso-

1136 638 1207 660 nam
1232 629 1300 661 sine
1328 630 1391 661 alio
1411 636 1607 662 nocumento
1628 630 1810 663 redundare
1829 630 1873 662 vi-

1136 681 1184 712 dc
1179 686 1285 714 intui

1179 744 1234 766 111
1263 734 1292 766 Si
1321 735 1450 776 quando
1476 735 1642 778 proximus
1667 735 1699 767 in
1724 735 1872 777 flagranti
1921 747 2022 769 furente
2038 748 2066 770 re-

1136 798 1166 829 p
1169 788 1287 819 issione
1303 787 1493 825 esservescit
1513 788 1567 830 qui
1586 788 1664 820 sibi·
1682 762 2066 831 piaesentes{iiiiipiinl'.osma

1136 846 1220 879 sunt,
1248 840 1372 879 cedant,
1410 841 1496 873 iliius
1521 841 1588 873 irae
1613 841 1721 873 dando
1756 841 1871 882 locum,

1136 903 1176 925 ne
1203 892 1349 925 similiter
1383 893 1614 925 accendantur.
1653 893 1732 926 Hinc
1765 904 1873 937 neque

1137 946 1314 988 corripiant
1351 956 1545 988 quemquam
1569 946 1602 978 in
1627 946 1750 980 fervore
1775 946 1873 979 animi

1137 999 1358 1038 constitutum,
1386 999 1442 1031 sed
1468 1004 1596 1042 tempus
1622 1010 1802 1042 congruum
1820 1011 1874 1033 ex-

1137 1056 1277 1093 pectem,
1294 1051 1396 1083 donec
1421 1051 1519 1083 ardor
1543 1052 1683 1092 sedetur,
1706 1058 1738 1085 et
1762 1053 1873 1085 sedata

1137 1104 1290 1145 passione
1312 1103 1522 1136 correctionis
1543 1105 1584 1136 sit
1603 1115 1715 1147 capax.

1181 1165 1250 1188 Lttt.
1278 1155 1378 1188 Nemo
1404 1157 1495 1190 alteri
1528 1157 1700 1200 quicquam
1733 1157 1868 1199 furetur,
1907 1168 2063 1191 Nonturoutur.

1137 1215 1190 1241 aut
1226 1220 1261 1241 ex
1288 1210 1466 1252 petulantia
1501 1209 1694 1249 abscondat3
1731 1210 1870 1252 proinde

1137 1264 1222 1296 serio
1249 1264 1289 1296 sit
1320 1264 1470 1296 omnibus
1494 1264 1700 1297 interdictum
1733 1264 1870 1297 aliorum

1138 1327 1264 1349 musaea
1289 1317 1470 1359 pervagari,
1490 1322 1544 1349 aut
1563 1317 1692 1360 pluteos
1717 1319 1867 1350 lustrare.

1180 1380 1242 1402 Ltv.
1270 1369 1418 1402 Omnium
1444 1380 1551 1402 rerum
1577 1370 1766 1403 munditiam
1798 1370 1870 1403 dili·
1939 1379 2062 1401 nundinam

1138 1429 1259 1463 gentes,
1286 1433 1348 1455 non
1375 1429 1498 1455 tantum
1532 1423 1564 1455 in
1592 1434 1723 1456 musaeo
1756 1423 1869 1464 libros,
1881 1406 1958 1427 ⁰⁰¹³m'

1138 1476 1278 1514 chartas,
1317 1475 1443 1518 aliaque
1484 1475 1635 1508 studiosis
1676 1476 1867 1517 necessaria,

1139 1534 1210 1571 post
1235 1528 1379 1570 singulos
1404 1540 1478 1561 usus
1503 1529 1535 1560 in
1567 1529 1714 1562 ordinem
1741 1539 1872 1572 compo-

1139 1587 1234 1620 naut;
1272 1591 1383 1613 verum
1409 1581 1505 1614 etiam
1535 1582 1568 1614 in
1593 1582 1741 1615 cubiculo
1776 1582 1872 1615 vesti-

1137 1639 1243 1666 menta
1270 1645 1494 1677 quaecumque
1519 1634 1604 1667 inter
1628 1635 1742 1668 sordes
1763 1635 1870 1678 perire

1138 1692 1168 1718 et
1193 1686 1262 1719 aliis
1289 1697 1442 1719 nauseam
1468 1698 1578 1720 creare
1604 1698 1670 1720 non
1695 1688 1813 1722 sinent.

1182 1750 1230 1772 ιν.
1258 1739 1436 1781 Longiores
1455 1740 1561 1773 crines
1589 1746 1643 1772 aut
1660 1751 1785 1773 comam
1806 1751 1871 1773 non
1881 1747 2000 1795 nufflffm
2023 1752 2063 1769 nou

1138 1792 1304 1831 nutriant,
1332 1793 1405 1831 sed,
1431 1793 1613 1836 proscrIpta
1645 1793 1798 1826 indecora
1823 1804 1872 1826 ca·

1138 1845 1289 1887 pillorum
1309 1845 1531 1887 longitudine,
1552 1846 1730 1878 modestam
1748 1846 1872 1879 medio-

1115 1905 1118 1943 ἶ
1139 1898 1283 1930 etitaletn
1309 1909 1344 1930 ex
1364 1899 1564 1941 praescripto
1585 1899 1788 1932 uniformiter
1805 1910 1872 1932 om-

1115 1948 1118 1984 Ῡ
1139 1962 1194 1983 nes
1220 1956 1358 1989 seri-,ent
1384 1956 1419 1982 ut
1443 1956 1538 1994 caput
1562 1952 1699 1984 honeste
1734 1957 1870 1994 tegatur,

361 2003 392 2035 in
419 2005 515 2036 rebus
541 2005 664 2037 levibus
697 2006 918 2038 adolescentes
948 2006 1022 2038 odio
1047 2016 1096 2038 ca·
1116 2005 1203 2041 ‚nou
1230 2004 1397 2036 obrui-itui.

361 2057 450 2099 pitali
477 2058 629 2100 ptosequi
654 2059 873 2091 meminerint

204 2114 351 2134 contentiones

168 2146 209 2161 nou
221 2143 299 2160 ament.

362 2226 427 2247 non
452 2222 615 2259 provocet,
642 2218 744 2250 multo
768 2217 875 2249 minus
901 2217 1095 2249 discordiam

362 2268 447 2300 inter
471 2270 585 2302 fratres
609 2270 782 2311 seminare,
817 2276 870 2302 aut
894 2281 965 2302 cum
996 2271 1096 2302 altero

362 2320 467 2352 verbis
505 2322 687 2365 pugnisque
717 2323 915 2355 contendere
948 2328 1094 2362 attentet,

363 2383 444 2414 quae
463 2373 580 2412 omnia,
603 2374 682 2406 sieut
704 2385 719 2407 e
738 2375 894 2407 diametro
915 2375 1010 2407 honis
1029 2385 1097 2406 mo-

364 2425 452 2457 ribus
478 2433 670 2469 repugnant,
699 2428 741 2459 ita
766 2428 797 2459 in
824 2428 919 2460 domo
950 2427 1097 2460 iuventu-

365 2478 404 2510 tis
429 2489 630 2521 nequaquam
658 2480 893 2512 tolerabuntur.

194 2534 355 2560 &montanica
410 2540 438 2563 L.
465 2530 553 2569 Quod
573 2531 597 2563 si
616 2542 696 2563 unus
714 2534 849 2565 alterum

872 2532 1011 2573 laeserit,
1033 2532 1096 2565 cito
1119 2564 1121 2571 ,

1935 2063 2027 2083 Seni-sim
2042 2065 2064 2083 et

1882 2090 1997 2115 comp-isne
2016 2090 2064 2110 dor-

1184 2067 1243 2089 ιη.
1270 2056 1308 2089 Se
1315 2056 1409 2088 <usim
1436 2056 1599 2089 dormiant
1623 2068 1747 2098 omnes,
1768 2062 1870 2090 totum

405 2120 486 2142 xttx.
507 2109 591 2142 Unus
606 2111 752 2151 altemm,
768 2111 922 2149 vexando,
939 2110 1095 2143 irritando
1117 2119 1119 2137 t
1139 2120 1257 2152 colpus
1282 2120 1354 2141 cum
1381 2109 1528 2142 omuibus
1560 2109 1714 2142 membiis
1753 2110 1792 2142 ad
1818 2110 1921 2143 de-un..
1925 2118 1954 2137 nt·

361 2163 409 2194 vel
435 2163 579 2196 desectus
604 2165 828 2207 exprobando,
856 2165 893 2197 ad
919 2164 998 2196 iram
1030 2145 1119 2196 nonl

1139 2163 1237 2194 bitum
1274 2162 1477 2195 honestatem
1510 2172 1723 2205 componere,
1762 2162 1871 2205 sicque

1139 2215 1352 2258 compositum
1392 2215 1423 2247 in
1461 2215 1618 2258 obsequio
1655 2226 1785 2248 servare
1822 2225 1872 2248 as-

1139 2274 1301 2300 suescant.

1337 2320 1375 2350 De
1389 2321 1486 2350 studiis
1505 2321 1672 2350 litterarum.

1183 2384 1256 2406 Lvtt.
1284 2373 1409 2406 Gratiae
1435 2375 1489 2407 Dei
1521 2379 1552 2406 et
1576 2379 1710 2406 naturae
1745 2373 1870 2406 talentis

1139 2426 1273 2459 viriliter
1298 2432 1523 2470 cooperentur,

1921 2378 1970 2399 Cum
1986 2377 2064 2399 virtuli·

1882 2405 1919 2425 bus
1965 2405 2062 2425 seientia:

1559 2426 1775 2469 virtutumque
1808 2431 2015 2459 stu-coniungant.

1178 2542 1186 2566 l
1211 2540 1310 2567 Forsan
1334 2540 1373 2567 itui
1392 2542 1430 2575 (n.
1452 2540 1500 2575 T.).
