2111 3157
142 207 190 233 An.
211 207 240 234 c.
264 204 330 233 1084
375 196 440 231 556

164 1960 193 1978 υτ·
205 1956 333 1977 revelatione

150 1984 240 2004 huminis
264 1986 334 2030 nerig-

151 2016 294 2035 νι»κιιμεῑιοι·ι
329 2020 334 2024 ·

152 2038 235 2058 cienda.

336 265 425 288 mum
459 253 669 292 Pontificem,
705 251 761 294 qui
797 258 946 293 semper,
981 248 1078 282 etiam

337 307 458 341 omisso
482 306 604 345 medio,
631 305 711 338 adiri
735 308 855 348 potest.

380 369 490 394 Lxxxv.
518 358 610 397 Quod
634 358 659 390 si
685 358 728 391 ob
755 364 997 400 quamcumque
1022 353 1078 387 dis·

336 413 524 451 ficultatem,
543 421 561 443 a
578 409 803 453 superioribus
824 408 919 441 huius
937 406 1077 441 instituti

337 476 397 509 per
421 464 578 508 privatam
603 468 635 496 et
658 462 903 496 oeconomicam
928 460 1078 493 directio-

336 528 432 557 nem,
458 522 584 550 servato
609 516 780 559 praedicto
814 515 854 547 ad
891 513 1077 557 superiores

337 580 498 613 regressu,
525 579 591 602 non
617 573 809 607 correctam,
830 567 870 604 ad
896 566 1000 600 sorum
1020 576 1078 609 pu-

336 623 457 656 blicum
481 623 515 655 in
539 622 637 655 rebus
656 622 718 654 boc
734 621 918 654 institutum
943 629 1077 653 concer-

337 676 489 708 nentibus
527 685 546 707 a
588 679 719 717 gravato
756 673 934 707 deserenda
969 672 1076 711 (bret,

338 728 461 761 decisio
480 728 552 761 talis
573 727 772 762 difficultatis
800 727 887 759 iuxta
904 725 999 759 huius
1016 726 1078 757 cle-

337 781 446 814 ricalis
472 781 613 814 instituti
630 779 884 814 constitutiones
903 789 920 812 a
937 778 967 812 S.
993 778 1077 814 Sede

337 835 528 879 Apostolica
552 833 748 877 approbatas
785 837 818 866 et
849 841 959 866 sacros
982 840 1078 864 cano-

337 898 396 921 nes
419 888 588 931 regulctur
611 888 652 920 ab
669 897 708 920 eo
733 884 1002 920 reverendissimo
1019 884 1078 919 do-

338 943 427 976 mino
452 942 624 977 Ordinario
649 942 682 976 in
707 942 796 974 cuius
821 939 964 974 dioecesi
989 938 1076 972 eius-

338 995 428 1029 modi
447 996 619 1029 difficultas
641 993 795 1028 occurrit.

384 1060 509 1084 Lxxxvl.
539 1049 726 1083 Praedictus
743 1056 910 1091 regressus
934 1047 968 1080 in
992 1047 1077 1085 vera,

339 1103 424 1137 bene
449 1103 663 1142 considerata,
682 1107 714 1135 et
731 1100 918 1134 rationabili
934 1098 1077 1133 necessi-

340 1162 425 1197 tate,
459 1165 542 1199 quae
567 1156 617 1188 vel
642 1163 836 1198 personam,
861 1153 914 1186 vel
939 1161 1078 1185 oecono-

340 1209 447 1248 miam,
475 1209 525 1241 vel
550 1212 666 1240 statum
692 1210 877 1244 concernat,
894 1205 938 1239 ita
962 1204 1024 1244 fiat,
1043 1208 1078 1235 ut

340 1261 471 1294 interim
502 1261 541 1293 de
577 1259 714 1303 pristino
749 1269 786 1291 ac
816 1258 927 1291 debito
959 1257 1077 1290 amoris

341 1313 472 1353 affeetu,
507 1319 561 1346 aut
591 1313 629 1345 de
663 1310 876 1344 subiectionis
911 1311 1076 1343 voluntate

341 1376 378 1398 ac
402 1365 660 1409 promptitudine
679 1364 760 1397 nihil
776 1364 991 1402 remittentes,
1010 1373 1078 1395 om-

340 1419 395 1452 nia
419 1429 523 1461 aequo
549 1418 673 1457 auimo,
700 1416 818 1449 sedatis
845 1425 982 1459 prorsus
1006 1425 1078 1458 pas-

341 1472 506 1510 sionibus,
531 1482 605 1504 cum
639 1470 749 1503 debita
773 1469 976 1508 humilitate,
1003 1478 1078 1502 suae

341 1525 520 1558 voluntatis
545 1523 779 1566 resignatione,
807 1533 843 1555 ac
872 1527 1023 1565 prompto
1048 1526 1079 1554 et

342 1577 541 1612 indifferenti
566 1577 605 1611 ad
630 1576 738 1610 omnia
769 1575 889 1615 animo,
916 1574 1078 1618 superiori

343 1632 512 1675 aperiant,
538 1636 571 1663 et
595 1629 740 1662 eiusdem
771 1628 891 1661 iudicio
918 1633 1078 1670 tamquam

342 1684 400 1718 filii
419 1683 628 1717 obedIentiae
646 1681 862 1724 acquiescant.
881 1680 1009 1714 Modum
1027 1680 1081 1716 de-

343 1738 441 1781 nique
477 1747 552 1769 eum
587 1736 621 1769 in
656 1735 822 1779 praedicto
859 1743 1010 1776 regressu
1041 1733 1080 1765 ad

343 1791 549 1835 superiorem
586 1789 782 1827 observent,
817 1792 850 1820 ut
885 1787 961 1820 inde
994 1786 1082 1819 nulla

343 1844 552 1878 incommoda
580 1848 636 1876 aut
662 1841 854 1885 disciplinae
884 1839 1081 1875 domesticae

345 1897 541 1931 detrimenta
561 1895 717 1938 consequi
735 1896 873 1938 possint.

389 1961 523 1985 Lxxxvu.
551 1949 689 1982 Medium
724 1948 757 1980 in
791 1947 905 1990 primis
935 1955 1083 1980 necessa-

347 2004 439 2045 rium,
458 2004 497 2036 ad
518 2001 757 2036 conservandos
774 2005 876 2033 status
894 2000 1082 2043 spirituales

346 2058 380 2091 in
404 2057 514 2091 debita
549 2058 605 2089 sua
640 2054 842 2099 perfectione
879 2059 911 2086 et
945 2053 1083 2097 perenni

346 2112 513 2150 felicitate,
539 2116 588 2143 est
618 2109 773 2142 revelatio
797 2107 938 2142 hominis
962 2107 1011 2140 sui
1035 2107 1084 2139 in·

346 2164 486 2205 terioris,
506 2163 596 2197 cuius
620 2162 781 2197 beneficio
802 2161 916 2194 notitia
941 2161 1085 2204 acquira-

346 2224 409 2258 tur,
433 2227 496 2261 qua
519 2227 578 2261 pro
605 2216 659 2250 riis
684 2215 904 2259 quarumlibet
935 2214 1084 2248 tentatio-

347 2281 425 2305 num
444 2276 475 2303 et
492 2228 792 2313 supplantationum
814 2267 935 2301 diaboli
954 2266 1084 2310 (quibus

348 2323 451 2366 ipsam
475 2328 576 2355 status
607 2321 822 2355 substantiam
853 2326 885 2353 et
909 2319 1084 2363 genuinum

347 2376 527 2409 vocationis
544 2376 692 2419 spiritum
710 2374 865 2418 paulatim
890 2373 923 2406 in
948 2373 1084 2415 singulis

349 2428 505 2462 membris
524 2428 713 2471 infringere,
735 2437 890 2461 enervare
908 2432 939 2459 et
955 2435 1086 2469 pessun-

351 2482 427 2515 dare
453 2483 602 2523 conatur)
629 2481 799 2524 principiis
831 2485 954 2513 mature
980 2478 1088 2511 obvie-

351 2541 404 2568 tur
428 2546 464 2568 ac
487 2534 664 2573 resistatur,
695 2533 898 2576 insidiaeque
923 2532 1033 2565 mundi
1052 2541 1088 2563 ac

352 2588 458 2623 carnis
489 2593 613 2621 mature
639 2586 861 2629 deprehensae
894 2586 1089 2627 detegantur

916 198 1097 226 nouarum!
1120 195 1272 224 nomm!

1120 256 1156 279 ac
1173 245 1389 285 declinentur,
1407 248 1463 278 aut
1481 243 1610 278 suturae
1630 242 1855 279 imminentes-

1119 309 1183 343 que
1203 304 1466 343 praecaveantur.

1162 360 1311 386 Lxxxvm.
1331 351 1471 385 Proinde
1491 351 1627 395 singulis
1650 350 1743 385 annis
1759 360 1856 384 unus-

1120 405 1260 448 quisque
1292 405 1415 445 semel,
1449 410 1595 447 tempore
1628 404 1856 438 exercitiorum

1119 457 1353 501 spiritualium,
1378 457 1463 500 patri
1488 467 1546 491 suo
1565 457 1726 500 spirituali
1752 462 1857 491 totum

1120 511 1286 545 hominem
1305 521 1397 545 suum
1421 510 1624 554 spiritualem
1643 516 1675 543 et
1694 510 1857 543 internum

1118 563 1207 598 fideli
1232 564 1418 599 sinceritate
1442 564 1572 603 revelet,
1592 568 1636 603 et,
1659 563 1794 598 detectis
1819 565 1858 597 ea
1911 589 1913 591 .

1118 618 1245 651 ratione
1270 617 1449 653 diabolicae
1482 617 1755 660 supplantationis
1780 616 1858 650 insi-

1119 671 1192 711 diis,
1204 676 1237 703 et
1249 670 1445 703 salutaribus
1462 670 1608 704 eiusdem
1624 669 1769 705 consiliis
1784 678 1859 702 con-

1120 730 1168 758 tra
1192 724 1323 760 easdem
1358 724 1526 764 munitus,
1553 723 1684 757 interim
1709 723 1748 756 de
1774 732 1857 757 novo

1118 778 1172 821 pie
1196 783 1372 820 sancteque
1397 778 1503 811 vivere
1529 783 1561 810 et
1584 777 1618 809 in
1643 777 1725 809 viam
1747 775 1858 810 salutis

1119 841 1156 863 ac
1179 829 1390 873 perfectionis
1418 829 1574 873 progredi
1605 829 1750 872 incipiat.
1777 828 1859 862 Con-

1119 882 1251 916 lessario
1276 892 1406 925 quoque
1439 892 1499 915 suo
1531 881 1665 925 proprio
1691 891 1785 915 suum
1809 881 1858 913 in-

1120 941 1247 968 ternum
1271 935 1440 969 hominem
1457 940 1523 968 tam
1540 935 1580 968 ad
1600 934 1687 969 bona
1703 944 1800 977 quam
1818 934 1857 967 ad

1119 989 1203 1023 mala
1219 988 1380 1031 aperiant,
1399 987 1637 1030 instinctusque
1661 987 1728 1020 sive
1751 987 1858 1022 bonos

1119 1041 1185 1074 sive
1210 1042 1312 1074 malos
1336 1041 1495 1074 revelent.
1522 1039 1696 1074 Praeterea
1716 1049 1776 1083 per
1791 1049 1859 1074 mo-

1119 1095 1195 1129 dum
1235 1093 1402 1129 familiaris
1435 1093 1592 1136 colloquii
1628 1093 1790 1136 superiori
1824 1093 1858 1126 in

1118 1147 1268 1181 districtu
1289 1146 1436 1180 decanali
1457 1156 1571 1181 omnes
1588 1146 1707 1186 clerici,
1726 1146 1783 1189 qui
1800 1146 1859 1179 sub

1120 1201 1191 1244 ipso
1216 1202 1358 1243 degunt,
1385 1205 1535 1244 tempore
1559 1199 1756 1233 visitationis
1781 1198 1859 1233 flde-

1120 1254 1194 1287 liter
1218 1258 1349 1293 statum,
1366 1253 1399 1286 in
1417 1263 1482 1295 quo
1499 1262 1559 1295 pro
1575 1257 1734 1295 tempore,
1751 1250 1860 1295 quoad

1120 1318 1211 1341 suum
1229 1307 1396 1341 hominem
1413 1305 1772 1349 spiritualem‚suerint,
1786 1314 1861 1348 ape-

1120 1361 1220 1400 rient;
1247 1360 1339 1393 cuius
1366 1360 1462 1392 etiam
1490 1358 1714 1402 spiritualibus
1742 1357 1859 1391 mediis

1119 1420 1151 1447 et
1167 1413 1228 1457 piis
1247 1413 1389 1452 monitis,
1404 1423 1488 1455 quae
1505 1411 1765 1455 praescripserit,
1785 1409 1858 1444 dili-

1121 1472 1236 1510 genter
1260 1466 1480 1509 acquiescent.

1165 1528 1288 1554 Lxxxrx.
1315 1520 1405 1553 Idem
1426 1518 1649 1556 observabunt
1669 1517 1860 1561 superiores

1121 1573 1327 1608 decanalium
1344 1572 1547 1606 districtuum
1571 1576 1723 1615 respectu
1742 1570 1862 1615 praesi-

1122 1628 1170 1663 dis
1195 1626 1381 1660 dioecesani
1407 1626 1467 1658 sub
1484 1625 1671 1658 visitatione
1696 1626 1805 1658 annua
1829 1634 1861 1657 e·
1900 1642 1905 1649 ·

1123 1681 1258 1721 iusdem,
1283 1679 1460 1723 aperiendo
1486 1679 1602 1712 eodem
1623 1677 1721 1711 modo
1745 1683 1863 1710 statum

1124 1734 1266 1768 hominis
1282 1733 1330 1767 sui
1349 1732 1526 1776 spiritualis
1543 1731 1679 1766 candida
1693 1729 1860 1764 fidelitate.

1123 1787 1194 1820 Pari
1215 1786 1340 1820 ratione
1358 1784 1524 1829 praesides
1542 1783 1739 1823 dioecesani,
1755 1783 1862 1826 quoad

1124 1851 1195 1874 suas
1220 1848 1397 1883 personas3
1423 1837 1471 1870 uti
1502 1842 1535 1870 et
1559 1837 1626 1877 illi,
1652 1836 1707 1880 qui
1739 1836 1863 1870 eisdem

1124 1892 1330 1938 praesidibus
1355 1890 1557 1930 cohabitant,
1578 1889 1799 1923 observabunt
1814 1899 1863 1922 re-

1124 1951 1236 1990 spectu
1255 1944 1388 1980 maioris
1413 1943 1601 1987 superioris,
1623 1943 1692 1976 sive
1716 1948 1863 1986 tempore

1124 1998 1327 2037 visitationis,
1343 1997 1409 2030 sive
1427 1996 1491 2030 alio
1510 2002 1656 2039 tempore
1670 1995 1864 2029 convenien-

1125 2054 1158 2093 ti,
1184 2050 1324 2094 singulis
1349 2049 1441 2083 annis
1466 2048 1634 2082 hominem
1659 2058 1754 2081 suum
1780 2047 1862 2082 inte-

1124 2107 1244 2140 riorem
1269 2104 1339 2148 pari
1364 2103 1491 2136 ratione
1523 2102 1728 2143 revelantes·,
1755 2105 1787 2135 et
1817 2100 1864 2134 sic

1126 2170 1183 2202 per
1207 2157 1356 2191 ordinem
1388 2156 1576 2199 superiores
1610 2164 1724 2188 omnes
1749 2151 1863 2197 ‘usque

1126 2212 1163 2245 ad
1179 2220 1367 2254 supremum
1383 2209 1566 2252 praesidem
1582 2207 1615 2241 id
1632 2207 1861 2241 observabunt.

1128 2264 1271 2307 Denique
1296 2263 1434 2306 ipsemet
1468 2271 1602 2305 praeses
1634 2269 1804 2304 supremus
1828 2259 1863 2292 in

1127 2317 1242 2350 annuis
1268 2315 1428 2350 exercitiis
1455 2314 1603 2348 eamdem
1632 2311 1866 2345 revelationem

1129 2370 1271 2404 hominis
1305 2369 1354 2402 sui
1386 2367 1550 2401 interioris
1579 2366 1664 2409 patri
1690 2375 1748 2398 suo
1772 2364 1867 2408 spiri—

1130 2425 1206 2457 tuali
1224 2423 1334 2463 saciat·‚
1361 2421 1430 2466 pari
1456 2430 1589 2464 quoque
1615 2418 1741 2452 ratione
1766 2427 1867 2460 nego-

1130 2478 1216 2511 cium
1234 2477 1359 2510 animae
1381 2485 1459 2508 suae
1478 2475 1510 2507 in
1531 2472 1713 2506 humilitate
1737 2476 1769 2505 et
1792 2471 1865 2504 fide-

1130 2532 1218 2563 litate
1243 2541 1316 2563 cum
1334 2527 1532 2567 confessario
1549 2537 1605 2559 suo
1623 2524 1758 2569 proprio
1778 2522 1866 2557 omni

1132 2590 1280 2618 tenioore
1305 2583 1387 2616 vitae
1412 2591 1489 2615 suae
1515 2578 1738 2613 pertractabit.
1764 2577 1865 2611 Porro

1855 191 1906 222 An.
1927 191 1959 227 C.
1978 192 2039 219 wna
