2111 3157
5 213 59 236 An.
72 206 101 234 C.
121 205 189 234 ¹680

192 262 262 283 num
283 253 322 284 sit
342 253 449 284 inertia
470 254 586 293 otioque
607 254 811 292 languescere,
835 257 864 282 et
886 252 921 281 ab

192 301 321 340 antiquis
343 302 474 341 patribus
494 303 612 336 nostris,
632 303 681 341 qui
696 301 853 331 Ecclesiam
869 300 921 329 mi-

192 348 323 379 litantem
345 350 423 379 omni
444 350 640 380 doctrinarum
661 358 766 387 genere
787 351 816 378 et
836 347 923 377 facul-

193 399 252 427 tate
272 397 464 434 illustrarunt,
480 398 554 427 filios
570 398 756 436 degenerare,
772 400 804 426 ut
824 395 923 424 huius-

193 445 271 474 modi
297 449 393 475 notam
424 445 580 483 fugiamus,
608 446 757 483 otiumque
782 447 811 473 et
832 451 923 480 nugas

194 491 316 530 (efficax
337 492 444 522 diaboli
459 492 556 531 virus)
578 492 729 528 evitemus,
745 491 922 521 divinarum-

194 548 250 578 que
271 540 480 579 scripturarum
501 539 690 578 speculationi
712 538 857 568 efficacius
879 537 923 566 in-

193 587 313 617 tendere
334 587 489 626 possimus,
513 591 541 616 et
562 591 592 616 ut
614 585 786 616 coalescenti
809 585 838 614 in
861 584 922 614 dies

194 636 333 674 (auctore
359 635 435 673 Deo)
461 635 682 673 Congregationi
708 638 823 663 nostrae
851 633 922 662 haec

193 684 280 713 etiam
301 684 378 713 inter
397 687 492 713 cetera
514 682 651 712 scientiae
667 691 778 720 gemma
794 691 851 711 non
873 681 923 710 de-

192 731 246 767 sit,
268 731 322 760 liac
343 730 487 769 praesenti
512 729 716 759 constitutione
737 728 922 758 decernimus

193 782 224 807 ut
245 778 275 808 in
296 778 431 808 omnibus
453 778 648 814 monasteriis,
675 777 705 807 in
734 777 839 816 quibus
867 776 923 805 sal-

192 829 250 855 tem
272 826 379 856 fuerint
399 826 549 855 duodecim
572 826 718 863 monachi,
741 825 798 854 sint
825 824 922 854 lectio-

189 877 244 904 nes
274 874 376 904 saltem
404 874 563 911 theologiae
595 873 713 903 moralis
745 873 790 902 vel
821 881 920 902 sacrae

191 921 351 961 scripturae
372 926 421 951 aut
443 922 566 951 aliarum
589 922 755 951 facultatum
785 930 837 960 pro
863 929 923 950 mo-

191 970 352 999 nachorum
383 973 479 1008 captu.
508 969 540 998 In
569 969 757 1008 amplioribus
778 977 844 998 vero
862 978 922 998 mo-

190 1018 327 1047 nasteriis
347 1020 376 1047 et
396 1017 498 1048 studiis
520 1017 689 1047 formalibus
704 1017 839 1047 doceatur
862 1016 922 1056 phi-

191 1065 321 1105 losophia
335 1090 343 1104 ,
366 1066 511 1104 theologia
533 1065 704 1096 scholastica
725 1069 753 1095 et
777 1065 898 1104 positiva
911 1089 919 1103 ,

191 1117 219 1144 et
239 1114 313 1144 sacri
334 1123 470 1144 canones.

230 1171 256 1191 v.
279 1163 335 1193 Pro
356 1163 459 1192 studiis
485 1162 655 1192 formalibus
676 1162 862 1202 deputamuS,
891 1162 921 1192 in

191 1211 343 1250 provincia
363 1210 468 1246 Sicula,
492 1211 667 1240 monasteria
689 1211 718 1240 S.
736 1211 850 1240 Martini
872 1211 922 1240 Pa-

189 1259 302 1296 normi,
335 1258 364 1289 S.
393 1258 501 1288 Placidi
527 1258 688 1293 Messanae,
712 1263 740 1288 et
761 1258 790 1288 S.
814 1258 921 1287 Nicolai

190 1307 339 1343 Cataniae;
362 1306 392 1336 in
415 1306 565 1345 provincia
585 1306 782 1345 Neapolitana,
810 1315 923 1336 monas-

189 1355 262 1385 teria
283 1354 313 1384 S.
336 1354 485 1384 Benedicti
506 1353 609 1384 Montis
629 1354 754 1391 Cassini,
787 1354 815 1384 S.
838 1354 923 1384 Seve-

190 1403 248 1433 rini
270 1402 423 1442 Neapolis,
455 1406 483 1432 et
503 1402 552 1432 SS.
580 1402 730 1432 Trinitatis
756 1402 863 1438 Cavae;
892 1402 920 1431 in

191 1452 342 1492 provincia
362 1452 504 1489 Romana,
528 1451 702 1481 monasteria
724 1451 753 1481 S.
772 1451 849 1480 Petri
871 1451 923 1480 Pe—

190 1500 274 1538 rusii,
302 1501 333 1530 S.
355 1499 456 1530 Vitalis
482 1500 648 1536 Ravennae,
680 1499 710 1530 S.
733 1499 848 1529 Proculi
869 1499 923 1529 Bo-

190 1549 313 1585 noniae;
346 1548 376 1578 in
410 1548 561 1587 provincia
590 1548 714 1582 Veneta,
749 1548 922 1577 monasteria

188 1595 221 1630 S.
241 1596 369 1626 Iustinae
390 1595 510 1633 Patavii,
533 1595 563 1626 S.
586 1595 701 1634 Georgii
723 1596 921 1633 Venetiarum;

190 1645 222 1675 in
244 1644 397 1684 provincia
417 1644 587 1681 Lombarda,
606 1644 780 1674 monasteria
796 1643 824 1674 S.
843 1644 924 1674 Ioan-

190 1693 237 1724 nis
258 1693 389 1731 Parmae,
412 1693 441 1723 S.
465 1692 537 1723 Sixti
559 1692 734 1730 Placentiae,
757 1692 785 1722 S.
809 1692 924 1732 Simpli-

187 1738 269 1772 ciani
294 1740 460 1777 Mediolani,
483 1740 512 1770 S.
536 1740 683 1770 Benedicti
716 1741 866 1777 Mantuam
894 1741 923 1770 in

192 1789 343 1828 provincia
369 1789 507 1826 Etrusca,
531 1789 739 1818 monasterium
766 1788 795 1819 S.
818 1788 923 1818 Mariae

191 1837 366 1875 Florentiae,
389 1837 471 1866 cuius
499 1837 614 1876 quidem
643 1837 820 1876 provinciae,
849 1836 925 1866 sicut

191 1885 277 1916 etiam
306 1885 441 1924 Ligurae‚
468 1888 496 1915 et
524 1885 634 1924 pariter
655 1885 778 1915 aliarum
808 1885 925 1924 provin-

192 1934 304 1964 ciarum
327 1933 446 1973 praelati
468 1937 604 1972 poterunt
632 1942 699 1964 suos
730 1934 863 1963 alumnos
888 1934 923 1963 ad

192 1981 340 2022 quodlibet
361 1991 395 2012 ex
417 1982 600 2011 monasteriis
621 1991 673 2021 pro
704 1982 808 2011 studiis
838 1991 923 2021 supra

191 2030 351 2068 designatis
379 2030 504 2063 mittere,
533 2033 618 2069 prout
640 2029 711 2069 ipsis
732 2030 825 2067 magis
846 2030 925 2060 vide-

191 2078 273 2108 bitur
300 2077 447 2117 expedire,
480 2077 597 2107 alendos
619 2081 648 2108 et
676 2078 839 2108 vestiendos
860 2078 924 2108 illo-

192 2134 259 2156 rum
280 2125 520 2154 monasteriorum
542 2125 686 2164 expensis,
709 2134 833 2164 quorum
857 2130 925 2156 sunt

193 2173 327 2213 professi.
358 2172 484 2202 Abbates
505 2173 535 2202 in
558 2173 712 2212 praedictis
739 2175 924 2204 monasteriis

194 2221 371 2252 constituant
391 2221 512 2250 lectores
539 2221 694 2250 monachos
726 2222 866 2260 eruditos,
896 2227 925 2253 et

193 2278 244 2299 eos
264 2269 382 2307 eligant,
406 2269 455 2308 qui
477 2268 512 2298 ab
534 2269 780 2299 examinatoribus
806 2279 857 2309 per
878 2280 924 2300 ca-

193 2316 318 2356 pitulum
329 2317 463 2355 generale
478 2316 632 2355 deputatiS,
646 2317 764 2355 praevio
778 2318 922 2357 examine,

194 2363 345 2404 approbati
367 2364 485 2401 fuerint,
508 2363 602 2402 iisque
628 2363 717 2394 libros
738 2364 852 2404 aliaque
873 2375 924 2396 nc-

194 2412 321 2442 cessaria
344 2411 559 2442 subministrari
581 2411 728 2448 mandent,
756 2415 784 2442 et
810 2421 858 2442 eas
879 2413 924 2443 in-

194 2460 356 2499 dulgentias
378 2460 552 2495 concedant,
581 2468 671 2499 quaS‚
702 2459 736 2489 ad
767 2459 924 2491 lectionum

194 2507 322 2538 laborem
344 2508 508 2544 levandum,
532 2507 689 2546 prudenter
718 2508 851 2538 conferre
876 2518 923 2538 co-

195 2560 349 2595 gnoscent:
372 2556 494 2594 etiamst
511 2555 712 2587 communibus
734 2556 881 2586 exercitiis
897 2561 923 2587 et

774 203 985 230 INNOCENTIUS
1005 204 1037 228 XI
1062 203 1111 228 PF.

964 251 999 280 ab
1021 250 1168 290 aliquibus
1198 249 1279 280 horis
1311 249 1457 280 canonicis
1489 249 1567 288 (non
1598 253 1695 278 tamen

964 299 1065 328 diebus
1080 299 1172 335 festis,
1189 308 1242 328 uec
1255 298 1459 337 praetermissa
1469 297 1599 327 oratione
1615 305 1695 326 men-

964 346 1026 383 tali,
1050 347 1162 384 integra
1183 346 1268 376 etiam
1291 355 1342 385 pro
1364 345 1475 375 viribus
1496 344 1622 383 regulari
1644 344 1695 373 ob-

963 394 1131 432 servantia)
1153 403 1212 430 eos,
1235 395 1259 424 si
1281 404 1354 433 opus
1375 394 1472 431 fuerit,
1495 393 1660 423 eximendo.

1003 450 1040 470 vi.
1064 441 1119 471 Pro
1142 443 1348 472 monachorum
1378 451 1492 481 quoque
1518 441 1613 471 studio
1647 450 1694 470 va-

963 489 1090 518 cantium
1125 489 1303 527 diligentiori
1336 490 1468 519 custodia.
1498 493 1526 519 et
1557 489 1695 519 severiori

964 536 1129 575 disciplina,
1153 541 1238 576 atque
1260 547 1296 567 ne
1312 542 1424 577 tempus
1440 538 1582 568 inutiliter
1597 542 1694 567 conte-

963 589 1055 621 ratur,
1078 594 1154 615 unus
1182 594 1217 615 ex
1240 586 1385 625 deputatis
1415 587 1583 616 monasterii
1598 588 1617 623 ¹,
1645 587 1695 625 qni

963 632 1069 661 scholis
1091 632 1266 671 praesideat,
1283 633 1312 662 in
1331 633 1512 663 ordinatione
1527 634 1695 664 officialium

963 679 1097 717 eligatur,
1121 681 1170 719 qui
1182 685 1283 711 cuncta
1295 682 1453 711 secundum
1466 682 1555 712 Deum
1570 686 1598 712 et
1612 683 1695 712 scho-

963 727 1067 756 larium
1091 729 1249 766 profectum
1265 738 1412 768 exequens
1428 739 1479 768 pro
1495 729 1605 759 viribus
1619 739 1694 759 sem-

964 785 1015 815 per
1035 777 1142 806 scliolis
1164 777 1264 806 adesse
1286 782 1432 816 procuret.

1002 832 1050 853 vn.
1074 824 1113 854 Ne
1135 829 1230 855 tamen
1252 825 1449 855 adolescentes
1471 835 1486 855 a
1507 826 1611 856 studiis
1628 836 1695 856 aro-

963 876 1076 909 centur,
1100 873 1198 902 nullus
1221 874 1431 903 monachorum
1452 874 1486 903 ad
1502 874 1595 903 officia
1616 884 1684 903 oeco

963 921 1075 950 uomica
1090 943 1097 957 ,
1120 921 1165 950 vel
1187 922 1357 960 temporalia
1372 944 1379 957 ‚
1408 922 1496 952 etiam
1517 922 1696 961 domestica,

962 969 1071 998 assumi
1093 969 1194 1008 possit,
1228 970 1283 999 nisi
1311 971 1453 1010 completo
1484 979 1553 1001 suae
1576 981 1698 1002 conver·

963 1016 1052 1046 sionis
1074 1026 1149 1047 anno
1171 1017 1354 1048 duodecimo.

1022 1082 1117 1113 CAPUT
1138 1083 1259 1114 XLVIII.
1282 1103 1317 1107 —
1340 1084 1380 1114 De
1401 1095 1480 1125 opere
1500 1095 1631 1116 manuum

1245 1134 1409 1172 quotidiano.

1007 1188 1154 1222 Otiositas
1178 1189 1309 1223 inimica
1334 1195 1383 1223 est
1406 1190 1540 1231 animae,
1566 1196 1599 1224 et
1622 1191 1696 1225 ideo

965 1298 1029 1325 tres
1054 1293 1085 1325 in
1109 1294 1219 1326 labore
1245 1304 1420 1334 manuu1n3
1454 1295 1549 1327 certis
1581 1296 1697 1330 ilerum

965 1344 1052 1377 horis
1079 1345 1110 1377 in
1141 1346 1277 1378 lectione
1310 1346 1438 1385 divina;
1464 1346 1603 1390 ideoque
1637 1348 1698 1381 liae

965 1396 1175 1439 dispositione
1201 1398 1248 1440 (a)
1274 1397 1433 1430 eredimus
1457 1403 1592 1441 utraque
1619 1405 1698 1432 tem-

964 1459 1043 1491 pora
1077 1449 1245 1482 ordinari:
1283 1449 1314 1482 id
1350 1455 1423 1490 est,
1462 1456 1497 1482 ut
1521 1462 1539 1483 a
1574 1451 1698 1485 Pascha

965 1501 1011 1544 (b)
1029 1512 1131 1545 usque
1149 1502 1187 1534 ad
1205 1502 1359 1535 kalendas
1376 1503 1516 1536 octobris
1533 1514 1625 1536 mane
1644 1515 1698 1536 ex-

965 1560 1078 1587 euntes
1103 1565 1120 1587 a
1144 1554 1247 1598 prima
1272 1565 1372 1598 usque
1398 1555 1436 1587 ad
1465 1556 1579 1589 horam
1611 1567 1697 1600 pene

965 1612 1113 1650 quartam
1157 1608 1306 1641 laborent
1347 1609 1432 1651 quod
1477 1609 1698 1642 necessarium

966 1660 1085 1700 fuerit;
1120 1661 1160 1693 ab
1196 1661 1276 1693 liora
1311 1663 1423 1704 quart-:1
1455 1667 1562 1694 autem
1597 1672 1698 1706 usquo

966 1713 1006 1745 ad
1031 1713 1144 1745 horam
1169 1713 1260 1756 qnasi
1285 1718 1406 1746 sextam
1431 1714 1472 1757 (c)
1499 1714 1630 1747 lectioni
1648 1726 1702 1747 va⁴

966 1770 1062 1804 cent;
1088 1770 1162 1808 post
1190 1771 1311 1798 sextam
1341 1772 1448 1798 aulem
1481 1772 1648 1809 surgentes
1681 1778 1699 1800 n

966 1819 1078 1850 mensa
1102 1823 1242 1861 pausent
1259 1818 1291 1850 in
1308 1818 1400 1851 lectis
1425 1818 1491 1850 suis
1515 1829 1586 1850 eum
1611 1819 1699 1852 omni

967 1870 1112 1909 silenti03
1138 1875 1191 1903 aut
1216 1870 1296 1903 forte
1320 1870 1373 1913 qui
1398 1871 1539 1904 voluerit
1563 1871 1623 1904 sibi
1655 1873 1702 1904 le-

967 1933 1051 1965 gere,
1069 1923 1116 1955 sic
1140 1924 1226 1965 legat
1254 1927 1290 1955 ut
1314 1922 1412 1956 alium
1431 1934 1495 1956 non
1520 1924 1698 1966 inquietet3

967 1980 1080 2017 agatur
1103 1986 1190 2008 nona
1211 1976 1386 2019 temporius
1410 1976 1571 2009 mediante
1592 1979 1700 2009 octava

967 2028 1057 2067 hora,
1083 2032 1115 2061 et
1147 2028 1273 2067 iterum,
1306 2028 1391 2070 quod
1423 2028 1605 2060 faciendum
1641 2035 1701 2068 est,

967 2085 1145 2122 operentur
1173 2090 1277 2122 usque
1303 2080 1343 2113 ad
1373 2090 1564 2123 vesperam;
1595 2080 1621 2112 si
1646 2091 1700 2113 au-

967 2137 1032 2164 tem
1057 2132 1231 2165 necessitas
1256 2131 1317 2164 loci
1347 2136 1400 2164 aut
1431 2137 1602 2174 paupertas
1627 2142 1700 2164 exe-

967 2185 1051 2227 gerit
1075 2190 1110 2217 ut
1133 2185 1173 2218 ad
1199 2184 1306 2227 fruges
1336 2184 1536 2226 colligendas
1572 2195 1631 2227 per
1666 2195 1700 2217 se

969 2242 1187 2280 occupentur,
1227 2246 1292 2269 non
1331 2236 1584 2277 contristentur,
1625 2237 1701 2280 qnia

968 2295 1041 2322 tunc
1065 2300 1140 2322 vere
1172 2288 1325 2321 monachi
1351 2294 1434 2329 sunt,
1458 2288 1483 2321 si
1516 2289 1556 2321 de
1588 2289 1700 2322 labore

967 2353 1120 2375 mannum
1146 2351 1276 2374 suarum
1309 2341 1436 2381 vivunt,
1464 2342 1547 2374 sicut
1581 2347 1613 2375 et
1646 2353 1702 2385 pa-

968 2400 1031 2427 tres
1067 2394 1167 2427 nostri
1200 2399 1232 2426 et
1263 2394 1421 2437 apostoli·,
1455 2395 1560 2427 omnia
1593 2400 1700 2428 tamen

967 2452 1151 2480 mensurate
1183 2446 1259 2478 fiant
1291 2450 1424 2489 propter
1453 2446 1673 2489 pusillanimes
1688 2456 1720 2486 ιι,

1004 2561 1013 2586 i
1038 2559 1106 2586 Edit.
1129 2559 1205 2586 Μαίη,
1227 2559 1290 2595 legit
1311 2562 1492 2588 monasterus
1512 2566 1547 2594 (n.
1565 2562 1612 2594 Τ.).

1592 191 1657 225 315
1703 201 1754 227 Ar.
1775 201 1802 227 (2.
1823 201 1889 227 lese

1765 1199 1890 1236 Desiznalnr

964 1242 1057 1273 certis
1083 1242 1282 1284 temporibus
1307 1242 1458 1286 occupari
1491 1243 1611 1276 debent
1636 1245 1695 1277 fra-
1707 1227 1889 1281 ffiffiss‘iihss'i'ssffsffssf

1708 1285 1735 1298 τις
1750 1279 1862 1300 manuali».
