2111 3157
5 221 55 248 An.
73 220 103 248 C.
127 219 194 248 1686

200 269 251 311 sit,
279 271 461 315 dictumque
486 272 636 316 pretium,
651 282 687 305 ac
710 272 845 315 insuper
867 271 928 305 alia

195 323 372 366 quingenta
396 329 483 357 scuta
504 325 595 367 paria
612 324 672 357 sibi
696 325 820 368 pariter
837 336 853 357 a
870 334 927 357 no-

193 375 244 410 bis
257 376 506 419 subministrata,
522 378 626 411 eidem
635 378 745 411 Annae
760 377 924 421 persolvit,

194 440 266 464 cum
292 430 424 464 diversis
448 431 551 475 pactis
569 436 599 465 et
623 431 875 471 conditionibus,
896 434 926 463 et

193 482 282 524 alias,
298 489 394 526 prout
410 484 442 516 in
467 484 531 517 alio
556 484 686 527 publico
709 483 924 516 instrumento

191 545 251 578 per
276 541 346 569 aeta
371 536 526 579 Raynaldi
552 536 590 569 de
623 535 796 579 Raynaldis
828 535 923 568 etiam

192 588 308 621 notarii
334 588 456 631 publici
479 589 619 631 desuper
638 588 690 621 die
707 598 759 621 xv1
785 592 924 630 septem-

190 639 257 672 bris
287 650 449 674 unebxxm
481 641 645 674 celebrato
671 640 803 673 uberius
829 639 924 672 etiam

191 693 388 726 continetur.
402 694 502 727 Porro
516 694 548 726 in
563 693 647 726 dieta
661 693 758 726 domo
773 691 922 734 regulari,

191 745 304 789 illique
329 745 472 786 annexis,
498 746 578 778 sicut
602 745 829 788 praemittitur,
848 755 924 777 ven-

192 799 278 838 ditis,
299 804 331 832 et
354 798 431 842 per¹
457 799 635 841 praestitum
653 798 808 831 Thomam
830 797 923 830 Odes-

191 851 350 891 calchum,
364 861 401 884 ex
426 851 571 894 pecuniis
589 851 648 884 sibi
666 851 705 883 ad
731 850 763 883 id
788 861 805 883 a
830 850 923 883 nobis

190 903 447 944 subministratis,
473 909 570 947 prout
593 904 662 947 ipse
687 903 824 937 Thomas
842 908 924 946 post-

189 955 322 989 modum
348 956 531 995 declaravit,
547 956 718 1000 acquisitis,
738 966 817 1000 opus
834 956 922 999 pium

191 1009 374 1052 excipiendi
398 1009 543 1052 hospitio
568 1015 599 1043 et
629 1009 736 1043 alendi
763 1019 923 1053 pauperes

189 1061 358 1096 mendicos
381 1072 440 1106 per
464 1062 582 1096 Urbem
607 1062 783 1106 praefatam
808 1072 923 1105 vagan-

190 1120 237 1149 tes
253 1142 261 1156 ,
282 1115 374 1148 iussu
398 1119 431 1148 et
453 1115 598 1159 impensa
618 1116 746 1156 nostris,
760 1126 863 1159 usque
884 1116 923 1148 ad

190 1173 333 1202 nostram
360 1169 399 1202 ad
414 1169 553 1212 supremi
569 1171 767 1214 apostolatus
783 1169 923 1204 officium

190 1221 452 1265 assumptionem,
469 1222 644 1255 exercitum
669 1222 745 1263 suit;
766 1227 797 1256 et
817 1222 923 1255 subin-

191 1274 230 1307 de
256 1274 393 1307 dilectus
417 1274 501 1307 filius
521 1274 640 1308 nobilis
665 1275 789 1308 iuvenis
815 1275 921 1308 Livius

189 1325 406 1359 Odescalchus
421 1353 428 1366 ‚
452 1327 514 1359 dux
541 1333 644 1360 terrae
669 1327 788 1367 Caere,
814 1332 923 1360 noster

189 1380 367 1412 secundum
400 1390 528 1413 carnem
565 1391 603 1413 ex
638 1381 736 1414 fratre
769 1391 921 1424 germano

189 1442 300 1475 nepos,
326 1432 406 1466 illud
431 1433 555 1477 pariter
580 1434 724 1467 exerceri
750 1433 871 1466 curavit
891 1438 923 1467 et

189 1484 296 1518 adhuc
319 1490 420 1518 curat.
447 1485 586 1530 Cumque
615 1486 749 1520 ecclesia
781 1487 922 1530 praefata

189 1537 219 1572 S.
236 1536 343 1571 Gallae
361 1538 486 1571 ruinam
508 1540 694 1579 minaretur,
711 1540 814 1572 dictus
839 1539 922 1573 Tlio-

189 1601 256 1624 mas
274 1590 363 1624 illam
381 1591 420 1624 de
438 1592 588 1625 mandato
613 1598 724 1625 nostro
750 1592 922 1626 demolitus

189 1649 246 1683 est,
268 1648 300 1676 et
323 1643 469 1676 funditus
493 1644 613 1677 destrui
638 1645 768 1677 curavit.
803 1645 921 1678 Praesa-

189 1702 239 1730 tus
263 1706 340 1730 vero
365 1696 471 1729 Livius
497 1697 641 1740 dux‚pro
667 1698 783 1731 eximia
809 1701 865 1731 sua
889 1699 920 1731 in

188 1748 288 1782 Deum
304 1748 438 1793 pietate,
452 1759 566 1782 novam
580 1750 699 1783 ibidem
715 1751 786 1783 loco
801 1750 922 1784 destru-

189 1807 259 1836 ctae
283 1801 456 1835 ecclesiam
482 1803 673 1845 elegantiori
706 1806 864 1837 structura
887 1805 919 1837 in

190 1855 349 1889 honorem
367 1855 510 1888 eiusdem
528 1854 559 1888 S.
579 1855 687 1890 Gallae
705 1859 761 1889 sua
775 1857 921 1900 impensa

190 1907 359 1941 aedificare
385 1918 555 1951 aggressus
579 1914 635 1949 est,
661 1920 742 1952 quae
768 1910 807 1943 de
832 1920 922 1954 prae-

189 1960 271 1994 senti
297 1960 513 2001 construitur;
551 1962 687 2006 ipseque
718 1963 823 1996 Livius
859 1964 920 1996 dux

189 2023 304 2047 novam
336 2013 508 2047 ecclesiam
534 2013 731 2055 huiusmodi,
758 2026 817 2058 per
841 2016 922 2049 assi-

189 2066 374 2110 gnationem
399 2067 611 2110 quorumdam
635 2068 802 2102 soenilium
819 2076 850 2103 et
867 2070 922 2103 do-

189 2120 361 2153 munculae
384 2118 487 2162 pretio
512 2119 600 2153 mille
626 2125 657 2153 et
681 2120 933 2164 nongentorum

189 2178 356 2206 scutorum
382 2172 486 2206 dictae
511 2178 660 2206 monetae
677 2184 714 2206 ex
739 2175 808 2208 eius
826 2186 922 2219 pecu-

189 2225 251 2259 niis
283 2230 466 2268 emptorum
493 2231 524 2258 et
559 2225 801 2269 acquisitorum,
827 2238 864 2261 ac
888 2229 920 2262 in

189 2277 258 2311 aliis
283 2277 370 2311 mille
396 2283 426 2311 et
446 2283 575 2311 centum
592 2278 690 2312 scutis
715 2280 845 2322 paribus
862 2292 922 2325 per

188 2340 262 2364 eum
282 2331 503 2374 augendorum
519 2335 549 2364 et
567 2331 852 2373 meliorandorum‚
867 2344 921 2367 an-

188 2383 244 2416 nui
270 2382 435 2416 redditus⁹
455 2384 620 2426 octoginta
645 2390 808 2418 scutorum
834 2386 921 2419 simi-

188 2436 267 2470 lium
281 2436 413 2470 dotavit:
428 2447 464 2470 ex
479 2436 595 2481 quibus
608 2442 696 2470 scuta
707 2439 921 2482 quadraginta

188 2499 246 2533 pro
271 2490 447 2534 capellano,
473 2490 512 2523 ad
532 2495 645 2524 nutum
669 2491 843 2534 amovibili,
863 2503 921 2537 per

224 2561 235 2587 I
252 2561 401 2596 praeposit.
416 2571 467 2597 per
483 2571 531 2590 nos
546 2562 669 2590 addimus
681 2564 718 2597 (a.
730 2564 779 2598 τ.).

223 2606 240 2639 2
260 2606 398 2634 Videt-etur
413 2608 555 2643 legendum
572 2617 669 2635 annuo
684 2609 799 2637 redditu
812 2610 852 2643 (n.
869 2609 917 2644 T.).

771 223 845 249 INNO
852 223 984 248 CENTIUS
1005 224 1036 248 xt
1060 224 1110 248 PP.

969 281 1041 304 eum
1067 270 1201 314 eiusque
1227 268 1459 303 descendentes
1488 279 1524 303 ac
1541 269 1698 304 haeredes

969 329 1001 356 et
1023 333 1226 357 successores
1243 332 1463 367 quoscumque
1488 323 1696 364 nominando,

967 375 1118 419 imposito
1153 380 1260 409 tamen
1296 376 1358 419 ipsi
1395 376 1564 419 capellano
1600 386 1699 410 onere

968 429 1096 461 missam
1128 429 1271 473 quotidie
1301 429 1332 462 in
1367 429 1434 472 ipsa
1459 431 1540 462 nova
1564 430 1697 463 ecclesia

967 482 998 515 S.
1033 482 1141 516 Gallae
1184 483 1389 523 celebrandi;
1427 482 1583 527 reliquam
1623 494 1699 517 vero

968 535 1178 577 quantitatem
1205 536 1311 575 dotis,
1337 535 1403 569 sive
1435 536 1531 568 annui
1556 537 1698 570 redditus

968 587 1162 627 huiusmodi,
1181 588 1219 620 ad
1235 587 1380 621 effectum
1405 590 1634 622 manutenendi
1653 590 1701 633 ip-

966 650 1032 672 sam
1069 641 1262 680 ecelesiam,
1295 641 1430 685 eiusque
1466 643 1698 685 supellectilia,

967 702 1085 731 ceram,
1112 698 1301 735 paramenta
1326 698 1356 726 et
1381 695 1495 727 altaria
1521 695 1699 738 respective

966 743 1148 786 assignavit,
1177 746 1214 777 ea
1238 746 1321 787 lege,
1348 751 1381 777 ut
1402 746 1463 778 sibi
1488 747 1620 792 sistque
1645 748 1701 780 dc-

965 797 1195 830 scendentihus
1218 803 1250 830 et
1271 799 1466 832 haeredibus
1484 805 1515 833 et
1535 809 1701 834 successo-

967 849 1053 882 ribus
1069 849 1325 893 quibuscumque
1343 850 1581 894 iuspatronatus
1599 863 1700 886 novae

966 903 1122 936 ecclesiae
1151 907 1183 936 et
1212 903 1400 937 nominandi
1432 906 1634 948 capellanum
1659 908 1699 940 ad

966 961 1079 989 nutum
1097 956 1302 990 amovibilem
1320 957 1507 991 huiusmodi
1526 958 1558 991 in
1584 971 1700 1003 perpe-

967 1014 1054 1041 tuum
1079 1014 1273 1048 reservetur,
1301 1020 1338 1043 ac
1369 1021 1440 1044 cum
1465 1011 1598 1045 diversis
1624 1024 1700 1046 con-

966 1061 1154 1103 ditionibus,
1181 1062 1471 1106 protestationibus
1502 1070 1534 1098 et
1557 1065 1699 1100 declara-

967 1115 1108 1148 tionibus
1128 1142 1135 1156 ,
1161 1120 1258 1160 prout
1288 1116 1415 1160 plenius
1446 1118 1631 1152 continetur
1666 1120 1698 1153 in

965 1168 1095 1211 publico
1130 1168 1272 1212 desuper
1303 1169 1449 1203 consecto
1482 1170 1698 1206 instrumento

967 1221 1087 1254 tenoris
1108 1221 1162 1265 qui
1183 1221 1339 1265 sequitur,
1359 1222 1526 1256 videlicet:

1015 1286 1027 1305 <t
1042 1274 1075 1306 In
1090 1274 1221 1307 nomine
1236 1275 1373 1308 Domini.
1393 1276 1507 1310 Amen.
1532 1277 1715 1318 Praesenti
1736 1288 1896 1323 instrumentum

966 1326 1095 1369 publico
1126 1327 1341 1361 instrumento
1367 1329 1487 1362 cunctis
1511 1330 1633 1374 ubique
1650 1320 1893 1375 pai-iiimqrwr‘e‘ijiiiii

1710 1368 1795 1390 sactum.

967 1382 1030 1411 teat
1058 1379 1224 1412 evidenter
1249 1385 1281 1412 et
1308 1385 1420 1414 notum
1445 1382 1494 1422 sit,
1510 1384 1597 1425 quod
1612 1395 1697 1418 anno

966 1431 1004 1463 ab
1023 1432 1166 1465 eiusdem
1192 1433 1227 1465 D.
1246 1433 1284 1466 N.
1310 1434 1379 1467 Iesu
1397 1434 1513 1468 Christi
1529 1435 1698 1471 Nativitate

965 1494 1138 1525 iiiimxxv,
1164 1485 1341 1520 indictione
1366 1497 1433 1528 v111,
1459 1488 1510 1521 die
1534 1500 1610 1523 vero
1635 1501 1699 1525 xv11

966 1538 1085 1570 mensis
1112 1537 1193 1579 iulii,
1214 1539 1423 1582 pontificatus
1440 1546 1547 1575 auten]
1565 1545 1701 1577 sanctis-

965 1591 1036 1623 simi
1055 1591 1086 1624 in
1105 1591 1233 1625 Christo
1258 1593 1358 1636 patris
1388 1599 1420 1627 et
1448 1595 1569 1628 domini
1597 1598 1699 1630 nostri

965 1644 999 1677 D.
1017 1645 1196 1678 Innocentii
1212 1646 1318 1679 divina
1332 1648 1537 1690 providentia
1547 1650 1650 1694 Papae
1661 1651 1700 1684 XI

965 1709 1049 1731 anno
1075 1698 1143 1731 eius
1169 1709 1210 1740 tx,
1238 1700 1517 1735 illustrississimus
1542 1708 1573 1736 et
1594 1705 1702 1745 ,excel-

964 1751 1162 1784 lentiSsimus
1186 1752 1221 1784 D.
1248 1753 1399 1796 princeps
1429 1754 1464 1787 D.
1490 1755 1594 1789 Livius
1619 1756 1701 1790 Ode-

963 1805 1085 1837 scalcus
1109 1804 1207 1837 Caere
1233 1805 1305 1845 dux,
1332 1806 1524 1840 sanctissimi
1543 1808 1579 1841 D.
1597 1808 1632 1841 N.
1650 1808 1701 1843 In-

964 1857 1104 1891 nocentii
1131 1858 1235 1902 Papae
1261 1858 1299 1891 Xl
1325 1870 1361 1892 ex
1386 1860 1491 1894 clarae
1521 1862 1700 1897 memoriae

964 1910 1077 1943 Carolo
1098 1921 1252 1954 germano
1271 1911 1369 1945 fratre
1391 1914 1605 1956 nepos,mihi‚
1624 1921 1698 1957 etc.‚

964 1964 1085 2006 optime
1110 1969 1204 1998 notus
1220 1991 1228 2004 ,
1254 1975 1403 1998 asserens
1428 1965 1505 1999 alias
1537 1968 1699 2004 dominam

965 2017 1087 2049 Annam
1097 2017 1260 2050 Moronam
1274 2018 1393 2051 emisse
1411 2021 1567 2062 quasdam
1585 2022 1699 2056 domos

965 2071 1137 2103 existentes
1152 2071 1182 2103 in
1202 2072 1335 2114 regione
1348 2072 1467 2116 Ripae,
1485 2078 1516 2107 et
1531 2080 1566 2107 ut
1579 2075 1699 2110 dicitur

964 2124 987 2156 A
1006 2123 1101 2156 Porta
1115 2123 1223 2165 Leone,
1240 2135 1342 2169 prope
1357 2126 1526 2160 ecclesiam
1540 2128 1571 2162 S.
1587 2128 1697 2164 Gallae

964 2176 1041 2209 olim
1065 2183 1284 2221 nuncupatam
1308 2178 1339 2211 S.
1367 2179 1483 2213 Mariae
1508 2180 1540 2213 in
1568 2181 1697 2216 Porticu

964 2229 1065 2270 Urbis,
1081 2241 1098 2262 a
1115 2231 1392 2264 reverendissimis
1406 2232 1531 2266 clericis
1546 2234 1698 2276 regulari-

962 2283 1022 2316 bus
1041 2283 1072 2316 S.
1089 2283 1204 2317 Mariae
1219 2283 1252 2316 in
1269 2284 1396 2317 Perticu
1415 2284 1516 2327 Urbis,
1534 2297 1605 2320 cum
1622 2298 1698 2321 con-

963 2336 1110 2370 cessione
1129 2336 1210 2369 sacta
1228 2337 1332 2370 eidem
1349 2337 1459 2372 Annae
1480 2339 1575 2373 etiam
1592 2343 1697 2376 eccle-

962 2389 1028 2423 siae
1061 2389 1092 2422 S.
1124 2389 1230 2423 Gallae
1247 2417 1254 2430 ,
1287 2391 1459 2425 accedente
1490 2393 1695 2437 beneplacito

962 2442 1161 2486 apostolico3
1181 2448 1211 2476 et
1231 2448 1352 2486 postea,
1371 2444 1480 2487 vigore
1498 2445 1607 2480 Bullae
1624 2458 1697 2481 san-

962 2501 1031 2529 ctae
1049 2496 1224 2530 memoriae
1242 2496 1392 2540 Gregorii
1413 2498 1478 2531 XIII
1502 2509 1604 2544 super
1627 2500 1696 2535 iure

962 2559 1122 2591 congruo,
1146 2549 1179 2582 in
1207 2550 1372 2593 emptione
1398 2551 1555 2586 dictarum
1584 2553 1696 2587 domo-

962 2613 1030 2635 rum
1047 2602 1143 2636 suisse
1159 2604 1338 2648 praelatum
1355 2609 1386 2637 et
1400 2605 1648 2649 subingressum
1662 2607 1696 2641 in

1595 212 1653 246 671
1702 222 1754 250 An.
1772 222 1798 251 c.
1823 224 1890 251 less
