2111 3157
164 217 214 248 An.
237 218 264 246 c.
290 215 356 246 1076
402 208 444 243 1⁶2

190 807 278 828 ,sancum
297 813 346 834 puo-

163 836 225 855 nolis.

188 2237 307 2259 Exordium.

943 214 1122 241 BULLARIUM
1147 214 1299 240 ROMANFM

357 268 462 311 tingui
488 279 524 302 ac
559 267 658 303 dividi
683 266 902 312 prohibentis,
929 270 960 299 et
984 266 1095 298 nostra
1137 274 1277 298 messem
1302 265 1436 298 multam
1462 272 1532 298 esse
1557 263 1732 308 conspexit,
1758 272 1876 307 opera-

357 332 392 353 ac
410 322 620 355 cancellariae
638 321 834 365 apostolicae
849 319 962 361 regula
975 318 1014 351 de
1029 328 1093 351 non
1138 318 1261 351 riorum
1275 318 1445 362 penuriam
1459 317 1639 357 attendens
1653 317 1875 350 ministrorum

357 376 503 408 tollendo
528 375 598 408 iure
624 374 785 418 quaesito,
811 372 948 415 aliisque
974 371 1094 405 consti-

357 428 536 462 tutionibus
562 434 594 461 ct
614 426 871 461 ordinationibus
889 424 1090 468 apostolicis,

356 492 484 513 necnon
510 479 772 524 Ulyssiponensis
804 484 835 511 et
860 478 891 511 S.
918 477 1092 510 Salvatoris

357 535 396 567 dc
423 535 522 567 Baliia
543 533 756 566 ecclesiarum
781 532 987 575 prafatarum,
1009 530 1093 562 iura-

356 593 475 627 mento,
492 586 737 619 confirmatione
750 585 936 628 apostolica,
951 584 1001 616 vel
1020 594 1093 626 qua-

356 641 402 671 vis
437 640 586 672 firmitate
615 639 677 672 alia
705 637 885 677 roboratis,
911 636 1037 669 statutis
1062 641 1093 668 et

357 692 669 732 consuetudinibus,
696 691 881 734 ceterisque
920 689 1091 723 contrariis

358 746 627 789 quibuscumque.

401 801 414 843 ἓ
444 799 492 833 to.
531 799 615 833 Nulli
649 810 728 841 ergo
758 798 893 832 omnino
919 797 1090 830 hominum

356 854 452 888 liccat
483 854 567 887 hanc
601 853 752 896 paginam
785 857 917 885 nostrae
942 861 1093 893 segrega-

356 907 464 945 tionis,
482 906 660 946 divisionis,
678 905 899 948 separationis,
919 904 1093 947 exemptio-

356 961 416 1000 nis,
434 960 645 998 liberationis,
661 958 846 998 erectionis,
866 958 1089 998 institutionis,

357 1013 582 1053 decorationis,
599 1011 833 1051 concessionis,
853 1010 1090 1054 assignationis,

356 1068 602 1112 applicationis,
629 1066 919 1110 appropriationis,
945 1075 1093 1098 reserva-

355 1122 463 1161 tionis,
481 1120 704 1154 concessionis
720 1124 751 1152 et
765 1118 887 1152 decreti
901 1118 1090 1159 infringere,

355 1176 405 1206 vel
432 1174 460 1207 ei
486 1185 564 1206 ausu
582 1173 756 1206 temerario
774 1171 956 1210 contraire,
977 1171 1003 1203 si
1021 1170 1093 1213 quis

356 1232 463 1260 autem
483 1227 546 1259 boc
570 1231 727 1259 attentare
752 1223 1019 1268 praesumpserit,
1046 1223 1093 1255 in-

356 1280 577 1322 dignationem
603 1278 833 1322 omnipotentis
857 1277 912 1310 Dei
935 1277 1093 1310 ctbeaio-

354 1344 425 1366 rum
450 1333 536 1366 Petri
562 1338 594 1366 et
617 1332 707 1365 Pauli
726 1332 949 1375 apostolorum
969 1331 1039 1364 eius
1057 1342 1091 1364 se

355 1386 485 1419 noverit
509 1386 732 1419 incursurum.

398 1440 512 1472 Datum
534 1439 664 1477 Romae,
684 1438 770 1482 apud
791 1438 821 1471 S.
843 1438 986 1479 Petrum,
1005 1448 1091 1471 anno

354 1492 586 1525 incarnationis
603 1492 787 1525 Dominicae
805 1501 978 1533 unctxxvi,
998 1501 1018 1524 x
1043 1491 1092 1524 ka-

353 1546 467 1578 lendas
504 1545 685 1578 decembris
701 1572 708 1585 ,
744 1544 951 1589 pontificatus
987 1544 1090 1578 nostri

355 1608 442 1631 anno
464 1609 485 1632 1.

389 1659 449 1686 Dat.
467 1660 511 1687 die
527 1659 560 1687 22
577 1659 732 1688 novembris
749 1660 827 1695 1676,
848 1659 943 1696 pontif.
960 1668 1031 1687 antio
1046 1665 1064 1686 1.

705 1803 740 1836 V.

353 1882 505 1927 Erz'qitur
529 1883 685 1928 oppidum
714 1883 744 1917 S.
773 1883 958 1916 Sebastiam
986 1883 1023 1915 in
1045 1892 1092 1915 re-

398 1948 458 1980 qno
476 1937 640 1969 Brasiliae
658 1937 693 1969 in
709 1937 883 1976 civilatem,
900 1937 1034 1979 eiusque
1050 1946 1091 1969 ec-

398 1990 495 2022 etesia
518 1988 720 2033 parochialis
744 1989 779 2021 in
798 1988 1030 2022 cathedralem.

531 2069 726 2097 Innocentius
748 2068 920 2103 episcopus,

548 2121 652 2140 servus
664 2121 818 2141 servorum
831 2114 896 2147 Doi,

475 2158 510 2185 ad
528 2161 702 2192 perpetuam
723 2158 768 2185 rei
790 2158 971 2185 memoriam.

390 2229 526 2262 Romani
540 2228 700 2261 Pontificis
713 2229 883 2272 pastoralis
898 2229 1091 2270 sollicitudo,

357 2282 389 2314 in
415 2292 566 2324 supremo
597 2281 792 2323 apostolicae
815 2282 985 2324 potestatis
1010 2283 1092 2316 solio

358 2346 393 2368 ex·
421 2334 653 2377 omnipotentis
673 2334 727 2366 Dei
753 2335 957 2377 providentia
982 2336 1094 2369 consti-

358 2394 435 2427 tuta,
451 2388 487 2419 ad
505 2398 541 2419 ea
556 2386 757 2429 potissimum
772 2388 930 2430 dirigitur,
942 2400 998 2432 per
1013 2400 1093 2433 quac

358 2441 533 2474 Salvatoris
559 2440 660 2473 nostri
688 2440 756 2473 lcsu
782 2441 897 2474 Christi
923 2443 1095 2476 aeternita-

358 2494 416 2527 tis¹
436 2493 598 2535 l'iiigeniti
620 2493 698 2525 sides
724 2499 755 2525 (τι
780 2494 882 2536 gloria
899 2495 1015 2529 indies
1034 2507 1094 2529 ina-

358 2548 407 2590 gia
435 2552 569 2588 augetur
599 2552 630 2578 et
661 2546 915 2589 multiplicatur,
943 2549 1012 2592 qui,
1038 2549 1094 2583 ubi

396 2612 407 2636 1
426 2610 527 2636 Forsan
543 2609 656 2637 aeterni
671 2610 769 2638 Patris
784 2609 928 2645 legendum
941 2613 981 2647 (n.
995 2614 1044 2648 T.).

1137 381 1268 404 suorum
1301 382 1394 404 curas
1425 370 1520 404 variis
1553 370 1586 403 in
1617 369 1682 403 diei
1712 370 1802 403 horis
1834 370 1874 403 ad

1137 435 1238 468 opera
1263 425 1389 458 mittere
1408 435 1473 457 non
1496 423 1631 463 destitit,
1657 433 1729 455 curn
1746 423 1872 466 etipse,

1136 482 1171 509 ut
1197 477 1346 510 homines
1371 477 1519 510 salutaris
1545 476 1628 509 vitae
1649 475 1797 508 caelestis
1823 485 1874 518 pa-

1137 531 1217 563 triae
1244 533 1384 564 cultores
1410 531 1561 570 efficeret,
1588 530 1627 563 de
1652 528 1785 562 summis
1802 538 1874 562 cae-

1136 584 1239 616 lorum
1258 585 1295 617 ad
1322 585 1418 617 huius
1439 583 1551 616 mundi
1574 581 1700 615 infima¹
1726 587 1758 615 et
1776 582 1809 615 in
1826 592 1874 615 sa-

1136 643 1324 669 crosanctae
1350 637 1461 669 Crucis
1486 637 1540 669 ara
1565 646 1624 679 pro
1642 637 1752 669 nostra
1769 636 1874 669 salute

1136 689 1168 721 in
1194 690 1332 732 pretium
1359 690 1517 723 immolari
1536 689 1685 731 dignatus
1703 687 1754 721 sit.
1775 687 1873 721 Cuius

1136 753 1207 774 cum
1226 742 1317 775 licet.‘²
1335 743 1420 776 vices
1446 753 1596 785 geramus
1612 742 1644 774 in
1664 741 1770 782 terris,
1787 741 1875 774 inter

1136 795 1332 838 multiplices
1366 807 1481 836 curas,
1509 806 1590 839 quae
1621 805 1658 828 ex
1693 793 1873 838 apostolico

1136 859 1272 882 munere
1297 850 1390 882 nobis
1415 849 1604 882 incumbere
1630 847 1873 891 dignoscimus,

1137 901 1191 935 illa
1208 903 1398 945 pracsertim
1417 904 1506 937 cordi
1528 908 1638 936 nostro
1655 907 1714 942 est,
1731 907 1777 944 ut,
1794 902 1876 936 mul-

1138 955 1278 997 tiplicata
1299 968 1412 997 messe,
1435 957 1502 1000 agri
1523 956 1572 989 et⁸
1596 956 1751 990 dominici
1776 956 1875 990 culto-

1137 1018 1187 1041 res
1201 1010 1469 1052 multiplicentur,
1490 1021 1626 1053 quorurn
1641 1009 1779 1043 assiduis
1794 1019 1875 1053 ope-

1137 1062 1224 1094 ribus
1238 1068 1269 1095 et
1286 1063 1460 1096 fructuosis
1475 1063 1663 1096 ministeriis
1677 1063 1797 1096 fructus
1811 1062 1875 1106 spi-

1137 1115 1260 1149 ritualis
1286 1116 1326 1149 ad
1344 1117 1554 1150 centesimum
1570 1127 1674 1160 usque
1698 1121 1872 1159 augeatur,

1137 1173 1169 1201 et
1185 1170 1324 1212 populus
1338 1170 1531 1202 christianus
1546 1169 1671 1202 eisdem
1687 1169 1873 1202 rectoribus

1137 1221 1357 1264 gubernetur,
1384 1234 1465 1266 quos
1500 1223 1612 1256 Pastor
1648 1227 1799 1256 aeternus
1824 1222 1874 1255 sui

1137 1275 1246 1318 operis
1261 1276 1397 1308 vicarios
1414 1287 1486 1309 esse
1508 1276 1677 1319 disposuit.
1696 1275 1876 1319 Propterea

1136 1328 1269 1370 piissimi
1294 1328 1534 1372 patrisfamilias
1559 1333 1667 1372 partes
1691 1328 1876 1362 favorabili-

1137 1386 1186 1414 ter
1209 1381 1345 1425 implere
1372 1386 1574 1425 exoptamus.

1179 1434 1193 1476 ἓ
1218 1434 1249 1467 1.
1276 1434 1368 1474 Sane,
1388 1445 1459 1467 cum
1480 1434 1514 1467 in
1535 1444 1638 1477 regno
1656 1433 1821 1474 Brasiliae,
1840 1433 1873 1466 in

1136 1488 1172 1519 ea
1196 1492 1285 1530 parte
1305 1498 1386 1530 quae
1412 1487 1508 1520 Rivus
1526 1486 1663 1520 Ianuarii
1680 1487 1872 1531 appellatur,

1134 1540 1220 1573 inter
1244 1545 1350 1573 cetera
1365 1551 1465 1573 unum
1483 1540 1639 1584 oppidum
1658 1539 1769 1573 civitas
1793 1550 1875 1573 nun-

1135 1598 1284 1637 cupatum
1304 1592 1335 1626 S.
1354 1592 1544 1633 Sebastiani,
1562 1592 1766 1626 Brasiliensis
1783 1593 1873 1626 dioe-

1135 1646 1236 1687 cesis,
1264 1651 1379 1690 qnater
1402 1646 1492 1679 mille
1522 1645 1651 1679 circiter
1675 1645 1873 1679 focularibus

1135 1704 1308 1740 constans,
1344 1709 1457 1742 regum
1482 1698 1701 1742 Portugalliae
1727 1699 1873 1732 dominio

1135 1752 1313 1786 subiectum
1336 1752 1381 1795 (et
1404 1752 1435 1785 in
1462 1762 1501 1786 eo
1526 1763 1590 1785 una
1609 1751 1806 1795 parochialis
1822 1762 1874 1785 ec-

1135 1805 1236 1839 clesia
1260 1805 1318 1838 sub
1345 1805 1491 1838 eiusdem
1516 1804 1548 1839 S.
1575 1804 1758 1838 Sebastiani
1781 1804 1874 1838 invo-

1135 1860 1262 1893 catione
1286 1860 1318 1892 in
1345 1870 1407 1903 qua
1431 1859 1529 1892 missa
1549 1864 1581 1892 et
1604 1859 1666 1892 alia
1694 1858 1801 1892 divina
1825 1858 1874 1892 of-

1135 1913 1208 1946 ficia
1232 1918 1263 1946 et
1287 1912 1507 1946 ecclesiastica
1535 1917 1739 1946 sacramenta
1762 1913 1870 1946 admi-

1135 1967 1340 2009 nistrantur),
1367 1966 1450 1999 aeris
1474 1965 1673 2007 salubritate,
1699 1976 1736 1999 ac
1760 1966 1873 2009 populi

1136 2019 1318 2062 frequentia
1335 2024 1366 2051 et
1386 2018 1590 2060 commercio,
1615 2018 1764 2061 pluribus
1787 2018 1874 2052 viro-

1135 2083 1207 2104 rum
1231 2071 1448 2112 monasteiiis,
1469 2071 1651 2114 incolisque
1672 2071 1800 2114 generis
1819 2081 1874 2104 no-

1136 2125 1262 2158 bilitate
1287 2125 1534 2167 litterarumque
1560 2129 1592 2157 et
1615 2134 1779 2157 armorum
1803 2135 1874 2167 gra-

1136 2179 1231 2211 dibus
1251 2177 1412 2211 decoratis
1430 2177 1558 2220 insigne
1574 2177 1766 2220 reperiatur,
1785 2177 1873 2221 quod

1136 2243 1154 2265 a
1188 2232 1314 2264 civitate
1347 2231 1378 2264 S.
1405 2230 1581 2264 Salvatoris
1618 2231 1736 2264 Bahiae
1770 2241 1873 2274 usque

1137 2285 1218 2318 adeo
1248 2290 1410 2318 remotum
1442 2284 1502 2324 sit,
1527 2284 1586 2316 ιιι*
1618 2283 1874 2316 christianorum

1137 2337 1334 2379 multitudo,
1370 2336 1478 2371 divino
1515 2341 1713 2381 cooperante
1752 2336 1874 2380 Spiritu

1174 2436 1183 2462 1
1207 2434 1319 2462 Videtur
1338 2433 1432 2461 deesse
1452 2434 1620 2461 descendere
1638 2433 1677 2469 (n.
1693 2433 1741 2468 ¹12).

1172 2480 1188 2507 2
1207 2479 1315 2515 Aliquid
1331 2480 1417 2514 deest,
1435 2487 1465 2506 ex
1480 2487 1507 2515 g.
1528 2479 1656 2513 indiyoti,
1673 2477 1714 2506 vel
1733 2477 1812 2507 nullo
1826 2486 1876 2506 no-

1137 2528 1195 2552 stro
1211 2525 1313 2552 merito
1327 2524 1364 2559 (n.
1385 2524 1433 2559 τ.).

1172 2569 1189 2596 3
1207 2569 1305 2603 Aptius
1320 2568 1379 2604 lege
1398 2571 1422 2596 et
1437 2568 1504 2603 ayri
1517 2568 1554 2604 (n.
1570 2568 1619 2604 T.).

1173 2614 1191 2642 4
1209 2613 1301 2643 Potius
1320 2614 1381 2650 lege
1400 2616 1426 2644 ει
1445 2621 1494 2650 pro
1513 2616 1545 2643 ut
1558 2615 1595 2650 (n.
1612 2613 1669 2656 '123

1883 212 1934 241 An.
1949 210 1980 242 G.
2001 209 2071 242 107ss

1923 1437 2003 1459 Motiva
2022 1442 2069 1458 ero·

1884 1465 1958 1485 ettonis
1978 1465 2004 1485 do
2026 1470 2069 1492 qun

1884 1497 1906 1512 in
1919 1491 2015 1513 rubrica·

1929 2476 1974 2490 *tx-¹.-
