2111 3157
155 188 204 216 An.
226 188 254 215 C.
276 188 340 216 1687

389 181 427 189 ,η-
433 181 449 198 s.

395 194 451 213 Νι)

929 187 1107 211 nt'LLAinUM
1133 187 1283 211 ROMANUM

348 244 380 272 et
404 238 546 272 totaliter
570 238 809 281 derelinquere,
830 242 863 269 et
886 240 999 279 postea
1017 246 1092 278 per·
1109 233 1111 256 ¹
1131 240 1181 267 cte
1212 234 1409 278 procedatur
1441 244 1501 268 nec
1524 245 1583 276 ne,
1610 245 1677 268 non
1711 245 1793 279 opus
1821 239 1871 270 est

348 303 480 325 manere
503 293 591 325 velut
615 301 733 333 corpus
757 289 917 322 exanime.

391 355 437 380 111.
458 346 536 378 Vota
554 344 592 377 de
616 343 725 386 aliquo
750 342 899 375 faciendo
924 347 999 375 sunt
1015 351 1088 384 per-

349 399 496 432 fectionis
521 397 721 440 impeditiva.

390 462 432 486 iv.
452 451 604 484 Activitas
630 449 786 482 naturalis
812 454 861 482 est
885 448 1005 491 gratiae
1028 448 1088 480 ini-

346 506 436 544 mica,
459 504 658 547 inipeditque
683 502 739 536 Dei
765 502 970 545 operationes
986 506 1018 534 et
1040 512 1088 533 ve-

345 569 411 591 ram
441 557 695 601 perfectionem,
729 555 804 599 quia
839 555 921 588 Deus
956 555 1085 598 operari

344 613 410 644 vult
434 611 465 643 in
493 610 586 643 nobis
612 610 680 642 sine
706 608 812 642 nobis.

387 675 417 697 v.
444 664 530 697 Nihil
548 663 717 706 operando
743 662 848 695 anima
864 672 899 694 se
917 661 1084 701 annihilat,

343 723 375 751 et
391 718 431 750 ad
451 728 543 750 suum
561 715 757 760 principium
778 715 870 755 redit,
888 720 919 747 et
939 715 977 748 ad
995 725 1085 748 suam

344 771 517 813 originem,
535 781 617 814 quac
636 775 686 803 est
704 767 861 802 essentia¹
886 768 953 807 Dei,
972 768 1003 800 in
1023 779 1085 811 qua

343 824 572 858 transformata
601 828 748 856 remanet
773 833 809 855 ac
835 821 1025 861 divinizata·⁷
1054 827 1085 853 ct

343 878 425 911 Deus
445 883 521 910 tunc
539 877 571 909 in
593 887 626 909 se
647 875 720 919 ipso
739 879 896 914 remanet,
917 875 990 917 quia
1011 880 1084 906 tunc

341 941 407 964 non
428 935 503 963 sunt
531 929 669 972 amplius
694 929 776 961 duae
802 938 852 960 res
878 927 999 965 unitae,
1027 928 1081 959 sed

341 993 406 1015 una
423 987 558 1021 tantum,
573 987 604 1014 et
623 982 684 1014 hac
708 981 833 1014 ratione
853 980 935 1013 Deus
955 980 1031 1012 vivit
1052 985 1084 1012 et

342 1041 457 1078 regnat
474 1036 506 1068 in
530 1035 634 1075 nobis,
653 1040 684 1067 et
697 1034 803 1067 anima
824 1043 858 1066 se
876 1033 977 1076 ipsam
997 1032 1082 1065 anni·

342 1090 421 1123 hilat
445 1089 477 1121 in
503 1099 573 1122 esse
594 1087 772 1131 operativo⁴

383 1153 425 1176 v1.
453 1142 509 1174 Via
539 1141 668 1174 interna
693 1146 742 1173 est
766 1140 837 1178 illa,
865 1140 895 1172 in
923 1150 984 1182 qua
1018 1149 1080 1171 non

340 1194 548 1237 cognoscitur
573 1204 633 1226 nec
658 1194 778 1233 lumen,
805 1203 865 1226 nec
890 1204 996 1231 amor,
1022 1203 1082 1225 nec

340 1247 517 1290 resignatio
532 1273 539 1286 ‚
565 1251 596 1279 et
621 1256 686 1279 non
704 1251 834 1289 oportet
849 1246 949 1278 Deum
968 1256 1082 1287 cogno-

340 1311 450 1340 scere,
476 1306 509 1333 et
533 1300 595 1332 lioc
619 1300 716 1332 modo
742 1304 829 1331 recte
854 1298 1055 1342 proceditur.
1101 1328 1102 1336 ,

382 1363 436 1387 vn.
456 1353 526 1386 Non
553 1352 650 1386 debet
666 1352 771 1384 anima
789 1351 930 1393 cogitare
957 1363 1016 1384 nec
1041 1352 1078 1384 de
1101 1387 1102 1390 Ἴ

1100 1395 1102 1417 ³
1123 1402 1344 1441 voluntatcm3
1371 1401 1437 1434 imo
1463 1401 1647 1434 huiusmodi
1672 1401 1801 1435 animae
1826 1412 1865 1435 eo

339 1407 494 1449 praemio,
520 1416 580 1438 nec
604 1405 641 1438 de
667 1404 859 1447 punitione,
884 1414 944 1436 nec
969 1404 1006 1436 de
1024 1416 1079 1447 pa-

339 1459 459 1499 radiso,
486 1469 544 1491 nec
570 1458 610 1491 de
635 1458 781 1497 inferno,
808 1466 867 1489 nec
892 1456 930 1489 de
956 1462 1076 1497 morte,

339 1522 399 1545 nec
424 1512 462 1544 de
488 1511 690 1544 aeternitate.

381 1575 449 1598 vni.
476 1563 546 1597 Non
568 1563 664 1596 debet
688 1563 770 1595 velle
791 1562 874 1595 scire
892 1572 931 1594 an
954 1562 1078 1605 gradia-

338 1623 388 1650 tur
412 1627 483 1649 cum
507 1617 672 1649 voluntate
696 1615 768 1655 Dei,
796 1626 836 1647 an
868 1625 938 1648 cum
965 1615 1076 1648 eadem

336 1671 502 1704 voluntate
516 1669 677 1711 resignata
690 1674 825 1708 maneat,
840 1678 900 1701 nec
917 1679 978 1701 ne:
998 1667 1077 1701 ncc²

337 1734 418 1767 opus
443 1728 490 1756 est
513 1728 549 1754 ut
570 1722 648 1755 velit
671 1732 870 1764 cognoscere
899 1732 992 1754 suum
1019 1728 1077 1755 sta-

338 1783 415 1817 tum,
442 1787 502 1809 nec
527 1775 697 1819 proprium
720 1774 811 1814 nihil,
838 1776 893 1808 sed
916 1775 1014 1808 debet
1043 1781 1077 1808 ut

336 1840 453 1873 corpus
479 1828 625 1862 exanime
650 1838 793 1861 manere.

380 1894 422 1917 ix.
456 1883 525 1916 Non
558 1883 655 1916 debet
686 1882 790 1915 anima
820 1882 983 1915 reminisci
1017 1894 1076 1916 nec

336 1937 394 1976 sui,
420 1947 480 1969 nec
506 1936 570 1975 Dei,
585 1946 645 1968 nec
670 1936 898 1978 cuiuscumque
919 1936 975 1975 rei,
996 1943 1026 1968 ct
1044 1937 1075 1968 in

337 1991 385 2023 via
409 1991 536 2023 interna
560 1989 664 2022 omnis
697 1989 842 2022 reflectio
868 1994 916 2021 cst
940 1990 1072 2029 nociva,

337 2044 431 2076 etiam
455 2043 599 2076 resscctio
631 2042 670 2074 ad
695 2052 768 2074 suas
796 2042 952 2074 humanas
977 2042 1076 2075 actio-

337 2107 393 2130 nes
417 2102 447 2129 et
467 2096 506 2129 ad
531 2095 685 2139 proprios
711 2095 868 2128 desectus.

379 2161 410 2183 x.
437 2149 468 2182 Si
494 2148 632 2192 propriis
659 2148 838 2181 defectibus
871 2148 951 2181 alios
983 2159 1076 2182 scan-

338 2203 461 2241 dalizet,
488 2213 553 2234 non
579 2207 628 2234 est
645 2201 861 2234 necessarium
886 2202 1050 2235 reflectere
1067 2229 1074 2243 ‚

339 2255 513 2288 dummodo
540 2265 603 2287 non
637 2254 720 2286 adsit
745 2255 893 2287 voluntas
924 2255 1076 2287 scandali·

339 2308 448 2347 zandi3
469 2313 499 2340 ct
517 2308 554 2339 ad
574 2307 724 2350 proprios
742 2307 888 2340 desectus
903 2317 967 2340 non
981 2318 1075 2350 posse

339 2362 519 2400 reflectere,
546 2361 648 2401 gratia
672 2360 726 2393 Dei
752 2364 811 2393 est.

382 2422 426 2445 xi.
454 2413 500 2445 Ad
526 2413 624 2446 dubia
649 2424 732 2457 quae
759 2418 934 2447 occurrunt
959 2423 999 2446 an
1028 2422 1076 2445 re-

377 2490 386 2516 1
408 2490 503 2516 Vocem
519 2491 650 2523 essentia,
672 2499 742 2526 quae
761 2491 838 2518 deest
857 2491 883 2517 in
903 2491 968 2518 edit.
984 2490 1074 2524 Main.,

340 2542 390 2561 nos
409 2534 531 2560 addimus
551 2542 581 2560 ex
602 2535 661 2561 aliis
681 2536 746 2561 edit.
767 2537 806 2568 (a.
827 2537 877 2569 τ.).

375 2578 391 2606 2
412 2579 511 2606 Vocem
526 2586 576 2605 nec
592 2579 715 2607 addimus
730 2588 761 2606 ex
777 2580 835 2608 aliis
852 2580 916 2608 edit.
932 2581 973 2616 (n.
989 2580 1039 2615 12).

1130 288 1312 320 reflectere.

1174 351 1228 374 xii.
1252 340 1311 379 Qui
1329 351 1424 374 suum
1448 341 1588 375 liberum
1613 341 1784 374 arbitrium
1802 342 1868 375 Deo

1130 394 1269 435 donavit,
1291 395 1331 427 de
1345 395 1434 428 nulla
1448 405 1483 428 re
1495 394 1592 428 debet
1608 405 1718 428 curam
1736 395 1870 436 habere,

1130 458 1189 480 nec
1214 448 1253 481 de
1279 448 1426 488 inferno,
1452 459 1514 481 nec
1546 449 1585 481 de
1620 449 1785 492 paradiso,
1810 460 1871 482 nec

1129 500 1226 533 debet
1250 501 1447 534 desiderium
1472 501 1594 534 habere
1619 501 1772 545 propriae
1795 512 1871 545 per-

1129 553 1296 593 fectionis,
1326 564 1388 587 nec
1422 553 1591 595 virtutum,
1623 564 1683 587 nec
1715 555 1869 598 propriae

1128 606 1317 647 sanctitatis,
1337 606 1428 639 cuius
1455 617 1547 650 spem
1572 606 1729 650 purgare¹
1757 607 1867 642 debet.

1173 670 1239 693 xm.
1260 660 1438 702 Resignato
1456 660 1522 693 Deo
1539 659 1643 694 libero
1661 660 1805 701 arbitrio,
1824 661 1870 695 ei-

1128 713 1201 746 dem
1225 713 1290 746 Deo
1328 713 1545 756 relinquenda
1577 718 1627 746 est
1659 714 1812 756 cogitatio
1838 719 1871 747 et

1127 776 1204 798 cura
1228 766 1267 799 de
1293 766 1382 799 omni
1407 777 1441 799 re
1466 767 1590 806 nostra,
1618 771 1650 799 et
1678 766 1868 811 relinquere

1127 823 1162 850 ut
1188 819 1283 851 saciat
1306 818 1339 851 in
1364 819 1457 852 nobis
1482 818 1552 851 sine
1583 818 1679 852 nobis
1704 829 1797 853 suam
1822 819 1870 853 di-

1128 872 1232 904 vinam
1258 873 1468 905 voluntatem.

1169 935 1232 958 xlv.
1260 923 1317 962 Qui
1343 924 1470 958 divinae
1496 925 1654 958 voluntati
1686 925 1866 968 resignatus

1128 983 1187 1017 est,
1204 987 1270 1010 non
1295 978 1446 1010 convenit
1464 984 1499 1010 ut
1518 989 1535 1010 a
1559 978 1625 1011 Deo
1644 989 1711 1011 rem
1728 979 1868 1024 aliquam

1126 1035 1224 1072 petat,
1251 1030 1325 1074 quia
1349 1034 1463 1073 petere
1489 1035 1536 1063 est
1556 1030 1771 1073 imperfectio,
1797 1041 1869 1065 cum

1126 1082 1166 1114 sit
1190 1088 1281 1115 actus
1306 1082 1460 1126 propriae
1486 1084 1661 1116 voluntatis
1686 1089 1718 1116 et
1742 1084 1869 1118 electio-

1126 1136 1185 1175 nis,
1211 1141 1242 1169 et
1267 1142 1315 1169 est
1339 1137 1443 1174 velle,
1470 1136 1558 1179 quod
1584 1136 1693 1169 divina
1717 1138 1867 1171 voluntas

1125 1195 1256 1221 nostrae
1282 1189 1516 1230 conformetur,
1544 1193 1577 1221 et
1600 1199 1665 1222 non
1699 1190 1786 1233 quod
1810 1200 1869 1223 no-

1124 1248 1190 1273 stra
1215 1241 1353 1274 divinae,
1380 1241 1417 1274 Et
1433 1242 1512 1275 illud
1536 1241 1703 1285 Evangelii
1720 1242 1826 1276 Petite
1839 1247 1868 1276 et

1123 1294 1288 1337 accipietis
1312 1305 1378 1327 non
1404 1300 1451 1327 est
1476 1294 1597 1328 dictum
1622 1305 1639 1327 a
1656 1294 1786 1328 Christo
1806 1305 1867 1338 pro

1123 1348 1290 1380 animabus
1315 1347 1464 1387 internis,
1493 1359 1576 1391 quae
1601 1349 1720 1381 nolunt
1745 1348 1866 1382 habere

1122 1454 1315 1497 perveniunt
1346 1460 1381 1486 ut
1411 1465 1475 1487 non
1501 1454 1631 1499 possint
1663 1465 1681 1487 a
1704 1454 1770 1488 Deo
1795 1465 1865 1488 rem

1122 1507 1261 1551 aliquam
1286 1512 1412 1551 petere.

1165 1572 1214 1594 xv.
1242 1560 1329 1594 Sicut
1352 1571 1417 1594 nou
1443 1561 1565 1594 debent
1588 1572 1606 1594 a
1631 1561 1696 1595 Deo
1716 1572 1785 1596 rein
1806 1563 1864 1597 ali-

1122 1626 1216 1658 quam
1247 1620 1377 1658 petere,
1403 1614 1447 1647 ita
1478 1625 1541 1648 nec
1565 1614 1612 1648 illi
1644 1616 1685 1648 ob
1710 1626 1778 1650 rem
1805 1617 1863 1650 ali-

1122 1679 1219 1712 quam
1245 1668 1363 1711 gratias
1389 1679 1486 1711 agere
1504 1669 1636 1709 debent,
1657 1669 1732 1713 quia
1745 1675 1865 1704 utrum·

1121 1733 1182 1766 que
1209 1727 1259 1755 est
1283 1727 1371 1754 actus
1396 1721 1549 1765 propriae
1573 1722 1759 1755 voluntatis.

1164 1787 1227 1809 xvi.
1247 1775 1317 1808 Non
1342 1776 1496 1808 convenit
1520 1775 1740 1818 indulgentias
1764 1786 1863 1819 quae-

1122 1839 1192 1862 rere
1218 1840 1277 1872 pro
1302 1830 1407 1872 poena
1423 1828 1565 1871 propriis
1582 1829 1726 1871 peccatis
1742 1829 1860 1868 debita.

1120 1883 1196 1926 quia
1220 1881 1335 1914 melius
1360 1886 1409 1913 est
1433 1880 1560 1913 divinae
1578 1880 1717 1914 iustitiae
1738 1881 1862 1915 satissa-

1120 1945 1205 1974 ραι-6,
1225 1945 1319 1977 quam
1333 1934 1473 1966 divinam
1490 1933 1748 1966 inisericordiam
1765 1945 1862 1977 quae-

1120 1998 1201 2028 rere,
1227 1986 1381 2030 quoniam
1406 1986 1485 2019 illud
1512 1997 1547 2018 ex
1574 1997 1655 2029 puro
1673 1986 1729 2019 Dei
1750 1998 1861 2021 amore

1120 2041 1282 2084 procedit,
1309 2045 1340 2073 et
1364 2039 1450 2072 istud
1480 2040 1518 2071 ab
1551 2050 1658 2073 amore
1684 2040 1787 2074 nostri
1813 2040 1859 2073 in-

1121 2099 1288 2133 teressato‚
1315 2103 1375 2125 nec
1411 2098 1460 2125 cst
1494 2092 1559 2125 Deo
1588 2103 1640 2125 res
1666 2098 1774 2134 grata,
1801 2104 1861 2127 nec

1119 2147 1295 2187 meritoria,
1321 2146 1396 2189 quia
1421 2151 1470 2177 est
1490 2146 1572 2178 velle
1590 2155 1717 2178 crucem
1731 2146 1856 2189 sugere.

1161 2210 1236 2233 xvn.
1264 2199 1393 2232 Tradito
1420 2199 1485 2232 Deo
1511 2198 1613 2231 libero
1643 2198 1796 2239 arbitrio,
1828 2204 1861 2231 et

1119 2254 1224 2286 cidem
1262 2253 1374 2286 relicta
1402 2254 1478 2285 eura
1511 2256 1542 2284 ct
1574 2251 1758 2293 cognitione
1791 2252 1859 2285 ani-

1120 2318 1188 2339 mae
1215 2312 1352 2345 nostrae,
1383 2316 1446 2338 non
1474 2310 1523 2337 est
1547 2304 1685 2347 amplius
1710 2304 1860 2338 habenda

1119 2360 1199 2392 ratio
1226 2359 1450 2398 tentationum,
1475 2368 1536 2390 nec
1556 2357 1602 2390 eis
1627 2357 1689 2390 alia
1706 2357 1859 2390 resisten-

1119 2412 1159 2444 tia
1184 2412 1255 2444 sieri
1281 2412 1388 2451 debet,
1407 2411 1469 2443 nisi
1487 2410 1645 2453 negativa,
1659 2411 1748 2443 nulla
1765 2409 1858 2442 adhi-

1118 2465 1183 2496 bita
1197 2464 1376 2504 industria3
1395 2469 1434 2502 et,
1453 2462 1477 2496 si
1495 2468 1609 2496 natura
1625 2467 1856 2503 commovetur,

1156 2580 1166 2607 1
1190 2578 1238 2606 Alii
1257 2579 1350 2616 legunt
1368 2586 1532 2614 eaepurqare
1553 2578 1675 2624 (⁸⁶³2)ss

1871 187 1919 214 An.
1942 187 1971 214 C.
1991 187 2038 215 558
2045 188 2060 216 ἶ
