2111 3157
0 192 45 219 vn.
63 193 93 220 c.
115 181 185 220 πετὲ

15 410 113 430 Ιιι“ιῐ1>ιιὶἰ>·
123 410 178 429 tarta

0 444 9 457 ι
23 438 127 457 metuente
138 436 163 456 X.

777 180 990 216 mouerimus
1012 191 1042 214 xl
1067 178 1127 215 51⁵.-

188 239 339 273 devenire
363 239 456 280 velle,
481 249 547 273 non
571 239 640 273 sine
672 238 809 272 iustitiae
841 239 916 271 snb-

186 292 352 333 versione,
379 304 415 325 ae
449 293 590 336 ipsorum
622 292 780 334 totiusque
805 302 913 324 eorum

187 345 326 378 nationis
351 345 445 378 ruina
469 350 500 378 et
524 343 761 378 destructione:

231 399 317 431 Idem
340 398 485 432 Clemens
510 397 754 441 praedecessor,
784 406 855 438 qui,
882 395 913 427 in

188 462 340 494 supremo
357 451 494 484 iustitiae
519 451 637 484 throno
655 460 672 481 a
688 448 821 482 Domino
839 458 915 481 con-

188 509 334 542 stitutus,
359 503 512 536 iustitiam
538 501 687 535 omnibus
719 502 823 544 aequa
847 502 915 534 lan-

188 567 224 589 ce
255 556 478 589 administrare
507 555 697 594 tenebatur,
728 553 914 586 eorumdem

187 608 438 640 christianorum
462 617 628 640 recursum
652 606 834 639 huiusmodi
861 606 915 638 ad-

187 661 325 700 mittens,
350 671 386 693 ac
410 670 537 693 causam
562 664 594 692 et
618 669 729 691 causas
750 669 916 702 quascum-

189 724 250 757 que
286 718 398 746 contra
426 723 480 745 eos
518 718 549 745 et
582 722 691 744 eorum
718 712 914 754 quemlibet,

188 776 286 808 super
311 765 497 798 criminibus
524 770 556 797 et
576 764 698 797 delictis
716 765 754 797 ad
772 764 915 796 Officium

188 817 405 860 lnquisitionis
450 817 633 849 huiusmodi
675 816 917 858 quomodolibet

189 869 416 912 spectantibus,
446 869 479 901 in
503 869 654 912 praefatis
681 868 789 900 aliisve
814 868 916 900 tribu-

188 922 316 954 nalibus
345 922 599 964 quibuscumque
626 921 777 953 adversus
804 921 916 953 baere-

190 973 283 1006 ticam
316 979 347 1006 et
378 974 583 1017 apostaticam
613 973 799 1016 pravitatem
824 983 917 1015 prae-

190 1026 304 1059 dictam
329 1027 360 1059 in
385 1026 576 1069 supradictis
608 1026 716 1067 regnis
749 1026 833 1057 dicta
864 1036 918 1057 au-

190 1079 336 1112 ctoritate
359 1079 535 1120 institutis,
563 1089 617 1111 seu
644 1089 752 1111 eorum
784 1078 915 1120 aliquo,

173 1136 323 1164 ‘eatenus
349 1131 461 1173 quovis
485 1131 581 1163 modo
606 1135 707 1163 motas
725 1135 756 1162 et
780 1130 918 1172 penden-

190 1189 250 1224 tes,
276 1183 308 1215 in
333 1189 413 1215 statu
432 1189 462 1216 et
482 1183 625 1215 terminis
652 1183 684 1214 in
709 1182 823 1225 quibus
844 1188 918 1214 tunc

192 1236 434 1279 quomodolibet
469 1235 724 1278 reperiebantur,
755 1235 792 1267 ad
818 1245 850 1266 se
888 1240 919 1266 et

192 1288 230 1320 ad
254 1288 368 1320 Sedem
393 1287 568 1330 praefatam
594 1297 740 1326 avocans,
766 1286 918 1328 ipsasque

191 1349 309 1379 causas,
328 1349 398 1370 cum
418 1339 565 1371 omnibus
587 1344 618 1371 et
636 1338 772 1380 singulis
792 1338 917 1370 illarum

191 1391 418 1430 accidentibus,
445 1391 702 1432 emergentibus,
729 1390 861 1423 annexis
887 1395 919 1422 et,

190 1443 354 1483 connexis,
374 1449 505 1486 totoque
522 1443 651 1485 negotio
669 1442 848 1485 principali,
861 1453 919 1485 per

191 1495 477 1538 Congregationem
518 1495 750 1528 venerabilium
788 1495 917 1527 fratrum

192 1554 374 1581 nostrorum
395 1554 469 1580 tunc
494 1559 625 1581 suorum
646 1548 676 1580 S.
700 1548 735 1580 R.
755 1548 788 1580 E.
816 1548 920 1580 cardi-

192 1601 313 1634 nalium
354 1601 387 1633 in
430 1603 494 1634 tota
537 1602 703 1644 republica
744 1600 919 1633 christiana

193 1653 392 1695 generalium
416 1653 640 1696 inquisitorum
665 1652 818 1684 adversus
842 1653 920 1685 liac-

192 1705 324 1738 reticam
357 1711 388 1738 et
409 1705 615 1748 apostaticam
649 1705 836 1747 pravitatem
862 1705 920 1736 liu-

192 1756 329 1789 iusmodi
350 1768 366 1789 a
397 1757 476 1790 Sede
509 1758 651 1800 praefata
682 1758 917 1800 deputatorum,

193 1809 241 1841 cui
274 1809 403 1842 easdem
435 1820 543 1842 causas
574 1810 776 1842 commiserat
806 1815 837 1842 et
868 1811 920 1843 de-

191 1862 415 1903 mandaverat,
441 1863 560 1903 audiri,
593 1865 761 1905 cognosci,
795 1864 916 1904 decidi,

192 1913 321 1957 fineque
346 1915 465 1954 debito,
490 1921 587 1958 prout
618 1916 695 1948 iuris
728 1917 822 1956 foret,
858 1922 920 1948 ter-

193 1966 307 1999 minari
346 1968 464 2000 debere
500 1968 630 2001 omnino
666 1969 792 2008 volens,
829 1974 917 2001 motu

194 2018 337 2061 proprio,
364 2030 399 2052 ac
420 2030 455 2053 ex
481 2023 566 2053 certa
589 2021 721 2053 scientia
741 2026 772 2053 et
796 2024 920 2053 matura

195 2072 427 2105 d<liberatione
463 2073 543 2113 suis,
583 2074 687 2117 deque
726 2075 918 2117 apostolicae

193 2124 363 2167 potestatis
386 2125 600 2167 plenitudine,
622 2132 799 2159 memorato
824 2127 918 2160 Petro

193 2177 439 2220 archiepiscopo
457 2177 638 2221 inquisitori
664 2179 804 2221 generali
823 2190 859 2211 ac
875 2191 920 2212 rc·
939 2193 941 2200 ·

192 2229 287 2272 liquis
317 2230 560 2273 inquisitoribus
592 2232 743 2275 praefatis
776 2233 919 2265 districte

193 2282 342 2324 inhibuit,
360 2293 411 2323 ne,
432 2285 528 2316 causa
552 2289 583 2317 et
607 2285 708 2318 causis
732 2285 918 2318 huiusmodi

193 2334 226 2366 in
249 2336 392 2379 praefata
422 2337 630 2370 cardinalium
661 2337 918 2380 Congregatione

194 2388 429 2429 pendentibus,
468 2394 521 2422 aut
558 2390 635 2423 alias
675 2392 921 2433 quomodolibet

195 2440 298 2473 donec
331 2447 362 2474 et
390 2453 555 2485 quousque
587 2443 735 2485 specialis
767 2454 919 2487 expressa

195 2491 332 2536 desuper
365 2494 402 2525 ab
437 2495 508 2536 ipso
537 2495 700 2527 Clemente
732 2497 920 2538 praedoctu-

193 2553 268 2579 sore
291 2550 322 2578 et
346 2547 456 2580 eadem
489 2547 568 2580 Sede
601 2548 729 2580 licentia
763 2549 808 2580 eis
845 2560 919 2581 con-

958 249 1048 271 cessa
1073 230 1191 279 fuisset,
1218 238 1257 272 ad
1282 238 1381 272 ullum
1415 239 1553 272 similem
1583 243 1691 271 actum

959 290 1005 332 (ut
1022 292 1150 334 vocant)
1167 291 1244 332 fidei
1266 292 1404 324 ullamve
1428 290 1689 334 publicationem,

957 344 1252 386 promulgationem
1296 350 1349 377 aut
1379 344 1603 378 executionem
1634 353 1692 375 no-

957 405 1066 428 varum
1078 397 1312 429 sententiarum
1330 406 1600 439 quarumcumque
1619 405 1692 427 con·

958 452 1005 479 tra
1028 448 1190 490 praefatos
1210 449 1409 482 Christianos
1427 448 1530 481 Novos
1547 452 1581 479 ut
1601 457 1693 490 prae-

958 500 1058 532 fertur
1081 501 1252 544 inquisitos
1288 513 1343 535 seu
1379 506 1542 534 accusatos
1566 500 1614 532 vel
1641 499 1692 531 dc·

958 553 1126 586 nunciatos
1162 559 1193 586 et
1228 554 1261 586 in
1297 554 1480 587 carceribus
1515 551 1690 596 praedictis

959 604 1118 645 detentos,
1145 610 1200 638 aut
1216 605 1347 638 illorum
1367 606 1516 649 aliquem,
1536 603 1690 638 devenire

957 657 1024 689 ullo
1054 658 1149 690 modo
1183 659 1367 699 auderent,
1402 669 1509 701 neque
1538 657 1598 701 ipsi
1636 661 1692 689 aut

959 719 1068 741 eorum
1092 710 1218 753 aliquis,
1245 721 1300 743 seu
1325 711 1467 753 ipsorum
1501 717 1532 743 et
1563 708 1692 742 cuiusli-

958 761 1011 793 bet
1035 772 1146 794 eorum
1172 763 1351 806 respective
1384 763 1572 801 consiliarii,
1604 772 1693 794 com-

959 813 1105 853 missarii,
1121 820 1347 857 procuratores
1356 815 1487 854 fiscales
1499 823 1691 851 assessores,

960 866 1087 906 notarii,
1112 867 1256 906 actuarii,
1282 866 1446 909 ceterique
1473 866 1625 899 officiales
1661 871 1693 897 et

960 920 1107 958 ministri,
1134 926 1244 952 contra
1268 920 1356 963 ipsos
1377 926 1431 952 aut
1447 931 1558 953 eorum
1579 929 1692 962 quem-

961 973 1057 1013 libet,
1096 974 1266 1005 illorumve
1302 979 1334 1005 et
1373 973 1545 1005 cuiuslibet
1579 981 1691 1004 eorum

960 1026 1138 1067 respective
1164 1026 1346 1065 advocatos,
1371 1020 1609 1068 procuratores
1632 1024 1694 1056 sol-

961 1077 1147 1118 licitatoreS,
1170 1083 1312 1120 agentes,
1336 1088 1390 1109 scu
1416 1077 1617 1119 negotiorum
1638 1086 1693 1117 ge-

962 1134 1078 1169 stores,
1104 1135 1159 1162 aut
1183 1131 1259 1162 alias
1286 1129 1529 1172 quomodolibet
1560 1137 1619 1170 pro
1645 1127 1692 1159 eis

962 1182 1222 1223 intervenientes,
1249 1183 1360 1225 quovis
1378 1183 1483 1221 modo,
1503 1182 1623 1214 directe
1641 1180 1692 1213 vel

962 1234 1117 1266 indirecte
1149 1245 1204 1266 seu
1229 1235 1306 1266 alias
1332 1234 1591 1277 quomodolibet,
1623 1233 1693 1276 qui-

961 1297 1073 1328 cquam
1099 1287 1173 1318 novi
1191 1291 1348 1319 attentare
1366 1287 1415 1318 vel
1433 1286 1586 1318 innovare
1604 1295 1695 1328 prae-

961 1343 1138 1378 sumerent,
1156 1338 1225 1381 ipse
1238 1339 1323 1370 enim
1339 1338 1485 1371 Clemens
1501 1337 1696 1380 praedeces-

961 1401 1017 1422 sor
1041 1390 1162 1423 eisdem
1187 1391 1328 1432 generali
1356 1395 1387 1423 et
1410 1389 1546 1431 reliquis
1566 1388 1697 1431 inquisi-

963 1443 1095 1483 toribus,
1120 1453 1298 1485 eorumque
1330 1448 1362 1475 et
1386 1442 1558 1475 cuiuslibet
1582 1451 1696 1473 eorum

961 1496 1138 1539 respective
1153 1495 1352 1535 consiliariis,
1369 1494 1610 1533 commissariis,
1625 1503 1696 1536 pro-

961 1549 1163 1581 curatoribus
1187 1548 1360 1588 fiscalibus,
1386 1548 1615 1586 assessoribus,
1637 1557 1696 1579 no-

963 1602 1063 1641 tariis,
1095 1600 1257 1640 actuariis,
1289 1600 1473 1642 ceterisque
1504 1599 1695 1632 officialibus

962 1661 992 1687 et
1010 1654 1162 1687 ministris
1182 1653 1363 1696 praedictis,
1382 1653 1412 1684 in
1434 1653 1549 1685 virtute
1567 1657 1694 1684 sanctae

962 1707 1166 1740 obedientiae
1191 1705 1336 1738 districte
1358 1705 1525 1747 praecepit
1550 1709 1581 1737 et
1605 1715 1696 1736 man-

962 1760 1054 1799 davit,
1080 1765 1114 1790 ut
1138 1758 1394 1801 quibuscumque
1420 1757 1589 1796 mandatis,
1609 1757 1695 1789 ordi-

961 1812 1145 1844 nationibus
1169 1817 1199 1843 et
1224 1810 1361 1843 decretis
1387 1810 1490 1842 dictae
1515 1809 1696 1851 Congrege-

963 1863 1057 1897 tionis
1081 1864 1291 1897 cardinalium
1318 1863 1351 1895 in
1377 1865 1471 1895 causa
1501 1873 1558 1895 seu
1588 1863 1693 1894 causis

962 1917 1147 1949 huiusmodi
1173 1922 1306 1949 eatenus
1341 1917 1449 1948 forsan
1482 1915 1637 1947 emanatis
1664 1920 1695 1947 et

962 1971 1171 2013 imposterum
1187 1980 1289 2012 usque
1308 1970 1346 2001 ad
1364 1968 1459 2001 finem
1475 1974 1505 2001 et
1523 1968 1695 2000 terminum

963 2023 1146 2055 earumdem
1165 2033 1329 2054 causarum
1348 2022 1595 2065 quomodolibet
1612 2031 1695 2053 ema-

962 2076 1094 2115 naturis,
1121 2076 1207 2108 omni
1232 2078 1334 2115 mora,
1358 2075 1523 2114 dilatione,
1541 2074 1696 2116 tergiver-

962 2129 1098 2169 satione,
1136 2128 1351 2171 oppositione,
1378 2133 1409 2159 et
1439 2127 1695 2160 contradictione

962 2180 1153 2223 postpositis
1183 2186 1214 2213 et
1243 2180 1387 2219 remotis,
1422 2184 1581 2222 prompte,
1615 2179 1695 2211 sicut

962 2233 1093 2265 devotos
1118 2233 1220 2264 dictae
1245 2232 1336 2264 Sedis
1360 2232 1443 2264 filios
1474 2233 1577 2271 decet,
1604 2241 1695 2274 pare-

962 2290 1053 2324 rent,
1094 2295 1153 2317 nec
1188 2285 1243 2317 illa
1283 2294 1433 2316 eorumve
1473 2283 1694 2316 executionem

963 2337 1207 2380 quomodolibet
1231 2337 1399 2380 impedire,
1419 2342 1472 2369 aut
1496 2336 1560 2369 illis
1585 2336 1617 2368 in
1648 2335 1695 2367 iu—

963 2390 1046 2423 dicio
1081 2391 1130 2422 vel
1156 2396 1244 2422 extra
1275 2390 1354 2422 illud
1379 2400 1413 2422 se
1438 2400 1605 2432 opponere
1641 2395 1695 2421 aut

962 2443 1185 2475 contradicere
1220 2444 1288 2475 ullo
1324 2443 1421 2474 modo
1456 2443 1613 2474 auderent
1637 2452 1694 2474 seu

962 2501 1225 2538 praesumerent3
1261 2495 1405 2538 alioquin
1438 2496 1543 2527 dietus
1580 2495 1692 2527 Petrus

962 2548 1227 2591 archiepiscopus
1251 2549 1425 2592 inquisitor
1449 2548 1608 2590 generalis
1626 2557 1695 2582 sus-

1611 173 1649 212 21
1700 178 1748 217 ini.
1770 182 1800 216 c.
1818 175 1885 216 '1‘676
