2111 3157
56 195 114 225 tin..
129 196 159 226 c.
177 196 245 239 tosa

831 190 1048 226 ‘misecamus
1071 202 1101 224 xi
1126 200 1163 224 Pr

251 246 409 281 mittinius
434 254 466 281 et
490 248 633 282 districte
657 249 857 290 mandamus,
883 254 917 281 ut
934 259 983 281 su-

250 310 311 344 pra
335 301 475 345 scriptas
500 302 624 335 litteras
644 307 791 346 patentes
808 302 906 345 patris
924 301 983 334 mi-

249 352 343 386 nistri
368 355 540 397 generalis,
567 365 702 398 quarum
727 360 871 388 tenorem
888 364 982 397 prae-

250 405 333 438 senti
373 411 485 440 nostro
528 407 658 440 decreto
697 407 911 450 approbamus
951 411 981 438 et

232 458 488 505 confirmamus,
502 459 641 493 fideliter
660 463 871 502 exequantur,
892 465 920 492 et
942 459 982 501 ab

243 507 408 551 'omnibus,
426 512 464 544 ad
486 522 566 555 quos
582 516 714 555 spectat,
733 512 765 543 in
791 511 980 554 obsequium

248 564 433 606 praedictae
465 574 574 597 sacrae
609 563 873 606 Congregationis
908 574 981 596 exe-

248 616 303 659 qui
336 622 367 649 et
398 616 626 650 inviolabiliter
662 616 827 649 observari
854 616 980 655 saciant,

248 678 318 702 cum
342 669 490 702 facultate
516 669 713 712 procedendi
739 668 893 701 adversus
916 668 980 700 ino-

246 721 414 755 bedientes
440 727 471 755 et
486 722 626 755 rebelles
647 722 685 754 ad
704 731 856 754 censuras
880 722 981 754 eccle-

247 774 391 809 siasticas
415 776 560 818 aliasque
580 785 703 818 poenas
727 774 759 807 in
783 773 909 807 statutis
925 774 981 807 Or-

248 827 330 861 dinis
353 828 579 871 praescriptas,
605 828 695 860 nulla
719 827 765 860 eis
785 826 979 869 suffragante

247 881 474 925 appellatione,
491 892 585 924 quarn
599 881 723 924 pariter
738 881 772 913 in
785 881 979 923 obsequium

234 930 390 967 'eiusdem
414 944 523 967 sacrae
548 933 815 977 congregationis
845 934 885 965 ab
910 933 978 966 eius

78 1369 154 1390 Preces
173 1370 234 1399 mini-

50 1397 87 1416 utri
117 1396 234 1421 generata.
258 1413 263 1419 ,

51 1424 72 1441 rt
102 1423 233 1444 cuntirmwio

50 1448 163 1470 Panum-is.

248 986 368 1020 decreti
404 987 593 1021 executione
629 987 735 1020 iuxtra
773 987 909 1020 sormam
948 987 979 1019 in

247 1039 340 1073 dictis
364 1040 481 1074 litteris
515 1039 702 1084 patentibus
732 1049 917 1083 expressam
942 1050 979 1072 ex

246 1103 333 1127 nunc
345 1093 580 1134 interdicimus,
595 1104 759 1127 cassamus
778 1098 810 1126 et
834 1094 980 1126 annulla-

245 1157 326 1180 mus.
341 1147 410 1180 Non
429 1147 632 1180 obstantibus
652 1147 685 1180 in
698 1146 893 1180 contrarium
915 1146 979 1188 qui-

245 1198 456 1243 buscumque.
483 1200 604 1233 Rornae
622 1199 672 1232 die
690 1209 767 1233 xvni
784 1199 978 1242 septembris

244 1263 439 1287 moctxxxui.
457 1271 501 1276 —
517 1253 554 1286 A.
570 1252 743 1286 cardinalis
766 1251 852 1285 CYsso
870 1257 980 1295 prote-

244 1312 324 1340 ctor.
350 1307 459 1340 tosus.
482 1306 635 1339 BAPrisTA
656 1305 771 1338 Rusci.

288 1361 302 1404 ἓ
326 1359 357 1393 2.
385 1359 460 1394 Cum
480 1364 596 1399 autem,
623 1359 706 1391 sicut
723 1359 837 1392 eadem
852 1359 981 1401 exposi-

245 1420 287 1447 no
313 1413 539 1456 subiungebat,
567 1414 730 1456 praetatus
755 1411 868 1444 Petrus
889 1411 979 1445 Mari-

243 1477 304 1499 nus
329 1466 477 1499 minister
503 1465 674 1508 generalis,
699 1464 887 1509 praemissa,
913 1475 976 1507 qno

242 1519 362 1553 firmius
383 1519 559 1552 subsistant
582 1523 613 1552 et
637 1523 808 1551 serventur
825 1517 975 1557 exactius,

243 1573 441 1616 apostolicae
474 1571 724 1605 confirmationis
754 1576 884 1604 nostrae
909 1581 977 1603 mu-

243 1626 364 1660 nimine
389 1625 601 1665 corrobomri,
619 1635 824 1667 summopere
850 1624 977 1657 deside-

243 1684 310 1712 ret:
335 1689 410 1719 nos,
443 1678 614 1721 specialem
641 1677 702 1720 ipsi
735 1677 830 1709 Petro
855 1676 975 1709 Marino

243 1731 393 1764 ministro
419 1731 562 1774 generali
588 1731 721 1772 gratiam
749 1730 850 1762 facere
867 1730 976 1762 volen-

242 1790 299 1824 tes,
326 1795 462 1828 eumque
488 1794 505 1815 a
529 1783 692 1827 quibusvis
719 1783 976 1816 exeommunica-

242 1838 348 1878 tionis,
366 1836 588 1880 suspensionis
605 1841 634 1869 et
651 1835 824 1875 interdicti,
838 1835 974 1878 aliisque

243 1889 467 1923 ecclesiasticis
487 1888 667 1927 sententiis,
691 1888 833 1921 censuris
851 1893 883 1920 et
898 1898 976 1931 poe-

242 1942 302 1983 nis,
321 1953 338 1975 a
355 1942 426 1975 iure
450 1942 499 1975 vel
524 1941 563 1973 ab
581 1941 723 1980 homine,
750 1940 861 1984 quavis
885 1951 976 1974 occa-

241 1996 331 2029 sione
355 1997 405 2029 vel
431 1997 526 2029 causa
549 1995 633 2035 latis,
658 1995 817 2037 siquibus
842 2005 976 2037 quomo-

241 2048 363 2082 dolibet
396 2049 569 2081 innodatus
604 2048 718 2087 existit,
756 2048 794 2080 ad
829 2047 975 2080 et‘t'ectum

241 2102 461 2145 praesentium
498 2102 662 2134 dumtaxat
699 2101 976 2143 consequendum,

242 2156 358 2188 inarum
394 2154 477 2187 serie
510 2155 713 2187 absolventes
737 2160 769 2187 et
792 2154 976 2186 absolutum

241 2208 309 2241 sore
327 2212 504 2247 censentes,
523 2207 812 2250 supplicationibus
830 2207 900 2240 eins
919 2217 976 2240 no-

241 2261 327 2293 mine
361 2260 453 2294 nobis
489 2270 586 2303 super
620 2260 683 2292 hoc
714 2259 879 2293 humiliter
903 2271 977 2303 por·

240 2314 336 2347 rectis
361 2313 516 2353 inclinati,
541 2318 687 2356 patentes
713 2313 857 2345 eiusdem
891 2314 975 2346 Petri

240 2366 353 2399 Marini
378 2366 513 2398 ministri
538 2365 699 2408 generalis
718 2365 839 2398 litteras
859 2371 891 2399 et
908 2377 978 2399 me-

242 2420 355 2452 morati
380 2419 532 2452 Atderani
563 2419 708 2462 episcopi
735 2419 910 2453 cardinalis
947 2425 978 2452 et

242 2472 433 2515 protectoris
458 2472 626 2505 decretum
662 2472 872 2515 praeinsertu,
907 2483 977 2506 cum

241 2525 392 2558 omnibus
418 2531 450 2558 et
474 2525 611 2567 siugulis
648 2526 680 2557 iu
717 2526 762 2557 eis
797 2526 976 2569 respective

243 2578 412 2616 contentis,
438 2578 629 2611 anctoritate
651 2578 838 2621 apostolica,
866 2584 977 2612 tenore

331 2641 409 2667 Ball.
434 2641 514 2669 lium.
533 2655 563 2660 —‹
584 2641 642 2668 Vol.
668 2642 737 2669 XtX.
886 2640 918 2668 CO

1660 188 1715 220 5th

1026 252 1263 290 praesentium,
1290 247 1518 282 confirmamus
1544 251 1576 278 et
1601 246 1761 289 afflueba-

1025 311 1110 340 mus,
1152 301 1280 343 illisque
1321 299 1518 333 inviolabilis
1560 298 1758 342 apostolicae

1024 353 1182 386 firmitatis
1207 354 1317 386 robur.
1333 353 1509 391 adjicimus,
1532 362 1567 384 ac
1591 362 1704 384 ouines
1729 356 1759 384 et

1023 406 1170 449 singulos
1195 406 1272 439 iuris
1298 411 1329 439 et
1354 405 1426 439 facti
1453 406 1605 445 desectus,
1642 404 1668 437 si
1703 405 1757 447 qui

1024 452 1161 502 desuper
1177 457 1674 502 quomodolibetintervenerint,
1689 467 1758 500 sup-

1023 513 1162 553 plenius.

1067 564 1081 607 §
1106 563 1138 597 3.
1165 563 1385 597 Decernentes
1411 565 1540 597 casdem
1570 569 1757 608 praesentes

1024 617 1145 649 litteras
1169 627 1296 659 semper
1320 617 1434 656 lirinus,
1454 617 1573 651 validas
1599 622 1630 649 et
1654 617 1757 650 ellicu-

1023 680 1075 702 ces
1100 670 1237 702 existere
1264 674 1295 702 et
1320 669 1397 709 sore,
1423 680 1566 712 suosque
1592 670 1756 712 plenarios

1024 728 1055 754 et
1080 722 1224 764 integros
1250 721 1382 754 effectus
1408 722 1517 754 sortiri
1543 728 1573 755 ct
1599 723 1756 762 obtinere,

1023 786 1058 808 ac
1083 776 1122 808 ab
1148 775 1298 807 omnibus
1319 780 1351 808 et
1367 775 1515 817 singulis,
1534 775 1572 808 nd
1592 786 1673 818 quos
1692 786 1757 818 spe-

1023 833 1087 861 ctat
1111 833 1143 861 et
1168 828 1328 871 spectabit
1352 829 1384 860 in
1411 829 1561 868 futurum,
1588 828 1758 860 inviolabi-

1023 881 1095 915 liter
1130 882 1318 921 observari,
1357 882 1466 924 sicque
1502 881 1535 914 in
1571 881 1757 924 praemissis

1022 945 1079 977 per
1103 945 1326 978 quoscumque
1357 934 1479 967 iudices
1511 934 1693 967 ordinarios
1725 939 1758 967 et

1023 988 1205 1030 delegatos,
1234 987 1328 1020 etium
1355 998 1519 1020 causarum
1544 987 1654 1030 palatii
1680 998 1758 1031 apo-

1023 1040 1126 1074 stolici
1145 1040 1323 1080 auditores,
1342 1040 1474 1073 iudicari
1501 1045 1532 1073 et
1557 1040 1682 1073 definiri
1708 1041 1758 1073 de-

1022 1093 1122 1134 bere,
1150 1104 1186 1126 ac
1210 1093 1340 1126 irritum
1366 1098 1397 1126 et
1422 1093 1518 1126 inune
1549 1093 1573 1125 si
1594 1103 1685 1125 secus
1706 1104 1758 1125 su-

1023 1157 1080 1189 per
1105 1147 1154 1180 his
1179 1158 1196 1179 a
1221 1157 1393 1190 quoquam,
1420 1146 1530 1189 quavis
1555 1146 1755 1185 auctoritate,

1023 1200 1161 1233 scienter
1181 1200 1230 1232 vel
1252 1200 1448 1242 ignoranter,
1467 1198 1639 1241 contigerit
1655 1204 1757 1231 atten-

1024 1253 1095 1286 tari.

1066 1306 1080 1348 ἓ
1100 1306 1130 1338 4.
1151 1305 1218 1338 Non
1244 1305 1447 1338 obstantibus
1472 1304 1755 1339 constitutionibus

1022 1364 1051 1391 et
1078 1358 1337 1392 ordinationibus
1357 1358 1554 1401 apostolicis,
1576 1369 1622 1398 ac,
1645 1363 1756 1401 quate-

1022 1423 1079 1445 nus
1098 1423 1179 1455 opus
1193 1412 1243 1451 sit,
1261 1411 1619 1455 praesutoi·1=.1uOrdinis
1634 1418 1663 1444 et
1683 1423 1756 1455 pro—

1021 1465 1208 1504 vinciarum,
1235 1465 1331 1497 etiam
1362 1465 1553 1503 iuramento,
1586 1464 1755 1497 confirma-

1022 1519 1106 1551 tione
1125 1518 1309 1560 apostolica,
1328 1518 1376 1549 vel
1395 1516 1504 1559 quavis
1526 1516 1677 1549 firmitate
1695 1517 1755 1549 alizi

1020 1571 1203 1610 roboratis,
1229 1570 1352 1603 statutis
1378 1575 1406 1602 et
1443 1569 1753 1607 consuetiutinilius,

1019 1623 1193 1666 privilegiis
1229 1633 1377 1667 quoque,
1411 1622 1544 1655 indultis
1577 1628 1607 1654 et
1639 1622 1754 1655 litteris

1019 1677 1204 1725 apostolicis
1229 1677 1261 1710 in
1287 1675 1484 1709 contrarium
1505 1675 1753 1718 praemissorum

1019 1729 1266 1773 quomodolibet
1290 1729 1471 1768 concessis,
1504 1727 1698 1760 confirmatis
1725 1733 1757 1760 ct.

1020 1782 1200 1821 innovatis3
1228 1781 1344 1824 quibus
1371 1780 1520 1813 omnibns
1546 1785 1577 1812 et
1601 1780 1754 1823 singulis,

1019 1835 1148 1867 illorum
1174 1839 1304 1867 tenores
1329 1833 1557 1876 praesentibus
1577 1844 1637 1876 pro
1658 1834 1755 1876 plene

1020 1892 1050 1920 et
1068 1886 1268 1919 sufficienter
1297 1885 1457 1928 expressis
1480 1896 1516 1918 uc
1538 1886 1577 1917 de
1600 1887 1697 1918 verbo
1715 1886 1754 1918 :id

1018 1939 1150 1973 verbum
1176 1938 1307 1971 insertis
1334 1938 1502 1977 habentes,
1528 1937 1601 1975 illis¹
1619 1935 1696 1970 alins
1722 1938 1755 1970 in

1019 2003 1077 2025 suo
1102 1992 1222 2025 robore
1247 1991 1480 2034 permansuris,
1502 1991 1540 2023 ad
1565 1991 1754 2033 praemisso·

1019 2056 1089 2078 rum
1115 2046 1278 2084 effectum,
1306 2045 1366 2076 liae
1389 2043 1457 2076 rice
1483 2044 1658 2084 dumtaxat,
1684 2054 1755 2086 spe-

1019 2099 1143 2132 cialiter
1175 2103 1207 2130 et
1236 2107 1388 2140 expresse
1418 2097 1635 2138 derogamus,
1670 2101 1754 2129 cete-

1019 2152 1127 2195 risque
1152 2150 1323 2184 contrariis
1349 2150 1619 2193 spiibuseumque,

1062 2205 1175 2237 Datum
1202 2205 1332 2243 Romae,
1361 2204 1446 2246 apud
1471 2203 1501 2235 S.
1536 2203 1666 2236 Mariam
1693 2203 1755 2235 Ma-

1019 2259 1132 2297 iorem,
1172 2257 1232 2289 sub
1268 2257 1388 2289 annul-o
1417 2254 1605 2295 Piseaturis,
1641 2255 1693 2288 die
1726 2266 1754 2289 tv

1019 2310 1162 2345 octobris
1192 2320 1386 2350 unotxxxiu,
1413 2309 1616 2352 pontificatus
1653 2310 1754 2342 nostri

1020 2374 1104 2397 anno
1128 2373 1196 2396 vtu.

1056 2426 1113 2453 Dat.
1130 2425 1173 2453 die
1190 2425 1203 2451 4
1219 2424 1337 2452 octobris
1355 2424 1431 2459 1083,
1450 2424 1543 2460 pontis.
1562 2433 1632 2451 auno
1649 2431 1706 2451 vui.

1768 196 1815 223 An.
1838 196 1865 223 C.
1885 196 1950 224 1083

1766 1338 1829 1363 dem„

1794 575 1916 599 Clausulas.

1818 1310 1949 1332 obstantium

1801 1343 1883 1357 ·“·’;ιιΙυ.
