2111 3157
0 222 64 250 Ἁη.
83 221 112 248 G.
130 219 196 247 ¹688

198 272 266 301 tum
290 278 324 301 se
345 266 535 306 exhibuerit,
554 266 593 299 de
618 267 716 299 rebus
734 276 801 298 Stlls
819 266 928 309 dispo-

198 330 275 353 nere
299 320 461 353 iubeatur.
494 320 584 359 Quod
619 325 654 352 ut
688 319 789 352 libere
826 319 928 358 faciat,

197 373 303 405 nullus
323 373 418 406 debet
435 373 474 406 ab
492 383 530 405 eo
548 371 672 415 aliquid
691 372 729 405 de
746 371 843 405 rebus
863 371 929 403 suis

196 426 382 469 postulare,
419 425 515 458 etiam
551 425 669 458 intuitu
705 425 929 467 eleemosynae

195 478 387 521 propinquis
411 483 465 511 aut
484 478 555 511 aliis
581 477 718 511 dandae.

238 540 281 563 xi.
307 530 376 564 Non
401 530 499 563 debet
527 529 623 563 etiam
656 529 794 562 novitius
819 528 850 561 in
877 528 927 561 die

195 594 272 616 suae
296 584 508 627 professionis
532 583 655 626 aliquid
686 583 761 615 dare
794 592 852 624 pro
884 581 929 624 pi-

194 636 293 669 tantia
309 641 365 669 aut
380 636 640 669 consectionibus
656 634 829 668 conventui
850 635 926 667 dan-

194 689 253 729 dis,
278 699 337 722 nec
361 689 401 721 ad
425 688 662 732 professionem
695 698 784 720 suam
815 697 927 730 paren-

192 748 240 776 tes
266 754 342 776 suos
366 749 420 776 aut
443 743 563 776 amicos
582 751 773 781 convocare,
792 751 844 779 ne,
862 751 925 782 quo

193 796 245 829 die
270 797 365 830 debet
390 796 558 829 mundanis
576 796 671 828 rebus
697 794 925 828 abrenuntiare

192 854 224 881 et
241 849 305 882 Deo
323 849 393 888 soli,
413 848 462 882 cui
488 859 521 881 se
548 853 649 882 totum
667 849 811 888 devovet,
836 857 926 879 vaca-

191 912 237 941 re,
265 901 303 934 ad
329 912 458 934 carnem
485 907 515 934 et
539 901 696 934 mundum
713 900 922 933 distrahatur.

234 964 290 987 xn.
323 954 503 994 Postremo,
526 953 551 986 si
580 952 837 997 perseveraverit
860 953 925 994 pul·

191 1017 277 1046 sam,
297 1012 549 1046 commoneatur,
567 1006 655 1049 quod
674 1006 712 1038 ad
731 1005 859 1038 missam
884 1005 925 1037 sit

190 1058 426 1102 professionem
452 1059 594 1092 facturus
619 1064 651 1091 et
675 1058 925 1091 communicatu-

190 1122 245 1144 rus
283 1111 381 1151 Tunc,
399 1112 423 1144 si
445 1112 589 1145 scribere
610 1111 740 1150 nesciat,
758 1116 851 1153 roget
867 1110 924 1143 ali-

191 1174 286 1207 quem
313 1175 370 1198 ore
395 1165 542 1208 proprio,
570 1170 604 1196 ut
634 1175 724 1197 suam
749 1163 924 1207 professio-

190 1226 264 1249 nem
284 1217 407 1259 vulgari
433 1217 542 1259 lingua
560 1216 620 1249 sibi
637 1216 764 1254 scribat,
784 1216 816 1248 in
833 1215 922 1249 cuius

189 1268 253 1301 fine
270 1268 409 1311 ipsemet
432 1280 527 1302 manu
552 1269 686 1312 propria
706 1269 833 1311 signum
853 1279 923 1301 cru-

187 1322 233 1356 cis
258 1322 422 1365 depingat,
440 1333 534 1365 quam
560 1322 656 1355 etiam
680 1332 775 1354 manu
793 1326 923 1364 gestans

189 1380 265 1417 post
290 1375 490 1416 evangelium
512 1380 542 1407 et
565 1374 767 1407 offertorium
791 1374 830 1406 ad
856 1384 924 1406 cor-

189 1436 232 1459 nu
258 1427 416 1470 epistolae
439 1427 692 1470 appropinquet,
719 1436 854 1469 eamque
884 1425 924 1458 si-

190 1485 243 1512 cut
267 1484 315 1512 est
339 1479 371 1512 in
396 1479 464 1512 eius
489 1480 620 1512 dextera
644 1489 739 1511 manu
769 1478 921 1511 diaconus

190 1532 313 1564 cunctis
338 1532 544 1565 audientibus
576 1533 679 1574 legat,
701 1531 725 1564 si
752 1531 842 1574 ipse,
869 1532 922 1574 qui

190 1585 427 1628 professionem
464 1591 514 1618 est
536 1586 675 1618 facturus
693 1611 700 1625 ,
724 1586 833 1627 legere
859 1595 922 1617 non

191 1638 292 1679 novit,
320 1639 380 1671 sub
406 1639 465 1671 hac
490 1639 615 1672 forma:

234 1701 302 1724 xm.
335 1703 348 1722 «
369 1691 435 1734 Ego
464 1691 562 1724 frater
593 1691 630 1724 N.
661 1691 817 1734 promitto
847 1690 925 1723 obe-

192 1743 357 1783 dientiam,
380 1749 411 1776 et
429 1744 675 1777 conversionem
692 1755 818 1777 morum
843 1754 926 1776 meo-

191 1807 274 1837 rum,
299 1801 331 1829 et
347 1797 620 1840 perseverantiam
638 1796 788 1830 omuibus
814 1797 926 1829 diebus

192 1849 276 1883 vitae
300 1859 390 1882 meae
412 1849 442 1882 in
470 1850 529 1883 hac
548 1860 665 1890 eremo,
685 1860 794 1883 coram
813 1850 877 1882 Deo
897 1855 927 1882 et

192 1902 316 1935 Sanctis
350 1902 420 1936 eius
451 1909 482 1935 et
514 1902 659 1946 reliquiis
690 1903 781 1935 istius
818 1902 925 1942 eremi,

193 1965 276 1998 quae
297 1960 479 1988 constructa
503 1960 553 1988 est
572 1956 609 1988 ad
635 1955 795 1988 honorem
820 1955 874 1987 Dei
896 1960 928 1988 et

194 2008 397 2042 beatissimae
429 2018 557 2051 semper
586 2008 724 2050 Virginis
750 2007 866 2040 Mariae
897 2012 928 2040 et

195 2061 296 2094 sancti
332 2061 462 2094 Ioannis
498 2061 678 2103 Baptistae,
714 2071 775 2103 pro
812 2061 927 2093 timore

196 2115 317 2148 domini
342 2113 447 2147 nostri
478 2114 546 2146 Iesu
571 2113 687 2146 Christi
722 2120 754 2146 et
783 2112 927 2146 remedio

197 2168 321 2201 animae
346 2177 458 2200 meae:
483 2166 515 2199 in
539 2166 724 2209 praesentia
744 2167 864 2199 domini
889 2166 924 2199 N.

197 2220 328 2264 prioris.
346 2219 436 2257 Quod
453 2219 479 2252 si
501 2219 607 2261 aliquo
625 2224 769 2262 tempore
789 2230 930 2262 unquam

198 2274 276 2307 hinc
292 2272 444 2315 aufugere
462 2272 512 2304 vel
528 2271 618 2304 abire
643 2275 819 2309 tentavero,
836 2272 930 2305 liceat

199 2326 296 2359 servis
313 2325 377 2366 Dei,
397 2325 449 2369 qui
474 2325 528 2357 hic
552 2323 679 2363 fuerint,
698 2334 748 2356 me
767 2325 864 2367 plena
881 2324 930 2356 sui

199 2379 277 2412 iuris
301 2377 489 2412 auctoritate
514 2376 689 2420 requirere,
708 2381 739 2409 et
762 2381 871 2409 coacte
896 2387 932 2409 ac

199 2431 359 2465 violenter
383 2431 415 2463 in
436 2440 528 2463 suum
545 2428 710 2462 servitium
734 2438 883 2462 revocare
898 2442 928 2462 ».

242 2494 304 2518 x1v.
327 2484 404 2517 Post
427 2483 507 2516 haec
532 2482 616 2514 hane
645 2480 745 2523 ipsam
774 2483 931 2515 cartulam

201 2537 317 2572 offerat
340 2547 437 2580 super
461 2536 576 2575 altare,
602 2539 633 2566 et
657 2533 800 2566 osculato
825 2535 930 2575 altari,

201 2594 423 2635 prosternatur
437 2588 475 2622 ad
490 2588 590 2632 pedes
605 2586 790 2628 sacerdotis,
807 2588 860 2621 tali
876 2591 933 2623 ob-

308 2654 387 2682 Bult.
403 2655 485 2689 Rom,
500 2669 534 2674 —
554 2655 612 2683 Vol.
630 2655 705 2683 XIX.
850 2656 899 2683 113

795 216 1005 242 INNOCENTH'S
1029 219 1056 240 Χῖ
1083 219 1130 242 ΓΡ.

971 266 1148 299 servatione
1178 266 1438 299 benedicendus:
1464 265 1596 298 Salvum
1629 266 1698 306 sac,

971 323 1032 351 ete.
1059 318 1149 351 Mille
1173 320 1213 359 ei,
1248 325 1308 352 etc.
1336 318 1495 351 Dominus
1526 318 1697 357 vobiscum,

972 370 1118 404 Orcmus.
1144 372 1282 405 Domine
1308 372 1381 405 Iesu
1410 371 1553 411 Christe,
1581 371 1640 414 qui
1670 381 1700 403 es

970 424 1039 463 via,
1068 430 1128 457 ete.
1686 464 1690 465 ⁷

1013 487 1062 510 xv.
1083 478 1129 510 Ab
1155 478 1216 510 hoe
1241 484 1389 521 tempore
1414 478 1540 510 noverit
1563 488 1595 511 se
1617 478 1700 511 nihil

970 528 1115 567 omnino,
1147 539 1187 561 ne
1220 528 1367 561 baculum
1399 528 1528 571 quidem
1553 539 1616 572 quo
1640 539 1701 571 per

968 580 1050 612 viam
1086 581 1235 622 gradiens
1272 581 1435 621 innititur,
1472 581 1541 614 sine
1577 581 1700 624 prioris

969 632 1089 664 habere
1114 633 1268 673 licentia;
1295 634 1416 677 quippe
1437 645 1507 667 cum
1533 645 1593 667 nec
1613 634 1701 677 ipse·

968 691 1033 717 met
1053 696 1128 717 suus
1155 686 1206 718 sit.

1012 750 1033 772 1.
1061 739 1213 772 Conversi
1239 750 1303 772 non
1334 739 1500 773 mittantur
1524 747 1612 774 extra
1638 746 1699 774 ter·
1722 756 1790 777 cim
1806 757 1876 779 xvur.

968 793 1071 824 minos
1097 793 1166 824 sine
1200 794 1301 835 cappa
1333 799 1365 824 et
1389 793 1498 835 pileo,
1534 783 1891 837 nunquamq111¹'⁴³101sff2'‘lililf

1709 840 1784 858 tuntur.

968 851 1074 878 tamen
1101 845 1303 888 pcrn'iittatur
1327 846 1453 878 deferre
1480 858 1615 889 cappam
1643 853 1698 880 aut

968 898 1101 941 pallium
1126 898 1173 930 vel
1207 898 1328 940 pileum
1354 898 1437 940 nigri
1469 899 1603 938 coloris,
1640 901 1697 932 sed

967 952 1063 994 grisei
1089 952 1137 984 vel
1162 951 1311 990 castanei,
1329 951 1415 983 iuxta
1437 962 1561 984 morem
1587 941 1697 985 domo-²

967 1016 1046 1037 rum.
1073 1005 1129 1042 Qui
1155 1015 1228 1037 vero
1251 1005 1507 1047 praesumpserit
1524 1005 1606 1038 ferre
1625 1016 1697 1049 cap-

966 1069 1039 1100 pam
1064 1058 1189 1100 nigram
1224 1063 1276 1090 aut
1302 1058 1433 1101 pileum,
1460 1058 1593 1092 arbitrio
1614 1059 1697 1103 prio-

965 1111 1008 1144 ris
1025 1111 1097 1144 vino
1115 1111 1272 1154 privetur.

1009 1174 1044 1197 11.
1071 1164 1114 1196 De
1140 1164 1258 1197 famulo
1283 1169 1388 1196 autem
1405 1165 1453 1197 vel
1470 1165 1621 1198 comitiva
1638 1165 1697 1198 ho-

965 1219 1055 1250 nesta
1080 1217 1126 1249 eis
1153 1217 1265 1255 danda,
1292 1218 1421 1259 quando
1452 1224 1580 1257 exciuit,
1614 1229 1699 1251 eom-

965 1270 1103 1302 mittitur
1122 1269 1313 1312 prudentiae
1332 1275 1363 1302 et
1383 1269 1502 1303 iudicio
1521 1271 1650 1313 prioris.

1008 1332 1056 1355 111.
1084 1321 1140 1360 Qui
1167 1328 1285 1355 exeunt
1306 1323 1470 1362 terminos,
1493 1323 1614 1355 debent
1630 1334 1698 1366 pro-

964 1374 1074 1407 videre
1099 1385 1138 1407 ue
1164 1374 1264 1417 panis,
1283 1374 1400 1414 vinum,
1422 1375 1542 1407 fructus
1566 1377 1614 1408 vel
1640 1377 1698 1408 ali-

965 1427 1043 1470 quid
1069 1427 1167 1465 aliud,
1193 1427 1278 1469 quod
1304 1426 1492 1459 deteriorari
1529 1428 1640 1470 possit,
1665 1428 1699 1460 in

964 1480 1046 1513 cella
1063 1482 1119 1511 sua
1136 1484 1315 1519 remaneat,
1334 1481 1455 1512 clavem
1479 1491 1605 1523 quoque
1622 1491 1698 1513 suae

965 1534 1066 1566 cellae
1100 1532 1224 1565 tradere
1251 1533 1370 1565 debent
1401 1533 1623 1574 procuratori,
1649 1534 1699 1565 vel

965 1586 993 1619 ei
1018 1586 1069 1618 cui
1094 1590 1286 1628 procurator
1310 1584 1455 1624 iusserit,
1479 1585 1562 1628 quod
1588 1585 1612 1618 si
1634 1596 1698 1618 non

966 1638 1109 1677 feceriut,
1134 1643 1265 1670 careant
1290 1637 1363 1669 vino
1397 1643 1428 1669 et
1465 1638 1600 1680 pitantia
1634 1649 1698 1671 uuo

966 1692 1018 1724 die
1048 1692 1097 1723 vel
1132 1690 1280 1734 pluribus
1306 1690 1345 1722 ad
1371 1690 1540 1722 arbitrium
1578 1691 1699 1733 praesi-

967 1743 1083 1777 dentis,

1011 1807 1051 1829 lv.
1078 1796 1155 1829 Cum
1181 1801 1299 1828 exeunt
1315 1796 1410 1836 foras,
1428 1796 1476 1828 vol
1496 1797 1641 1837 redeunt,
1660 1798 1699 1829 ad

968 1851 1137 1883 ecclesiam
1164 1849 1334 1889 divertant,
1360 1849 1385 1881 si
1412 1851 1449 1882 ea
1474 1849 1524 1882 die
1550 1860 1616 1883 non
1634 1850 1700 1883 sue-

968 1905 1033 1937 rint
1052 1903 1090 1936 ad
1112 1903 1223 1946 ipsam.

1011 1967 1042 1990 v.
1076 1956 1262 1988 Saeculares
1294 1965 1437 1988 rumores
1472 1955 1525 1988 ubi
1557 1957 1700 1997 audiunt,

969 2010 1012 2043 ibi
1039 2009 1209 2047 dimittant,
1235 2019 1293 2040 nec
1317 2008 1413 2041 ullius
1438 2014 1585 2042 nostrum
1605 2011 1703 2042 verba

968 2065 1018 2096 vel
1043 2064 1161 2095 salutes
1186 2061 1225 2094 ad
1250 2062 1390 2104 aliquem
1416 2068 1615 2103 extraneum,
1635 2064 1704 2096 nul-

968 2117 1095 2159 liusque
1120 2114 1263 2147 extranei
1295 2115 1334 2147 ad
1366 2115 1507 2157 aliquem
1539 2121 1700 2156 nostrum,

970 2170 1031 2203 nisi
1056 2168 1165 2212 priore
1190 2168 1239 2200 vel
1265 2173 1473 2211 procuratore
1498 2168 1630 2202 iubente
1650 2175 1703 2202 aut

970 2222 1134 2257 licentiam
1160 2220 1274 2260 dante,
1300 2221 1403 2253 ferant
1427 2222 1476 2254 vel
1502 2222 1656 2255 referant.

1014 2287 1056 2310 vt.
1084 2274 1216 2312 Quando
1241 2273 1280 2306 ad
1304 2273 1408 2306 vicina
1430 2275 1501 2307 loca
1517 2274 1700 2316 mittuntur,

972 2339 1032 2363 nec
1055 2338 1161 2361 escam
1186 2337 1203 2359 a
1232 2337 1403 2370 quoquam,
1436 2337 1493 2359 nec
1523 2328 1703 2371 hospitium

972 2381 1141 2424 recipiant,
1165 2379 1226 2412 nisi
1252 2384 1305 2411 aut
1329 2379 1512 2422 specialiter
1535 2381 1624 2421 iussi,
1650 2389 1705 2415 aut

973 2434 1080 2477 aliqua
1102 2431 1282 2465 inevitabili
1314 2437 1346 2464 et
1375 2431 1540 2475 inopinata
1564 2434 1704 2468 necessi-

973 2491 1037 2519 tate
1054 2484 1168 2518 coacti.

1018 2548 1074 2571 vu.
1100 2536 1298 2579 Quicumque
1316 2541 1420 2569 autem
1440 2542 1471 2570 et
1485 2539 1704 2580 quandocum-

975 2601 1038 2635 que
1064 2589 1109 2623 ire
1134 2589 1302 2631 iubentur,
1329 2589 1393 2623 sive
1417 2590 1609 2634 pedestres,
1637 2593 1703 2627 sive

1601 208 1663 240 807
1710 217 1758 243 An.
1779 215 1891 243 &1688
