2111 3157
24 163 73 191 Αη.
89 162 116 190 C.
141 163 207 191 ¹679

789 165 862 189 ISNO
869 164 1000 188 CENTIUS
1022 165 1051 188 X!

213 214 263 246 vel
288 213 409 256 scripto
434 213 609 246 informare
636 214 820 247 nullatenus
844 213 946 256 impe-

214 266 298 306 diat3
324 271 499 310 ceteraque
525 267 722 306 huiusmodi,
743 267 836 299 etiam
861 266 946 298 circa

211 318 428 359 habilitatem,
446 319 672 357 iuramentum,
690 329 822 352 examen
848 324 877 351 et
895 329 945 351 re-

211 371 401 415 petitionem
416 373 543 405 testium
563 383 620 415 pro
635 372 815 414 integritate
833 371 943 404 iudicii

212 425 397 466 etlegitima
414 425 637 458 efformatione
659 424 885 467 probationum
904 425 942 457 de

210 476 279 510 iure
304 478 483 510 necessaria
508 478 614 520 (quae
647 477 856 520 probationes
872 503 879 516 ,
909 482 943 509 ut

211 529 251 561 ad
276 540 412 572 poenam
443 530 493 562 vel
525 540 647 572 poenas
682 529 858 572 praecipue
884 539 939 561 or-

211 581 352 614 dinarias
386 592 461 614 reus
487 582 718 622 condemnari,
751 582 800 614 vel
833 582 863 613 in
890 592 942 613 eas

210 639 264 666 aut
277 634 311 666 *ln
332 634 469 677 aliquam
490 644 598 667 earum
619 634 765 666 incursus
786 634 940 666 declarari
961 674 963 680 ‚

209 686 334 730 possit,
362 687 499 729 plenae,
525 688 630 719 clarae
655 692 685 718 et
710 688 939 719 concludentes
961 710 962 715 ,

209 739 330 772 debent
342 740 438 781 esse),
453 739 585 771 omnino
599 739 758 779 observet,
776 740 860 771 etad
872 750 941 771 sen—

207 791 339 824 tentiam
376 791 445 823 sine
481 792 576 833 plena
611 792 794 833 cognitione
828 801 939 823 causac

208 843 325 887 (prout
349 854 385 876 ex
410 850 499 886 parte
524 845 580 876 sua
597 844 703 886 suerit)
730 845 818 877 nullo
843 844 939 876 modo

206 897 377 939 procedat,
402 907 508 940 neque
534 898 710 939 procedere
735 898 857 940 possit,
885 908 938 940 ap-

206 950 402 992 pellationes
428 950 558 993 insuper
583 950 756 992 legitimas,
782 950 876 983 etiam
902 961 936 983 ex

206 1005 303 1035 causa
326 1002 505 1045 probabili,
531 1002 641 1035 debito
668 1009 811 1045 tempore
842 1003 939 1036 inter-

206 1054 327 1098 positas
353 1055 508 1098 (exceptis
540 1061 647 1087 tamen
673 1056 865 1098 qiiibusdam
889 1066 939 1088 ca-

206 1107 293 1140 sibus
317 1107 565 1150 particularibus
599 1108 637 1140 de
667 1108 757 1147 iure,
783 1113 815 1141 et
843 1114 939 1151 prout

207 1161 245 1193 de
270 1161 339 1193 iure
364 1161 599 1204 excipiendis),
626 1163 730 1204 quoad
767 1167 938 1205 utriunque

205 1211 371 1252 effectum,
398 1213 520 1245 scilicet
543 1214 766 1256 suspensivum
792 1219 823 1245 et
847 1215 939 1246 devo-

204 1264 351 1304 lutivum,
376 1265 408 1296 in
434 1270 589 1307 quantum
615 1265 653 1297 ad
679 1276 713 1297 se
740 1266 864 1303 attinet,
885 1267 940 1299 atl-

204 1316 328 1356 mittat,
353 1327 470 1359 easque
502 1317 547 1349 sic
579 1317 750 1350 admittere
776 1323 936 1351 teneatur.

204 1369 300 1408 Quam
325 1370 479 1410 sormam,
510 1370 638 1402 modum
665 1376 696 1403 et
721 1371 867 1404 ordinem
892 1372 939 1404 iu-

160 1427 162 1429 '
205 1422 365 1456 dicialiter
383 1422 582 1465 procedendi
601 1427 633 1455 ct
653 1423 823 1463 iudicandi,
842 1424 938 1457 etiam

203 1475 288 1508 circa
311 1475 539 1518 appellationis
565 1475 811 1516 admissionem,
841 1478 937 1510 alium

204 1538 440 1571 quemcumque
459 1528 661 1571 superiorem
677 1529 875 1562 ordinarium
889 1532 937 1563 vel

204 1581 397 1623 delegatum,
412 1591 537 1613 necnon
555 1581 782 1625 quodcumque
798 1583 936 1616 tribunal

202 1634 252 1666 vel
278 1632 499 1666 definitoriurn
534 1633 629 1665 etiam
653 1634 786 1677 capituli
811 1635 938 1678 provin-

203 1686 292 1719 cialis
315 1686 495 1729 respective
513 1686 683 1719 observare
711 1688 812 1720 teneri
833 1689 937 1721 decer-

204 1738 311 1772 nimus
324 1744 355 1772 et
369 1739 580 1771 declaramus.
597 1739 687 1772 Unde
701 1740 797 1773 verba
814 1747 938 1774 nostra-

203 1802 275 1824 rum
301 1792 583 1832 constitutionum,
606 1799 692 1836 part.
715 1803 761 1834 111,
790 1805 858 1838 cap.
882 1806 935 1834 xit,

243 1843 293 1884 ⁶2⁶2,
319 1844 380 1877 ibi:
419 1845 667 1888 Appellationes
701 1856 720 1879 a
745 1848 938 1880 correctione

202 1897 351 1941 requlari
367 1898 416 1931 vel
439 1910 459 1931 a
481 1903 648 1942 praecepto
679 1900 732 1932 sui
761 1901 937 1943 superioris

201 1951 332 1995 penitus
356 1951 552 1992 inhibemus,
586 1956 615 1985 et
640 1963 659 1985 a
684 1957 791 1985 nostro
817 1953 938 1987 Ordine

205 2002 359 2046 leqanzus,
374 2010 422 2036 etc
434 2030 453 2043 .‚
470 2010 501 2037 et
516 2005 578 2045 illa,
597 2010 682 2048 part.
702 2016 744 2045 vi,
760 2016 829 2049 cap.
852 2016 935 2047 xxm,

204 2056 219 2099 ἓ
240 2056 269 2096 9,
287 2057 352 2089 ibi:
379 2056 557 2100 Imposi'lae
583 2063 688 2091 {remen
709 2069 838 2102 poenae,
853 2071 934 2103 quo-

204 2119 340 2152 cumque
373 2110 463 2141 modo
495 2111 724 2153 imponantur,
750 2122 768 2144 a
799 2112 937 2144 subditis

205 2161 378 2194 humililer
401 2167 626 2205 ατσψίιήίῑιν,
648 2165 826 2207 postposita
852 2166 937 2197 omni

204 2214 434 2257 appellalt'one;
462 2224 540 2246 nam
561 2226 581 2247 a
604 2217 850 2249 correctiom'bus
875 2228 935 2250 non

206 2266 277 2299 licet
292 2267 592 2309 fratribus'noslris
612 2269 786 2311 appellare,
806 2271 844 2303 ‹le
867 2281 937 2303 cor-
958 2294 959 2302 i

205 2319 401 2352 rectionibus
425 2321 473 2353 vel
506 2322 689 2365 praeceptis
714 2322 936 2356 extraiudieia-

205 2373 280 2406 liter
303 2378 335 2405 et
354 2374 392 2406 ad
417 2373 652 2416 poenitentiam
677 2375 843 2418 impositis,
870 2387 937 2409 mo-

207 2424 345 2468 dumque
374 2425 518 2468 lcgitime
550 2427 735 2470 corrigendi
760 2433 792 2460 et
814 2429 938 2472 praeci·

206 2478 317 2522 piendi
357 2488 423 2511 non
462 2480 701 2520 excedentibus,
727 2481 937 2525 intelligenda

208 2541 278 2564 esse
288 2531 497 2572 declaramus,
510 2538 539 2565 et
559 2543 622 2565 non
641 2534 741 2575 aliter,
755 2545 861 2578 neque
873 2535 936 2568 alio

311 2592 389 2620 Bull.
403 2593 486 2622 Rom.
499 2609 532 2614 ·-—
551 2595 612 2621 Vol.
630 2595 703 2622 XIX.
866 2597 896 2623 ⁰21

1078 165 1125 188 pr.
1623 150 1680 183 tet

988 212 1102 245 modo:
1118 216 1149 244 et
1169 211 1193 244 si
1215 220 1306 244 secus
1324 219 1422 252 super
1442 208 1492 241 liis
1512 219 1527 240 a
1546 218 1719 251 quoquam,

989 265 1099 308 quavis
1125 264 1327 303 auctoritate,
1349 263 1488 295 scienter
1508 263 1556 293 vel
1575 261 1724 303 ignoran-

989 324 1046 357 ter,
1072 317 1141 350 sieri
1165 318 1213 350 vel
1239 316 1387 349 attentari
1414 314 1596 357 contigerit,
1622 319 1722 346 totum

987 370 1029 402 sit
1052 370 1177 402 irritum
1205 376 1235 403 et
1259 370 1365 409 inane,
1385 368 1569 410 nulliusque
1594 367 1722 399 roboris

987 428 1019 454 et
1042 423 1213 463 momenti,
1247 423 1318 466 ipso
1352 422 1434 455 sacto
1460 426 1491 454 et
1515 420 1635 463 absque
1661 420 1722 452 alia

986 475 1214 508 declaratione.

1028 538 1097 560 xxv.
1126 528 1359 560 Rccusationes
1385 527 1574 565 malitiosae,
1601 527 1722 559 calum-

984 580 1106 619 niosae,
1124 580 1266 620 frivolae,
1283 581 1506 613 frustratoriae
1522 581 1610 612 nullo
1625 580 1720 611 modo

984 633 1212 672 admittantur,
1239 633 1296 665 sed
1322 633 1430 675 potius
1455 632 1499 664 ita
1534 638 1719 665 recusantes

984 685 1125 724 graviter
1140 690 1171 716 et
1188 690 1284 727 prout
1298 685 1335 716 de
1358 685 1427 716 iure
1453 685 1632 727 respective
1651 695 1720 716 cor-

985 737 1130 778 rigantur
1158 743 1189 769 et
1224 738 1413 780 puniantur.
1449 737 1479 769 Si
1514 743 1619 769 tamen
1651 738 1720 780 qui-

984 799 1120 831 cumque
1146 790 1300 832 superior,
1324 795 1387 822 tam
1409 790 1493 822 intra
1511 801 1605 832 quam
1631 796 1719 822 extra

984 842 1155 874 terminum
1174 842 1365 875 visitationis
1387 842 1582 884 iudicialiter
1606 853 1719 885 proce-

983 894 1063 926 dens
1087 905 1141 927 seu
1167 895 1346 937 procedere
1371 895 1556 934 intendens,
1574 895 1717 937 legitime

983 947 1122 979 recusari
1155 947 1250 979 etiam
1275 958 1310 979 ex
1336 950 1430 979 causa
1455 947 1615 990 probabili
1641 958 1718 980 con-

983 999 1097 1041 tingat,
1125 1005 1209 1039 tunc,
1227 1000 1411 1033 huiusmodi
1438 1001 1640 1033 recusatione
1666 1001 1719 1033 :ul-

982 1052 1087 1092 missa,
1103 1053 1186 1085 circa
1204 1053 1430 1096 probationem
1445 1063 1560 1086 causae
1574 1055 1623 1086 vel
1644 1064 1718 1085 cau-

982 1115 1086 1137 sarum
1121 1105 1305 1148 praedictae
1330 1106 1561 1145 recusationis,
1588 1116 1715 1138 necnon

982 1158 1065 1190 cirea
1091 1158 1152 1190 alia
1183 1159 1222 1190 ad
1247 1158 1349 1201 ipsam
1374 1159 1613 1191 recusationem
1634 1159 1718 1191 eius-

982 1221 1042 1253 que
1068 1210 1221 1243 iudicium
1246 1211 1476 1244 concernentia
1507 1213 1555 1243 vel
1581 1211 1717 1243 attinen-

983 1263 1036 1303 tia,
1069 1273 1104 1295 ac
1124 1263 1258 1306 insuper
1282 1263 1314 1295 in
1335 1264 1484 1296 omnibus
1517 1268 1549 1295 et
1580 1264 1715 1305 singulis

983 1315 1045 1348 illis
1071 1316 1199 1348 casibus
1230 1317 1263 1348 in
1288 1316 1406 1348 nostris
1436 1316 1534 1348 sacris
1559 1317 1714 1348 constitu-

983 1369 1123 1415 tionibus
1159 1370 1304 1410 omissis,
1331 1375 1363 1402 ct
1387 1370 1419 1401 in
1444 1370 1570 1401 casibus
1596 1369 1713 1408 dubiis,

981 1432 1040 1464 pro
1070 1433 1180 1455 eorum
1214 1422 1384 1455 doctrinali
1418 1422 1634 1464 intelligentia
1659 1432 1714 1454 seu

981 1474 1265 1518 interpretatione,
1284 1475 1317 1507 in
1339 1485 1377 1508 eo
1402 1475 1530 1507 iuterim
1556 1475 1642 1517 quod
1668 1485 1716 1507 re-

981 1528 1205 1561 verendissimi
1226 1528 1326 1571 patris
1353 1538 1541 1570 responsum
1570 1527 1714 1569 legitime

982 1579 1156 1621 habeatur,
1183 1585 1279 1623 prout
1304 1581 1342 1612 de
1373 1580 1442 1612 iure
1476 1580 1640 1612 communi
1666 1590 1715 1611 ca-

981 1633 1098 1666 nonico
1131 1634 1264 1677 procedi
1294 1635 1388 1666 etad
1421 1634 1501 1666 illud
1535 1634 1714 1676 respective

982 1687 1104 1718 recurri
1130 1687 1248 1719 debere
1269 1688 1417 1720 volumus
1443 1692 1474 1719 et
1499 1687 1712 1719 declaramus.

980 1739 1097 1771 Verum
1116 1739 1141 1771 si
1161 1745 1253 1782 pater
1277 1739 1469 1783 praesidens
1494 1739 1577 1772 intra
1603 1740 1715 1771 (letini-

982 1792 1098 1825 torium
1123 1793 1254 1835 capituli
1284 1793 1513 1835 provincialis,
1543 1794 1591 1825 vel
1624 1799 1715 1836 pater

981 1846 1187 1888 provincialis
1221 1846 1305 1878 intra
1331 1845 1513 1878 deilnitoria
1538 1856 1716 1888 congrega-

982 1899 1078 1931 tionis
1111 1899 1325 1931 intermediae
1363 1900 1411 1931 vel
1444 1898 1575 1941 capituli
1600 1899 1713 1941 privati

1732 157 1781 185 An.
1803 157 1830 184 (ἶ.
1850 156 1914 184 1075

1758 538 1787 558 Di·
1810 538 1913 558 iii-tinibus

1731 571 1787 585 i‘cvu*
1795 566 1886 586 animun

981 1951 1123 1994 legitime
1141 1961 1248 1984 coram
1274 1950 1394 1983 eisdem
1416 1950 1607 1983 delinitoriis
1628 1960 1719 1983 reew
1740 1970 1742 1974 -

980 2004 1043 2036 sari
1069 2004 1252 2046 contigerit,
1270 2003 1404 2036 vicarios
1430 2004 1499 2036 loco
1524 2013 1635 2035 eorum
1661 2013 1717 2034 no-

981 2056 1103 2089 minare
1122 2057 1169 2088 vel
1184 2055 1381 2088 substituere
1398 2055 1494 2087 etiam
1519 2055 1577 2087 sub
1597 2055 1715 2087 motivo

981 2109 1187 2152 praesidendi
1212 2109 1344 2141 minime
1362 2108 1504 2152 possint,
1527 2109 1584 2142 sed
1607 2109 1639 2141 in
1661 2109 1717 2141 tali

980 2173 1054 2194 casu
1082 2162 1304 2205 praesidentia
1329 2161 1514 2202 delinitorii,
1542 2162 1718 2204 quodcum-

980 2227 1042 2259 que
1068 2216 1115 2255 sit,
1136 2215 1218 2259 patri
1246 2225 1282 2248 ex
1307 2214 1444 2257 reliquis
1470 2214 1502 2246 in
1528 2215 1642 2248 ordine
1669 2225 1718 2246 so-

981 2269 1077 2301 dendi
1097 2268 1270 2311 antiquiori
1289 2268 1466 2311 pertineat:
1481 2273 1512 2300 et
1527 2268 1633 2300 tamin
1648 2268 1717 2300 istis

981 2333 1074 2365 quam
1096 2322 1128 2354 iu
1153 2332 1228 2354 casu
1253 2320 1469 2354 recusationis
1486 2321 1623 2353 aliorum
1643 2331 1719 2354 con-

982 2375 1136 2415 iudicum,
1169 2369 1346 2407 dummodo
1384 2379 1490 2407 tamen
1514 2374 1618 2407 maior
1642 2384 1716 2417 pars

980 2428 1153 2461 ‹lelinitorii
1190 2428 1294 2461 libera
1323 2433 1356 2460 et
1382 2428 1531 2471 expedita
1566 2433 1717 2468 maneat,

984 2483 1092 2514 nullus
1113 2481 1194 2514 alius
1220 2481 1259 2514 ad
1285 2480 1506 2514 definitorium
1532 2482 1603 2514 loco
1628 2491 1719 2513 recu-

979 2534 1038 2568 sati
1064 2535 1111 2569 vel
1139 2535 1318 2568 recusantis
1342 2540 1475 2568 vocetur
1499 2536 1548 2568 vel
1573 2535 1721 2568 admitta-
