2111 3157
119 195 168 218 An.
191 188 219 216 C.
242 188 309 216 1684
355 181 419 214 50⁶2

147 940 218 959 innuit
231 938 302 958 Pona-

117 965 156 985 sex.

312 239 433 272 riorum
458 240 491 272 in
516 239 808 283 Congregationem
833 238 871 271 ab
893 239 954 271 hac
974 248 1046 271 san-

312 295 361 325 cta
386 292 467 326 Sede
494 293 683 335 erigendam
707 292 850 324 unanimi
876 296 948 325 voto
973 302 1047 324 con-

311 346 492 386 senserint;
520 351 550 378 et
576 346 712 378 dilectus
743 344 828 377 filius
854 345 973 378 nobilis
999 345 1046 377 iu-

311 399 400 430 venis
421 398 654 431 tttaximitianus
672 397 860 430 Emmanuel
878 399 1045 441 utriusque

313 451 466 484 Barariae
504 451 587 490 dux,
627 451 709 483 sacri
746 450 883 483 Romani
915 450 1045 493 Imperii

312 503 465 546 princeps
499 505 642 544 elector,
675 510 706 536 et
736 503 839 536 bonae
870 503 1046 536 memoriae

312 556 509 589 Ferdinandi
535 555 650 589 Mariae
686 562 719 589 et
743 556 949 590 Maximiliani
974 567 1047 589 suo-

311 620 382 641 rum
408 610 565 652 genitoris
592 615 623 642 et
649 610 705 649 avi,
722 610 941 653 pariter,dum
969 610 1047 641 vixe-

311 668 398 702 runt,
420 663 569 695 bavariae
597 664 723 703 ducum,
751 663 893 706 dictique
920 663 1045 706 imperii

310 715 493 759 principum
526 717 730 756 electorum,
761 717 904 759 vestigiis
935 716 1048 748 inbae-

311 768 408 809 rens‘,
425 779 483 812 pro
499 779 536 802 eo
551 780 614 812 quo
632 770 745 812 flagrat
765 770 878 802 domus
898 769 953 802 Dei
967 771 1046 808 zelo,

310 821 465 853 unionem
482 821 752 854 monasteriorum
769 828 799 854 et
814 822 1047 854 institutionem

311 885 413 907 novae
445 875 714 918 Congregationis
750 875 939 910 huiusmodi
979 874 1047 906 tieri

312 937 510 969 magnopere
536 933 682 970 exoptet:
710 938 788 967 nos,
817 928 868 971 qui
895 927 1048 960 monasti-

312 990 381 1012 cam
399 981 646 1023 regularemque
664 980 877 1023 disciplinam,
896 986 1047 1023 quantum

311 1032 405 1064 nobis
419 1042 454 1065 ex
474 1033 538 1065 alto
553 1033 749 1072 conceditur,
769 1033 937 1066 confovere
951 1039 1048 1076 atque

311 1095 504 1127 promovere
542 1085 629 1118 omni
663 1085 772 1118 studio
798 1086 1046 1126 contendimus,

311 1137 371 1180 piis
407 1137 558 1170 abbatum
598 1138 838 1181 praedictorum
880 1138 1048 1171 desideriis

312 1190 489 1233 apostolica
525 1191 685 1224 charitate
722 1192 971 1232 benedicentes,
1013 1203 1048 1224 ac

311 1245 478 1287 praeclara
515 1245 669 1288 omnique
706 1245 839 1277 laudum
873 1245 1047 1287 praeconio

313 1298 409 1340 digna
432 1298 603 1331 memorati
630 1298 833 1331 Maximiliani
859 1299 1049 1331 Emmanue-

312 1351 350 1383 lis
376 1351 463 1383 ducis
479 1355 509 1383 et
527 1351 692 1390 electoris,
712 1351 766 1394 qui
784 1351 903 1384 ssorens
920 1352 1050 1384 iuventa

313 1410 345 1437 et
370 1405 494 1437 fervens
519 1404 641 1447 pictate
669 1410 731 1437 tam
758 1406 891 1449 egregia
909 1406 1049 1438 christia-

312 1468 372 1490 nae
398 1457 598 1491 fortitudinis
625 1463 722 1500 atque
755 1458 947 1501 prudentiae
977 1470 1049 1502 spe-

313 1512 432 1544 cimina
458 1511 490 1543 in
515 1511 603 1544 bello
640 1518 750 1544 contra
775 1512 893 1545 Turcas
920 1518 1049 1546 strenue

313 1565 456 1606 gerendo
494 1565 598 1604 dedit,
626 1565 780 1608 novisque
817 1566 990 1598 decoribus
1016 1567 1049 1598 in

313 1617 392 1655 dies,
418 1616 555 1650 Domino
580 1616 808 1657 benedicente,
833 1620 955 1650 summa
980 1629 1049 1651 cuni

313 1669 411 1702 animi
446 1669 548 1704 nostri
586 1670 719 1709 laetitia,
745 1671 846 1712 magis
883 1671 1050 1713 magisque

313 1722 507 1762 inclarescit,
535 1733 611 1765 erga
631 1733 680 1755 rcs
698 1723 932 1756 ecclesiasticas
947 1725 1050 1756 studia

313 1775 487 1817 plurimum
507 1775 538 1807 in
557 1776 691 1808 Domino
710 1776 984 1815 commendantes,
1005 1777 1051 1808 ‹li-

312 1833 502 1872 ctorumque
520 1829 671 1862 abbatum
690 1830 873 1871 singulares
897 1840 1052 1872 personas

314 1893 330 1915 a
356 1881 520 1924 quibusvis
541 1882 891 1922 excommunicationis,
918 1893 1051 1926 suspen-

313 1935 413 1968 sionis
427 1940 458 1967 et
474 1935 650 1975 interdicti,
668 1935 805 1978 aliisque
825 1935 1052 1968 ecclesiasticis

313 1988 494 2027 sententiis,
522 1988 666 2020 censuris
701 1994 732 2021 et
762 1989 901 2031 poenis,
935 2000 951 2021 a
983 1989 1050 2022 iure

313 2041 364 2073 vel
397 2041 436 2072 ab
469 2041 623 2077 homine,
651 2041 763 2084 quavis
798 2042 968 2074 occasione
1002 2043 1051 2074 vel

314 2095 408 2126 causa
421 2093 502 2132 latis,
522 2094 548 2125 si
565 2094 680 2136 quibus
700 2095 948 2140 quomodolibet
966 2095 1053 2128 inno-

315 2146 406 2179 datae
432 2147 581 2184 existunt,
597 2147 636 2179 ad
657 2146 804 2180 eflectum
830 2147 1052 2190 praesentium

316 2199 477 2230 dumtaxat
509 2200 788 2241 consequendum,
820 2200 937 2232 barum
969 2199 1052 2232 serie

316 2251 524 2284 absolventes
550 2258 581 2283 ct
598 2252 764 2284 absolutas
784 2253 852 2285 tbre
868 2259 1050 2291 censentes,

316 2309 404 2336 motu
432 2305 584 2348 proprio,
612 2317 648 2337 ac
673 2317 709 2338 ex
741 2308 831 2338 certa
860 2307 996 2339 scientia
1023 2311 1054 2337 et

319 2363 349 2390 et
374 2360 499 2390 matura
525 2359 763 2392 deliberatione
789 2359 921 2398 nostris,
949 2359 1053 2401 deque

318 2411 516 2454 apofltolicae
532 2412 700 2453 potestatis
715 2412 927 2454 plenitudine,
947 2412 1054 2444 omnia

319 2470 350 2496 et
374 2464 500 2504 ringula
518 2464 712 2496 ttitssinasteritt
729 2465 856 2497 Ortinis
875 2465 976 2497 sancti
999 2465 1055 2497 Be-

318 2517 438 2549 nedicti
476 2517 507 2548 in
534 2517 660 2549 civitate
688 2518 933 2557 timistonenffl
961 2529 996 2550 ac
1024 2518 1055 2550 in

356 2580 364 2605 1
389 2578 453 2604 Male
470 2577 532 2604 edit.
551 2578 627 2603 itam.
646 2578 707 2613 legit
726 2579 906 2606 inhaerentes
920 2580 957 2613 (n.
975 2582 1022 2614 Tj).

895 190 1074 214 nnLLaan
1097 190 1249 216 ROMANUM

1090 239 1235 272 dominio
1272 239 1429 282 praedicti
1461 239 1666 272 Maximiliani
1699 239 1824 272 Emma-

1090 292 1194 325 nuelis
1221 293 1309 325 ducis
1342 302 1373 326 et
1403 293 1558 336 principis
1590 293 1742 325 electoris
1774 303 1825 325 re-

1089 345 1231 387 spective
1257 346 1437 386 existentia,
1452 346 1484 378 in
1503 356 1600 377 unum
1618 355 1735 388 corpus
1754 347 1826 378 uni-

1090 410 1159 431 mus
1195 404 1227 432 et
1258 399 1487 442 coniungimus
1504 425 1511 438 ,
1544 398 1653 441 sicque
1678 398 1769 431 unita
1794 403 1826 431 et

1090 451 1280 491 coniuncta,
1307 462 1343 484 ac
1366 451 1428 484 alia
1459 451 1654 483 monasteria
1678 450 1825 484 eiusdem

1090 504 1228 544 Ordinis,
1255 504 1333 545 illis,
1358 510 1393 536 ut
1426 504 1509 536 int'ra
1540 503 1674 543 dicetur,
1710 513 1825 546 aggre-

1091 558 1215 600 ganda,
1242 557 1274 590 in
1300 567 1415 590 novam
1443 556 1737 599 Congregationem
1763 556 1824 601 sub

1092 612 1182 644 titulo
1214 611 1261 644 Ss.
1290 612 1487 653 Angelorum
1515 610 1691 643 Custodum
1726 610 1826 642 Bava-

1092 665 1188 698 ricam
1214 665 1476 708 nuncupandam,
1502 664 1541 696 ad
1566 663 1670 696 instar
1688 663 1827 706 Congre-

1092 718 1230 759 gationis
1248 718 1432 750 Helveticae
1454 717 1528 750 dicti
1546 715 1688 755 Ordinis,
1711 721 1826 748 tenore

1092 771 1323 813 praesentium,
1338 776 1496 813 perpetuo
1515 769 1671 812 erigimus
1690 773 1723 802 et
1739 769 1828 802 insti-

1094 824 1222 856 tuimus.
1257 824 1301 856 Ac
1331 824 1433 866 ipsam
1457 833 1572 855 novam
1598 821 1828 864 Congrcgatio-

1093 887 1164 909 nem
1190 876 1234 909 sic
1259 881 1401 909 erectam
1427 881 1458 907 et
1482 875 1670 913 institutam,
1690 874 1826 918 eiusque

1093 929 1289 962 monasteria
1306 935 1338 961 et
1350 930 1423 962 loca
1437 927 1611 972 regularia,
1628 928 1827 970 illorumque

1092 983 1233 1022 abbates,
1247 982 1423 1015 monachos
1442 987 1472 1014 et
1490 981 1576 1014 bona
1593 991 1828 1024 quaecumque,

1093 1036 1131 1067 ab
1156 1035 1243 1068 omni
1270 1034 1506 1075 iurisdictione,
1531 1033 1730 1074 visitatione,
1757 1043 1831 1066 cor-

1093 1089 1236 1121 rectione
1258 1092 1290 1120 et
1306 1087 1534 1130 superioritate
1552 1095 1828 1129 quorumcumque

1092 1140 1335 1175 Ordinariorum
1362 1140 1456 1182 (itaut
1480 1139 1528 1172 illi
1553 1139 1584 1171 in
1610 1149 1723 1172 novam
1748 1137 1831 1172 Con-

1093 1195 1327 1238 gregationem,
1352 1192 1557 1233 monasteria,
1576 1194 1649 1226 loca
1668 1192 1831 1234 regularia

1093 1259 1268 1292 eorumque
1294 1248 1427 1280 abbates
1454 1252 1486 1280 et
1514 1246 1693 1280 monachos
1718 1245 1830 1278 huius-

1093 1302 1181 1336 modi
1206 1302 1349 1345 aliquam
1382 1299 1638 1333 iurisdictionem
1663 1300 1714 1332 vel
1738 1309 1830 1342 supe-

1093 1356 1272 1389 rioritatem
1296 1354 1409 1397 quovis
1441 1357 1612 1396 praetextu
1638 1357 1669 1385 et
1693 1361 1729 1384 ex
1757 1362 1830 1395 qua-

1093 1414 1229 1447 cumque
1254 1405 1349 1436 eausa
1380 1401 1501 1435 habere
1528 1406 1560 1434 et
1590 1411 1740 1434 exercere
1765 1411 1829 1434 non

1093 1458 1229 1502 possint,
1257 1458 1345 1489 salvo
1371 1461 1477 1488 tamen
1503 1455 1625 1488 eisdem
1650 1454 1829 1489 Ordinariis

1093 1514 1238 1545 locorum
1254 1538 1261 1551 ,
1289 1511 1395 1553 quoad
1424 1509 1621 1542 monasteria
1645 1509 1830 1552 praedicta,

1093 1575 1175 1608 qnae
1200 1574 1312 1596 eorum
1338 1562 1520 1596 ordinariae
1538 1561 1753 1594 iurisdictioni
1771 1561 1830 1599 ha-

1094 1624 1207 1651 ctenus
1233 1617 1377 1650 subiecta
1402 1616 1542 1654 suerunt,
1565 1620 1596 1647 et
1617 1615 1648 1647 in
1667 1614 1757 1648 libris
1777 1614 1833 1647 Ca-

1094 1682 1199 1704 merae
1226 1670 1434 1713 Apostolicae
1460 1669 1622 1712 descripta
1646 1678 1713 1701 non
1738 1673 1831 1708 sunt,

1095 1727 1162 1757 iure
1190 1722 1402 1757 confirmandi
1435 1722 1582 1761 abbates,
1608 1727 1650 1761 et,
1678 1722 1785 1764 quoad
1803 1732 1832 1754 o-

1094 1778 1179 1812 mnia
1194 1775 1402 1814 monasteria,
1421 1775 1514 1807 salvis
1529 1773 1599 1806 aliis
1614 1774 1751 1813 iuribuS,
1771 1773 1833 1806 eis-

1095 1831 1168 1863 dem
1192 1830 1301 1871 vigore
1329 1827 1411 1860 sacri
1436 1826 1570 1860 Concilii
1595 1825 1775 1859 Tridentini
1801 1830 1832 1858 et

1095 1882 1360 1916 constitutionum
1378 1879 1631 1922 apostolicarum
1649 1883 1832 1922 competen-

1095 1936 1179 1969 tibus
1214 1941 1375 1977 tamquam
1406 1932 1498 1967 Sedis
1534 1932 1740 1975 Apostolicae
1778 1931 1833 1964 de-

1095 1989 1232 2032 legatis),
1259 1989 1374 2020 barum
1399 1986 1485 2020 serie
1511 1987 1679 2019 eximimus
1697 1990 1729 2018 et
1753 1985 1833 2018 libe-

1095 2053 1212 2075 ramus.
1251 2041 1421 2073 Praeterea
1446 2039 1551 2072 eidem
1580 2037 1832 2081 Congregationi

1095 2095 1139 2127 sic
1170 2095 1209 2127 de
1234 2104 1317 2126 novo
1351 2097 1479 2126 erectae
1505 2097 1538 2124 et
1561 2091 1738 2131 institutae,
1770 2091 1834 2124 alia

1096 2157 1318 2190 quaecumque
1339 2145 1537 2178 monasteria
1556 2144 1633 2178 dicti
1653 2143 1782 2177 Ordinis
1799 2143 1833 2176 in

1095 2200 1241 2234 dominio
1266 2199 1409 2242 praefato
1431 2198 1649 2238 consistentia,
1668 2207 1750 2240 quae
1770 2196 1832 2240 ipsi

1096 2264 1196 2286 norae
1211 2252 1462 2295 Congregationi
1478 2251 1646 2294 aggregari
1659 2250 1831 2290 voluerint,

1096 2307 1159 2339 sire
1185 2317 1321 2349 quorum
1347 2305 1481 2337 abbates
1517 2309 1550 2337 et
1573 2309 1753 2337 conventus
1779 2314 1833 2346 ag-

1097 2359 1277 2402 gregationi
1304 2358 1490 2392 huiusmodi
1515 2356 1739 2391 consenserint
1769 2357 1832 2399 (ex-

1098 2412 1199 2455 eeptis
1226 2418 1343 2452 tamen,
1362 2411 1388 2444 si
1415 2422 1496 2454 quae
1523 2410 1586 2444 sint
1610 2410 1643 2442 in
1668 2410 1754 2442 dicto
1780 2410 1834 2442 do-

1098 2465 1195 2497 minio
1217 2465 1399 2503 constituta,
1426 2463 1631 2497 monasteriis
1656 2463 1834 2505 Congrega-

1099 2518 1175 2550 tioni
1202 2517 1439 2559 Salisburgensi
1469 2522 1524 2549 aut
1541 2516 1611 2548 aliis
1630 2516 1834 2558 quibuscum-

1099 2582 1159 2613 que
1186 2570 1492 2614 congregationibus
1518 2569 1671 2602 canonice
1697 2579 1835 2613 congro-

1832 191 1882 218 An.
1903 190 1931 218 C.
1947 190 2015 219 1084
