2111 3157
95 159 145 185 An.
164 157 192 184 C.
212 156 277 184 ¹670

123 1119 244 1139 Clawuiao.

127 1910 286 1930 Contrariorum

287 207 384 240 rectis
416 207 570 246 inclinati,
604 206 866 248 segregationem
900 209 931 237 et
961 204 1024 236 dis-

288 260 559 293 memluationem
594 259 856 302 supradictorum
889 262 1023 300 quatuor

288 319 504 347 conventuum
529 324 545 345 a
571 312 712 356 praesuta
737 311 903 355 provincia
927 311 1025 343 Bava-

288 366 367 405 riae,
394 365 521 409 aliaque
546 365 741 408 praemissa,
769 369 834 396 tam
859 375 877 396 a
901 373 1025 395 memo-

288 423 355 452 rata
380 420 593 452 cardinalium
624 418 905 460 Congregafione,
930 427 1025 459 quam

289 484 306 506 a
332 473 476 515 praefato
502 472 626 504 Palutio
660 471 815 504 cardinali
856 475 887 503 et
918 474 1025 512 prote-

290 531 377 558 ctore
408 525 585 568 respective
619 525 699 556 sacta
732 529 764 556 et
791 523 963 561 ordinata,
991 527 1025 554 ut

289 578 484 621 praefertur,
510 577 743 621 expeditasque
770 577 909 619 desuper
943 576 1026 609 eius-

290 632 362 664 dem
401 631 512 664 Palatii
555 630 729 663 cardinalis
767 635 798 663 et
833 629 1024 672 protectoris

290 685 410 717 litteras
442 684 681 727 praeinsertas,
713 694 783 716 cum
816 683 965 717 omnibus
995 688 1026 715 et

290 739 426 781 singulis
443 738 476 770 in
495 738 540 771 eis
554 737 725 777 contentis,
745 736 934 770 auctoritate
953 747 1027 779 apo-

289 791 410 831 stolica,
430 796 541 823 tenore
556 790 784 833 praesentium,
796 789 1025 822 confirmamus

290 849 320 876 et
338 845 568 887 approbamus,
590 843 717 885 illisque
736 842 929 875 inviolabilis
950 851 1027 884 apo-

290 897 423 930 stolicae
457 896 614 928 firmitatis
647 895 747 927 robur
777 895 964 933 adiit-imus,
991 904 1025 926 ac

290 960 403 982 omnes
420 955 451 982 et
471 950 614 991 singulos
637 948 713 981 iuris
731 953 762 981 et
779 948 851 981 sacti
873 948 1026 987 desectus,

291 1003 317 1035 si
343 1003 396 1046 qui
418 1003 558 1045 desuper
576 1002 821 1045 quomodolibet
845 1001 1027 1034 intervene-

291 1056 365 1092 rint,
384 1056 587 1099 supplemus.>

335 1109 349 1151 ξ
374 1108 405 1141 3.
433 1108 648 1140 Decernentes
679 1107 808 1139 easdem
839 1111 1027 1149 praesentes

291 1161 414 1193 litteras
441 1171 571 1203 semper
592 1160 709 1199 firmas,
728 1159 848 1192 validas
868 1164 899 1192 et
923 1158 1028 1191 ostica-

292 1225 345 1247 ces
370 1215 505 1247 existere
532 1220 561 1247 et
588 1215 673 1253 sore,
700 1224 837 1256 suosque
863 1214 1028 1256 plenarios

293 1274 324 1301 et
349 1268 491 1310 integros
525 1266 655 1299 effectus
681 1267 786 1299 sortiri
814 1271 845 1299 et
869 1266 1028 1305 obtinere,

293 1333 329 1354 ao
356 1321 432 1362 illis,
461 1321 500 1354 ad
527 1331 607 1363 quos
645 1325 768 1363 spectat
798 1325 830 1352 et
860 1329 918 1362 pro
951 1325 1030 1351 tem-

293 1385 373 1417 pore
399 1373 568 1417 spectabit,
597 1373 628 1405 in
653 1372 804 1405 omnibus
833 1377 865 1405 et.
887 1382 945 1414 per
963 1382 1030 1404 om-

293 1427 344 1459 nia
370 1426 558 1469 plenissime
583 1424 759 1467 sum-agari,
785 1430 816 1457 et
847 1425 886 1457 ab
911 1424 957 1457 eis
982 1435 1031 1457 re-

294 1479 434 1522 spective
461 1478 689 1511 inviolabiliter
708 1477 891 1517 observari,
919 1477 1030 1519 sicque

294 1533 326 1564 in
355 1531 542 1575 praemissis
575 1541 633 1573 per
661 1540 881 1574 quoscumque
910 1530 1032 1562 iudices

294 1585 476 1618 ordinarios
510 1590 541 1617 et
575 1585 760 1626 delegatos,
791 1584 888 1616 etiam
914 1594 1029 1615 eausa-

293 1650 365 1671 rum
397 1637 507 1680 palatii
541 1637 709 1680 apostolici
742 1636 925 1676 auditores,
952 1635 1033 1667 iudi-

295 1692 360 1724 cari
393 1696 424 1723 et
457 1689 584 1722 definiri
618 1690 754 1729 debere,
790 1700 826 1721 ae
850 1689 977 1721 irritum
1002 1694 1033 1721 et

295 1745 391 1776 inane
417 1743 443 1775 si
478 1753 569 1775 secus
594 1753 692 1785 super
723 1743 772 1774 liis
804 1753 820 1774 a
851 1751 1030 1785 quoquam,

296 1797 405 1839 quavis
433 1795 630 1834 auctoritato,
657 1795 796 1827 scienter
813 1796 862 1827 rel
883 1794 1034 1837 ignoran-

297 1855 354 1889 ter,
380 1849 555 1891 contigerit
575 1847 738 1880 attentari.

341 1904 356 1945 ᾗ
381 1903 412 1935 4.
440 1902 509 1934 Non
535 1901 736 1934 obstantibus
765 1900 974 1943 praemissis,
999 1911 1035 1933 ac

297 1954 584 1988 constitutionibus
611 1959 643 1985 et
668 1953 925 1986 ordinationibus
958 1964 1034 1996 apo-

298 2008 430 2047 stolicis,
450 2018 578 2040 necnon
602 2006 732 2040 Ordinis
751 2012 782 2039 et
795 2007 1035 2050 provinciarum

298 2072 334 2093 ae
354 2065 574 2094 conventuum
590 2060 816 2102 praefatorum,
836 2059 947 2092 aliisve
967 2060 1036 2102 qui-

298 2114 528 2154 busvis,etiam
563 2115 762 2152 iuramento,
789 2112 1035 2146 confirmatione

299 2167 488 2209 apostolica,
509 2177 566 2199 seu
591 2166 699 2209 quavis
725 2166 874 2198 firmitate
899 2166 961 2198 alia
985 2177 1036 2199 ro-

299 2220 432 2259 boratis,
451 2220 574 2253 statutis
599 2224 630 2252 et
654 2219 951 2259 consuetudinibus,
971 2219 1036 2262 pri-

299 2273 424 2315 vilegiis
450 2283 591 2316 quoque,
608 2272 742 2305 indultis
768 2277 800 2305 et
821 2272 935 2305 litteris
961 2283 1036 2315 apo-

300 2326 422 2359 stolicis
464 2325 497 2357 in
540 2326 735 2358 contrarium
779 2324 1036 2368 praemissorum

301 2378 546 2422 quomodolibet
571 2377 754 2417 concessis,
780 2377 980 2409 confirmatis
1007 2383 1038 2409 et

301 2431 481 2469 innovatis‘,
509 2430 624 2473 quibus
648 2429 797 2462 omnibus
824 2434 856 2461 et
880 2429 1036 2471 singulis,

302 2483 430 2516 illorum
456 2489 583 2516 tenores
608 2482 833 2525 praesentibus
859 2493 917 2525 pro
943 2484 1037 2525 plene
1081 2482 1214 2514 Carolus
1232 2492 1297 2522 rex,
1317 2492 1375 2524 pro
1392 2480 1551 2524 peculiari
1569 2482 1625 2513 sua
1650 2491 1726 2523 erga
1751 2482 1817 2523 glo-

302 2548 336 2573 οι
355 2535 553 2570 suttieienter
573 2535 735 2578 expressis
755 2546 791 2567 ac
816 2536 854 2568 de
881 2535 979 2569 verbo
998 2535 1036 2568 ad

873 155 1052 181 nrttuut'at
1076 155 1228 180 nonrtNUM

1541 192 1543 194 η
1813 155 1864 184 An.
1882 155 1910 184 c.
1929 157 1996 188 ¹⁵79

1067 204 1199 236 verbum
1224 204 1356 238 insertis
1382 204 1551 245 habentes,
1576 203 1640 239 illis
1667 205 1745 239 alias
1770 204 1803 238 in

1066 267 1122 289 suo
1146 258 1265 290 robore
1290 258 1520 300 permansuris,
1540 258 1601 291 hae
1625 258 1693 291 vice
1711 258 1804 291 dum-
2109 257 2111 270 ³

1068 312 1160 348 taxat,
1177 308 1363 351 specialiter
1380 313 1412 341 et
1430 319 1581 352 expresse
1599 309 1802 351 derogamus;

1067 360 1251 403 ceterisque
1276 361 1448 394 contrariis
1474 361 1746 404 quibuscumque.

1110 413 1224 445 Datum
1238 413 1369 453 Romae,
1382 414 1467 457 apud
1481 414 1512 447 S.
1526 414 1665 455 Petrum,
1680 414 1738 447 sub
1753 424 1793 447 an

1067 467 1144 499 nulo
1161 466 1343 507 piscatoris,
1364 467 1415 500 die
1435 477 1487 500 xiv
1505 466 1616 510 aprilis
1633 477 1802 508 nnctxxix,

1068 518 1274 562 pontificatus
1292 519 1395 552 nostri
1413 530 1498 552 anno
1512 529 1560 553 111.

1103 581 1160 608 Dat.
1178 581 1222 608 die
1240 582 1269 608 tt
1289 581 1381 617 api-llis
1402 581 1480 615 1679,
1500 581 1598 616 pontif.
1616 589 1687 610 anno
1704 588 1742 611 ιιι.

1390 696 1490 729 LVIII.

1071 767 1289 810 Confirmatio·
1306 768 1397 811 reyia
1414 766 1524 800 electio
1548 768 1655 800 sancti
1673 768 1805 813 Josephi

1113 821 1148 853 in
1162 824 1337 863 patronum
1351 824 1378 853 el
1384 823 1595 863 protectorem
1606 821 1751 853 omnium
1764 832 1807 854 re·

1111 883 1251 915 qnorum.
1269 883 1305 904 ac
1323 872 1545 905 dominiorum
1562 873 1648 916 reyis
1668 874 1808 907 calholi-

1113 925 1153 964 ci,
1178 929 1206 957 et
1232 926 1267 957 in
1299 925 1368 957 eius
1399 925 1478 967 festo
1501 925 1711 969 indulyemia
1742 927 1808 971 ple-

1113 978 1212 1010 naria
1228 978 1423 1011 conceditur.
1791 979 1815 991 Η

1259 1050 1454 1077 Innocentius
1476 1049 1553 1084 Papa
1571 1050 1622 1082 x1,

1189 1093 1224 1120 ad
1242 1097 1417 1127 perpetuam
1437 1094 1483 1121 rei
1505 1094 1686 1122 memorIam.

1114 1155 1235 1188 Eximia
1259 1155 1361 1199 pietas
1385 1156 1418 1188 in
1444 1156 1553 1196 Deum,
1571 1167 1607 1190 ao
1632 1168 1709 1200 erga
1733 1157 1809 1191 bea-
1846 1167 1980 1189 Prooemium

1073 1214 1120 1242 tos
1138 1209 1218 1241 caeli
1237 1209 1359 1242 incolas
1387 1219 1458 1242 cum
1484 1209 1610 1243 Christo
1632 1217 1806 1253 regnantes

1073 1261 1255 1294 devotionis
1285 1262 1484 1304 aliarumque
1516 1262 1678 1305 regiarum
1711 1263 1811 1296 virtu·
1832 1286 1850 1306 ὸ

1073 1320 1137 1346 tum
1155 1315 1286 1355 deeora,
1301 1325 1372 1347 cum
1394 1315 1568 1358 praeclaris
1586 1315 1619 1348 in
1637 1316 1809 1350 eeclesiam

1072 1367 1128 1400 Dei
1154 1368 1278 1400 meritis
1304 1368 1526 1411 singularique
1545 1368 1577 1401 in
1595 1379 1654 1402 nos
1679 1375 1710 1402 et
1727 1370 1812 1412 Apo—

1073 1421 1223 1455 stolicam
1245 1421 1360 1454 Sedem
1391 1421 1454 1454 lide
1480 1422 1668 1462 coniuncta,
1695 1423 1811 1466 qulbus

1074 1474 1274 1507 carissimum
1307 1474 1338 1506 in
1372 1474 1500 1507 Cliristo
1535 1474 1634 1508 tilium
1659 1481 1809 1508 nostrum

1074 1526 1224 1559 Carolum
1242 1526 1469 1570 Hispaniarum
1485 1537 1595 1569 regem
1613 1528 1811 1560 catholicum

1074 1579 1297 1621 multipliciter
1327 1579 1494 1621 insignivit
1527 1579 1730 1621 Altissimus,
1756 1591 1811 1624 pa-

1077 1638 1201 1665 ternam
1226 1638 1370 1666 nostram
1389 1633 1421 1665 in
1443 1643 1516 1666 eum
1541 1633 1732 1666 charitatem
1757 1634 1813 1667 ad-

1076 1685 1196 1718 ducunt
1224 1691 1259 1718 ut
1279 1686 1331 1728 pia
1357 1686 1444 1718 illius
1469 1691 1542 1719 vota
1566 1686 1606 1719 ad
1631 1687 1811 1729 augendam

1076 1738 1109 1770 in
1135 1739 1228 1772 terris
1261 1739 1451 1772 Sanctorum
1477 1739 1719 1772 venerationem
1746 1741 1809 1772 lau-

1077 1791 1227 1824 dabiliter
1247 1792 1415 1825 tendentia
1432 1792 1646 1825 libentissime
1665 1792 1814 1826 exaudia—

1077 1856 1157 1885 mus,
1179 1845 1433 1889 caelestiumque
1452 1846 1627 1888 gratiarum
1645 1846 1814 1889 dispensa·
2060 1872 2073 1878 -

1078 1899 1158 1931 tioni
1184 1904 1314 1932 nostrae
1341 1898 1496 1931 divinitus
1522 1898 1717 1931 creditarum
1744 1910 1814 1931 mu-

1078 1952 1208 1985 neribus
1220 1952 1419 1992 decoremus,
1430 1952 1510 1985 sicut
1524 1952 1563 1985 ad
1578 1953 1812 1996 omnipotentis

1078 2005 1131 2037 Dei
1158 2005 1301 2047 gloriam,
1326 2004 1517 2037 Sanctorum
1542 2005 1709 2045 honorem,
1729 2005 1815 2037 cliri-

1078 2058 1239 2101 stianique
1266 2058 1378 2101 populi
1400 2058 1600 2100 praesidium
1618 2063 1712 2101 atque
1730 2057 1815 2090 aedi-

1078 2110 1260 2143 ficationem
1271 2109 1444 2143 salubriter
1462 2110 1493 2142 in
1508 2110 1644 2143 Domino
1660 2110 1814 2154 expedire

1078 2164 1268 2196 arbitamur.

1122 2217 1136 2259 ἓ
1166 2216 1192 2249 l.
1219 2216 1297 2249 Cum
1323 2217 1441 2259 itaque,
1458 2216 1539 2249 sieut
1568 2216 1702 2250 dilectus
1727 2215 1814 2250 silius
1840 2222 1948 2269 ,zf’rffiffs
1976 2227 2010 2267 (⁶2

1079 2270 1197 2303 nobilis
1222 2270 1269 2302 vir
1293 2269 1415 2312 Gaspar
1441 2270 1479 2301 de
1504 2270 1589 2302 Ilaro
1616 2281 1633 2313 y
1659 2254 2009 2309 Gusman,iintvroi'onti'fii·
2050 2270 2052 2273 '

1079 2323 1222 2355 marchio
1260 2322 1297 2355 de
1329 2321 1462 2365 Carpio,
1489 2332 1548 2365 pro
1581 2321 1668 2354 dieto
1700 2321 1813 2355 Carolo
1826 2301 2010 2357 int¹mi¹13³30⁰‘’iffi-³¹¹3:3

1826 2360 1858 2374 nis
1872 2355 1938 2374 sancti
1954 2354 2010 2375 toso-

1079 2387 1156 2418 rege
1187 2375 1273 2419 apud
1305 2386 1362 2408 nos
1392 2380 1423 2408 et
1454 2375 1570 2408 Sedem
1596 2374 1814 2417 Apostolicam
1826 2381 2010 2433 Epiffiffisffiffl

1080 2434 1198 2467 orator,
1222 2428 1317 2461 nobis
1342 2439 1445 2472 nuper
1470 2427 1588 2471 exponi
1614 2427 1704 2468 fecit,
1730 2427 1911 2460 memsam-nm
1936 2439 2010 2459 reanu—

1828 2466 1879 2481 fum-

1083 2535 1205 2568 riosum
1229 2535 1446 2579 patriarcham
1471 2534 1503 2568 S.
1529 2534 1712 2578 Ioseplium,
1738 2534 1818 2570 Bea-
