2111 3157
67 168 116 195 Au.
140 168 168 196 C,
192 169 259 196 icSt
305 161 369 195 530

79 1444 197 1468 clausulae.

122 2185 237 2208 Iti-ronan«)

121 2220 132 2231 .,·
141 2218 200 2232 1’.)Ιύίλ
209 2227 214 2232 .

261 219 455 252 communiri
495 221 671 263 plurimum
698 220 883 253 desideret:
921 231 990 258 iios,

848 173 1028 196 Bi’tinxniriii
1053 173 1204 199 nominum
1792 181 1841 207 Λη.
1858 181 1886 209 c.
1909 178 1974 211 1684

1039 223 1225 264 apostolicis
1245 224 1278 256 in
1298 226 1494 258 contrarium
1517 227 1775 270 praemissorum

260 272 689 315 ipsiusiiiinistiigeneralis
705 273 898 316 exponentis
913 273 994 305 votis
1039 276 1286 316 quomodolibet
1310 278 1494 319 conc-essm,
1519 279 1718 314 confirmatis
1744 288 1776 316 et

259 325 320 358 hac
338 326 371 358 in
388 337 441 365 re,
460 332 614 369 quantum
633 336 704 357 cum
727 326 862 358 Domino
881 335 995 368 possu—

257 388 337 415 mus,
349 378 568 410 favorabiliter
582 388 725 410 annuere
739 379 897 417 volentes,
910 388 994 409 eum-

258 442 319 474 que
339 442 355 463 a
371 431 535 473 quibusvis
553 430 910 470 excommunicationis,
928 441 994 462 siis-

256 485 424 529 pensionis
442 490 473 516 et
493 484 666 524 interdicti,
686 484 821 528 aliisque
840 483 994 517 ecclesia-

255 537 344 570 sticis
361 537 531 569 sententiis
545 538 691 570 censuris
706 543 738 570 et
751 537 878 581 poeuis,
893 547 908 569 a
923 537 991 568 iure

254 591 303 623 vel
315 590 353 622 ab
368 590 513 629 bomine,
526 590 638 633 quavis
652 590 823 623 occasione
833 591 882 622 vel
897 590 990 622 caiisa

252 643 337 683 latis,
356 643 381 676 si
408 643 526 686 quibus
550 643 799 686 quomodolibet
818 642 989 675 innodatus

254 697 374 733 existit,
384 697 422 729 ad
434 696 581 729 effectum
592 696 811 740 praesentium
824 696 990 728 dumtaxat

252 749 527 792 consequendum,
550 750 663 782 harum
682 749 766 782 serie
784 749 987 781 absolventes

252 808 285 835 et
309 803 497 836 absolutum
524 803 590 835 fore
616 794 802 841 censentes,
829 801 988 844 supplica-

251 855 393 898 tionibus
421 856 489 888 eius
514 856 647 889 nomine
680 855 773 888 nobis
799 865 898 898 super
926 854 987 886 hoe

249 909 419 942 liuniiiiter
443 910 601 952 porrectis
623 908 780 948 inclinati,
804 908 987 951 praeinser-

249 968 297 995 tas·
315 962 560 1001 conventiones,
582 962 826 1004 confectumque
845 961 987 1003 desuper

249 1015 468 1058 syngrapham
491 1014 735 1057 praeinsertain,
751 1024 822 1047 cum
837 1013 986 1046 omnibus

249 1073 281 1100 et
304 1067 440 1109 singulis
466 1068 497 1100 in
512 1069 549 1100 esi
574 1067 735 1100 contentis
760 1071 791 1099 et
815 1066 984 1109 expressis,

249 1121 444 1155 auctoritate
476 1121 674 1164 apostolica,
702 1126 814 1153 tenore
838 1130 987 1163 praesen-

247 1174 342 1213 tium,
362 1173 590 1207 confirmamus
608 1178 638 1206 et
656 1174 887 1217 approbamus,
907 1173 985 1205 illis-

248 1238 309 1270 que
336 1227 529 1260 inviolabilis
546 1228 742 1270 apostolieae
761 1226 919 1259 firmitatis
938 1236 985 1259 ro·

246 1280 309 1313 biii·
334 1280 524 1319 adiici-tinius,
551 1291 586 1312 ac
624 1290 735 1313 omnes
773 1285 804 1312 et
839 1279 984 1321 singulos

247 1332 327 1365 iuris
354 1339 386 1366 et
412 1333 481 1366 faeti
509 1334 674 1373 defectus,
701 1333 725 1365 si
762 1333 816 1376 qui
843 1333 985 1375 desuper

247 1386 492 1429 quomodolibet
513 1386 755 1424 intervenerint,
781 1386 982 1428 supplemus.

291 1439 305 1481 ἓ
331 1438 361 1470 ΕΞ.
390 1438 608 1471 Decernentes
639 1439 768 1470 easdem
794 1443 984 1480 praesentes

247 1492 374 1525 litteras
393 1502 521 1534 semper
544 1491 660 1526 firmas.
685 1491 807 1524 validas
827 1497 859 1523 et
883 1491 985 1524 effica-

247 1556 300 1578 ces
321 1544 462 1577 existere
490 1550 520 1577 et
546 1544 628 1585 fore,
655 1554 797 1587 suosque
821 1544 984 1587 plenarios

247 1604 279 1631 et
303 1598 448 1640 integros
470 1596 604 1630 effectus
633 1597 742 1630 sortiri
764 1602 794 1630 et
824 1597 983 1636 obtinere,

247 1661 283 1683 ac
307 1650 394 1689 illis,
429 1650 466 1682 ad
494 1661 576 1693 quos
601 1656 729 1693 spectat
759 1656 791 1683 et
821 1661 880 1694 pro
908 1657 985 1683 tein-

246 1714 328 1747 pore
344 1704 522 1747 spectabit,
543 1704 733 1746 plenissime
752 1703 933 1746 suffragari,
956 1709 986 1736 et

247 1757 286 1789 ab
301 1757 346 1789 eis
364 1757 542 1799 respective
557 1756 789 1790 inviolabiliter
807 1757 984 1797 observari,

247 1811 358 1853 sieque
392 1810 423 1842 in
453 1809 640 1852 praemissis
671 1820 731 1853 per
763 1820 985 1853 quoscumque

245 1863 369 1896 iudices
393 1862 573 1895 ordinarios
613 1868 645 1894 et
684 1863 863 1905 delegatos,
891 1863 985 1895 etiam

246 1926 415 1949 causarum
442 1915 553 1958 palatii
592 1916 764 1958 apostolici
799 1916 985 1956 auditores,

246 1968 385 2005 iudicari
418 1974 449 2001 et
474 1968 601 2000 definiri
629 1969 761 2008 (lebere,
801 1979 837 2001 ae
860 1969 986 2001 irritum

247 2027 278 2055 et
301 2022 397 2054 inane
423 2021 448 2054 si
475 2031 567 2054 secus
592 2021 756 2064 superbis
778 2032 796 2054 a
813 2032 987 2065 quoquam,

248 2077 360 2119 quavis
399 2077 611 2115 auctoritate,
652 2075 796 2109 scienter
821 2077 870 2109 vel
896 2076 987 2119 iguo—

247 2137 368 2169 ranter,
385 2129 559 2172 contigerit
579 2131 742 2162 attentari.

292 2184 306 2225 ξ
331 2182 361 2215 3.
390 2182 459 2214 Non
485 2182 689 2214 obstantibus
715 2182 926 2225 praemissis,
952 2193 987 2216 ac

249 2235 536 2267 constitutionibus
563 2240 596 2266 et
621 2235 880 2268 ordinationibus
911 2247 987 2279 apo-

250 2288 383 2325 stolicis,
403 2298 539 2326 necnon,
563 2293 719 2330 quatenus
745 2299 827 2331 opus
856 2290 905 2329 sit,
931 2290 988 2323 Or-

251 2341 336 2373 dinis
372 2341 609 2383 pracfatorum,
643 2341 756 2374 aliisve
798 2342 987 2385 quibusvis,

252 2393 347 2426 etiam
383 2394 590 2433 iuramento,
627 2394 876 2429 confirmatione
911 2407 988 2439 apo-

252 2447 374 2485 stoliea,
404 2446 453 2478 vel
486 2446 595 2489 quavis
624 2446 774 2480 firmitate
799 2448 861 2481 alia
891 2450 988 2482 robo-

252 2500 341 2539 ratis,
375 2499 500 2532 statutis
531 2506 562 2533 et
592 2502 891 2542 consuetudinibus,
922 2502 987 2546 pri-

253 2553 379 2595 vilegiis
418 2564 549 2597 quoque
571 2580 579 2595 ,
618 2554 753 2588 indultis
801 2561 833 2589 et
868 2556 984 2589 litteris

1039 326 1218 369 innovatis;
1245 330 1361 372 quibus
1385 330 1535 364 omnibus
1561 337 1593 364 et
1617 333 1773 376 singulis,

1037 379 1164 413 illorum
1190 387 1318 415 tenores
1344 384 1570 426 praesentibus
1595 396 1653 428 pro
1678 388 1779 430 plene

1037 438 1069 465 ct
1099 434 1299 468 sufficienter
1323 436 1486 478 expressis
1515 448 1551 470 ac
1576 439 1615 471 ad
1640 441 1772 474 verbum

1038 485 1169 519 insertis
1195 487 1366 527 babentes,
1393 489 1455 522 illis
1482 490 1561 523 alias
1588 491 1621 524 in
1646 503 1703 526 suo
1722 504 1772 527 ro-

1036 538 1115 571 bore
1137 541 1368 582 permansuris,
1386 542 1425 574 ad
1450 543 1703 584 praemissorum
1725 547 1777 579 et*-⁴

1036 591 1174 632 tectum,
1203 593 1264 625 liae
1290 593 1357 626 viee
1390 594 1562 634 dumtaxat,
1586 597 1771 639 specialiter

1033 650 1064 677 et
1081 656 1232 689 expresse
1257 647 1468 690 derogamus,
1493 650 1678 694 ceterisque
1695 657 1777 686 con-'

1032 699 1141 732 trariis
1174 699 1444 744 quiliuseuiiique.
1752 710 1754 712 '

1074 752 1188 785 Datum
1202 754 1332 793 Romae,
1346 756 1432 798 apud
1447 755 1477 789 S.
1494 756 1633 798 Petrum,
1643 759 1704 792 sub
1717 771 1769 793 an-

1031 807 1110 838 nulo
1129 805 1312 848 piscatoris,
1325 808 1376 841 die
1391 810 1566 852 xiv'aprilis
1579 819 1778 854 iinctxxxiv,‘

1031 859 1239 902 pontificatus
1270 863 1373 895 nostri
1400 873 1485 896 anno
1510 875 1580 898 vui.

1066 920 1125 948 Dat.
1141 921 1186 949 die
1202 923 1234 949 14
1253 923 1345 958 aprilis
1366 924 1446 957 1684,
1465 925 1564 959 pontif.
1586 933 1657 954 anno
1672 933 1729 955 viii.

1307 1064 1489 1099 CXXXVIII.

1031 1142 1274 1185 Confirmaiilui·
1299 1155 1398 1178 novae
1415 1146 1656 1181 constitutiones
1672 1149 1768 1182 insli-

1073 1197 1136 1228 t'utz'
1159 1197 1346 1230 clericorum
1369 1199 1590 1233 saecularium
1622 1201 1658 1234 in
1681 1212 1766 1235 com-

1071 1251 1166 1282 muni
1190 1251 1400 1284 viventium¹.
1543 1257 1546 1261 ’

1212 1331 1408 1359 Innocentius
1426 1331 1505 1366 Papa
1525 1333 1574 1365 xl,

1146 1377 1182 1402 ad
1203 1378 1380 1409 perpetuam
1400 1376 1444 1403 rei
1463 1377 1646 1405 memoriam.

1070 1443 1273 1477 Sacrosancti
1299 1447 1499 1488 apostolatus
1524 1447 1675 1487 officium,
1702 1458 1766 1492 quo
1803 1454 1925 1476 Exordium-

1028 1496 1212 1530 Catholicae
1229 1498 1393 1531 Ecclesiae
1411 1509 1472 1542 per
1497 1500 1686 1535 universum
1708 1507 1767 1536 tei·-

1029 1560 1134 1582 rarum
1161 1550 1273 1582 orbem
1301 1550 1436 1584 diffusae
1461 1552 1624 1594 regimini,
1643 1553 1773 1590 meritis*

1029 1602 1104 1635 lieet
1129 1607 1161 1635 et
1186 1603 1306 1636 viribus
1343 1605 1440 1647 longe
1472 1605 1624 1648 impares,
1659 1606 1773 1642 divina

1029 1655 1243 1698 dispositione
1262 1657 1494 1699 praesidemus,
1513 1657 1686 1691 salubriter
1700 1668 1768 1696 exe-

1029 1708 1097 1750 qui,
1120 1709 1294 1742 auxiliante
1312 1709 1460 1750 Domino,
1478 1710 1597 1753 iugiter
1619 1705 1773 1754 satagenss

1031 1766 1085 1800 tes,
1104 1761 1156 1804 pia
1173 1762 1438 1806 presbyterorum
1465 1769 1496 1796 et
1520 1764 1657 1797 aliorum
1675 1764 1771 1809 cleriff

1029 1825 1139 1847 eorum
1163 1815 1314 1858 propriae
1332 1816 1521 1858 alienaeque
1540 1817 1634 1850 saluti
1660 1818 1768 1850 lauda-

1029 1867 1138 1900 biliter
1162 1868 1419 1901 incumbentium
1449 1869 1597 1903 instituta
1630 1874 1766 1912 paterno

1031 1921 1138 1953 favore
1171 1921 1312 1954 libenter
1346 1922 1596 1965 prosequimur,
1623 1928 1655 1956 et
1679 1923 1742 1966 illis
1757 1948 1770 1968 ‚-

1031 1984 1112 2015 quae
1137 1984 1196 2017 pro
1222 1974 1307 2007 felici
1341 1984 1454 2007 eorum
1490 1974 1668 2009 directione
1688 1986 1768 2020 >pro-

1030 2027 1099 2059 viile
1125 2027 1369 2071 prudenterque
1396 2028 1571 2061 constituta
1596 2034 1691 2072 atque
1717 2020 1769 2062 orss

1030 2079 1140 2112 dinata
1165 2090 1235 2112 esse
1262 2086 1452 2120 noscuntur,
1474 2085 1510 2113 ut
1529 2081 1620 2114 firma
1640 2074 1770 2125 semper

1030 2139 1125 2175 atque
1149 2132 1275 2165 illibata
1299 2133 1486 2176 persistant,
1506 2133 1675 2176 apostolici
1697 2144 1768 2167 mu-

1030 2185 1161 2218 niminis
1182 2186 1388 2228 adiungimus
1410 2185 1610 2219 firmitatem.

1073 2239 1087 2281 ξ,
1112 2238 1143 2271 ’1.
1171 2239 1276 2277 Alias,
1306 2239 1464 2282 siquidem
1488 2249 1547 2283 pro
1572 2244 1663 2282 parte
1688 2240 1768 2273 dile·
1786 2245 1964 2266 Fitm0¹¹¹i⁰³¹¹⁰·

1779 2278 1822 2292 rius
1830 2272 1911 2295 Brevis.
1921 2276 1962 2298 quo

1029 2296 1152 2323 ctorum
1177 2290 1317 2324 filiorum
1338 2292 1530 2325 elericorum
1551 2292 1767 2326 saecularium
1778 2298 1964 2351 ggcgofffioffig

1030 2344 1061 2376 in
1087 2344 1251 2377 communi
1277 2344 1452 2377 viventium
1481 2345 1575 2377 nobis
1609 2345 1964 2398 exposi10‚?g„„3’¹·,lg¹,¹¹sssst

1030 2398 1114 2440 quod
1138 2408 1223 2430 anno
1247 2407 1362 2438 aincxt,
1385 2400 1486 2441 opera
1503 2403 1577 2430 tunc
1593 2397 1627 2430 in
1653 2398 1851 2431 huma-sinum
1884 2406 1964 2424 020⁰ss

1778 2431 1854 2451 constit
1872 2430 1947 2450 tiones.

1067 2476 1075 2502 1
1100 2475 1165 2502 Vide
1185 2484 1266 2511 supra
1285 2484 1345 2511 pag.
1366 2476 1430 2510 ΞΜ,
1451 2479 1478 2503 et
1497 2483 1556 2511 pag.
1579 2476 1646 2509 4913
1668 2477 1765 2504 iterum

1030 2520 1107 2545 Consi
1140 2521 1182 2546 vit.
1204 2527 1355 2553 ainctxxxv,
1372 2521 1413 2546 die
1434 2521 1449 2547 9
1470 2520 1609 2551 februarii,
1633 2525 1704 2554 pout.
1727 2528 1766 2554 tx,

1031 2564 1179 2590 tl-icltiiiittii·
1194 2565 1438 2600 tiosctiwicossapa
1457 2574 1484 2591 es
1496 2574 1543 2590 css·
1565 2565 1767 2595 biiictiiiomui.
