2111 3157
0 233 25 253 n.
48 224 77 252 C.
100 221 167 251 1086

163 269 364 304 sacerdotum
400 269 619 313 professorum
658 268 894 304 communitatis

165 323 319 357 canonice
337 323 494 365 eligendis
513 328 545 356 et
561 321 725 365 praedicto
748 321 893 355 commis-

165 375 250 408 sario
275 375 533 429 praesentandis.
561 374 761 408 Guardianus
785 379 891 406 autem

164 438 222 471 per
247 427 418 460 triennium
445 432 566 460 tantum
590 427 621 459 in
648 425 752 459 officio
777 425 891 458 durare

164 480 294 523 poterit,
315 485 345 513 et
369 480 506 513 liberum
532 479 593 512 erit
612 477 771 522 superiori
797 487 894 520 gene-

165 533 224 566 rali
249 533 395 576 praefato
419 532 451 565 in
476 531 608 565 dimidio
634 530 762 564 triennii
787 530 891 572 ipsum

165 586 204 618 ab
229 584 334 618 officio
359 585 537 624 absolvere,
562 584 587 616 si
615 583 676 626 ipsi
712 581 894 616 constiterit

164 637 271 672 officio
296 648 362 671 non
385 638 582 679 satisfacere,
608 636 717 670 habita
741 637 894 669 informa-

163 690 250 724 tione
275 701 333 733 pro
358 690 565 729 conscientia,
591 689 658 723 sine
686 688 822 731 strepitu
847 689 894 721 iu-

163 742 280 782 diciali,
306 742 386 775 sicut
410 742 444 774 fit
467 743 500 775 in
525 747 593 775 toto
618 741 737 776 Ordine
764 741 797 773 in
820 751 894 773 con-

163 795 403 838 gregationibus
417 795 630 828 intermediis.
646 794 733 827 Unus
750 803 891 837 praeses,

163 858 218 881 seu
246 847 391 887 vicarius,
417 848 472 890 qui
496 848 590 880 simul
615 846 806 879 novitiorum
830 857 894 879 ma-

163 900 261 943 gister
285 900 336 939 sit,
370 908 428 942 per
460 904 530 932 vota
554 898 627 932 novi
665 898 832 941 guardiani
863 904 894 931 et

162 953 374 986 discretorum
399 952 545 994 eligetur,
582 953 729 995 ipseque,
760 952 893 984 absente

162 1005 349 1048 guardiam,
361 1005 393 1038 in
403 1005 683 1038 communitatibus
698 1005 891 1048 praesideat.

161 1057 195 1092 ln
220 1058 367 1101 quolibet
390 1057 564 1091 seminario
589 1058 652 1090 sint
677 1063 814 1100 quatuor
832 1057 895 1090 dis-

162 1110 239 1144 creti
265 1120 324 1153 pro
350 1109 550 1152 gravioribus
575 1110 642 1142 eius
667 1110 811 1152 negociis
833 1114 894 1141 tra-

162 1162 294 1202 ctandis,
321 1163 376 1205 qui
408 1168 480 1196 ante
515 1162 587 1196 novi
628 1162 795 1205 guardiani
831 1163 895 1195 ele-

161 1215 303 1248 ctionem
317 1215 355 1248 ab
373 1215 486 1248 eodem
504 1215 743 1249 communitatis
757 1225 894 1257 corpore

162 1267 334 1310 eligentur,
356 1278 373 1300 a
391 1278 453 1311 quo
478 1268 639 1301 nominari
664 1268 785 1300 debent
804 1278 895 1310 prae-

162 1320 310 1353 sentandi
345 1321 377 1353 in
403 1321 633 1363 guardianunn
675 1321 846 1363 statimque
879 1331 917 1352 a*

163 1373 332 1416 superiore
367 1373 510 1415 generali
545 1374 731 1417 supradicto
772 1373 892 1406 contir-

161 1430 308 1465 mentur,
350 1425 555 1468 habeantque
596 1426 627 1458 in
667 1426 895 1459 communitate

161 1479 267 1513 locum
290 1483 323 1511 et
346 1478 618 1521 praecedentiam,
640 1488 734 1521 quarn
755 1479 895 1511 lectores

161 1530 305 1574 primarii
331 1530 515 1573 theologiae
542 1531 663 1563 liabent
697 1531 729 1562 in
754 1530 895 1573 propriis

162 1583 355 1627 provinciis,
375 1589 415 1623 et,
436 1584 469 1616 in
486 1583 630 1616 absentia
645 1583 825 1622 cuiuslibet,
845 1594 897 1615 an-

163 1636 284 1680 tiquior
314 1642 346 1670 et
369 1637 497 1679 dignior
521 1642 612 1680 pater
636 1637 810 1676 seminarii,
836 1648 895 1680 pro

163 1695 310 1733 tempore
335 1690 510 1729 absentiae,
537 1690 730 1723 substitutus
756 1691 897 1723 declara-

163 1747 226 1775 tur.
260 1742 489 1776 Discretorium
525 1743 697 1776 cuiuslibet
732 1743 917 1776 seminarii=

165 1805 202 1828 ex
228 1795 321 1828 dictis
345 1800 480 1838 quatuor
500 1795 654 1835 discretis,
681 1806 716 1828 ac
740 1807 776 1829 ex
802 1796 917 1839 patri-¹

163 1848 236 1888 bus,
263 1848 318 1892 qui
343 1848 375 1881 in
401 1848 485 1881 dicto
512 1848 685 1881 seminario
710 1849 897 1891 guardiana-

164 1905 230 1934 tum
251 1911 311 1945 per
336 1901 511 1934 triennium
537 1903 731 1944 completum
756 1902 896 1935 laudabi-

163 1953 239 1987 liter
264 1960 486 1993 exercuerunt,
514 1965 551 1988 ex
583 1955 807 1988 commissaliis
841 1956 897 1988 ha-

163 2006 337 2039 bitualibus
355 2011 386 2039 et
403 2007 519 2040 actuali
537 2007 739 2047 missionum,
760 2014 790 2041 et
807 2019 898 2051 guar-

164 2058 261 2092 diano
286 2059 402 2093 actuali
427 2065 661 2102 componetur,
681 2060 767 2104 iique
785 2061 896 2094 suffra-

164 2111 251 2154 gium
275 2111 416 2144 habeant
432 2112 464 2144 in
484 2112 632 2145 omnibus
649 2114 798 2156 negotiis,
814 2125 895 2157 quae

165 2164 311 2198 discretis
344 2175 402 2197 seu
432 2165 623 2199 diseretorio
648 2167 813 2200 seminarii
838 2178 897 2211 per

164 2217 245 2251 haec
269 2223 302 2250 et
327 2218 389 2251 alia
413 2217 540 2254 Ordinis
560 2224 676 2253 statuta
694 2221 898 2254 committun-

165 2274 232 2310 tur,
258 2271 387 2313 quando
412 2270 563 2314 suffragia
587 2282 645 2314 pro
663 2274 725 2305 una
746 2279 778 2306 et
797 2275 897 2306 altera

166 2328 256 2366 parte
280 2323 400 2356 suerint
424 2324 570 2367 aequalia
597 2329 629 2357 et
655 2325 791 2367 publica,
811 2336 898 2369 guar-

167 2375 281 2408 dianus
307 2376 445 2416 decidat;
473 2378 600 2420 quando
617 2377 738 2411 suerint
760 2384 894 2420 secreta,

167 2427 354 2461 admittatur
387 2439 517 2472 praeses
550 2440 609 2473 pro
644 2430 741 2464 simili
772 2436 896 2465 tantum

168 2490 255 2521 casu,
280 2486 316 2513 ut
339 2482 397 2522 sic,
422 2482 509 2525 quod
533 2483 635 2525 magis
653 2483 829 2527 expediens
847 2485 898 2525 sit,

169 2529 353 2567 charitative
379 2540 411 2568 et
434 2535 503 2569 sine
528 2537 665 2579 strepitu
697 2541 728 2570 et
760 2538 898 2571 recursi-

169 2584 226 2618 bus
251 2588 436 2622 rcsolratur.
463 2590 509 2622 Ad
533 2590 720 2623 missionum
753 2591 899 2626 commis-

758 218 968 245 INNOCEMHJS
989 220 1019 243 Xl
1043 219 1092 243 ΓΡ.

1566 207 1629 241 719

936 266 1037 300 sarios
1062 266 1094 300 in
1125 265 1287 299 Indiarum
1311 264 1454 308 partibus
1488 268 1664 298 existentes

935 320 1092 362 spectabit
1115 318 1302 361 religiosum
1327 318 1365 351 de
1392 317 1526 351 consilio
1550 317 1664 350 discre-

935 377 1039 405 torum
1065 372 1161 405 trium
1186 381 1313 405 suarum
1347 370 1487 415 partium
1523 369 1665 403 semina-

934 424 1053 457 riorum
1093 424 1272 464 destinare,
1310 424 1364 467 qui
1403 423 1442 457 ad
1482 423 1663 467 provincias

935 477 1116 520 Hispaniae,
1157 477 1285 521 quando
1323 476 1499 510 necessitas
1539 481 1663 519 urgeat,

934 529 1074 569 accedat,
1097 535 1127 563 et
1146 530 1219 564 illos
1243 529 1420 572 religiosos
1446 528 1580 562 servatis
1600 538 1666 561 ser-

934 582 1056 623 vandis,
1068 582 1238 616 inillarum
1249 581 1440 621 seminariis,
1456 582 1483 614 si
1498 592 1531 615 se
1550 585 1666 624 sponte

935 634 1081 674 offerant,
1108 635 1233 677 seligat,
1267 635 1322 677 qui
1354 645 1412 677 pro
1443 634 1667 668 conversioni-

935 687 993 719 bus
1025 693 1056 720 et
1088 687 1332 720 seminariorum
1358 687 1601 720 conservatione
1627 687 1666 720 ab

936 739 1059 772 eisdem
1085 739 1282 772 discretoriis
1314 744 1345 772 et
1369 739 1515 781 praefato
1540 739 1669 772 missio-

936 802 1011 824 num
1025 791 1245 824 commissario
1259 790 1449 824 necessarii*
1463 797 1666 826 censeantur.

936 846 975 877 At
998 853 1058 877 nec
1082 842 1342 877 commissarius³
1370 843 1561 877 missionum
1577 871 1585 884 ,
1612 854 1671 878 nec

936 897 1079 939 religiosi
1104 896 1143 929 ab
1176 895 1253 938 ipsis
1277 895 1387 936 missi,-
1408 896 1546 939 aliquam
1576 907 1672 940 supe-

936 949 1111 982 rioritatem
1136 948 1276 982 habeant
1300 953 1447 992 respectu
1464 948 1592 982 illorum
1616 949 1671 992 qni

935 1001 968 1034 in
993 1001 1099 1045 aliquo
1116 1001 1287 1035 seminario
1308 1001 1347 1034 de
1365 1000 1484 1034 familia
1508 1000 1671 1035 constituti

936 1055 1066 1095 suerint,
1093 1055 1153 1087 nisi
1178 1055 1211 1087 in
1247 1054 1374 1087 casibus
1408 1055 1447 1087 de
1477 1054 1593 1097 quibus
1620 1066 1673 1088 su-

936 1118 994 1151 pra
1018 1113 1126 1141 manet
1149 1107 1351 1151 dispositum,
1367 1112 1399 1140 et
1423 1117 1494 1140 cum
1514 1107 1674 1142 limitatio-

936 1161 1031 1193 nibus
1056 1160 1098 1193 ibi
1126 1160 1251 1200 taxatis,
1269 1170 1305 1193 ao
1325 1159 1553 1203 superioritate
1579 1171 1672 1203 guar-

937 1213 1040 1246 dianis
1065 1213 1311 1246 seminariorum
1336 1213 1389 1246 hic
1414 1215 1570 1247 concessa
1594 1224 1672 1257 prae

938 1266 1085 1298 omnibus
1104 1266 1216 1299 illaesa
1232 1270 1432 1298 remanente.
1452 1264 1673 1303 Quandocum-

938 1329 997 1361 que
1025 1318 1192 1361 guardiani
1223 1319 1328 1352 obitus
1360 1323 1434 1352 ante
1470 1318 1602 1351 triennii
1638 1319 1673 1351 fi-

938 1383 1011 1404 nem
1037 1372 1225 1414 contigerit,
1252 1381 1383 1414 praeses
1400 1398 1407 1412 ,
1434 1381 1489 1404 seu
1513 1371 1672 1412 vicarius,

938 1435 1039 1467 usque
1065 1425 1103 1457 ad
1121 1424 1193 1457 novi
1219 1424 1381 1466 generalis
1406 1424 1610 1464 electionem,
1628 1436 1673 1458 se-

938 1477 1108 1510 minarium
1135 1476 1348 1519 gubernabit,
1368 1476 1530 1510 tenebitur
1555 1481 1672 1517 tamen,

938 1530 995 1565 sub
1031 1532 1135 1573 poena
1158 1529 1350 1573 privationis
1382 1529 1431 1561 sui
1469 1529 1566 1562 officii
1602 1530 1672 1573 ipso

938 1582 1021 1616 sacto
1054 1583 1268 1622 incurrenda,
1305 1583 1355 1616 die
1392 1582 1487 1615 tertia
1519 1592 1536 1614 a
1568 1588 1674 1616 morte

939 1636 1106 1677 guardiani
1128 1641 1236 1679 patres
1260 1635 1408 1668 absentes
1433 1644 1623 1675 convocare,
1644 1640 1676 1669 et

938 1695 1006 1731 post
1033 1690 1204 1722 adventum
1228 1688 1366 1728 illorum,
1393 1687 1446 1731 qui
1479 1687 1564 1721 intra
1594 1693 1659 1721 tem

937 1753 996 1785 pus
1010 1742 1119 1784 viginti
1139 1742 1263 1774 dierum
1283 1740 1392 1774 venire
1410 1745 1573 1784 poterunt,
1589 1751 1674 1774 com-

938 1796 1138 1835 munitatem,
1154 1805 1213 1838 pro
1237 1794 1496 1838 praesentatione
1516 1794 1673 1837 superiori

938 1847 1080 1890 generali
1105 1853 1139 1879 ut
1163 1847 1345 1890 praefertur
1365 1846 1520 1886 facienda,
1539 1857 1674 1890 congre-

938 1911 1024 1943 gare,
1045 1906 1076 1933 et
1093 1904 1315 1943 praesentatos
1341 1900 1450 1932 statim
1474 1900 1514 1932 ad
1531 1900 1674 1943 superio-

939 1964 1005 1985 rem
1023 1954 1206 1995 generalem
1224 1953 1425 1996 praedictum
1446 1952 1671 1993 transmittere,

938 2007 1071 2050 ipseque
1096 2017 1196 2039 unum
1220 2006 1411 2045 nominabit,
1444 2005 1499 2049 qui
1525 2005 1674 2039 similiter

938 2069 995 2102 per
1027 2059 1201 2093 triennium
1226 2059 1329 2098 duret,
1363 2059 1543 2102 eademque
1580 2058 1673 2092 dura-

939 2112 1024 2145 tione
1050 2112 1212 2154 gaudebit,
1232 2112 1287 2155 qui
1307 2111 1523 2154 praecedente
1541 2111 1672 2144 alterius

938 2167 1181 2199 renunciatione
1205 2167 1255 2199 vel
1276 2166 1454 2210 privatione
1472 2166 1592 2199 electus
1610 2166 1673 2199 sue-

939 2220 991 2252 rit.
1019 2219 1178 2253 Praesidis
1202 2224 1307 2252 autem
1332 2224 1364 2252 et
1388 2218 1601 2252 discretorum
1625 2218 1672 2251 os-

938 2271 1044 2305 sieium
1064 2273 1102 2305 ad
1123 2273 1154 2305 id
1174 2277 1300 2315 tempus
1318 2272 1386 2304 sine
1408 2273 1490 2305 nova
1513 2271 1672 2305 electione

938 2325 970 2357 in
1007 2325 1159 2369 praefatis
1196 2325 1297 2358 tribus
1328 2324 1450 2364 mortis,
1483 2324 1673 2368 privationis

939 2383 970 2411 ct
992 2378 1243 2411 renunciationis
1268 2378 1396 2411 casibus
1416 2377 1610 2411 extenditur.
1637 2377 1673 2410 Iu

939 2431 1083 2465 absentia
1101 2431 1265 2474 guardiani
1283 2436 1315 2464 et
1333 2431 1492 2474 praesidis
1508 2430 1673 2474 antiquior

939 2487 1098 2520 discretus
1113 2485 1146 2518 in
1161 2484 1441 2518 communitatibus
1455 2488 1486 2518 et
1498 2484 1672 2519 seminario

976 2558 986 2583 t
1011 2556 1076 2583 Mate
1096 2556 1159 2582 edit.
1178 2555 1257 2582 Main.
1278 2555 1342 2590 legit
1360 2556 1532 2584 necessariis
1551 2556 1588 2591 (a.
1609 2554 1656 2590 τ.)-

975 2600 991 2627 2
1011 2601 1103 2627 Potius
1122 2600 1180 2636 lege
1200 2600 1390 2628 commissarii
1408 2602 1452 2641 (ψ,
1461 2600 1510 2637 1.)-

1674 215 1723 244 An.
1739 215 1767 244 C.
1790 217 1856 245 ¹686
