2111 3157
185 254 233 281 An.
255 253 284 280 c.
309 250 374 279 ¹683
419 241 484 275 504

209 1735 329 1756 Clausutae.

381 299 535 337 cialibus,
554 297 621 336 vel,
640 294 690 328 his
716 293 955 331 deficientibus,
976 291 1038 323 illis
1063 289 1116 332 qui

380 364 488 386 curam
507 351 687 384 animarum
706 350 922 386 exercent,ut,
937 355 1008 377 cum
1029 353 1118 387 prae-

380 407 520 440 sentium
535 404 714 436 litterarum
732 404 932 442 transumpta
946 408 1002 430 seu
1013 407 1118 430 exem-

380 460 445 502 pla,
474 457 569 490 etiam
595 455 751 497 impressa
772 451 965 495 acceperint,
987 450 1042 483 illa
1061 454 1118 481 sta-

380 510 445 549 tim,
472 515 504 542 et
529 509 650 550 absque
675 507 740 539 ulla
765 506 867 543 mora,
895 502 1116 536 retardatione

379 565 428 597 vel
453 561 865 606 impedimento‚persuas
892 556 1042 590 ecclesias
1068 557 1116 588 rel

379 617 556 655 dioeceses,
583 612 773 658 provincias,
799 611 955 650 civitates,
987 609 1117 653 oppida,

379 676 481 703 terras
508 674 538 702 et
562 668 632 701 loca
655 665 825 710 publicent
851 668 882 696 et
899 663 1057 707 publicari
1076 662 1117 695 fa-

379 723 478 762 ciant,
505 720 741 762 ecclesiamque
775 718 840 750 sive
867 716 1020 750 ecclesias
1044 715 1116 747 visi-

379 775 491 809 tandas
524 773 708 816 designent.
735 770 804 804 Non
838 769 1038 802 intendimus
1062 779 1116 800 au-

379 834 444 863 tem
469 838 526 871 pcr
554 830 744 870 praesentes
777 834 877 867 super
905 823 1012 866 aliqua
1036 823 1115 855 irre-

380 881 550 924 gularitate
575 878 705 922 publica
739 878 789 910 vel
824 877 975 915 occulta,
1011 877 1087 908 nota
1106 902 1113 915 ,

379 933 530 973 defectu,
566 930 780 974 incapacitate
815 940 871 962 seu
912 928 1114 961 inhabilitate

379 995 510 1030 quoquo
535 985 631 1018 modo
652 984 817 1017 contracta
845 982 1047 1025 dispensare,
1066 982 1114 1014 vel

378 1039 518 1082 aliquam
543 1038 727 1070 facultatem
746 1035 887 1068 tribuere
905 1033 1113 1077 dispensandi

377 1102 433 1125 seu
459 1089 662 1128 habilitandi¹
688 1095 719 1122 ct
743 1089 775 1120 in
800 1087 974 1131 pristinum
998 1092 1114 1119 statum

377 1143 580 1183 restituendi,
605 1142 698 1175 etiam
724 1141 755 1173 in
782 1142 853 1174 t'oro
879 1140 1113 1180 conscientiae,

377 1208 483 1241 neque
509 1197 605 1230 etiam
631 1196 760 1229 easdem
786 1199 972 1238 praesentes
997 1194 1035 1226 iis
1060 1193 1114 1236 qui

377 1262 395 1284 a
420 1251 514 1284 nobis
532 1256 563 1283 et
579 1249 768 1293 Apostolica
787 1248 869 1281 Sede
887 1248 935 1280 vel
950 1247 988 1279 ab
1007 1247 1114 1289 aliquo

376 1304 523 1348 praelato
549 1313 607 1336 seu
624 1302 729 1335 iudice
751 1300 969 1334 ecclesiastico
988 1310 1115 1332 excom-

375 1355 539 1396 municati,
565 1354 725 1398 suspensi,
752 1352 927 1392 interdicti,
955 1363 1010 1385 seu
1037 1349 1114 1384 alias

376 1410 409 1442 in
435 1408 613 1442 sententias
639 1412 671 1440 et
695 1417 849 1440 censuras
880 1405 1033 1438 incidisse
1060 1406 1114 1438 de-

377 1461 490 1495 clarati
516 1462 564 1494 vel
589 1460 718 1503 publice
756 1459 940 1491 denunciati
970 1458 1111 1498 fuerint,

376 1515 438 1548 nisi
464 1514 546 1546 intra
572 1519 696 1556 tempus
722 1513 878 1545 dictarum
903 1512 1039 1544 duarum
1058 1511 1115 1543 lie-

376 1568 610 1602 bdomadarum
635 1566 852 1599 satisfecerint
877 1570 932 1597 aut
956 1575 1027 1597 cum
1043 1575 1114 1607 par-

376 1622 463 1654 tibus
489 1619 770 1658 concordaverint,
797 1619 864 1652 ullo
889 1619 987 1651 modo
1005 1617 1115 1650 sutl'ra-

376 1673 444 1717 gari
470 1683 564 1717 posse
589 1678 644 1705 aut
668 1671 803 1705 debere.

420 1730 434 1773 g
459 1729 490 1762 3.
513 1729 581 1761 Non
604 1727 808 1760 obstantibus
831 1725 1113 1767 constitutionibus

959 242 1137 267 BULLAmt'M
1163 240 1314 265 ROMANUM

1160 287 1331 328 institutis,
1357 287 1551 331 illorumque
1580 286 1728 330 personis
1761 296 1896 330 quomo-

1161 341 1283 374 dolibet
1308 340 1482 380 concessis,
1507 339 1695 383 approbatis
1721 339 1896 372 etinnova-

1161 395 1199 426 tis
1216 406 1223 434 3
1250 394 1368 437 quibus
1390 393 1538 426 omnibus
1557 398 1588 426 et
1605 392 1749 435 singulis,
1771 392 1896 425 etiamsi

1161 447 1199 480 de
1227 447 1289 480 illis
1314 457 1491 490 earumque
1524 445 1599 479 totis
1635 445 1802 479 tenoribus
1825 457 1897 490 spe-

1160 500 1264 538 cialis,
1287 499 1448 543 specifica,
1475 509 1628 542 expressa
1653 504 1686 532 et
1716 498 1896 540 individua,

1160 564 1225 586 non
1243 559 1351 586 autem
1369 563 1428 596 per
1445 553 1607 586 clausulas
1624 553 1793 595 generales
1811 551 1896 586 idem

1160 607 1397 651 iniportantes,
1424 606 1545 639 mentio
1582 616 1639 639 seu
1672 605 1802 649 quaevis
1834 605 1897 640 alia

1160 661 1318 705 exquisita
1343 662 1446 694 forma
1469 660 1507 693 ad
1533 661 1596 693 hoc
1619 660 1775 693 servanda
1798 659 1894 700 foret,

1158 714 1288 748 illorum
1313 718 1445 747 tenores
1469 711 1699 757 praesentibus
1718 723 1777 756 pro
1797 714 1896 756 plene

1159 772 1190 800 et
1222 767 1421 800 sufficienter
1445 766 1608 810 expressis
1634 777 1670 799 ac
1701 765 1838 799 formam
1862 765 1896 798 in

1159 821 1205 854 eis
1232 820 1380 854 traditam
1404 830 1464 863 pro
1489 821 1612 852 servata
1637 819 1814 859 habentes,
1836 819 1897 852 hac

1158 874 1226 907 vice
1249 873 1444 917 specialiter,
1467 872 1659 906 nominatim
1685 876 1717 905 et
1742 882 1895 915 expresse

1159 927 1199 960 ad
1224 926 1387 965 effectum,
1406 926 1659 969 praemissorum
1679 925 1893 969 derogamus,

1158 980 1339 1023 ceterisque
1354 979 1524 1012 contrariis
1538 978 1814 1022 quibuscumque„

1201 1034 1272 1077 §4
1307 1033 1346 1066 Ut
1380 1037 1486 1065 autem
1524 1036 1715 1074 praesentes
1750 1031 1894 1070 litterae,

1158 1097 1240 1130 quae
1265 1086 1304 1119 ad
1329 1085 1456 1128 singula
1481 1086 1551 1118 loca
1576 1083 1696 1117 deferri
1721 1093 1787 1116 non
1822 1093 1896 1127 pos-

1158 1146 1243 1180 sunt,
1263 1140 1301 1173 ad
1319 1139 1463 1172 omnium
1481 1138 1627 1171 notitiam
1646 1137 1771 1170 facilius
1797 1137 1895 1170 deve-

1158 1195 1256 1234 niant,
1283 1194 1431 1226 volumus
1462 1197 1497 1224 ut
1524 1191 1710 1224 earumdem
1742 1200 1896 1234 praesen-

1158 1249 1238 1280 tium
1277 1247 1459 1280 litterarum
1498 1245 1727 1289 transumptis,
1754 1255 1811 1278 seu
1843 1254 1897 1277 ex-

1157 1300 1285 1343 emplis,
1305 1300 1402 1333 etiam
1425 1298 1606 1342 impressis,
1634 1308 1730 1330 manu
1763 1296 1897 1330 alicuius

1156 1354 1274 1386 notarii
1288 1353 1410 1396 publici
1429 1351 1633 1395 subscriptis,
1654 1356 1686 1383 et
1702 1350 1811 1394 sigillo
1828 1361 1898 1394 per-

1157 1417 1255 1439 sonae
1280 1407 1312 1438 in
1339 1404 1558 1439 ecclesiastica
1585 1404 1743 1446 dignitate
1777 1402 1897 1436 consti-

1159 1466 1245 1492 tutae
1271 1459 1413 1500 munitis,
1439 1459 1560 1501 ubique
1586 1459 1732 1490 locorum
1758 1461 1790 1489 et
1820 1466 1897 1499 gen-

1159 1514 1236 1547 tium
1265 1523 1397 1557 prorsus
1423 1512 1502 1544 tides
1529 1511 1706 1550 habeatur,
1733 1519 1814 1552 quae
1838 1510 1897 1542 ha—

1157 1568 1288 1600 beretur
1305 1566 1385 1610 ipsis
1403 1564 1632 1609 praesentibus
1657 1563 1683 1596 si
1704 1563 1811 1596 forent
1835 1573 1892 1596 ex-

1158 1620 1281 1661 hibitae
1301 1620 1351 1652 vel
1377 1624 1539 1651 ostensae.

1200 1674 1311 1706 Datum
1339 1673 1476 1712 Romae,
1504 1671 1589 1714 apud
1621 1670 1652 1703 S.
1673 1669 1805 1703 Mariam
1834 1669 1897 1702 Ma·

1156 1727 1274 1766 iorem,
1301 1726 1360 1758 sub
1390 1725 1512 1757 annulo
1548 1722 1733 1762 piscatoris,
1775 1721 1826 1755 die
1864 1733 1897 1756 >41

377 1788 408 1816 et
425 1781 688 1815 ordinationibus
706 1780 906 1823 apostolicis,
923 1779 1113 1822 pracsertim
1158 1780 1284 1823 augusti
1321 1787 1523 1817 MDCLxxxni,
1550 1774 1758 1819 pontificatus
1787 1774 1894 1808 nostri

378 1836 496 1880 quibus
515 1835 650 1867 facultas
668 1833 868 1876 absolvendi,
883 1833 914 1865 in
930 1833 1026 1865 certis
1042 1838 1115 1864 tuuc

377 1888 540 1932 expressis
565 1887 703 1927 casibus,
731 1887 774 1919 ita
800 1886 945 1918 Romano
968 1886 1114 1918 Pontifici

376 1953 436 1986 pro
475 1947 619 1985 tempore
657 1940 806 1974 existenti
844 1945 1046 1980 reservatur,
1081 1946 1116 1972 ut

376 2005 437 2029 nec
462 1994 558 2027 etiam
584 1994 706 2027 similes
732 1994 781 2026 vel
808 1992 983 2026 dissimiles
1009 1993 1116 2025 indul-

376 2049 556 2092 gentiarum
583 2053 615 2081 et
638 2048 825 2080 facultatum
844 2046 1030 2079 huiusmodi
1044 2056 1116 2079 con-

377 2102 557 2141 cessiones,
583 2101 645 2133 nisi
671 2101 710 2133 de
736 2100 799 2133 illis
820 2110 974 2142 expressa
992 2099 1114 2132 mentio

377 2161 431 2188 aut
462 2155 613 2198 specialis
651 2153 818 2197 derogatio
857 2152 929 2193 fiat,
965 2153 1113 2196 cuiquam

375 2208 542 2250 suffragari
567 2212 700 2251 queant,
728 2216 855 2240 necnon
874 2207 986 2248 regula
1002 2207 1115 2239 nostra

376 2261 415 2294 de
426 2271 491 2294 non
503 2260 721 2294 concedendis
735 2259 946 2301 indulgentiis
962 2259 1112 2298 adinstar,

376 2324 412 2346 ac
436 2324 715 2357 quorumcumque
740 2312 895 2345 Ordinum
921 2317 953 2344 et
977 2322 1115 2354 congre-

376 2367 542 2409 gationum
568 2377 624 2399 sen
649 2366 872 2399 institutorum
896 2365 1112 2408 regularium,

378 2420 474 2453 etiam
499 2420 690 2460 iuramento,
717 2419 963 2453 confirmatione
989 2423 1114 2461 aposto-

376 2473 448 2513 lica,
474 2475 522 2506 vel
549 2473 657 2516 quavis
679 2472 829 2506 firmitate
856 2473 918 2505 alia
942 2472 1113 2512 roboratis,

378 2526 505 2559 statutis
541 2531 572 2558 et
604 2526 903 2566 consuetudiuilms,
936 2524 1114 2568 privilegiis

378 2589 528 2622 quoque,
552 2578 684 2610 indultis
710 2584 741 2611 et
765 2578 878 2611 litteris
904 2577 1112 2622 apostolicis,

1157 1844 1243 1867 anno
1265 1844 1320 1866 vn.

1194 1897 1252 1924 Dat.
1270 1896 1313 1924 die
1332 1897 1358 1923 11
1382 1894 1490 1931 augusti
1508 1893 1587 1927 1683,
1603 1892 1699 1929 pontif.
1716 1899 1761 1920 an.
1778 1897 1825 1919 vu.

1459 2089 1590 2125 cxxix.

1159 2200 1378 2243 Confirmatio·
1420 2198 1579 2231 decretum
1628 2195 1896 2240 Conqreqationis

1201 2255 1421 2298 episcoporum
1445 2256 1473 2285 el
1490 2251 1693 2295 reynbarium
1710 2250 1896 2294 approbans

1200 2308 1431 2341 alternacivam
1456 2306 1543 2338 inter
1559 2304 1721 2347 Hispanos
1738 2307 1766 2336 el
1792 2302 1896 2336 Criol-

1202 2362 1247 2394 los
1278 2360 1413 2395 Ordinis
1450 2360 1617 2393 Miuo'mm
1652 2357 1684 2391 S.
1723 2356 1896 2390 Francisci

1201 2415 1237 2448 de
1263 2414 1475 2448 observantia
1499 2413 1535 2445 in
1558 2411 1667 2445 Incliis
1704 2409 1894 2444 Occidenta-

1202 2467 1317 2501 Imus&

1193 2549 1202 2575 1
1218 2548 1254 2575 De
1266 2547 1315 2574 hac
1330 2546 1489 2574 alternative
1505 2544 1564 2572 vide
1580 2544 1670 2571 Const.
1687 2542 1728 2570 ed.
1741 2547 1894 2572 uncrxxvn,

1156 2593 1198 2619 die
1214 2592 1248 2619 ⁶26
1267 2592 1344 2624 iunii,
1357 2594 1432 2626 pont.
1453 2598 1472 2623 1,
1494 2593 1520 2616 et
1539 2589 1628 2615 Const.
1646 2587 1710 2614 edit.
1731 2591 1893 2620 MDchxMtt,

378 2632 503 2667 eisdem
527 2631 721 2674 Ordinibus,
748 2631 1056 2676 congregationibus
1082 2635 1113 2664 et
1156 2637 1198 2664 die
1218 2637 1235 2663 4
1254 2636 1387 2667 octobris,
1409 2639 1482 2671 pont.
1504 2640 1558 2661 uu.

1901 237 1949 265 An.
1968 237 1998 266 C.
2019 240 2082 270 ¹683

1946 1041 2007 1062 Fides
2029 1043 2084 1064 tran.

1906 1070 2039 1095 sumptorum.
