2111 3157
110 162 163 190 An.
185 162 212 191 c.
240 162 303 191 168.
350 155 414 189 570

141 2395 171 2415 nn
187 2397 251 2420 rand
266 2401 298 2416 ar·

114 2423 286 2444 chinium-osana.

305 213 434 254 omnia,
463 225 563 257 quae,
583 225 619 247 ex
646 214 802 247 relatione
827 220 1041 246 conventuum

304 267 569 311 praecedentium
598 268 863 300 dioecesanorum
889 271 921 298 et
950 267 1042 299 deca-

305 320 427 353 natium
448 326 502 352 aut
526 330 561 352 ex
581 320 643 352 alio
664 319 768 362 capite
787 320 923 362 prolata,
945 319 1042 352 disci-

305 373 426 417 plinam
448 378 479 405 et
495 373 617 405 bonum
636 372 732 404 huius
758 371 894 404 instituti
913 382 1042 404 concer-

305 432 401 465 nunt,
428 425 544 458 auditis
570 424 660 468 prius
679 425 821 458 consiliis
839 435 875 457 ac
892 425 1041 458 conside—

304 478 484 512 rationibus
503 479 719 520 singulorum,
739 489 755 510 a
770 478 854 511 dicto
869 478 1040 521 superiore

304 532 451 564 facienda
470 532 521 564 vel
541 531 719 564 omittenda
736 531 963 564 decernantur.

349 594 453 617 eLx1x.
480 584 515 617 ln
539 584 589 616 his
615 583 828 617 conventibus
857 594 921 617 non
947 583 1041 616 attin-

304 642 422 680 gentur
451 647 534 680 quae
568 636 825 670 iurisdictionem
858 636 1040 670 cuiuscum-

304 701 367 733 que
392 689 554 723 Ordinarii
579 696 792 724 concernunt.
819 690 932 724 Omnia
952 690 1042 724 deni-

304 754 377 787 que,
402 754 484 786 quae
509 744 540 775 in
567 743 780 776 conventibus
798 743 949 777 ordinata
974 743 1040 776 sue-

301 797 388 836 rint,
414 798 596 839 protocollo
632 797 806 840 diligenter
836 802 867 830 et
892 797 1039 830 ordinate

302 849 497 889 inserantur,
523 855 557 882 ut
582 850 722 892 posteris
752 856 783 882 et
808 850 1040 883 reverendissi-

301 902 362 935 mis
387 902 527 935 dominis
552 902 729 935 Ordinariis
751 913 882 945 semper
907 903 946 936 de
972 913 1041 936 om-

302 955 398 988 nibus
432 955 514 988 ratio
550 955 640 988 reddi
673 956 789 988 valeat.
817 955 887 989 Fiet
920 956 951 989 id
983 967 1041 1000 per

303 1013 406 1040 certas
431 1018 601 1050 personas,
628 1018 710 1051 qnae
748 1014 810 1042 tam
840 1009 921 1042 haec
945 1020 1039 1052 quam

302 1060 366 1093 alia
390 1061 530 1104 posteris
556 1071 615 1104 pro
640 1062 756 1095 notitia
780 1062 963 1095 necessaria
988 1063 1041 1096 ad-

301 1114 474 1146 notabunt.
498 1113 574 1146 Post
598 1120 793 1147 conventum
814 1120 922 1148 autem
940 1115 1040 1149 archi-

302 1167 533 1199 dioecesanum
558 1167 770 1207 celebratum,
796 1179 927 1211 praeses
953 1180 1041 1203 reve-

300 1221 496 1260 rendissimo
521 1221 654 1254 domino
668 1220 840 1255 Ordinario
865 1233 921 1256 suo
946 1223 1042 1256 desu-

301 1284 361 1317 per
380 1274 521 1306 debitam
539 1274 733 1308 relationem
754 1275 860 1308 saciet.

346 1336 435 1360 Ctxx.
464 1327 536 1360 Post
553 1338 669 1360 novem
688 1338 792 1361 annos
817 1328 850 1360 in
875 1334 1039 1362 conventu

300 1379 388 1413 illius
414 1379 580 1412 districtus
612 1380 752 1413 officium
784 1391 877 1413 suum
910 1382 949 1414 ad
974 1393 1041 1414 mu-

301 1443 360 1466 nus
386 1433 544 1475 praesidis
570 1434 713 1476 supremi
738 1434 952 1476 resignando,
971 1446 1040 1467 mu-

302 1486 430 1526 tabitur,
447 1491 478 1518 et
503 1487 567 1519 duo
593 1486 749 1529 deputati,
771 1488 820 1520 vel
846 1488 977 1530 ipsimet
997 1489 1040 1521 vi-

302 1539 452 1572 sitatores
479 1539 640 1582 praesidis
666 1540 811 1583 supremi
841 1541 1040 1574 constituen-

302 1599 363 1633 tur,
383 1593 445 1636 qui,
465 1598 538 1625 vota
558 1593 743 1636 praesidum
769 1593 1039 1627 dioecesanorum

303 1652 335 1680 ct
358 1647 496 1680 aliorum
521 1646 744 1690 suscipientes,
762 1647 904 1690 praesidi
929 1658 1040 1690 supre-

302 1711 356 1734 mo
375 1699 603 1740 transui-ibent,
623 1710 640 1732 a
660 1710 724 1743 quo
750 1711 787 1733 ex
805 1701 920 1733 notitia
938 1702 1040 1734 talen-

303 1760 426 1793 torum,
451 1764 546 1796 quam
571 1764 606 1786 ex
633 1754 725 1787 sactis
750 1754 811 1787 sibi
837 1754 876 1787 de
902 1754 1038 1797 singulis

303 1806 517 1839 relationibus
543 1806 662 1839 habere
688 1807 807 1847 debet,
832 1807 871 1840 ad
895 1812 1039 1840 votorum

304 1859 463 1892 rationem
482 1858 576 1892 simul
597 1859 806 1900 attendendo,
824 1870 861 1892 ex
886 1859 962 1892 viris
980 1860 1038 1892 sibi

304 1912 481 1955 propositis
507 1912 777 1955 praestantiorem
801 1924 861 1956 pro
891 1913 1039 1956 praeside

306 1966 392 1999 illius
417 1965 696 1998 archidioecesani
714 1965 878 1999 districtus
896 1967 1041 2000 denomi-

305 2018 415 2058 nabit,
449 2018 503 2062 qui
534 2019 738 2061 postmodum
771 2019 1041 2053 reverendissimo

307 2071 437 2104 domino
462 2071 694 2114 archipraesuli
720 2083 779 2105 suo
804 2083 863 2116 per
881 2073 1042 2106 iuramen-

307 2129 385 2163 tum,
401 2123 584 2167 supradicto
603 2124 709 2163 modo,
728 2124 773 2157 uti
791 2130 822 2157 et
846 2125 991 2159 instituto
1009 2136 1041 2158 se

308 2176 500 2219 obstringet.
521 2176 612 2215 Quod
637 2177 662 2209 si
680 2187 757 2210 vero
785 2177 890 2211 dictus
911 2189 1042 2221 praeses

308 2229 557 2273 archiepiscopo
582 2240 648 2263 non
673 2231 810 2273 placeat,
829 2236 904 2264 tunc
929 2241 1043 2274 supre-

307 2293 376 2315 mus
409 2293 540 2327 praeses
571 2283 640 2316 sine
673 2286 756 2317 nova
787 2285 1042 2328 congregatione

310 2336 402 2368 aliam
421 2346 594 2379 personam
616 2337 721 2370 eidem
738 2337 930 2370 nominabit.
960 2360 963 2362 -

353 2398 455 2421 ctxxi.
479 2389 512 2421 In
538 2389 600 2422 illis
625 2390 713 2429 locis,
742 2390 797 2423 ubi
823 2392 932 2434 plures
958 2390 1044 2424 dioe-

310 2452 401 2476 ceses
436 2442 530 2474 unius
564 2443 861 2487 archiepiscopatus
894 2443 979 2477 inter
1010 2454 1043 2477 se

310 2495 544 2528 connexionem
570 2496 697 2536 habent,
724 2502 756 2530 et
777 2497 814 2530 ad
840 2508 1044 2530 communem

890 166 1071 191 urrunnun
1096 168 1247 191 uolumen
1819 168 1868 196 An.
1889 167 1919 196 C.
1943 168 2010 197 1084

1087 215 1204 247 tuenda
1231 220 1281 247 est
1312 226 1406 258 capsa
1438 216 1748 257 archidioecesana,
1780 217 1819 250 ad
1862 235 1864 238 ·

1085 278 1180 310 quam
1200 273 1261 301 tam
1276 269 1468 302 clericorum
1487 270 1582 302 huius
1599 271 1735 303 instituti
1753 281 1817 304 non

1084 321 1270 354 necessaria
1295 332 1332 354 ex
1358 321 1460 364 capsis
1485 322 1697 362 dioecesanis,
1722 334 1819 366 quam

1083 373 1190 406 media
1224 373 1354 407 aliunde
1388 374 1595 408 advenientia
1623 375 1743 419 deponi
1768 376 1821 409 de-

1083 425 1172 465 bent,
1195 431 1230 458 ut
1254 437 1313 470 pro
1336 427 1473 460 utilitate
1498 439 1534 461 ac
1559 428 1754 461 necessitate
1779 434 1820 462 to-

1085 479 1147 511 tius
1173 479 1260 512 illius
1285 479 1448 513 districtus
1474 481 1750 514 archidioecesani
1768 492 1821 514 ex-

1084 532 1266 574 pendantur
1298 538 1331 565 et
1361 534 1580 577 applicentur.
1607 533 1734 567 Clavem
1759 545 1819 578 pro

1084 585 1197 619 eadem
1215 587 1490 631 habebitpraeses
1506 587 1820 629 archidioecesanus‚

1083 640 1218 672 alteram
1243 640 1311 673 eius
1338 650 1545 681 oeconomus,
1572 641 1699 674 tertiam
1724 650 1821 685 supe·

1084 691 1152 725 rior
1187 693 1390 735 particularis
1428 693 1516 727 illius
1547 694 1663 727 domus
1690 693 1724 728 in
1756 705 1820 738 qua

1083 755 1177 789 capsa
1201 747 1275 780 erit.

1127 809 1241 834 CLxxn.
1267 800 1411 835 Officium
1436 802 1531 835 huius
1553 802 1722 837 oeconomi
1748 802 1819 842 erit,
1857 809 2014 859 'ngr‘v'ffm

1084 853 1224 896 praesidi
1257 854 1344 887 illius
1374 855 1538 888 districtus
1569 856 1603 889 in
1631 853 1818 889 visitatione
1829 842 1871 886 12³5?
1890 844 1894 858 ¹
1912 842 2007 859 'mm'

1083 906 1195 940 adesse
1213 911 1244 940 et
1263 918 1372 941 curam
1390 918 1498 941 rerum
1520 908 1748 952 temporalium
1761 909 1818 942 hu-

1083 959 1130 992 ius
1155 959 1296 993 instituti
1328 961 1433 994 ubivis
1458 962 1646 1005 suscipere,
1672 962 1705 995 in
1729 962 1818 995 omni

1083 1013 1153 1045 loco
1178 1013 1391 1046 necessitates
1423 1019 1456 1046 et
1478 1014 1587 1047 omnia
1612 1015 1674 1048 alia
1699 1015 1819 1048 incom-

1083 1065 1196 1105 moda,
1223 1077 1305 1109 quae
1336 1067 1385 1100 vel
1418 1077 1575 1110 personae
1605 1067 1816 1110 particulares

1083 1124 1137 1151 aut
1161 1119 1305 1161 integrae
1330 1119 1471 1153 familiae
1503 1119 1694 1162 patiuntur,
1719 1120 1818 1153 chari·

1083 1171 1177 1204 tative
1202 1172 1330 1213 audire,
1347 1177 1380 1205 et
1404 1172 1435 1204 in
1461 1173 1608 1215 Domino,
1628 1173 1714 1206 iuxta
1734 1173 1819 1206 dire-

1084 1224 1222 1257 ctionem
1246 1225 1295 1257 sui
1320 1225 1498 1268 praesidis,
1524 1225 1704 1258 remedium
1728 1224 1819 1258 adhi-

1083 1277 1171 1318 bere,
1194 1288 1230 1311 ac
1244 1278 1436 1321 praesertim
1460 1278 1630 1312 ratiocinia
1653 1274 1830 1321 generalia

1083 1341 1181 1373 super
1212 1330 1306 1363 bonis
1339 1330 1566 1364 communibus
1598 1331 1735 1364 instituti
1760 1331 1831 1374 per*

1082 1382 1174 1415 illum
1199 1383 1382 1416 districtum
1408 1383 1580 1416 conficere.
1600 1383 1703 1417 Huius
1726 1394 1820 1417 oeco-

1083 1436 1169 1468 nomi
1183 1436 1441 1469 ordinationibus
1459 1441 1569 1469 ornnes
1583 1436 1636 1469 atii
1650 1437 1817 1470 oeconomi

1083 1488 1256 1522 interiores
1288 1489 1512 1532 acquiescent,
1538 1489 1634 1530 itaut,
1661 1488 1819 1533 quidquid

1083 1542 1318 1575 rationabiliter
1338 1542 1548 1582 ordinaverit,
1568 1543 1752 1577 observent.
1771 1544 1818 1577 Ad

1082 1595 1142 1628 hoc
1166 1606 1283 1628 munus
1315 1596 1372 1628 viri
1403 1595 1435 1628 in
1469 1596 1555 1629 omni
1582 1606 1701 1638 genere
1726 1607 1820 1640 prae-

1082 1653 1204 1680 stantes
1217 1648 1453 1692 requiruntur,
1469 1648 1522 1691 qui
1540 1654 1572 1681 et
1589 1648 1649 1691 ipsi
1666 1648 1820 1682 obedien-

1083 1705 1130 1733 tes
1154 1701 1237 1741 sint‚
1264 1706 1296 1734 et
1326 1701 1359 1733 in
1383 1700 1481 1734 rebus
1507 1700 1640 1734 alicuius
1665 1702 1818 1734 momenti

1083 1754 1218 1787 aliorum
1236 1754 1388 1797 prudenti
1406 1754 1540 1788 consilio
1560 1759 1704 1794 utantur,
1721 1759 1819 1798 atque

1083 1807 1137 1839 ubi
1163 1807 1211 1840 rei
1237 1807 1376 1849 gravitas
1398 1807 1565 1850 requirere
1590 1806 1762 1847 videbitur,
1778 1808 1818 1840 ab

1082 1860 1222 1904 ipsomet
1245 1860 1396 1903 praeside
1421 1861 1709 1894 archidioecesano
1733 1860 1819 1894 ordi-

1084 1914 1250 1947 nationem
1290 1918 1425 1957 petant,
1459 1924 1476 1947 e
1509 1914 1600 1947 cuius
1640 1913 1819 1947 directione

1084 1966 1319 2010 perfectissime
1355 1968 1387 2000 in
1423 1966 1527 2000 officio
1562 1977 1621 2000 suo
1656 1967 1821 2011 depende-

1084 2022 1178 2054 bunt.
1651 2046 1654 2055 .
1668 2046 1670 2053 ·
1686 2045 1688 2057 .

1129 2082 1255 2107 cnxxtn.
1292 2073 1394 2107 Huius
1430 2073 1568 2108 instituti
1603 2079 1720 2118 caput,
1760 2074 1820 2107 sub
1857 2082 2014 2131 nonmagna

1084 2126 1215 2160 nomine
1242 2127 1400 2169 praesidis
1413 2127 1557 2170 supremi
1576 2128 1626 2161 vel
1647 2116 1923 2170 generalis,{¹2¹i¹3‘„⁰·¹?¹
1973 2115 2015 2130 '¹⁶'

1085 2184 1273 2213 constanter
1304 2189 1405 2212 unum
1438 2179 1509 2212 erit.
1536 2179 1594 2213 Hic
1618 2181 1752 2224 praeses
1777 2185 1823 2214 to-

1085 2238 1151 2265 tum
1169 2232 1351 2265 institutum
1365 2238 1428 2266 tam
1441 2232 1474 2266 in
1487 2232 1708 2276 spiritualibus
1726 2244 1825 2277 quam<

1085 2285 1341 2329 temporalibus,
1365 2285 1399 2318 in
1436 2296 1676 2329 quamcumque
1710 2286 1823 2320 mundi

1085 2344 1210 2382 partem
1237 2337 1388 2372 diffusum
1410 2339 1510 2372 suerit
1533 2344 1588 2372 aut
1613 2339 1822 2380 diffundetur,

1086 2391 1264 2425 secundum
1289 2391 1405 2432 Deum,
1432 2392 1502 2424 sine
1526 2392 1593 2425 ullo
1617 2392 1822 2426 reverendis-

1086 2445 1240 2477 simorum
1260 2444 1464 2477 dominorum
1476 2444 1720 2478 Ordinariorum
1733 2455 1823 2488 prae-

1087 2497 1222 2537 iudicio,
1249 2497 1428 2531 directione
1461 2498 1667 2531 solummodo
1699 2498 1821 2541 privata

310 2549 480 2582 utilitatem
517 2549 628 2582 domus
662 2551 893 2593 emeritorum,
925 2551 1045 2585 consti·
1087 2551 1554 2597 etoeconomica,septifidum
1572 2550 1821 2593 constitutiones
