2111 3157
68 186 116 210 An.
135 185 165 211 C.
186 185 249 212 11384
298 177 361 212 532
844 190 1023 215 mmmmm!
1046 190 1198 216 Romnum

262 238 434 270 voluntatis
451 238 681 272 flexibilitatem
700 239 874 281 practicam
894 244 997 271 osten·
1041 239 1090 271 nis
1116 240 1252 282 gradum
1279 240 1316 273 ad
1342 241 1490 275 altiorem
1515 242 1659 276 schoiam
1690 247 1774 277 tece-

261 289 347 329 dant,
372 291 539 324 moderata
563 302 694 334 quoque
720 292 785 324 irae
804 296 835 324 et
859 292 995 324 aliarum
1040 291 1115 332 rint,
1143 297 1183 333 et,
1205 292 1238 325 in
1258 304 1383 327 summo
1407 296 1456 328 vel
1481 296 1595 329 saltem
1616 296 1772 330 mediocri
1807 324 1810 329 .

259 343 445 384 passionum
465 344 656 387 temperies,
675 343 784 378 filialis
805 345 935 388 quidam
953 345 997 377 as·
1038 345 1140 386 gradu
1172 345 1275 386 docti,
1304 358 1340 380 ex
1366 348 1528 381 rhetorica
1556 348 1594 381 ad
1620 348 1769 392 philoso-

1784 197 1834 223 An.
1854 195 1883 224 C.
1900 197 1967 226 ¹684

86 1676 234 1696 Arlwlescentes

51 1703 70 1722 in
86 1708 203 1722 seminariis
216 1708 234 1721 in

61 1735 92 1748 res
119 1728 234 1748 <unitarum

51 1760 60 1771 Γ
75 1761 129 1774 we<
161 1755 234 1774 distri-

60 1781 141 1802 vnvndi:
154 1787 234 1801 eorum-

51 1808 140 1833 demque
155 1808 226 1831 ablica

51 1837 79 1852 im
95 1835 120 1853 att
142 1834 183 1854 1100
205 1835 234 1855 in·

51 1863 152 1881 stitutum.

258 396 360 428 sectus
386 407 461 439 erga
486 398 548 429 hoc
573 397 756 429 institutum
789 397 832 430 ita
864 397 896 430 in
930 397 993 431 illis

258 450 386 482 elucere
402 450 507 490 debet,
517 455 552 482 ut
563 450 744 494 prudenter
757 450 873 484 coniici
889 451 995 494 possit

257 502 344 543 quod
366 503 525 537 fructuose
545 508 576 536 et
592 503 734 536 filialiter
758 504 845 536 hunc
861 504 993 536 clerica-

255 555 318 586 lem
338 560 454 587 statum
472 566 529 588 5110
548 561 693 599 tempore
709 556 773 589 sint
789 556 988 589 exornaturi.

298 619 340 641 v1.
362 609 551 652 Priusquam
570 610 609 642 ad
627 610 799 642 seminaria
816 610 992 653 suscipian-

248 666 313 698 tur,
333 662 517 704 superiores
538 662 684 695 notitiam
709 667 890 706 parentum,
913 662 990 694 edu-

253 714 389 747 cationis
414 725 600 758 puerorum,
628 715 829 757 aliarumque
854 714 989 747 circum-

252 768 450 807 stantiarum,
465 769 542 800 item
559 769 792 801 testimoniales
810 769 987 801 studiorum

252 826 284 852 ct
309 821 462 853 natalium
488 821 648 860 habeant,
675 820 730 854 fiat
754 831 889 854 examen
914 832 988 863 pra-

250 873 365 905 011011111
391 874 587 915 studiorum,
605 880 636 907 et
660 875 722 907 alia
746 875 853 907 omnia
877 874 987 907 obser-

249 932 372 965 ventur,
398 937 478 969 quae
503 938 563 970 pro
595 927 778 960 seminariis
809 927 985 970 praescribi

250 980 370 1011 solent.
398 979 517 1018 Quibus
543 981 691 1023 peractis,
717 980 908 1013 admittendi
936 991 988 1012 su-

249 1032 432 1074 perioribus
447 1033 541 1065 huius
558 1033 698 1066 instituti
717 1033 899 1076 simplicem
917 1043 986 1076 pro-

248 1084 438 1118 missionem
471 1086 589 1118 saciant
621 1087 706 1129 quod
738 1086 772 1118 in
798 1087 858 1120 hac
891 1086 986 1118 cleri-

248 1138 309 1170 cali
335 1138 406 1177 vita,
433 1144 590 1181 quantum
616 1138 685 1171 fieri
709 1144 826 1182 potest,
853 1139 892 1172 ad
915 1139 983 1172 dies

247 1190 329 1222 vitae
352 1191 459 1224 vivere
484 1191 664 1232 intendant,
691 1193 736 1224 ita
761 1198 877 1232 tamen,
895 1198 938 1231 ut,
958 1192 985 1225 si

247 1243 280 1274 in
305 1254 478 1286 progressu
497 1244 652 1287 temporis
670 1245 728 1277 sub
747 1245 860 1277 studiis
878 1256 895 1278 a
912 1255 986 1287 pro-

248 1296 352 1338 posito
379 1307 415 1329 ex
440 1297 625 1330 rationabili
658 1301 755 1331 causa
777 1299 981 1337 recederent,

247 1350 451 1383 solummodo
475 1356 620 1394 sumptus
645 1362 755 1384 eorum
780 1351 986 1384 sustentatio-

247 1402 296 1434 nis
321 1405 416 1435 causa
440 1403 541 1435 factos
559 1404 733 1436 refundere
754 1404 889 1446 obligati
911 1404 983 1443 sint,

247 1455 306 1487 nisi
332 1461 504 1498 paupertas
526 1462 675 1496 excuset,
690 1462 760 1496 aut,
775 1457 828 1500 qui
852 1456 983 1489 ditiores

246 1514 334 1549 sunt,
361 1509 402 1541 ob
428 1509 598 1549 morbum,
617 1511 667 1542 vel
691 1510 786 1542 aliam
810 1510 984 1542 rationabi-

246 1563 310 1594 lem
336 1573 484 1602 causam,
503 1568 534 1594 01
559 1573 622 1595 non
650 1574 687 1595 ex
713 1564 806 1606 culpa
831 1569 886 1595 aut
910 1574 984 1606 pro-

246 1615 315 1658 pria
335 1617 499 1648 voluntate
518 1627 644 1655 eorum,
665 1616 878 1650 dimittantur.

291 1680 346 1702 vn.
375 1669 413 1702 Ut
437 1670 612 1702 iuventutis
639 1670 786 1703 educatio
809 1671 919 1704 debito
937 1682 984 1705 or-

247 1721 321 1754 dine
346 1722 545 1762 instituatur,
572 1723 626 1756 illa
647 1723 679 1755 in
698 1729 762 1756 tres
780 1725 902 1757 classes
920 1731 984 1756 stu-

247 1774 374 1807 diorum
392 1775 623 1814 distribuatur,
638 1787 697 1819 per
710 1788 787 1819 quas
798 1803 805 1816 ‚
821 1782 982 1820 tamquam

246 1838 305 1870 per
329 1829 462 1870 gradus,
491 1828 639 1861 iuvenilis
664 1829 789 1861 animus
815 1830 853 1863 ad
879 1831 984 1863 scien-

247 1879 361 1912 tiarum
387 1886 418 1912 et
442 1881 594 1913 virtutum
626 1882 708 1914 viam
735 1882 766 1914 in
793 1882 908 1915 ordine
944 1884 981 1917 ad

246 1933 428 1966 clericalem
445 1939 564 1966 statum
583 1945 710 1967 sursum
728 1935 872 1968 ducatur.

289 1995 354 2019 vni.
381 1986 413 2018 ln
439 1986 541 2029 prima
559 1988 660 2020 classe
683 1994 776 2020 erunt
796 1989 983 2022 adolescen-

246 2042 292 2069 tes
319 2040 452 2070 tonsura
477 2039 617 2073 clericali
644 2040 789 2083 insigniti
815 2053 832 2074 a
858 2042 1001 2085 syntaxi>

246 2101 347 2132 usqne
371 2091 410 2123 ad
436 2092 633 2126 rhetoricam
655 2093 824 2134 inclusive,
847 2100 878 2127 et
903 2096 983 2128 haec

248 2143 350 2185 prima
375 2145 484 2177 classis
522 2156 579 2188 pro
613 2147 766 2189 qualitate
804 2147 983 2181 mediorum

249 2196 429 2229 ordinanda
454 2198 525 2230 erit.

293 2260 334 2281 n.
362 2249 510 2284 Secunda
530 2253 638 2286 classis
659 2255 889 2297 complectitur
912 2255 985 2298 phi-

248 2303 420 2345 losophos,
454 2317 471 2337 a
502 2305 662 2350 principio
689 2319 790 2351 usque
822 2310 861 2342 ad
886 2308 982 2341 finem

249 2356 489 2399 11111105011111110,
513 2359 576 2401 qni,
601 2364 750 2404 suscepta
769 2363 903 2394 tonsura
921 2363 985 2395 cle-

249 2409 354 2447 ricali,
375 2420 407 2441 50
426 2411 538 2452 digno<
560 2414 762 2447 reddiderint
781 2416 892 2447 utiam
908 2416 984 2448 soli-

251 2461 320 2494 dius
339 2461 557 2505 indisciplina
576 2471 606 2496 ct
623 2466 765 2499 scientiis
783 2468 980 2502 adolescant.

297 2513 333 2545 Ut
365 2515 519 2557 praedicti
552 2518 775 2551 adolcsoentcs
800 2521 845 2552 sic
870 2521 983 2554 admit-

251 2572 372 2608 tantur,
407 2569 583 2612 requiritur
615 2571 666 2610 1⁰,
701 2577 735 2604 ut
765 2573 899 2615 singulis
928 2585 983 2607 an-

1037 397 1147 439 pliiam
1164 397 1393 442 sintpromoti;
1413 400 1453 441 2⁰,
1472 406 1516 441 ut,
1536 407 1688 445 quantum
1703 402 1772 435 fieri

1036 454 1150 492 potest,
1165 451 1229 484 sint
1248 451 1280 484 in
1298 453 1424 496 aequali
1442 459 1559 494 aetate;
1577 454 1623 495 3⁰,
1641 459 1676 487 ut
1692 454 1771 488 illud

1035 504 1201 546 specimen
1219 516 1355 546 morum,
1370 506 1507 540 maxime
1525 507 1685 541 fraternae
1699 518 1772 541 cou-

1034 556 1187 598 cordiae‚
1216 559 1392 592 modestiae
1425 565 1457 592 et
1488 560 1692 594 obedientiae
1717 561 1772 594 de-

1034 609 1159 650 derint,
1186 611 1271 653 quod
1296 612 1432 645 solidam
1461 623 1550 656 spem
1572 613 1683 654 saciat,
1712 624 1769 647 eos

1032 666 1183 695 strenuos
1202 664 1299 696 huius
1316 665 1475 698 clericalis
1493 666 1585 705 vitae,
1608 672 1640 699 et
1662 666 1770 700 Eccle-

1031 714 1098 747 siae
1122 714 1306 749 Catholicae
1330 716 1447 750 milites
1476 728 1647 759 evasuros,
1672 718 1716 759 4⁰,
1734 723 1770 752 ut

1031 769 1260 802 revelationem
1275 769 1322 802 sui
1345 770 1487 804 hominis
1501 771 1664 805 interioris
1680 771 1769 806 filiali

1031 822 1173 855 candore
1207 833 1263 855 eos
1298 823 1411 856 secisse
1443 824 1626 866 iudicetur;
1656 825 1706 867 5⁰,
1734 832 1769 859 ut

1029 874 1134 907 zelum
1161 875 1354 917 animarum,
1385 877 1539 920 pietatem
1564 889 1641 922 erga
1664 879 1767 913 Deum

1030 933 1061 960 et
1085 928 1231 969 Sanctos,
1250 934 1277 962 et
1298 929 1500 964 allectionem
1525 942 1602 975 erga
1626 943 1677 966 res
1694 943 1768 967 cac-

1029 981 1126 1015 lestes
1145 982 1267 1015 habere
1286 990 1520 1025 agnoscantur,
1535 985 1578 1025 6⁰,
1592 991 1627 1018 ut
1641 986 1766 1019 nullum

1030 1035 1222 1068 canonicum
1248 1036 1517 1078 impedimentum
1542 1039 1592 1071 vel
1617 1039 1766 1082 corporis

1030 1088 1265 1121 deformitatem
1284 1099 1319 1121 ac
1336 1089 1500 1124 desectum
1523 1093 1764 1134 contraxerint,

1029 1153 1110 1186 quae
1137 1143 1213 1175 huic
1237 1142 1376 1175 clericali
1396 1144 1493 1176 statui
1518 1145 1671 1179 damnosa
1696 1157 1766 1180 esse

1029 1197 1144 1240 possit.
1171 1196 1205 1228 111
1235 1196 1361 1229 defectu
1393 1202 1499 1230 autem
1529 1199 1766 1241 praedictarum

1030 1250 1218 1293 qualitatum
1244 1249 1352 1292 potius
1376 1256 1498 1284 mature
1524 1251 1704 1286 dimittendi
1732 1265 1766 1286 e-

1029 1308 1124 1342 runt;
1144 1302 1319 1345 praedictis
1343 1313 1418 1336 vero
1436 1305 1716 1346 concurrentibus,
1734 1312 1767 1340 et

1030 1355 1244 1399 promissione
1262 1356 1483 1399 superioribus
1506 1358 1602 1391 huius
1628 1359 1766 1392 instituti

1029 1409 1110 1441 sacta
1134 1409 1220 1452 quod
1245 1409 1277 1441 in
1303 1410 1363 1442 bac
1383 1411 1521 1444 clericali
1537 1411 1600 1445 vita
1616 1418 1766 1445 constan-

1030 1468 1078 1495 ter
1102 1463 1208 1495 vivere
1227 1462 1342 1499 velint.
1370 1463 1408 1496 ad
1432 1464 1607 1498 secundam
1628 1465 1765 1499 classem

1028 1515 1246 1548 admittentur.

1071 1579 1101 1600 x.
1129 1568 1162 1600 ln
1188 1568 1282 1601 tertia
1307 1569 1410 1602 classe
1437 1569 1645 1603 continentur
1670 1571 1764 1605 theo-

1028 1621 1113 1664 logi,
1140 1621 1345 1661 canonistae,
1372 1622 1492 1666 aliique
1525 1633 1543 1655 a
1567 1623 1632 1657 fine
1656 1624 1765 1668 philo-

1027 1675 1161 1717 sophiae
1184 1685 1287 1717 usque
1312 1675 1350 1707 ad
1376 1676 1613 1716 sacerdotium,
1638 1677 1693 1720 qui
1719 1683 1765 1711 ta-

1028 1728 1074 1760 les
1099 1727 1161 1759 vita
1186 1733 1218 1760 et
1241 1728 1385 1761 moribus
1411 1729 1585 1769 extiterint,
1611 1736 1646 1763 ut
1671 1731 1710 1764 de
1728 1731 1766 1764 il-

1028 1781 1132 1813 lorum
1157 1780 1295 1813 clericali
1329 1781 1496 1814 vocatione
1526 1782 1765 1817 rationabiliter

1029 1833 1169 1866 dubitari
1203 1843 1269 1865 11011
1305 1835 1425 1876 possit,
1452 1840 1480 1867 et
1515 1835 1570 1875 hi,
1604 1837 1764 1879 susceptis

1028 1887 1208 1919 minoribus
1238 1886 1426 1927 ordinibus,
1453 1887 1540 1920 iuxta
1564 1889 1671 1922 studia
1705 1900 1764 1932 pu-

1028 1939 1118 1978 blica,
1144 1939 1177 1971 in
1202 1939 1482 1981 universitatibus,
1510 1940 1614 1983 domi,
1640 1941 1705 1975 sive
1729 1942 1764 1975 in

1028 1992 1222 2032 seminariis,
1248 1992 1454 2035 potissimum
1482 1993 1515 2026 in
1542 1994 1589 2034 iis,
1615 2005 1698 2038 quae
1724 1995 1764 2028 ad

1027 2045 1161 2078 salutem
1187 2045 1364 2078 animarum
1389 2047 1628 2088 procurandam
1653 2058 1763 2081 neces-

1028 2097 1113 2130 saria
1137 2104 1223 2138 sunt,
1242 2098 1516 2132 informabuntur.

1071 2161 1113 2183 xi.
1141 2150 1333 2193 Priusquam
1367 2162 1443 2185 vero
1480 2152 1520 2185 ad
1553 2163 1624 2186 eam
1648 2152 1764 2186 admit-

1029 2207 1144 2243 tantur,
1170 2214 1229 2246 per
1254 2203 1469 2238 iuramentum
1495 2205 1534 2238 ad
1556 2205 1619 2239 hoc
1637 2206 1764 2239 institu-

1029 2261 1093 2288 tum
1119 2266 1152 2289 se
1178 2256 1368 2299 obligabunt
1383 2284 1389 2297 ,
1404 2257 1447 2290 ita
1464 2258 1614 2301 quidem,
1633 2264 1685 2300 ut,
1707 2259 1763 2303 qui

1027 2309 1145 2341 alumni
1172 2310 1265 2342 simul
1285 2310 1401 2344 suerint
1418 2310 1451 2343 in
1468 2311 1642 2344 seminario
1659 2311 1765 2345 cuius-

1028 2363 1098 2395 dam
1124 2362 1294 2402 Ordinarii,
1321 2363 1369 2396 vel
1394 2363 1527 2396 alterius
1552 2364 1690 2407 patroni,
1717 2364 1765 2398 in-

1028 2416 1137 2448 stituto
1164 2416 1370 2457 concredito,
1403 2417 1546 2450 adinstar
1571 2417 1698 2451 illorum
1723 2419 1763 2451 ab
1787 2410 1790 2413 Δ

1028 2469 1273 2511 archiepiscopo
1313 2469 1500 2512 llloguntino
1539 2475 1571 2503 et
1609 2471 1764 2514 episcopo

1027 2521 1255 2564 llerbipolensi
1277 2527 1309 2554 ct
1326 2523 1513 2565 Augustano
1529 2522 1676 2557 instituto
1691 2533 1765 2557 con-

1027 2574 1231 2615 creditorum,
1259 2580 1397 2619 utroque
1417 2582 1578 2620 respectu,
1604 2581 1670 2611 tam
1687 2587 1766 2621 erga
