2111 3157
15 194 65 222 An.
84 194 114 220 C.
137 192 203 219 ¹688

203 238 334 282 prioris,
359 239 414 282 qui
438 249 497 282 pro
523 239 580 271 sua
603 237 775 281 prudentia
799 237 878 269 illud
903 235 934 267 in

204 293 273 336 pios
302 303 375 325 usus
411 296 586 325 convertet.
619 291 708 335 Ipsos
745 296 849 323 tamen
885 299 936 322 ce-

204 355 278 378 reos
293 345 450 387 agnusdei
471 350 503 378 et
519 350 643 377 ceteras
660 343 813 386 reliquias
828 342 934 374 aureis

199 403 258 430 aut
281 397 443 440 argenteis
467 396 665 429 ornamentis
687 396 826 428 inclusas
845 395 934 427 nullo

199 456 221 478 n
237 450 300 483 odo
326 450 520 483 intendimus
545 450 718 492 prohibere
736 454 767 481 et
782 448 933 489 alienare,

200 503 260 535 Sed
286 502 432 535 volumus
457 502 650 544 simpliciter
674 507 705 533 et
729 502 862 534 honeste
886 501 934 533 in-

200 553 299 592 cludi,
314 559 344 586 et
368 554 452 586 iuxta
476 554 630 596 cuiusque
656 553 872 592 devotionem,
895 553 933 585 de

199 605 321 644 prioris
346 616 517 646 consensu,
544 612 596 638 aut
612 604 745 648 portari,
764 610 817 637 aut
838 604 931 637 etiam

198 653 233 688 in
260 657 398 690 ecclesia
424 658 508 690 inter
528 658 605 690 alias
630 657 784 699 reliquias
801 657 930 689 servari.

245 719 274 741 x.
302 709 415 742 Libros
449 710 545 742 etiam
581 720 802 752 quoscumque
835 709 933 742 deau-

197 767 287 794 ratos
312 768 344 794 et
367 761 585 804 inargentatos
609 761 679 794 fieri
705 763 753 794 vel
778 761 839 794 emi
862 772 933 804 pro-

197 813 367 847 hibemus:
383 814 531 847 similiter
548 814 655 847 omnia
671 814 843 856 horologia
860 825 933 858 par-

197 875 236 898 va
259 866 424 909 portalitia
449 867 675 909 prohibemns;
703 867 765 899 nisi
787 867 868 899 sorte
894 878 930 900 ex

198 919 306 962 aliqua
341 921 436 952 causa
468 919 653 952 rationabili
690 919 816 962 priores
849 921 932 953 iudi-

200 972 347 1004 caverint
385 972 547 1015 aliquibus
583 973 773 1005 officialibus
799 984 836 1006 ea
862 985 930 1007 esse

196 1024 426 1068 permittenda;
442 1031 472 1057 et
491 1030 566 1057 tunc
585 1025 658 1058 talia
677 1036 747 1059 esse
766 1027 932 1059 debebunt

197 1086 280 1118 qnae
305 1087 369 1109 non
402 1077 468 1109 sint
501 1078 567 1110 ullo
604 1078 700 1110 modo
736 1079 865 1112 curiosa
900 1087 931 1113 et

196 1129 348 1172 pretiosa,
385 1131 452 1169 sed,
489 1141 570 1173 qnae
606 1131 712 1164 viliori
749 1137 781 1165 et
814 1133 929 1166 minori

196 1182 304 1225 pretio
330 1182 393 1215 emi
418 1184 558 1225 possint.
585 1184 702 1217 Maiora
726 1186 849 1228 pariter
874 1187 931 1219 lio-

195 1234 320 1278 rologia
354 1245 408 1268 seu
435 1236 621 1270 excitatoria
643 1238 692 1271 liis
715 1244 838 1273 tantum
859 1251 931 1284 per-

195 1288 373 1328 mittantur,
398 1289 514 1331 quibus
538 1290 672 1323 arbitrio
702 1291 820 1334 prioris
847 1293 931 1326 vide-

194 1339 317 1374 buntur
341 1352 411 1374 esse
436 1343 628 1382 necessaria,
647 1349 677 1376 et
701 1355 738 1378 ea
763 1346 837 1379 talia
856 1347 930 1386 sint,

196 1403 279 1437 qnae
305 1395 394 1427 nullo
426 1395 521 1427 modo
545 1407 562 1428 a
586 1397 795 1430 carthusiana
827 1399 930 1432 humi-

194 1446 284 1480 litate
304 1453 335 1480 et
351 1447 530 1481 abiectione
549 1449 747 1493 discrepent.

237 1509 281 1532 xi.
308 1499 438 1543 Tapetia
466 1501 635 1542 universa,
662 1508 692 1535 et
718 1514 830 1537 eorum
856 1505 928 1538 loco

194 1553 293 1597 panni
317 1553 446 1593 virides,
471 1554 538 1586 sive
564 1555 658 1588 aliter
674 1558 928 1599 quomodocum-

196 1615 258 1648 que
284 1606 433 1646 colorati,
452 1606 512 1638 nisi
534 1607 565 1639 in
584 1609 719 1641 ecclesia
737 1615 768 1642 et
785 1610 928 1654 hospitio

195 1659 362 1698 nobilium,
389 1659 442 1691 nbi
468 1665 516 1692 est
529 1663 737 1699 consuetudo.
760 1668 792 1696 et
808 1665 927 1697 cussini

194 1711 359 1754 picturati,
374 1711 435 1744 nisi
456 1712 487 1744 in
509 1714 645 1746 ecclesia
666 1719 800 1757 tantum,
817 1717 848 1749 in
868 1728 926 1751 usu

194 1764 279 1808 apud
305 1774 361 1797 nos
388 1775 453 1797 non
479 1765 672 1800 habeantur.

236 1826 292 1850 ΧΗ.
319 1816 497 1850 Pelliciolas
523 1820 669 1862 vulpinas
695 1826 726 1853 et
750 1821 788 1854 de
807 1822 927 1856 anima-

192 1867 278 1901 libus
302 1869 559 1910 silvestribns‚et
585 1873 706 1906 tunicas
731 1884 767 1906 ac
787 1876 927 1908 cucullas

193 1920 326 1954 diurnas
358 1922 397 1954 de
429 1923 555 1956 sustano
581 1930 612 1956 et
636 1924 732 1967 sagia,
769 1932 801 1959 et
833 1938 927 1970 qnas-

192 1983 328 2018 cumque
353 1974 455 2008 lineas
481 1976 703 2010 interdicimus
729 1979 901 2013 universis.

235 2037 304 2061 xm.
331 2027 424 2060 Nulla
449 2028 572 2067 domus,
608 2040 690 2072 qnae
716 2031 814 2064 debet
843 2033 926 2065 ultra

192 2085 321 2113 centum
345 2086 445 2120 senta,
460 2082 565 2124 quoad
583 2082 716 2116 ditiores
735 2084 857 2124 domos,
876 2087 925 2119 vel

192 2131 434 2176 quinquaginta,
460 2134 566 2176 quoad
591 2135 783 2177 mediocres,
808 2138 857 2170 vel
883 2138 926 2170 vi-

192 2183 434 2228 gintiquinque,
451 2186 557 2228 quoad
575 2187 732 2229 minores,
748 2189 833 2222 licite
852 2201 926 2233 pos-

191 2237 234 2269 sit
258 2237 428 2270 aedificare
453 2239 582 2282 aliquod
600 2240 781 2273 aedilicium
806 2252 922 2276 novum

190 2289 251 2322 nisi
277 2290 367 2333 prins
392 2291 585 2333 persolverit
610 2293 672 2324 tale
698 2293 851 2334 debitum,
871 2301 926 2328 aut

190 2344 288 2376 talem
313 2343 481 2386 pecuniam
509 2344 636 2385 haheat,
654 2346 702 2378 vel
728 2346 767 2379 de
791 2348 926 2391 propin-

192 2405 257 2438 quo
282 2395 432 2428 habitura
468 2397 521 2436 sit,
555 2408 651 2441 qnam
687 2409 744 2431 sno
779 2404 923 2443 tempore

190 2458 252 2491 pro
285 2449 338 2481 tali
374 2449 484 2483 debito
518 2451 665 2484 restituat
691 2452 923 2486 creditoribus:

191 2500 252 2533 nisi
291 2501 370 2534 sorte
406 2503 518 2535 ruinae
559 2509 614 2536 ant
649 2504 779 2537 maioris
817 2505 923 2538 damni

191 2552 374 2597 periculum
410 2555 616 2597 immineret,
641 2557 667 2590 si
701 2556 771 2591 talis
804 2558 922 2592 sabrina

796 188 870 212 nmo
878 187 1008 210 CENTH'S
1029 188 1058 210 Xt
1084 187 1132 210 P?-

978 235 1220 274 retardaretnr;
1249 238 1324 267 tune
1350 232 1435 266 enim
1467 236 1499 265 et
1522 242 1588 265 non
1613 233 1708 266 aliter

977 286 1098 330 poterit
1123 286 1205 320 sieri.

1018 350 1081 372 xiv.
1101 340 1202 373 Porro
1220 339 1329 373 omnia
1354 340 1482 373 curiosa
1499 345 1530 373 et
1546 341 1708 384 superflua

976 391 1122 425 aedificia
1160 393 1292 426 omnino
1331 393 1542 436 prohibemus
1580 393 1708 426 univer-

976 444 1018 477 sis
1036 445 1089 487 (’);
1113 456 1150 478 ea
1174 456 1257 485 vero,
1278 456 1368 489 qnae,
1391 445 1465 479 licet
1489 457 1554 479 non
1576 447 1642 480 sint
1657 457 1709 481 ne-

976 498 1123 537 cessaria,
1148 498 1239 531 utilia
1265 504 1369 531 tamen
1394 505 1426 531 et
1450 500 1619 533 commoda
1639 511 1708 534 esse

975 550 1178 590 videbuntur,
1203 552 1311 584 nullus
1338 552 1442 585 facere
1467 558 1650 596 praesumat
1670 554 1710 586 si-

976 612 1015 634 ne
1041 602 1177 635 consilio
1202 608 1233 635 et
1256 614 1413 637 consensu
1447 605 1495 637 sui
1520 612 1709 648 conventus,

975 655 1024 686 vel
1062 655 1173 687 saltem
1210 656 1395 689 officialium
1430 663 1461 690 et
1496 659 1635 692 duorum
1671 670 1709 693 ex

975 707 1237 748 discretioribus,
1265 715 1297 742 et
1320 710 1380 742 nisi
1406 717 1541 754 uterque
1567 713 1711 746 visitator

975 759 1159 802 provinciae
1185 761 1292 794 debite
1324 767 1354 794 et
1389 763 1588 797 sufficienter
1612 766 1710 798 insor-

974 817 1077 845 matus
1103 813 1198 845 suerit
1222 813 1261 846 de
1286 816 1515 849 commoditate
1543 817 1611 850 talis
1628 818 1711 851 aedi-

974 863 1049 905 ficii,
1077 870 1108 897 et
1133 865 1172 898 de
1197 866 1269 899 loco
1294 871 1325 899 et
1349 867 1450 900 forma
1475 869 1587 911 ipsiuS,
1614 876 1646 903 et
1671 871 1710 904 de

973 921 1114 961 expensa
1145 920 1328 952 necessaria
1362 931 1423 964 pro
1460 922 1528 955 eins
1563 930 1711 956 constru-

974 971 1081 1004 ctione
1099 998 1106 1012 ,
1134 977 1164 1005 et
1189 973 1275 1014 qnod
1301 973 1428 1013 domus,
1448 985 1530 1017 quae
1556 977 1622 1010 vult
1647 978 1711 1011 tale

972 1023 1156 1056 aedilicium
1192 1024 1372 1065 fabricare,
1410 1036 1476 1059 non
1512 1028 1552 1060 sit
1582 1035 1711 1071 gravata

973 1077 1090 1109 debitis
1116 1082 1169 1110 aut
1193 1078 1264 1111 aliis
1284 1079 1445 1120 oneribus,
1464 1081 1521 1113 sed
1540 1081 1622 1115 bene
1641 1093 1711 1126 pro-

972 1129 1037 1161 visa
1063 1129 1126 1162 suis
1144 1130 1293 1162 omnibus
1310 1133 1514 1172 necessariis,
1534 1140 1566 1165 et
1582 1140 1712 1177 praeter

974 1181 1053 1213 haec
1067 1182 1185 1215 habeat
1210 1188 1263 1215 ant
1281 1183 1402 1216 habere
1420 1185 1524 1227 possit
1540 1186 1711 1228 pecuniam

973 1235 1011 1266 ad
1047 1235 1109 1267 tale
1141 1235 1324 1268 aediticium
1359 1237 1563 1280 requisitam.
1590 1238 1710 1277 Quibus

973 1288 1120 1320 omnibus
1139 1289 1223 1321 bene
1245 1288 1430 1331 intellectis,
1460 1291 1641 1324 visitatores
1658 1303 1711 1336 po-

974 1346 1088 1380 terunt,
1109 1346 1140 1373 et
1157 1352 1221 1374 non
1241 1341 1328 1382 alias,
1347 1343 1423 1376 dare
1442 1344 1605 1377 licentiam
1626 1346 1711 1379 istud

972 1393 1187 1434 aedificandi,
1215 1405 1311 1437 quam
1348 1396 1446 1428 etiam
1483 1396 1646 1430 licentiam
1677 1398 1710 1430 in

972 1446 1100 1489 scriptis
1144 1447 1210 1479 suis
1252 1448 1360 1490 parvis
1403 1449 1518 1491 sigillis
1553 1451 1709 1484 munitam

972 1498 1072 1541 priori
1098 1499 1212 1532 domus
1238 1500 1423 1543 relinquent
1448 1502 1519 1544 (a);
1551 1503 1577 1535 si
1603 1508 1710 1537 tamen

972 1553 1033 1584 tale
1059 1552 1240 1585 aedificium
1259 1563 1375 1586 novum
1393 1554 1551 1597 indigebit
1568 1559 1711 1599 expensa

970 1605 1058 1638 mille
1084 1605 1212 1638 circiter
1241 1611 1407 1639 scutorum
1438 1608 1543 1650 quoad
1574 1608 1709 1642 ditiores

971 1658 1094 1697 domos,
1112 1659 1170 1691 wel
1208 1658 1462 1701 quingentorum
1498 1661 1606 1704 quoad
1643 1672 1710 1696 me-

971 1710 1104 1751 diceres,
1123 1711 1172 1743 vel
1191 1716 1317 1743 centum
1333 1712 1437 1754 quoad
1455 1712 1606 1755 minoreS‚
1625 1724 1708 1757 quae

970 1773 1033 1796 non
1052 1763 1172 1798 distant
1192 1773 1208 1795 a
1225 1763 1390 1796 Carthusia
1404 1765 1489 1798 ultra
1507 1771 1572 1798 tres
1590 1766 1705 1807 dietas,

970 1826 1035 1847 non
1061 1816 1181 1858 poterit
1205 1815 1376 1856 aedificari,
1402 1817 1475 1857 nisi,
1501 1819 1586 1851 ultra
1615 1829 1708 1862 prae-

969 1868 1054 1901 dicta
1078 1869 1194 1907 omnia,
1221 1869 1354 1902 accedat
1382 1870 1478 1902 etiam
1504 1870 1636 1905 licentia
1659 1882 1707 1906 re-

969 1921 1100 1954 verendi
1134 1921 1246 1964 patris,
1273 1921 1362 1959 Quod
1397 1922 1422 1955 si
1455 1924 1538 1956 alter
1561 1924 1706 1958 visitato-

969 1984 1036 2005 rum
1055 1974 1225 2007 aedificare
1247 1974 1395 2014 voluerit,
1412 1976 1586 2018 praedictis
1604 1978 1707 2011 omni·

968 2028 1026 2060 bns
1066 2027 1308 2060 conditionibus
1350 2029 1499 2070 servatis,
1542 2030 1706 2063 tenebitur

968 2080 1056 2123 prins
1097 2090 1272 2113 convocare
1308 2091 1401 2113 suum
1441 2082 1706 2117 convisitatorem

1003 2170 1024 2204 ⁶)
1037 2169 1187 2197 Ordinatio
1202 2170 1276 2196 anni
1291 2175 1376 2196 nucu.
1396 2180 1407 2195 «
1423 2169 1476 2196 Sub
1492 2171 1578 2205 poena
1594 2170 1705 2199 absolu-

967 2213 1047 2241 tionis
1070 2213 1248 2248 praecipimus
1273 2213 1406 2248 prioribus
1430 2214 1571 2241 domorum
1600 2219 1628 2242 ut
1647 2223 1705 2243 ser-

968 2262 1027 2284 vent
1050 2257 1062 2292 §
1079 2258 1216 2292 iv(x1v‘?)
1232 2265 1290 2292 cap.
1308 2264 1343 2284 xn
1366 2258 1499 2285 secundae
1521 2259 1604 2294 partis
1619 2267 1704 2288 novae

965 2302 1130 2329 collectionis
1145 2305 1305 2328 statutorum
1322 2301 1354 2329 de
1369 2302 1508 2337 aediliciis,
1520 2311 1599 2338 quem
1615 2304 1704 2332 decla·

966 2354 1057 2373 rainus
1072 2346 1173 2373 debere
1196 2346 1307 2381 intelligi
1323 2355 1374 2373 non
1391 2347 1424 2374 de
1443 2347 1506 2374 solis
1520 2347 1595 2375 novis
1610 2348 1704 2376 aedifi·

966 2391 1024 2424 ciis,
1040 2390 1086 2417 sed
1103 2390 1183 2417 etiam
1199 2389 1232 2416 de
1248 2390 1493 2418 restaurationibus
1516 2392 1703 2420 aedificiorum

965 2435 1148 2469 antiquorum,
1164 2435 1190 2461 in
1206 2434 1302 2469 quibus
1317 2435 1346 2462 sit
1360 2436 1486 2463 notabilis
1501 2437 1613 2465 mutatio
1629 2441 1699 2465 stru-

965 2483 1057 2506 cturae
1072 2488 1097 2505 n.

1001 2524 1032 2557 a)
1047 2522 1111 2549 Vide
1135 2522 1332 2551 ordinationem
1356 2524 1420 2552 anni
1445 2531 1576 2553 Mnchxvt
1596 2526 1623 2553 in
1649 2526 1702 2555 tino

966 2565 1045 2593 huius
1064 2566 1184 2603 capituli,
1203 2566 1236 2595 Ut
1251 2569 1401 2604 tollantur,
1418 2573 1470 2597 etc.

1605 174 1670 208 8029
1716 182 1764 208 An.
1778 181 1809 208 C.
1831 182 1897 210 1‹·-88
