<?xml version="1.0" encoding="UTF-8"?>
<!DOCTYPE html PUBLIC "-//W3C//DTD XHTML 1.0 Transitional//EN"
    "http://www.w3.org/TR/xhtml1/DTD/xhtml1-transitional.dtd">
<html xmlns="http://www.w3.org/1999/xhtml" xml:lang="en" lang="en">
 <head>
  <title>
</title>
<meta http-equiv="Content-Type" content="text/html;charset=utf-8" />
  <meta name='ocr-system' content='tesseract 3.04.00' />
  <meta name='ocr-capabilities' content='ocr_page ocr_carea ocr_par ocr_line ocrx_word'/>
</head>
<body>
  <div class='ocr_page' id='page_1' title='image "./bullarumdiplomat19cath_0040.png"; bbox 0 0 2111 3157; ppageno 0'>
   <div class='ocr_carea' id='block_1_1' title="bbox 131 232 1075 2652">
    <p class='ocr_par' dir='ltr' id='par_1_1' title="bbox 131 232 1075 2652">
     <span class='ocr_line' id='line_1_1' title="bbox 131 232 385 272; baseline -0.024 -1"><span class='ocrx_word' id='word_1_1' title='bbox 131 243 183 272; x_wconf 72' lang='lat' dir='ltr'>An.</span> <span class='ocrx_word' id='word_1_2' title='bbox 203 241 320 270; x_wconf 56' lang='lat'>&amp;¹676</span> <span class='ocrx_word' id='word_1_3' title='bbox 365 232 385 265; x_wconf 84' lang='grc'><strong>6</strong></span> 
     </span>
     <span class='ocr_line' id='line_1_2' title="bbox 326 288 1061 333; baseline -0.007 -10"><span class='ocrx_word' id='word_1_4' title='bbox 326 301 399 324; x_wconf 88' lang='lat' dir='ltr'>nem</span> <span class='ocrx_word' id='word_1_5' title='bbox 424 291 491 323; x_wconf 86' lang='lat' dir='ltr'>veri</span> <span class='ocrx_word' id='word_1_6' title='bbox 517 291 661 329; x_wconf 83' lang='lat' dir='ltr'>luminis,</span> <span class='ocrx_word' id='word_1_7' title='bbox 689 290 743 333; x_wconf 86' lang='lat' dir='ltr'>qui</span> <span class='ocrx_word' id='word_1_8' title='bbox 769 295 818 321; x_wconf 82' lang='lat' dir='ltr'>est</span> <span class='ocrx_word' id='word_1_9' title='bbox 841 288 998 327; x_wconf 85' lang='lat' dir='ltr'>Christus,</span> <span class='ocrx_word' id='word_1_10' title='bbox 1031 292 1061 319; x_wconf 61' lang='lat' dir='ltr'>et,</span> 
     </span>
     <span class='ocr_line' id='line_1_3' title="bbox 327 343 1060 386; baseline -0.007 -11"><span class='ocrx_word' id='word_1_11' title='bbox 327 348 470 376; x_wconf 84' lang='lat' dir='ltr'>sanctum</span> <span class='ocrx_word' id='word_1_12' title='bbox 481 343 682 386; x_wconf 82' lang='lat' dir='ltr'>baptismatis</span> <span class='ocrx_word' id='word_1_13' title='bbox 694 344 851 376; x_wconf 78' lang='lat' dir='ltr'>lavacrum</span> <span class='ocrx_word' id='word_1_14' title='bbox 866 346 1060 382; x_wconf 76' lang='lat' dir='ltr'>sanctaeque</span> 
     </span>
     <span class='ocr_line' id='line_1_4' title="bbox 326 394 1062 437; baseline -0.005 -9"><span class='ocrx_word' id='word_1_15' title='bbox 326 396 435 428; x_wconf 85' lang='lat' dir='ltr'>matris</span> <span class='ocrx_word' id='word_1_16' title='bbox 455 395 615 428; x_wconf 72' lang='lat' dir='ltr'>Ecclesiae</span> <span class='ocrx_word' id='word_1_17' title='bbox 638 395 795 437; x_wconf 73' lang='lat' dir='ltr'>gremium</span> <span class='ocrx_word' id='word_1_18' title='bbox 820 394 905 427; x_wconf 85' lang='lat' dir='ltr'>allici</span> <span class='ocrx_word' id='word_1_19' title='bbox 931 403 1062 425; x_wconf 78' lang='lat' dir='ltr'>curave-</span> 
     </span>
     <span class='ocr_line' id='line_1_5' title="bbox 326 446 1059 491; baseline -0.005 -10"><span class='ocrx_word' id='word_1_20' title='bbox 326 450 412 491; x_wconf 85' lang='lat' dir='ltr'>rant)</span> <span class='ocrx_word' id='word_1_21' title='bbox 434 449 549 481; x_wconf 87' lang='lat' dir='ltr'>dictam</span> <span class='ocrx_word' id='word_1_22' title='bbox 567 449 739 487; x_wconf 70' lang='lat' dir='ltr'>civitatem,</span> <span class='ocrx_word' id='word_1_23' title='bbox 758 454 918 491; x_wconf 88' lang='lat' dir='ltr'>tamquam</span> <span class='ocrx_word' id='word_1_24' title='bbox 937 446 1059 488; x_wconf 77' lang='lat' dir='ltr'>regiam</span> 
     </span>
     <span class='ocr_line' id='line_1_6' title="bbox 327 498 1063 545; baseline -0.007 -11"><span class='ocrx_word' id='word_1_25' title='bbox 327 513 415 534; x_wconf 86' lang='lat' dir='ltr'>suam</span> <span class='ocrx_word' id='word_1_26' title='bbox 443 507 474 535; x_wconf 86' lang='lat' dir='ltr'>et</span> <span class='ocrx_word' id='word_1_27' title='bbox 501 512 675 545; x_wconf 69' lang='lat' dir='ltr'>proregum</span> <span class='ocrx_word' id='word_1_28' title='bbox 711 511 840 533; x_wconf 84' lang='lat' dir='ltr'>suorum</span> <span class='ocrx_word' id='word_1_29' title='bbox 865 500 972 532; x_wconf 87' lang='lat' dir='ltr'>sedem</span> <span class='ocrx_word' id='word_1_30' title='bbox 989 525 996 537; x_wconf 93' lang='lat'>,</span> <span class='ocrx_word' id='word_1_31' title='bbox 1026 498 1063 530; x_wconf 91' lang='lat' dir='ltr'>il-</span> 
     </span>
     <span class='ocr_line' id='line_1_7' title="bbox 327 551 1063 597; baseline -0.007 -10"><span class='ocrx_word' id='word_1_32' title='bbox 327 556 452 597; x_wconf 87' lang='lat' dir='ltr'>liusque</span> <span class='ocrx_word' id='word_1_33' title='bbox 479 554 663 592; x_wconf 71' lang='lat' dir='ltr'>dioecesim,</span> <span class='ocrx_word' id='word_1_34' title='bbox 681 553 877 596; x_wconf 74' lang='lat' dir='ltr'>sumptuosis</span> <span class='ocrx_word' id='word_1_35' title='bbox 901 551 958 584; x_wconf 84' lang='lat' dir='ltr'>Dei</span> <span class='ocrx_word' id='word_1_36' title='bbox 982 556 1063 583; x_wconf 88' lang='lat' dir='ltr'>tem-</span> 
     </span>
     <span class='ocr_line' id='line_1_8' title="bbox 327 603 1061 651; baseline -0.008 -11"><span class='ocrx_word' id='word_1_37' title='bbox 327 608 398 651; x_wconf 73' lang='lat' dir='ltr'>plis,</span> <span class='ocrx_word' id='word_1_38' title='bbox 422 606 646 645; x_wconf 85' lang='lat' dir='ltr'>monasteriis,</span> <span class='ocrx_word' id='word_1_39' title='bbox 671 605 884 638; x_wconf 77' lang='lat' dir='ltr'>xenodochiis</span> <span class='ocrx_word' id='word_1_40' title='bbox 910 609 940 636; x_wconf 87' lang='lat' dir='ltr'>ct</span> <span class='ocrx_word' id='word_1_41' title='bbox 964 603 1061 635; x_wconf 88' lang='lat' dir='ltr'>sacris</span> 
     </span>
     <span class='ocr_line' id='line_1_9' title="bbox 328 657 1063 697; baseline -0.005 -5"><span class='ocrx_word' id='word_1_42' title='bbox 328 661 415 697; x_wconf 78' lang='lat' dir='ltr'>locis,</span> <span class='ocrx_word' id='word_1_43' title='bbox 442 669 570 691; x_wconf 83' lang='lat' dir='ltr'>necnon</span> <span class='ocrx_word' id='word_1_44' title='bbox 596 659 749 691; x_wconf 73' lang='lat' dir='ltr'>ministris</span> <span class='ocrx_word' id='word_1_45' title='bbox 772 657 998 690; x_wconf 84' lang='lat' dir='ltr'>ecclesiasticis</span> <span class='ocrx_word' id='word_1_46' title='bbox 1017 657 1063 688; x_wconf 92' lang='lat' dir='ltr'>lo—</span> 
     </span>
     <span class='ocr_line' id='line_1_10' title="bbox 328 710 1062 755; baseline -0.008 -10"><span class='ocrx_word' id='word_1_47' title='bbox 328 713 573 755; x_wconf 78' lang='lat' dir='ltr'>cupletaverant</span> <span class='ocrx_word' id='word_1_48' title='bbox 601 716 633 744; x_wconf 90' lang='lat' dir='ltr'>et</span> <span class='ocrx_word' id='word_1_49' title='bbox 656 715 859 749; x_wconf 76' lang='lat' dir='ltr'>ornaverant,</span> <span class='ocrx_word' id='word_1_50' title='bbox 879 715 909 742; x_wconf 89' lang='lat' dir='ltr'>et</span> <span class='ocrx_word' id='word_1_51' title='bbox 926 710 1062 742; x_wconf 86' lang='lat' dir='ltr'>dilectus</span> 
     </span>
     <span class='ocr_line' id='line_1_11' title="bbox 328 762 1062 805; baseline -0.007 -7"><span class='ocrx_word' id='word_1_52' title='bbox 328 765 411 798; x_wconf 80' lang='lat' dir='ltr'>silius</span> <span class='ocrx_word' id='word_1_53' title='bbox 438 765 557 797; x_wconf 87' lang='lat' dir='ltr'>nobilis</span> <span class='ocrx_word' id='word_1_54' title='bbox 584 764 631 796; x_wconf 80' lang='lat' dir='ltr'>vir</span> <span class='ocrx_word' id='word_1_55' title='bbox 652 765 774 804; x_wconf 85' lang='lat' dir='ltr'>Petrus,</span> <span class='ocrx_word' id='word_1_56' title='bbox 792 773 965 805; x_wconf 73' lang='lat' dir='ltr'>regnorum</span> <span class='ocrx_word' id='word_1_57' title='bbox 985 762 1062 794; x_wconf 84' lang='lat' dir='ltr'>Por-</span> 
     </span>
     <span class='ocr_line' id='line_1_12' title="bbox 328 816 1064 860; baseline -0.007 -10"><span class='ocrx_word' id='word_1_58' title='bbox 328 818 481 860; x_wconf 83' lang='lat' dir='ltr'>tugalliae</span> <span class='ocrx_word' id='word_1_59' title='bbox 520 822 552 849; x_wconf 89' lang='lat' dir='ltr'>et</span> <span class='ocrx_word' id='word_1_60' title='bbox 585 817 810 858; x_wconf 67' lang='lat' dir='ltr'>Algarhiorum</span> <span class='ocrx_word' id='word_1_61' title='bbox 845 816 997 858; x_wconf 84' lang='lat' dir='ltr'>princeps</span> <span class='ocrx_word' id='word_1_62' title='bbox 1034 819 1064 846; x_wconf 89' lang='lat' dir='ltr'>et</span> 
     </span>
     <span class='ocr_line' id='line_1_13' title="bbox 329 866 1064 913; baseline -0.007 -10"><span class='ocrx_word' id='word_1_63' title='bbox 329 872 542 913; x_wconf 77' lang='lat' dir='ltr'>gubernator,</span> <span class='ocrx_word' id='word_1_64' title='bbox 568 870 810 912; x_wconf 82' lang='lat' dir='ltr'>praedictorum</span> <span class='ocrx_word' id='word_1_65' title='bbox 835 878 945 909; x_wconf 76' lang='lat' dir='ltr'>regum</span> <span class='ocrx_word' id='word_1_66' title='bbox 970 866 1064 899; x_wconf 78' lang='lat' dir='ltr'>vesti-</span> 
     </span>
     <span class='ocr_line' id='line_1_14' title="bbox 329 919 1065 966; baseline -0.005 -10"><span class='ocrx_word' id='word_1_67' title='bbox 329 924 380 966; x_wconf 77' lang='lat' dir='ltr'>gia</span> <span class='ocrx_word' id='word_1_68' title='bbox 405 928 436 956; x_wconf 89' lang='lat' dir='ltr'>et</span> <span class='ocrx_word' id='word_1_69' title='bbox 462 924 610 965; x_wconf 80' lang='lat' dir='ltr'>exempla</span> <span class='ocrx_word' id='word_1_70' title='bbox 634 927 778 960; x_wconf 88' lang='lat' dir='ltr'>secutus,</span> <span class='ocrx_word' id='word_1_71' title='bbox 808 921 847 953; x_wconf 90' lang='lat' dir='ltr'>ad</span> <span class='ocrx_word' id='word_1_72' title='bbox 868 921 938 953; x_wconf 87' lang='lat' dir='ltr'>illas</span> <span class='ocrx_word' id='word_1_73' title='bbox 963 919 1065 961; x_wconf 74' lang='lat' dir='ltr'>regio-</span> 
     </span>
     <span class='ocr_line' id='line_1_15' title="bbox 329 974 1062 1019; baseline -0.008 -10"><span class='ocrx_word' id='word_1_74' title='bbox 329 986 385 1009; x_wconf 91' lang='lat' dir='ltr'>nes</span> <span class='ocrx_word' id='word_1_75' title='bbox 417 976 575 1019; x_wconf 86' lang='lat' dir='ltr'>plurimos</span> <span class='ocrx_word' id='word_1_76' title='bbox 607 975 695 1007; x_wconf 74' lang='lat' dir='ltr'>verbi</span> <span class='ocrx_word' id='word_1_77' title='bbox 722 974 775 1007; x_wconf 85' lang='lat' dir='ltr'>Dei</span> <span class='ocrx_word' id='word_1_78' title='bbox 809 974 1062 1016; x_wconf 63' lang='lat' dir='ltr'>praedicatores,</span> 
     </span>
     <span class='ocr_line' id='line_1_16' title="bbox 330 1025 1064 1069; baseline -0.008 -8"><span class='ocrx_word' id='word_1_79' title='bbox 330 1034 361 1061; x_wconf 87' lang='lat' dir='ltr'>et</span> <span class='ocrx_word' id='word_1_80' title='bbox 397 1030 477 1061; x_wconf 88' lang='lat' dir='ltr'>alios</span> <span class='ocrx_word' id='word_1_81' title='bbox 513 1028 658 1061; x_wconf 76' lang='lat' dir='ltr'>doctrina</span> <span class='ocrx_word' id='word_1_82' title='bbox 694 1028 842 1069; x_wconf 80' lang='lat' dir='ltr'>vitaeque</span> <span class='ocrx_word' id='word_1_83' title='bbox 880 1025 1064 1067; x_wconf 72' lang='lat' dir='ltr'>integritate</span> 
     </span>
     <span class='ocr_line' id='line_1_17' title="bbox 329 1077 1065 1123; baseline -0.007 -10"><span class='ocrx_word' id='word_1_84' title='bbox 329 1081 474 1123; x_wconf 74' lang='lat' dir='ltr'>insignes</span> <span class='ocrx_word' id='word_1_85' title='bbox 494 1081 585 1117; x_wconf 73' lang='lat' dir='ltr'>viros,</span> <span class='ocrx_word' id='word_1_86' title='bbox 607 1091 665 1123; x_wconf 88' lang='lat' dir='ltr'>pro</span> <span class='ocrx_word' id='word_1_87' title='bbox 691 1079 848 1122; x_wconf 86' lang='lat' dir='ltr'>spirituali</span> <span class='ocrx_word' id='word_1_88' title='bbox 874 1079 973 1110; x_wconf 85' lang='lat' dir='ltr'>salute</span> <span class='ocrx_word' id='word_1_89' title='bbox 999 1077 1065 1109; x_wconf 85' lang='lat' dir='ltr'>ani-</span> 
     </span>
     <span class='ocr_line' id='line_1_18' title="bbox 328 1129 1064 1175; baseline -0.007 -10"><span class='ocrx_word' id='word_1_90' title='bbox 328 1143 452 1166; x_wconf 89' lang='lat' dir='ltr'>marum</span> <span class='ocrx_word' id='word_1_91' title='bbox 484 1132 660 1175; x_wconf 79' lang='lat' dir='ltr'>praecipua</span> <span class='ocrx_word' id='word_1_92' title='bbox 685 1132 821 1173; x_wconf 70' lang='lat' dir='ltr'>&lt;puidam</span> <span class='ocrx_word' id='word_1_93' title='bbox 848 1129 1064 1162; x_wconf 88' lang='lat' dir='ltr'>sollieitudine</span> 
     </span>
     <span class='ocr_line' id='line_1_19' title="bbox 329 1181 1063 1221; baseline -0.008 -3"><span class='ocrx_word' id='word_1_94' title='bbox 329 1191 361 1218; x_wconf 87' lang='lat' dir='ltr'>et</span> <span class='ocrx_word' id='word_1_95' title='bbox 386 1185 544 1218; x_wconf 75' lang='lat' dir='ltr'>industria</span> <span class='ocrx_word' id='word_1_96' title='bbox 561 1184 686 1216; x_wconf 84' lang='lat' dir='ltr'>assidue</span> <span class='ocrx_word' id='word_1_97' title='bbox 713 1183 906 1221; x_wconf 82' lang='lat' dir='ltr'>laborantes,</span> <span class='ocrx_word' id='word_1_98' title='bbox 929 1181 1063 1214; x_wconf 76' lang='lat' dir='ltr'>notabili</span> 
     </span>
     <span class='ocr_line' id='line_1_20' title="bbox 329 1236 1066 1282; baseline -0.008 -11"><span class='ocrx_word' id='word_1_99' title='bbox 329 1239 476 1282; x_wconf 72' lang='lat' dir='ltr'>impensa</span> <span class='ocrx_word' id='word_1_100' title='bbox 501 1237 632 1280; x_wconf 85' lang='lat' dir='ltr'>saepius</span> <span class='ocrx_word' id='word_1_101' title='bbox 656 1236 799 1275; x_wconf 86' lang='lat' dir='ltr'>miserat,</span> <span class='ocrx_word' id='word_1_102' title='bbox 827 1245 965 1278; x_wconf 88' lang='lat' dir='ltr'>quorum</span> <span class='ocrx_word' id='word_1_103' title='bbox 990 1245 1066 1266; x_wconf 84' lang='lat' dir='ltr'>con-</span> 
     </span>
     <span class='ocr_line' id='line_1_21' title="bbox 329 1287 1064 1331; baseline -0.007 -8"><span class='ocrx_word' id='word_1_104' title='bbox 329 1291 484 1329; x_wconf 88' lang='lat' dir='ltr'>cionibus,</span> <span class='ocrx_word' id='word_1_105' title='bbox 503 1289 658 1331; x_wconf 79' lang='lat' dir='ltr'>exemplis</span> <span class='ocrx_word' id='word_1_106' title='bbox 687 1293 718 1320; x_wconf 89' lang='lat' dir='ltr'>et</span> <span class='ocrx_word' id='word_1_107' title='bbox 738 1287 868 1320; x_wconf 86' lang='lat' dir='ltr'>monitis</span> <span class='ocrx_word' id='word_1_108' title='bbox 891 1297 1064 1319; x_wconf 86' lang='lat' dir='ltr'>conversos</span> 
     </span>
     <span class='ocr_line' id='line_1_22' title="bbox 329 1339 1067 1376; baseline -0.008 0"><span class='ocrx_word' id='word_1_109' title='bbox 329 1344 362 1376; x_wconf 94' lang='lat' dir='ltr'>in</span> <span class='ocrx_word' id='word_1_110' title='bbox 383 1343 496 1375; x_wconf 76' lang='lat' dir='ltr'>eadem</span> <span class='ocrx_word' id='word_1_111' title='bbox 521 1341 582 1374; x_wconf 82' lang='lat' dir='ltr'>fide</span> <span class='ocrx_word' id='word_1_112' title='bbox 608 1341 722 1373; x_wconf 87' lang='lat' dir='ltr'>instrui</span> <span class='ocrx_word' id='word_1_113' title='bbox 749 1345 781 1372; x_wconf 85' lang='lat' dir='ltr'>ct</span> <span class='ocrx_word' id='word_1_114' title='bbox 805 1339 987 1372; x_wconf 72' lang='lat' dir='ltr'>confirmari</span> <span class='ocrx_word' id='word_1_115' title='bbox 1005 1344 1067 1370; x_wconf 84' lang='lat' dir='ltr'>stu-</span> 
     </span>
     <span class='ocr_line' id='line_1_23' title="bbox 330 1392 1068 1434; baseline -0.007 -6"><span class='ocrx_word' id='word_1_116' title='bbox 330 1396 453 1434; x_wconf 86' lang='lat' dir='ltr'>duerat,</span> <span class='ocrx_word' id='word_1_117' title='bbox 480 1400 510 1427; x_wconf 89' lang='lat' dir='ltr'>et</span> <span class='ocrx_word' id='word_1_118' title='bbox 535 1405 552 1426; x_wconf 90' lang='lat' dir='ltr'>a</span> <span class='ocrx_word' id='word_1_119' title='bbox 577 1393 637 1425; x_wconf 86' lang='lat' dir='ltr'>lide</span> <span class='ocrx_word' id='word_1_120' title='bbox 663 1394 888 1431; x_wconf 72' lang='lat' dir='ltr'>abhorrentes,</span> <span class='ocrx_word' id='word_1_121' title='bbox 915 1392 989 1424; x_wconf 81' lang='lat' dir='ltr'>dum</span> <span class='ocrx_word' id='word_1_122' title='bbox 1019 1402 1068 1423; x_wconf 74' lang='lat' dir='ltr'>ex·</span> 
     </span>
     <span class='ocr_line' id='line_1_24' title="bbox 330 1444 1067 1491; baseline -0.007 -11"><span class='ocrx_word' id='word_1_123' title='bbox 330 1447 490 1491; x_wconf 84' lang='lat' dir='ltr'>pediebat,</span> <span class='ocrx_word' id='word_1_124' title='bbox 509 1447 558 1479; x_wconf 83' lang='lat' dir='ltr'>vel</span> <span class='ocrx_word' id='word_1_125' title='bbox 577 1445 770 1478; x_wconf 84' lang='lat' dir='ltr'>salutaribus</span> <span class='ocrx_word' id='word_1_126' title='bbox 796 1445 893 1476; x_wconf 83' lang='lat' dir='ltr'>armis</span> <span class='ocrx_word' id='word_1_127' title='bbox 914 1444 1067 1476; x_wconf 80' lang='lat' dir='ltr'>consude-</span> 
     </span>
     <span class='ocr_line' id='line_1_25' title="bbox 330 1497 1066 1542; baseline -0.008 -8"><span class='ocrx_word' id='word_1_128' title='bbox 330 1506 390 1540; x_wconf 85' lang='lat' dir='ltr'>rat,</span> <span class='ocrx_word' id='word_1_129' title='bbox 416 1501 466 1533; x_wconf 76' lang='lat' dir='ltr'>vel</span> <span class='ocrx_word' id='word_1_130' title='bbox 491 1499 605 1542; x_wconf 84' lang='lat' dir='ltr'>procul</span> <span class='ocrx_word' id='word_1_131' title='bbox 639 1503 797 1537; x_wconf 75' lang='lat' dir='ltr'>arcuerat,</span> <span class='ocrx_word' id='word_1_132' title='bbox 827 1497 939 1540; x_wconf 84' lang='lat' dir='ltr'>eisque</span> <span class='ocrx_word' id='word_1_133' title='bbox 969 1497 1066 1529; x_wconf 84' lang='lat' dir='ltr'>ratio-</span> 
     </span>
     <span class='ocr_line' id='line_1_26' title="bbox 330 1550 1065 1595; baseline -0.008 -8"><span class='ocrx_word' id='word_1_134' title='bbox 330 1555 425 1587; x_wconf 81' lang='lat' dir='ltr'>nibus</span> <span class='ocrx_word' id='word_1_135' title='bbox 445 1553 561 1595; x_wconf 84' lang='lat' dir='ltr'>religio</span> <span class='ocrx_word' id='word_1_136' title='bbox 586 1551 784 1590; x_wconf 84' lang='lat' dir='ltr'>christiana,</span> <span class='ocrx_word' id='word_1_137' title='bbox 809 1550 916 1582; x_wconf 67' lang='lat' dir='ltr'>divina</span> <span class='ocrx_word' id='word_1_138' title='bbox 941 1550 1065 1582; x_wconf 81' lang='lat' dir='ltr'>favente</span> 
     </span>
     <span class='ocr_line' id='line_1_27' title="bbox 331 1603 1065 1645; baseline -0.008 -6"><span class='ocrx_word' id='word_1_139' title='bbox 331 1605 515 1645; x_wconf 80' lang='lat' dir='ltr'>clementia,</span> <span class='ocrx_word' id='word_1_140' title='bbox 533 1605 578 1637; x_wconf 91' lang='lat' dir='ltr'>eis</span> <span class='ocrx_word' id='word_1_141' title='bbox 597 1605 627 1636; x_wconf 90' lang='lat' dir='ltr'>in</span> <span class='ocrx_word' id='word_1_142' title='bbox 646 1604 724 1637; x_wconf 87' lang='lat' dir='ltr'>locis</span> <span class='ocrx_word' id='word_1_143' title='bbox 741 1603 786 1635; x_wconf 89' lang='lat' dir='ltr'>sic</span> <span class='ocrx_word' id='word_1_144' title='bbox 814 1603 911 1645; x_wconf 79' lang='lat' dir='ltr'>longe</span> <span class='ocrx_word' id='word_1_145' title='bbox 937 1604 1065 1645; x_wconf 79' lang='lat' dir='ltr'>lateque</span> 
     </span>
     <span class='ocr_line' id='line_1_28' title="bbox 331 1655 1067 1702; baseline -0.005 -12"><span class='ocrx_word' id='word_1_146' title='bbox 331 1658 581 1702; x_wconf 70' lang='lat' dir='ltr'>propagabatur,</span> <span class='ocrx_word' id='word_1_147' title='bbox 611 1662 646 1689; x_wconf 89' lang='lat' dir='ltr'>ut</span> <span class='ocrx_word' id='word_1_148' title='bbox 670 1657 708 1689; x_wconf 89' lang='lat' dir='ltr'>ad</span> <span class='ocrx_word' id='word_1_149' title='bbox 734 1667 789 1689; x_wconf 87' lang='lat' dir='ltr'>eos</span> <span class='ocrx_word' id='word_1_150' title='bbox 815 1656 919 1688; x_wconf 90' lang='lat' dir='ltr'>adhuc</span> <span class='ocrx_word' id='word_1_151' title='bbox 944 1655 1067 1688; x_wconf 78' lang='lat' dir='ltr'>debiles</span> 
     </span>
     <span class='ocr_line' id='line_1_29' title="bbox 331 1709 1066 1751; baseline -0.007 -7"><span class='ocrx_word' id='word_1_152' title='bbox 331 1712 363 1744; x_wconf 92' lang='lat' dir='ltr'>in</span> <span class='ocrx_word' id='word_1_153' title='bbox 389 1710 452 1743; x_wconf 83' lang='lat' dir='ltr'>lide</span> <span class='ocrx_word' id='word_1_154' title='bbox 478 1710 715 1743; x_wconf 75' lang='lat' dir='ltr'>confirmandos</span> <span class='ocrx_word' id='word_1_155' title='bbox 740 1709 1014 1751; x_wconf 85' lang='lat' dir='ltr'>retinendosque‚</span> <span class='ocrx_word' id='word_1_156' title='bbox 1038 1714 1066 1740; x_wconf 84' lang='lat' dir='ltr'>et</span> 
     </span>
     <span class='ocr_line' id='line_1_30' title="bbox 331 1761 1066 1805; baseline -0.007 -8"><span class='ocrx_word' id='word_1_157' title='bbox 331 1765 364 1797; x_wconf 90' lang='lat' dir='ltr'>in</span> <span class='ocrx_word' id='word_1_158' title='bbox 386 1763 535 1796; x_wconf 80' lang='lat' dir='ltr'>doctrina</span> <span class='ocrx_word' id='word_1_159' title='bbox 553 1763 736 1805; x_wconf 77' lang='lat' dir='ltr'>indigentes</span> <span class='ocrx_word' id='word_1_160' title='bbox 754 1761 962 1799; x_wconf 85' lang='lat' dir='ltr'>erudiendos,</span> <span class='ocrx_word' id='word_1_161' title='bbox 981 1767 1011 1793; x_wconf 87' lang='lat' dir='ltr'>et</span> <span class='ocrx_word' id='word_1_162' title='bbox 1029 1761 1066 1792; x_wconf 86' lang='lat' dir='ltr'>ad</span> 
     </span>
     <span class='ocr_line' id='line_1_31' title="bbox 332 1814 1067 1858; baseline -0.007 -8"><span class='ocrx_word' id='word_1_163' title='bbox 332 1818 455 1850; x_wconf 88' lang='lat' dir='ltr'>bonum</span> <span class='ocrx_word' id='word_1_164' title='bbox 481 1816 666 1854; x_wconf 78' lang='lat' dir='ltr'>Pastorem,</span> <span class='ocrx_word' id='word_1_165' title='bbox 694 1815 747 1858; x_wconf 88' lang='lat' dir='ltr'>qui</span> <span class='ocrx_word' id='word_1_166' title='bbox 773 1825 833 1858; x_wconf 86' lang='lat' dir='ltr'>pro</span> <span class='ocrx_word' id='word_1_167' title='bbox 861 1814 905 1847; x_wconf 87' lang='lat' dir='ltr'>eis</span> <span class='ocrx_word' id='word_1_168' title='bbox 930 1814 1067 1846; x_wconf 84' lang='lat' dir='ltr'>animam</span> 
     </span>
     <span class='ocr_line' id='line_1_32' title="bbox 333 1867 1070 1912; baseline -0.005 -10"><span class='ocrx_word' id='word_1_169' title='bbox 333 1880 424 1902; x_wconf 86' lang='lat' dir='ltr'>suam</span> <span class='ocrx_word' id='word_1_170' title='bbox 449 1869 566 1912; x_wconf 86' lang='lat' dir='ltr'>posuit,</span> <span class='ocrx_word' id='word_1_171' title='bbox 585 1868 796 1906; x_wconf 75' lang='lat' dir='ltr'>reducendos,</span> <span class='ocrx_word' id='word_1_172' title='bbox 816 1867 1000 1910; x_wconf 85' lang='lat' dir='ltr'>maioraque</span> <span class='ocrx_word' id='word_1_173' title='bbox 1019 1877 1070 1899; x_wconf 87' lang='lat' dir='ltr'>ec—</span> 
     </span>
     <span class='ocr_line' id='line_1_33' title="bbox 333 1921 1067 1964; baseline -0.005 -9"><span class='ocrx_word' id='word_1_174' title='bbox 333 1922 513 1956; x_wconf 86' lang='lat' dir='ltr'>clesiastica</span> <span class='ocrx_word' id='word_1_175' title='bbox 526 1921 700 1954; x_wconf 85' lang='lat' dir='ltr'>seminaria</span> <span class='ocrx_word' id='word_1_176' title='bbox 714 1921 898 1964; x_wconf 83' lang='lat' dir='ltr'>plantanda,</span> <span class='ocrx_word' id='word_1_177' title='bbox 914 1930 1067 1952; x_wconf 83' lang='lat' dir='ltr'>novorum</span> 
     </span>
     <span class='ocr_line' id='line_1_34' title="bbox 333 1973 1070 2019; baseline -0.004 -11"><span class='ocrx_word' id='word_1_178' title='bbox 333 1976 520 2019; x_wconf 80' lang='lat' dir='ltr'>praesulum</span> <span class='ocrx_word' id='word_1_179' title='bbox 547 1974 708 2007; x_wconf 87' lang='lat' dir='ltr'>institutio</span> <span class='ocrx_word' id='word_1_180' title='bbox 740 1974 871 2006; x_wconf 70' lang='lat' dir='ltr'>omnino</span> <span class='ocrx_word' id='word_1_181' title='bbox 897 1973 1070 2016; x_wconf 76' lang='lat' dir='ltr'>expediens</span> 
     </span>
     <span class='ocr_line' id='line_1_35' title="bbox 333 2027 1070 2071; baseline -0.005 -10"><span class='ocrx_word' id='word_1_182' title='bbox 333 2029 498 2068; x_wconf 74' lang='lat' dir='ltr'>videatur,</span> <span class='ocrx_word' id='word_1_183' title='bbox 515 2028 663 2071; x_wconf 87' lang='lat' dir='ltr'>quodque</span> <span class='ocrx_word' id='word_1_184' title='bbox 679 2027 789 2059; x_wconf 90' lang='lat' dir='ltr'>inillis</span> <span class='ocrx_word' id='word_1_185' title='bbox 804 2027 961 2069; x_wconf 83' lang='lat' dir='ltr'>partibus,</span> <span class='ocrx_word' id='word_1_186' title='bbox 976 2037 1070 2068; x_wconf 86' lang='lat' dir='ltr'>quan·</span> 
     </span>
     <span class='ocr_line' id='line_1_36' title="bbox 335 2079 1071 2123; baseline -0.004 -9"><span class='ocrx_word' id='word_1_187' title='bbox 335 2081 450 2114; x_wconf 80' lang='lat' dir='ltr'>tumvis</span> <span class='ocrx_word' id='word_1_188' title='bbox 482 2080 672 2123; x_wconf 79' lang='lat' dir='ltr'>longissime</span> <span class='ocrx_word' id='word_1_189' title='bbox 698 2085 728 2112; x_wconf 90' lang='lat' dir='ltr'>et</span> <span class='ocrx_word' id='word_1_190' title='bbox 754 2079 909 2112; x_wconf 86' lang='lat' dir='ltr'>latissime</span> <span class='ocrx_word' id='word_1_191' title='bbox 939 2085 1071 2122; x_wconf 85' lang='lat' dir='ltr'>proten-</span> 
     </span>
     <span class='ocr_line' id='line_1_37' title="bbox 335 2132 1071 2176; baseline -0.005 -8"><span class='ocrx_word' id='word_1_192' title='bbox 335 2135 513 2173; x_wconf 89' lang='lat' dir='ltr'>derentur,</span> <span class='ocrx_word' id='word_1_193' title='bbox 544 2134 633 2166; x_wconf 86' lang='lat' dir='ltr'>nulla</span> <span class='ocrx_word' id='word_1_194' title='bbox 658 2133 909 2176; x_wconf 77' lang='lat' dir='ltr'>metropolitana</span> <span class='ocrx_word' id='word_1_195' title='bbox 935 2132 1071 2164; x_wconf 86' lang='lat' dir='ltr'>ecclesia</span> 
     </span>
     <span class='ocr_line' id='line_1_38' title="bbox 336 2185 1072 2229; baseline -0.005 -10"><span class='ocrx_word' id='word_1_196' title='bbox 336 2187 451 2227; x_wconf 80' lang='lat' dir='ltr'>existit,</span> <span class='ocrx_word' id='word_1_197' title='bbox 478 2186 517 2218; x_wconf 90' lang='lat' dir='ltr'>ad</span> <span class='ocrx_word' id='word_1_198' title='bbox 543 2196 638 2229; x_wconf 82' lang='lat' dir='ltr'>quarn</span> <span class='ocrx_word' id='word_1_199' title='bbox 670 2185 797 2217; x_wconf 87' lang='lat' dir='ltr'>illarum</span> <span class='ocrx_word' id='word_1_200' title='bbox 821 2185 947 2217; x_wconf 84' lang='lat' dir='ltr'>incolae</span> <span class='ocrx_word' id='word_1_201' title='bbox 973 2194 1072 2227; x_wconf 80' lang='lat' dir='ltr'>super</span> 
     </span>
     <span class='ocr_line' id='line_1_39' title="bbox 336 2237 1073 2282; baseline -0.005 -10"><span class='ocrx_word' id='word_1_202' title='bbox 336 2250 450 2273; x_wconf 88' lang='lat' dir='ltr'>eorum</span> <span class='ocrx_word' id='word_1_203' title='bbox 485 2239 646 2282; x_wconf 84' lang='lat' dir='ltr'>quaerelis</span> <span class='ocrx_word' id='word_1_204' title='bbox 673 2243 702 2270; x_wconf 89' lang='lat' dir='ltr'>et</span> <span class='ocrx_word' id='word_1_205' title='bbox 728 2237 999 2280; x_wconf 80' lang='lat' dir='ltr'>appellationibus</span> <span class='ocrx_word' id='word_1_206' title='bbox 1024 2237 1073 2268; x_wconf 92' lang='lat' dir='ltr'>iu-</span> 
     </span>
     <span class='ocr_line' id='line_1_40' title="bbox 335 2290 1071 2334; baseline -0.005 -9"><span class='ocrx_word' id='word_1_207' title='bbox 335 2292 441 2325; x_wconf 87' lang='lat' dir='ltr'>stitiae</span> <span class='ocrx_word' id='word_1_208' title='bbox 467 2293 737 2334; x_wconf 85' lang='lat' dir='ltr'>complementum</span> <span class='ocrx_word' id='word_1_209' title='bbox 774 2290 936 2322; x_wconf 81' lang='lat' dir='ltr'>obtenturi</span> <span class='ocrx_word' id='word_1_210' title='bbox 964 2300 1071 2322; x_wconf 87' lang='lat' dir='ltr'>recur-</span> 
     </span>
     <span class='ocr_line' id='line_1_41' title="bbox 336 2343 1073 2388; baseline -0.005 -10"><span class='ocrx_word' id='word_1_211' title='bbox 336 2356 413 2378; x_wconf 84' lang='lat' dir='ltr'>rere</span> <span class='ocrx_word' id='word_1_212' title='bbox 434 2345 568 2388; x_wconf 76' lang='lat' dir='ltr'>possint,</span> <span class='ocrx_word' id='word_1_213' title='bbox 588 2345 643 2376; x_wconf 85' lang='lat' dir='ltr'>sed</span> <span class='ocrx_word' id='word_1_214' title='bbox 662 2344 708 2376; x_wconf 92' lang='lat' dir='ltr'>illi</span> <span class='ocrx_word' id='word_1_215' title='bbox 727 2344 765 2376; x_wconf 86' lang='lat' dir='ltr'>ad</span> <span class='ocrx_word' id='word_1_216' title='bbox 783 2343 998 2375; x_wconf 71' lang='lat' dir='ltr'>venerabilem</span> <span class='ocrx_word' id='word_1_217' title='bbox 1018 2343 1073 2374; x_wconf 83' lang='lat' dir='ltr'>sra-</span> 
     </span>
     <span class='ocr_line' id='line_1_42' title="bbox 338 2395 1073 2438; baseline -0.005 -8"><span class='ocrx_word' id='word_1_218' title='bbox 338 2402 421 2430; x_wconf 81' lang='lat' dir='ltr'>trem</span> <span class='ocrx_word' id='word_1_219' title='bbox 455 2403 600 2430; x_wconf 80' lang='lat' dir='ltr'>nostrum</span> <span class='ocrx_word' id='word_1_220' title='bbox 637 2396 921 2438; x_wconf 71' lang='lat' dir='ltr'>archiepiscopum</span> <span class='ocrx_word' id='word_1_221' title='bbox 955 2395 1073 2438; x_wconf 74' lang='lat' dir='ltr'>Ulyssi-</span> 
     </span>
     <span class='ocr_line' id='line_1_43' title="bbox 337 2449 1074 2494; baseline -0.005 -10"><span class='ocrx_word' id='word_1_222' title='bbox 337 2461 518 2494; x_wconf 88' lang='lat' dir='ltr'>ponensem</span> <span class='ocrx_word' id='word_1_223' title='bbox 536 2450 568 2482; x_wconf 89' lang='lat' dir='ltr'>in</span> <span class='ocrx_word' id='word_1_224' title='bbox 588 2460 689 2491; x_wconf 72' lang='lat' dir='ltr'>regno</span> <span class='ocrx_word' id='word_1_225' title='bbox 706 2449 922 2490; x_wconf 70' lang='lat' dir='ltr'>portugalliae</span> <span class='ocrx_word' id='word_1_226' title='bbox 941 2449 1074 2482; x_wconf 73' lang='lat' dir='ltr'>existen-</span> 
     </span>
     <span class='ocr_line' id='line_1_44' title="bbox 339 2501 1072 2545; baseline -0.005 -9"><span class='ocrx_word' id='word_1_227' title='bbox 339 2509 405 2536; x_wconf 81' lang='lat' dir='ltr'>tem</span> <span class='ocrx_word' id='word_1_228' title='bbox 421 2502 704 2545; x_wconf 81' lang='lat' dir='ltr'>metropolitanum</span> <span class='ocrx_word' id='word_1_229' title='bbox 724 2501 798 2533; x_wconf 88' lang='lat' dir='ltr'>inde</span> <span class='ocrx_word' id='word_1_230' title='bbox 825 2501 1072 2533; x_wconf 87' lang='lat' dir='ltr'>remotissimum</span> 
     </span>
     <span class='ocr_line' id='line_1_45' title="bbox 338 2553 1075 2598; baseline -0.007 -8"><span class='ocrx_word' id='word_1_231' title='bbox 338 2556 514 2598; x_wconf 79' lang='lat' dir='ltr'>confugere</span> <span class='ocrx_word' id='word_1_232' title='bbox 538 2555 588 2587; x_wconf 79' lang='lat' dir='ltr'>vcl</span> <span class='ocrx_word' id='word_1_233' title='bbox 606 2555 675 2587; x_wconf 88' lang='lat' dir='ltr'>iura</span> <span class='ocrx_word' id='word_1_234' title='bbox 692 2564 748 2586; x_wconf 88' lang='lat' dir='ltr'>sua</span> <span class='ocrx_word' id='word_1_235' title='bbox 766 2553 933 2586; x_wconf 79' lang='lat' dir='ltr'>indefensa</span> <span class='ocrx_word' id='word_1_236' title='bbox 954 2564 1075 2596; x_wconf 80' lang='lat' dir='ltr'>coguu-</span> 
     </span>
     <span class='ocr_line' id='line_1_46' title="bbox 341 2606 1073 2652; baseline -0.007 -10"><span class='ocrx_word' id='word_1_237' title='bbox 341 2615 393 2643; x_wconf 87' lang='lat' dir='ltr'>tur</span> <span class='ocrx_word' id='word_1_238' title='bbox 417 2608 600 2652; x_wconf 82' lang='lat' dir='ltr'>relinquere</span> <span class='ocrx_word' id='word_1_239' title='bbox 620 2618 683 2650; x_wconf 88' lang='lat' dir='ltr'>quo</span> <span class='ocrx_word' id='word_1_240' title='bbox 702 2606 734 2638; x_wconf 79' lang='lat' dir='ltr'>sit</span> <span class='ocrx_word' id='word_1_241' title='bbox 757 2611 790 2638; x_wconf 89' lang='lat' dir='ltr'>ut</span> <span class='ocrx_word' id='word_1_242' title='bbox 813 2616 909 2649; x_wconf 70' lang='lat' dir='ltr'>saepe</span> <span class='ocrx_word' id='word_1_243' title='bbox 936 2617 1073 2639; x_wconf 73' lang='lat' dir='ltr'>numero</span> 
     </span>
    </p>
   </div>
   <div class='ocr_carea' id='block_1_2' title="bbox 907 238 1263 264">
    <p class='ocr_par' dir='ltr' id='par_1_2' title="bbox 907 238 1263 264">
     <span class='ocr_line' id='line_1_47' title="bbox 907 238 1263 264; baseline 0 0"><span class='ocrx_word' id='word_1_244' title='bbox 907 239 1087 264; x_wconf 38' lang='lat' dir='ltr'>nn11122tn11&#39;i1</span> <span class='ocrx_word' id='word_1_245' title='bbox 1111 238 1263 264; x_wconf 65' lang='lat' dir='ltr'>ROMANUM</span> 
     </span>
    </p>
   </div>
   <div class='ocr_carea' id='block_1_3' title="bbox 1104 230 2037 2386">
    <p class='ocr_par' dir='ltr' id='par_1_3' title="bbox 1104 230 2035 637">
     <span class='ocr_line' id='line_1_48' title="bbox 1847 230 2035 270; baseline 0.016 -3"><span class='ocrx_word' id='word_1_246' title='bbox 1847 239 1897 269; x_wconf 68' lang='lat' dir='ltr'>An.</span> <span class='ocrx_word' id='word_1_247' title='bbox 1918 240 1948 269; x_wconf 86' lang='lat' dir='ltr'>c.</span> <span class='ocrx_word' id='word_1_248' title='bbox 1966 230 2035 270; x_wconf 66' lang='lat'>¹678</span> 
     </span>
     <span class='ocr_line' id='line_1_49' title="bbox 1105 287 1839 330; baseline 0.003 -11"><span class='ocrx_word' id='word_1_249' title='bbox 1105 287 1333 330; x_wconf 84' lang='lat' dir='ltr'>quamplurimi</span> <span class='ocrx_word' id='word_1_250' title='bbox 1351 287 1389 320; x_wconf 85' lang='lat' dir='ltr'>ad</span> <span class='ocrx_word' id='word_1_251' title='bbox 1405 287 1518 320; x_wconf 88' lang='lat' dir='ltr'>illicita</span> <span class='ocrx_word' id='word_1_252' title='bbox 1531 287 1743 330; x_wconf 83' lang='lat' dir='ltr'>procliviores</span> <span class='ocrx_word' id='word_1_253' title='bbox 1764 288 1839 330; x_wconf 89' lang='lat' dir='ltr'>sint,</span> 
     </span>
     <span class='ocr_line' id='line_1_50' title="bbox 1105 340 1842 384; baseline 0.003 -11"><span class='ocrx_word' id='word_1_254' title='bbox 1105 350 1321 383; x_wconf 78' lang='lat' dir='ltr'>excessusque</span> <span class='ocrx_word' id='word_1_255' title='bbox 1347 345 1378 373; x_wconf 87' lang='lat' dir='ltr'>et</span> <span class='ocrx_word' id='word_1_256' title='bbox 1402 340 1538 373; x_wconf 87' lang='lat' dir='ltr'>crimina</span> <span class='ocrx_word' id='word_1_257' title='bbox 1562 341 1721 384; x_wconf 90' lang='lat' dir='ltr'>impunita</span> <span class='ocrx_word' id='word_1_258' title='bbox 1739 352 1842 375; x_wconf 86' lang='lat' dir='ltr'>rema-</span> 
     </span>
     <span class='ocr_line' id='line_1_51' title="bbox 1104 392 1842 436; baseline 0.003 -11"><span class='ocrx_word' id='word_1_259' title='bbox 1104 398 1219 433; x_wconf 88' lang='lat' dir='ltr'>neant·,</span> <span class='ocrx_word' id='word_1_260' title='bbox 1238 394 1441 426; x_wconf 88' lang='lat' dir='ltr'>attendentes</span> <span class='ocrx_word' id='word_1_261' title='bbox 1460 392 1572 435; x_wconf 79' lang='lat' dir='ltr'>igitur¹</span> <span class='ocrx_word' id='word_1_262' title='bbox 1591 394 1679 436; x_wconf 86' lang='lat' dir='ltr'>quod</span> <span class='ocrx_word' id='word_1_263' title='bbox 1697 399 1760 427; x_wconf 86' lang='lat' dir='ltr'>tam</span> <span class='ocrx_word' id='word_1_264' title='bbox 1781 395 1842 427; x_wconf 82' lang='lat' dir='ltr'>dis-</span> 
     </span>
     <span class='ocr_line' id='line_1_52' title="bbox 1105 445 1843 490; baseline 0.001 -12"><span class='ocrx_word' id='word_1_265' title='bbox 1105 445 1187 479; x_wconf 79' lang='lat' dir='ltr'>ficile</span> <span class='ocrx_word' id='word_1_266' title='bbox 1213 447 1253 478; x_wconf 86' lang='lat' dir='ltr'>sit</span> <span class='ocrx_word' id='word_1_267' title='bbox 1277 457 1336 489; x_wconf 89' lang='lat' dir='ltr'>per</span> <span class='ocrx_word' id='word_1_268' title='bbox 1369 451 1432 478; x_wconf 86' lang='lat' dir='ltr'>tam</span> <span class='ocrx_word' id='word_1_269' title='bbox 1469 448 1564 479; x_wconf 87' lang='lat' dir='ltr'>latam</span> <span class='ocrx_word' id='word_1_270' title='bbox 1595 451 1725 490; x_wconf 87' lang='lat' dir='ltr'>tamque</span> <span class='ocrx_word' id='word_1_271' title='bbox 1750 447 1843 479; x_wconf 77' lang='lat' dir='ltr'>diffu-</span> 
     </span>
     <span class='ocr_line' id='line_1_53' title="bbox 1106 499 1844 542; baseline 0.003 -12"><span class='ocrx_word' id='word_1_272' title='bbox 1106 509 1173 530; x_wconf 91' lang='lat' dir='ltr'>sam</span> <span class='ocrx_word' id='word_1_273' title='bbox 1198 499 1372 531; x_wconf 86' lang='lat' dir='ltr'>dioecesim</span> <span class='ocrx_word' id='word_1_274' title='bbox 1398 499 1437 531; x_wconf 93' lang='lat' dir='ltr'>ad</span> <span class='ocrx_word' id='word_1_275' title='bbox 1461 509 1560 531; x_wconf 87' lang='lat' dir='ltr'>unum</span> <span class='ocrx_word' id='word_1_276' title='bbox 1584 504 1705 531; x_wconf 84' lang='lat' dir='ltr'>tantum</span> <span class='ocrx_word' id='word_1_277' title='bbox 1723 509 1782 542; x_wconf 89' lang='lat' dir='ltr'>pro</span> <span class='ocrx_word' id='word_1_278' title='bbox 1799 499 1844 532; x_wconf 91' lang='lat' dir='ltr'>iu-</span> 
     </span>
     <span class='ocr_line' id='line_1_54' title="bbox 1106 551 1845 594; baseline 0.003 -11"><span class='ocrx_word' id='word_1_279' title='bbox 1106 552 1190 583; x_wconf 75' lang='lat' dir='ltr'>stitia</span> <span class='ocrx_word' id='word_1_280' title='bbox 1214 552 1444 594; x_wconf 80' lang='lat' dir='ltr'>consequenda</span> <span class='ocrx_word' id='word_1_281' title='bbox 1469 562 1486 584; x_wconf 88' lang='lat' dir='ltr'>a</span> <span class='ocrx_word' id='word_1_282' title='bbox 1510 551 1661 594; x_wconf 88' lang='lat' dir='ltr'>personis</span> <span class='ocrx_word' id='word_1_283' title='bbox 1692 552 1845 585; x_wconf 87' lang='lat' dir='ltr'>ecclesia-</span> 
     </span>
     <span class='ocr_line' id='line_1_55' title="bbox 1107 603 1842 637; baseline 0.003 -2"><span class='ocrx_word' id='word_1_284' title='bbox 1107 603 1193 636; x_wconf 88' lang='lat' dir='ltr'>sticis</span> <span class='ocrx_word' id='word_1_285' title='bbox 1211 609 1243 635; x_wconf 83' lang='lat' dir='ltr'>et</span> <span class='ocrx_word' id='word_1_286' title='bbox 1268 604 1487 636; x_wconf 85' lang='lat' dir='ltr'>saecularibus</span> <span class='ocrx_word' id='word_1_287' title='bbox 1504 614 1668 636; x_wconf 87' lang='lat' dir='ltr'>recursum</span> <span class='ocrx_word' id='word_1_288' title='bbox 1687 603 1842 637; x_wconf 73' lang='lat' dir='ltr'>habere²z</span> 
     </span>
    </p>

    <p class='ocr_par' dir='ltr' id='par_1_4' title="bbox 1108 656 2037 2332">
     <span class='ocr_line' id='line_1_56' title="bbox 1150 656 2037 703; baseline 0.003 -15"><span class='ocrx_word' id='word_1_289' title='bbox 1150 657 1163 699; x_wconf 61' lang='grc' dir='ltr'><strong>ἓ</strong></span> <span class='ocrx_word' id='word_1_290' title='bbox 1180 656 1210 688; x_wconf 77' lang='lat'>⁶2.</span> <span class='ocrx_word' id='word_1_291' title='bbox 1231 657 1349 689; x_wconf 76' lang='lat' dir='ltr'>Matura</span> <span class='ocrx_word' id='word_1_292' title='bbox 1364 667 1463 699; x_wconf 83' lang='lat' dir='ltr'>super</span> <span class='ocrx_word' id='word_1_293' title='bbox 1482 657 1544 689; x_wconf 90' lang='lat' dir='ltr'>hoe</span> <span class='ocrx_word' id='word_1_294' title='bbox 1557 667 1628 689; x_wconf 89' lang='lat' dir='ltr'>cum</span> <span class='ocrx_word' id='word_1_295' title='bbox 1648 656 1843 690; x_wconf 83' lang='lat' dir='ltr'>venerabili·</span> <span class='ocrx_word' id='word_1_296' title='bbox 1864 669 1958 703; x_wconf 60' lang='lat' dir='ltr'>⁸Emona</span> <span class='ocrx_word' id='word_1_297' title='bbox 1968 669 2037 703; x_wconf 60' lang='lat' dir='ltr'>greio-</span> 
     </span>
     <span class='ocr_line' id='line_1_57' title="bbox 1108 697 2037 752; baseline 0.003 -12"><span class='ocrx_word' id='word_1_298' title='bbox 1108 709 1165 740; x_wconf 87' lang='lat' dir='ltr'>bus</span> <span class='ocrx_word' id='word_1_299' title='bbox 1184 709 1301 741; x_wconf 91' lang='lat' dir='ltr'>nostris</span> <span class='ocrx_word' id='word_1_300' title='bbox 1321 709 1352 741; x_wconf 84' lang='lat' dir='ltr'>S.</span> <span class='ocrx_word' id='word_1_301' title='bbox 1373 709 1408 740; x_wconf 76' lang='lat' dir='ltr'>R.</span> <span class='ocrx_word' id='word_1_302' title='bbox 1423 709 1456 741; x_wconf 86' lang='grc' dir='ltr'>Ε.</span> <span class='ocrx_word' id='word_1_303' title='bbox 1477 709 1698 742; x_wconf 83' lang='lat' dir='ltr'>cardinalibus</span> <span class='ocrx_word' id='word_1_304' title='bbox 1721 702 1903 752; x_wconf 48' lang='lat' dir='ltr'>delibe-Z&#39;Jsslss</span> <span class='ocrx_word' id='word_1_305' title='bbox 1919 698 1940 743; x_wconf 49' lang='lat' dir='ltr'>isa.</span> <span class='ocrx_word' id='word_1_306' title='bbox 1958 697 2037 744; x_wconf 46' lang='lat' dir='ltr'>iiiii-232</span> 
     </span>
     <span class='ocr_line' id='line_1_58' title="bbox 1108 748 1977 805; baseline 0.003 -12"><span class='ocrx_word' id='word_1_307' title='bbox 1108 762 1231 794; x_wconf 84' lang='lat' dir='ltr'>ratione</span> <span class='ocrx_word' id='word_1_308' title='bbox 1245 762 1446 805; x_wconf 72' lang='lat' dir='ltr'>praehabita,</span> <span class='ocrx_word' id='word_1_309' title='bbox 1463 772 1591 795; x_wconf 87' lang='lat' dir='ltr'>necnon</span> <span class='ocrx_word' id='word_1_310' title='bbox 1606 762 1771 805; x_wconf 87' lang='lat' dir='ltr'>praedicto</span> <span class='ocrx_word' id='word_1_311' title='bbox 1785 763 1843 795; x_wconf 86' lang='lat' dir='ltr'>Pe·</span> <span class='ocrx_word' id='word_1_312' title='bbox 1852 748 1977 775; x_wconf 73' lang='lat'>¹³⁰¹¹¹²¹&#39;³‘⁸&#39;</span> 
     </span>
     <span class='ocr_line' id='line_1_59' title="bbox 1109 814 1842 858; baseline 0.001 -12"><span class='ocrx_word' id='word_1_313' title='bbox 1109 819 1154 846; x_wconf 87' lang='lat' dir='ltr'>tro</span> <span class='ocrx_word' id='word_1_314' title='bbox 1175 815 1322 858; x_wconf 88' lang='lat' dir='ltr'>principe</span> <span class='ocrx_word' id='word_1_315' title='bbox 1342 816 1605 857; x_wconf 73' lang='lat' dir='ltr'>etgubernatore</span> <span class='ocrx_word' id='word_1_316' title='bbox 1626 814 1842 858; x_wconf 83' lang='lat' dir='ltr'>supplicante,</span> 
     </span>
     <span class='ocr_line' id='line_1_60' title="bbox 1108 868 1888 902; baseline 0.004 -3"><span class='ocrx_word' id='word_1_317' title='bbox 1108 877 1143 899; x_wconf 85' lang='lat' dir='ltr'>ac</span> <span class='ocrx_word' id='word_1_318' title='bbox 1167 868 1362 900; x_wconf 87' lang='lat' dir='ltr'>venerabilis</span> <span class='ocrx_word' id='word_1_319' title='bbox 1387 868 1483 900; x_wconf 83' lang='lat' dir='ltr'>etlam</span> <span class='ocrx_word' id='word_1_320' title='bbox 1513 868 1620 900; x_wconf 83' lang='lat' dir='ltr'>fratris</span> <span class='ocrx_word' id='word_1_321' title='bbox 1645 868 1747 901; x_wconf 88' lang='lat' dir='ltr'>nostri</span> <span class='ocrx_word' id='word_1_322' title='bbox 1775 878 1844 901; x_wconf 90' lang='lat' dir='ltr'>mo·</span> <span class='ocrx_word' id='word_1_323' title='bbox 1882 897 1888 902; x_wconf 90' lang='lat'><strong>.</strong></span> 
     </span>
     <span class='ocr_line' id='line_1_61' title="bbox 1108 920 1842 964; baseline 0.004 -13"><span class='ocrx_word' id='word_1_324' title='bbox 1108 920 1199 952; x_wconf 83' lang='lat' dir='ltr'>derni</span> <span class='ocrx_word' id='word_1_325' title='bbox 1235 920 1472 964; x_wconf 84' lang='lat' dir='ltr'>archiepiscopi</span> <span class='ocrx_word' id='word_1_326' title='bbox 1505 920 1765 964; x_wconf 74' lang='lat' dir='ltr'>Ulyssiponensis</span> <span class='ocrx_word' id='word_1_327' title='bbox 1802 921 1842 954; x_wconf 89' lang='lat' dir='ltr'>ad</span> 
     </span>
     <span class='ocr_line' id='line_1_62' title="bbox 1109 973 1843 1016; baseline 0.003 -12"><span class='ocrx_word' id='word_1_328' title='bbox 1109 973 1170 1004; x_wconf 90' lang='lat' dir='ltr'>hoc</span> <span class='ocrx_word' id='word_1_329' title='bbox 1203 983 1354 1016; x_wconf 81' lang='lat' dir='ltr'>expresso</span> <span class='ocrx_word' id='word_1_330' title='bbox 1386 973 1557 1006; x_wconf 86' lang='lat' dir='ltr'>accedente</span> <span class='ocrx_word' id='word_1_331' title='bbox 1591 983 1770 1014; x_wconf 82' lang='lat' dir='ltr'>consensu,</span> <span class='ocrx_word' id='word_1_332' title='bbox 1795 973 1843 1006; x_wconf 91' lang='lat' dir='ltr'>di-</span> 
     </span>
     <span class='ocr_line' id='line_1_63' title="bbox 1109 1025 1844 1070; baseline 0.003 -13"><span class='ocrx_word' id='word_1_333' title='bbox 1109 1031 1190 1057; x_wconf 85' lang='lat' dir='ltr'>ctam</span> <span class='ocrx_word' id='word_1_334' title='bbox 1221 1026 1383 1058; x_wconf 86' lang='lat' dir='ltr'>civitatem</span> <span class='ocrx_word' id='word_1_335' title='bbox 1418 1025 1449 1058; x_wconf 81' lang='lat' dir='ltr'>S.</span> <span class='ocrx_word' id='word_1_336' title='bbox 1476 1026 1650 1059; x_wconf 85' lang='lat' dir='ltr'>Salvatoris</span> <span class='ocrx_word' id='word_1_337' title='bbox 1683 1027 1844 1070; x_wconf 85' lang='lat' dir='ltr'>archiepi-</span> 
     </span>
     <span class='ocr_line' id='line_1_64' title="bbox 1109 1077 1844 1122; baseline 0.005 -13"><span class='ocrx_word' id='word_1_338' title='bbox 1109 1077 1229 1120; x_wconf 85' lang='lat' dir='ltr'>scopali</span> <span class='ocrx_word' id='word_1_339' title='bbox 1256 1083 1287 1110; x_wconf 86' lang='lat' dir='ltr'>et</span> <span class='ocrx_word' id='word_1_340' title='bbox 1310 1079 1560 1121; x_wconf 78' lang='lat' dir='ltr'>metropolitana</span> <span class='ocrx_word' id='word_1_341' title='bbox 1585 1080 1786 1122; x_wconf 86' lang='lat' dir='ltr'>praelati0ne</span> <span class='ocrx_word' id='word_1_342' title='bbox 1812 1085 1844 1113; x_wconf 88' lang='lat' dir='ltr'>et</span> 
     </span>
     <span class='ocr_line' id='line_1_65' title="bbox 1110 1129 1841 1172; baseline 0.007 -12"><span class='ocrx_word' id='word_1_343' title='bbox 1110 1129 1203 1162; x_wconf 89' lang='lat' dir='ltr'>titulo</span> <span class='ocrx_word' id='word_1_344' title='bbox 1239 1130 1369 1172; x_wconf 82' lang='lat' dir='ltr'>dignam</span> <span class='ocrx_word' id='word_1_345' title='bbox 1401 1130 1602 1170; x_wconf 85' lang='lat' dir='ltr'>iudicantes,</span> <span class='ocrx_word' id='word_1_346' title='bbox 1632 1132 1671 1164; x_wconf 86' lang='lat' dir='ltr'>de</span> <span class='ocrx_word' id='word_1_347' title='bbox 1704 1132 1841 1165; x_wconf 88' lang='lat' dir='ltr'>consilio</span> 
     </span>
     <span class='ocr_line' id='line_1_66' title="bbox 1110 1183 1844 1226; baseline 0.003 -11"><span class='ocrx_word' id='word_1_348' title='bbox 1110 1188 1141 1215; x_wconf 89' lang='lat' dir='ltr'>et</span> <span class='ocrx_word' id='word_1_349' title='bbox 1166 1194 1299 1216; x_wconf 85' lang='lat' dir='ltr'>assensu</span> <span class='ocrx_word' id='word_1_350' title='bbox 1336 1189 1368 1216; x_wconf 89' lang='lat' dir='ltr'>et</span> <span class='ocrx_word' id='word_1_351' title='bbox 1402 1188 1564 1226; x_wconf 82' lang='lat' dir='ltr'>potestate</span> <span class='ocrx_word' id='word_1_352' title='bbox 1595 1183 1778 1225; x_wconf 81' lang='lat' dir='ltr'>similibus,</span> <span class='ocrx_word' id='word_1_353' title='bbox 1804 1185 1844 1217; x_wconf 88' lang='lat' dir='ltr'>ad</span> 
     </span>
     <span class='ocr_line' id='line_1_67' title="bbox 1110 1236 1843 1279; baseline 0.003 -11"><span class='ocrx_word' id='word_1_354' title='bbox 1110 1236 1341 1279; x_wconf 86' lang='lat' dir='ltr'>omnipotentis</span> <span class='ocrx_word' id='word_1_355' title='bbox 1372 1237 1427 1269; x_wconf 91' lang='lat' dir='ltr'>Dei</span> <span class='ocrx_word' id='word_1_356' title='bbox 1453 1237 1579 1269; x_wconf 85' lang='lat' dir='ltr'>laudem</span> <span class='ocrx_word' id='word_1_357' title='bbox 1612 1242 1643 1270; x_wconf 88' lang='lat' dir='ltr'>et</span> <span class='ocrx_word' id='word_1_358' title='bbox 1667 1237 1843 1278; x_wconf 82' lang='lat' dir='ltr'>honorem,</span> 
     </span>
     <span class='ocr_line' id='line_1_68' title="bbox 1110 1289 1845 1330; baseline 0.003 -10"><span class='ocrx_word' id='word_1_359' title='bbox 1110 1294 1141 1320; x_wconf 87' lang='lat' dir='ltr'>et</span> <span class='ocrx_word' id='word_1_360' title='bbox 1172 1289 1373 1322; x_wconf 75' lang='lat' dir='ltr'>orthodoxae</span> <span class='ocrx_word' id='word_1_361' title='bbox 1405 1289 1477 1322; x_wconf 86' lang='lat' dir='ltr'>fidei</span> <span class='ocrx_word' id='word_1_362' title='bbox 1508 1289 1747 1330; x_wconf 79' lang='lat' dir='ltr'>exaltationem,</span> <span class='ocrx_word' id='word_1_363' title='bbox 1769 1300 1845 1323; x_wconf 87' lang='lat' dir='ltr'>nee-</span> 
     </span>
     <span class='ocr_line' id='line_1_69' title="bbox 1111 1342 1842 1385; baseline 0.004 -12"><span class='ocrx_word' id='word_1_364' title='bbox 1111 1351 1174 1374; x_wconf 93' lang='lat' dir='ltr'>non</span> <span class='ocrx_word' id='word_1_365' title='bbox 1193 1342 1289 1374; x_wconf 90' lang='lat' dir='ltr'>totius</span> <span class='ocrx_word' id='word_1_366' title='bbox 1307 1342 1491 1375; x_wconf 78' lang='lat' dir='ltr'>militantis⁸</span> <span class='ocrx_word' id='word_1_367' title='bbox 1510 1342 1670 1375; x_wconf 86' lang='lat' dir='ltr'>Ecclesiae</span> <span class='ocrx_word' id='word_1_368' title='bbox 1696 1343 1842 1385; x_wconf 81' lang='lat' dir='ltr'>gloriam,</span> 
     </span>
     <span class='ocr_line' id='line_1_70' title="bbox 1110 1388 1896 1435; baseline 0.005 -10"><span class='ocrx_word' id='word_1_369' title='bbox 1110 1394 1278 1426; x_wconf 81' lang='lat' dir='ltr'>ecclesiam</span> <span class='ocrx_word' id='word_1_370' title='bbox 1301 1394 1332 1427; x_wconf 88' lang='lat' dir='ltr'>S.</span> <span class='ocrx_word' id='word_1_371' title='bbox 1352 1394 1524 1427; x_wconf 85' lang='lat' dir='ltr'>Salvatoris</span> <span class='ocrx_word' id='word_1_372' title='bbox 1549 1395 1680 1435; x_wconf 81' lang='lat' dir='ltr'>Bahiae,</span> <span class='ocrx_word' id='word_1_373' title='bbox 1709 1400 1845 1428; x_wconf 86' lang='lat' dir='ltr'>eatenus</span> <span class='ocrx_word' id='word_1_374' title='bbox 1894 1388 1896 1390; x_wconf 17' lang='lat' dir='ltr'>V</span> 
     </span>
     <span class='ocr_line' id='line_1_71' title="bbox 1110 1446 1876 1490; baseline 0.004 -13"><span class='ocrx_word' id='word_1_375' title='bbox 1110 1446 1363 1488; x_wconf 77' lang='lat' dir='ltr'>sutl&#39;raganaeam</span> <span class='ocrx_word' id='word_1_376' title='bbox 1382 1447 1554 1480; x_wconf 86' lang='lat' dir='ltr'>ecclesiae⁴</span> <span class='ocrx_word' id='word_1_377' title='bbox 1572 1447 1844 1490; x_wconf 85' lang='lat' dir='ltr'>Ulyssiponensis,</span> <span class='ocrx_word' id='word_1_378' title='bbox 1871 1449 1876 1454; x_wconf 90' lang='grc'><em>“</em></span> 
     </span>
     <span class='ocr_line' id='line_1_72' title="bbox 1110 1498 1847 1544; baseline 0.004 -14"><span class='ocrx_word' id='word_1_379' title='bbox 1110 1498 1270 1531; x_wconf 81' lang='lat' dir='ltr'>civitatem</span> <span class='ocrx_word' id='word_1_380' title='bbox 1307 1504 1339 1531; x_wconf 90' lang='lat' dir='ltr'>et</span> <span class='ocrx_word' id='word_1_381' title='bbox 1370 1498 1566 1539; x_wconf 84' lang='lat' dir='ltr'>dioecesim,</span> <span class='ocrx_word' id='word_1_382' title='bbox 1598 1506 1680 1539; x_wconf 88' lang='lat' dir='ltr'>etc.‚</span> <span class='ocrx_word' id='word_1_383' title='bbox 1715 1500 1847 1544; x_wconf 86' lang='lat' dir='ltr'>praedi-</span> 
     </span>
     <span class='ocr_line' id='line_1_73' title="bbox 1111 1552 1846 1591; baseline 0.003 -8"><span class='ocrx_word' id='word_1_384' title='bbox 1111 1556 1196 1591; x_wconf 89' lang='lat' dir='ltr'>ctas,</span> <span class='ocrx_word' id='word_1_385' title='bbox 1225 1558 1256 1584; x_wconf 90' lang='lat' dir='ltr'>et</span> <span class='ocrx_word' id='word_1_386' title='bbox 1287 1552 1421 1585; x_wconf 89' lang='lat' dir='ltr'>dilectos</span> <span class='ocrx_word' id='word_1_387' title='bbox 1446 1552 1530 1585; x_wconf 83' lang='lat' dir='ltr'>filios</span> <span class='ocrx_word' id='word_1_388' title='bbox 1557 1553 1695 1585; x_wconf 84' lang='lat' dir='ltr'>eoruin⁵</span> <span class='ocrx_word' id='word_1_389' title='bbox 1722 1554 1846 1586; x_wconf 86' lang='lat' dir='ltr'>clerum</span> 
     </span>
     <span class='ocr_line' id='line_1_74' title="bbox 1111 1604 1848 1649; baseline 0.004 -13"><span class='ocrx_word' id='word_1_390' title='bbox 1111 1609 1143 1636; x_wconf 85' lang='lat' dir='ltr'>et</span> <span class='ocrx_word' id='word_1_391' title='bbox 1167 1606 1323 1647; x_wconf 89' lang='lat' dir='ltr'>populum</span> <span class='ocrx_word' id='word_1_392' title='bbox 1339 1632 1346 1645; x_wconf 92' lang='lat'>,</span> <span class='ocrx_word' id='word_1_393' title='bbox 1373 1615 1390 1637; x_wconf 87' lang='lat' dir='ltr'>a</span> <span class='ocrx_word' id='word_1_394' title='bbox 1415 1605 1582 1648; x_wconf 74' lang='lat' dir='ltr'>provincia</span> <span class='ocrx_word' id='word_1_395' title='bbox 1613 1604 1848 1649; x_wconf 82' lang='lat' dir='ltr'>Ulyssiponen-</span> 
     </span>
     <span class='ocr_line' id='line_1_75' title="bbox 1111 1657 1849 1701; baseline 0.003 -12"><span class='ocrx_word' id='word_1_396' title='bbox 1111 1657 1156 1697; x_wconf 87' lang='lat' dir='ltr'>si,</span> <span class='ocrx_word' id='word_1_397' title='bbox 1190 1658 1239 1689; x_wconf 89' lang='lat' dir='ltr'>cui</span> <span class='ocrx_word' id='word_1_398' title='bbox 1272 1659 1366 1690; x_wconf 87' lang='lat' dir='ltr'>etiam</span> <span class='ocrx_word' id='word_1_399' title='bbox 1398 1658 1638 1701; x_wconf 87' lang='lat' dir='ltr'>metropolitico</span> <span class='ocrx_word' id='word_1_400' title='bbox 1672 1658 1743 1691; x_wconf 82' lang='lat' dir='ltr'>iure</span> <span class='ocrx_word' id='word_1_401' title='bbox 1773 1659 1849 1691; x_wconf 87' lang='lat' dir='ltr'>sub-</span> 
     </span>
     <span class='ocr_line' id='line_1_76' title="bbox 1113 1711 1850 1754; baseline 0.001 -11"><span class='ocrx_word' id='word_1_402' title='bbox 1113 1721 1183 1743; x_wconf 84' lang='lat' dir='ltr'>esse</span> <span class='ocrx_word' id='word_1_403' title='bbox 1209 1711 1465 1753; x_wconf 83' lang='lat' dir='ltr'>dignoscuntur,</span> <span class='ocrx_word' id='word_1_404' title='bbox 1496 1711 1675 1754; x_wconf 74' lang='lat' dir='ltr'>apostolica</span> <span class='ocrx_word' id='word_1_405' title='bbox 1708 1711 1850 1745; x_wconf 86' lang='lat' dir='ltr'>auctori-</span> 
     </span>
     <span class='ocr_line' id='line_1_77' title="bbox 1114 1763 1849 1806; baseline 0.003 -11"><span class='ocrx_word' id='word_1_406' title='bbox 1114 1768 1175 1795; x_wconf 80' lang='lat' dir='ltr'>tate</span> <span class='ocrx_word' id='word_1_407' title='bbox 1201 1768 1359 1806; x_wconf 88' lang='lat' dir='ltr'>perpetuo</span> <span class='ocrx_word' id='word_1_408' title='bbox 1384 1774 1603 1805; x_wconf 80' lang='lat' dir='ltr'>segregamus,</span> <span class='ocrx_word' id='word_1_409' title='bbox 1629 1763 1801 1797; x_wconf 85' lang='lat' dir='ltr'>dividimus</span> <span class='ocrx_word' id='word_1_410' title='bbox 1817 1768 1849 1797; x_wconf 85' lang='lat' dir='ltr'>et</span> 
     </span>
     <span class='ocr_line' id='line_1_78' title="bbox 1113 1816 1850 1860; baseline 0.003 -12"><span class='ocrx_word' id='word_1_411' title='bbox 1113 1826 1312 1859; x_wconf 86' lang='lat' dir='ltr'>separamus,</span> <span class='ocrx_word' id='word_1_412' title='bbox 1343 1816 1463 1859; x_wconf 84' lang='lat' dir='ltr'>illaque</span> <span class='ocrx_word' id='word_1_413' title='bbox 1488 1817 1595 1849; x_wconf 83' lang='lat' dir='ltr'>omnia</span> <span class='ocrx_word' id='word_1_414' title='bbox 1619 1816 1657 1849; x_wconf 78' lang='lat' dir='ltr'>a⁶</span> <span class='ocrx_word' id='word_1_415' title='bbox 1680 1827 1739 1860; x_wconf 88' lang='lat' dir='ltr'>pro</span> <span class='ocrx_word' id='word_1_416' title='bbox 1770 1821 1850 1850; x_wconf 90' lang='lat' dir='ltr'>tem-</span> 
     </span>
     <span class='ocr_line' id='line_1_79' title="bbox 1114 1869 1850 1912; baseline 0.004 -13"><span class='ocrx_word' id='word_1_417' title='bbox 1114 1878 1191 1910; x_wconf 88' lang='lat' dir='ltr'>pore</span> <span class='ocrx_word' id='word_1_418' title='bbox 1210 1869 1376 1900; x_wconf 84' lang='lat' dir='ltr'>existentis</span> <span class='ocrx_word' id='word_1_419' title='bbox 1402 1869 1640 1912; x_wconf 87' lang='lat' dir='ltr'>archiepiscopi</span> <span class='ocrx_word' id='word_1_420' title='bbox 1658 1874 1690 1901; x_wconf 88' lang='lat' dir='ltr'>et</span> <span class='ocrx_word' id='word_1_421' title='bbox 1714 1869 1850 1903; x_wconf 87' lang='lat' dir='ltr'>dilecto-</span> 
     </span>
     <span class='ocr_line' id='line_1_80' title="bbox 1114 1920 1850 1965; baseline 0.004 -14"><span class='ocrx_word' id='word_1_422' title='bbox 1114 1931 1183 1952; x_wconf 92' lang='lat' dir='ltr'>rum</span> <span class='ocrx_word' id='word_1_423' title='bbox 1208 1920 1302 1953; x_wconf 88' lang='lat' dir='ltr'>etiam</span> <span class='ocrx_word' id='word_1_424' title='bbox 1327 1920 1467 1954; x_wconf 84' lang='lat' dir='ltr'>filiorum</span> <span class='ocrx_word' id='word_1_425' title='bbox 1493 1921 1627 1964; x_wconf 88' lang='lat' dir='ltr'>capituli</span> <span class='ocrx_word' id='word_1_426' title='bbox 1656 1927 1688 1955; x_wconf 88' lang='lat' dir='ltr'>et</span> <span class='ocrx_word' id='word_1_427' title='bbox 1721 1922 1850 1965; x_wconf 85' lang='lat' dir='ltr'>praedi-</span> 
     </span>
     <span class='ocr_line' id='line_1_81' title="bbox 1114 1973 1851 2017; baseline 0.001 -12"><span class='ocrx_word' id='word_1_428' title='bbox 1114 1979 1182 2006; x_wconf 82' lang='lat' dir='ltr'>ctae</span> <span class='ocrx_word' id='word_1_429' title='bbox 1205 1973 1359 2006; x_wconf 85' lang='lat' dir='ltr'>ecclesiae</span> <span class='ocrx_word' id='word_1_430' title='bbox 1385 1973 1651 2017; x_wconf 66' lang='lat' dir='ltr'>Ulyssiponensis</span> <span class='ocrx_word' id='word_1_431' title='bbox 1675 1974 1851 2017; x_wconf 88' lang='lat' dir='ltr'>superiori-</span> 
     </span>
     <span class='ocr_line' id='line_1_82' title="bbox 1115 2026 1849 2069; baseline 0.001 -11"><span class='ocrx_word' id='word_1_432' title='bbox 1115 2031 1189 2066; x_wconf 87' lang='lat' dir='ltr'>tate,</span> <span class='ocrx_word' id='word_1_433' title='bbox 1205 2026 1437 2065; x_wconf 84' lang='lat' dir='ltr'>iurisdictione,</span> <span class='ocrx_word' id='word_1_434' title='bbox 1451 2031 1624 2069; x_wconf 87' lang='lat' dir='ltr'>potestate,</span> <span class='ocrx_word' id='word_1_435' title='bbox 1636 2026 1849 2067; x_wconf 84' lang='lat' dir='ltr'>subiectione,</span> 
     </span>
     <span class='ocr_line' id='line_1_83' title="bbox 1115 2078 1853 2122; baseline 0.001 -12"><span class='ocrx_word' id='word_1_436' title='bbox 1115 2078 1297 2111; x_wconf 86' lang='lat' dir='ltr'>visitatione</span> <span class='ocrx_word' id='word_1_437' title='bbox 1330 2085 1361 2111; x_wconf 89' lang='lat' dir='ltr'>et</span> <span class='ocrx_word' id='word_1_438' title='bbox 1393 2078 1598 2111; x_wconf 81' lang='lat' dir='ltr'>correctione</span> <span class='ocrx_word' id='word_1_439' title='bbox 1629 2079 1758 2122; x_wconf 85' lang='lat' dir='ltr'>penitus</span> <span class='ocrx_word' id='word_1_440' title='bbox 1787 2079 1853 2112; x_wconf 78' lang='lat' dir='ltr'>exi-</span> 
     </span>
     <span class='ocr_line' id='line_1_84' title="bbox 1115 2131 1851 2172; baseline 0.003 -9"><span class='ocrx_word' id='word_1_441' title='bbox 1115 2132 1230 2164; x_wconf 87' lang='lat' dir='ltr'>mimus</span> <span class='ocrx_word' id='word_1_442' title='bbox 1257 2138 1288 2163; x_wconf 88' lang='lat' dir='ltr'>et</span> <span class='ocrx_word' id='word_1_443' title='bbox 1311 2132 1496 2172; x_wconf 84' lang='lat' dir='ltr'>liberamus,</span> <span class='ocrx_word' id='word_1_444' title='bbox 1522 2141 1651 2164; x_wconf 89' lang='lat' dir='ltr'>necnon</span> <span class='ocrx_word' id='word_1_445' title='bbox 1677 2131 1851 2165; x_wconf 84' lang='lat' dir='ltr'>ecclesiam</span> 
     </span>
     <span class='ocr_line' id='line_1_85' title="bbox 1115 2184 1851 2227; baseline 0.001 -11"><span class='ocrx_word' id='word_1_446' title='bbox 1115 2184 1145 2216; x_wconf 82' lang='lat' dir='ltr'>S.</span> <span class='ocrx_word' id='word_1_447' title='bbox 1168 2184 1343 2217; x_wconf 83' lang='lat' dir='ltr'>Salvatoris</span> <span class='ocrx_word' id='word_1_448' title='bbox 1369 2184 1507 2223; x_wconf 83' lang='lat' dir='ltr'>Bahiae,</span> <span class='ocrx_word' id='word_1_449' title='bbox 1533 2190 1567 2216; x_wconf 94' lang='lat' dir='ltr'>ut</span> <span class='ocrx_word' id='word_1_450' title='bbox 1591 2184 1774 2227; x_wconf 82' lang='lat' dir='ltr'>praefertur</span> <span class='ocrx_word' id='word_1_451' title='bbox 1797 2195 1851 2217; x_wconf 86' lang='lat' dir='ltr'>va—</span> 
     </span>
     <span class='ocr_line' id='line_1_86' title="bbox 1116 2237 1851 2279; baseline 0.003 -11"><span class='ocrx_word' id='word_1_452' title='bbox 1116 2242 1263 2275; x_wconf 84' lang='lat' dir='ltr'>cantem,</span> <span class='ocrx_word' id='word_1_453' title='bbox 1292 2237 1322 2268; x_wconf 93' lang='lat' dir='ltr'>in</span> <span class='ocrx_word' id='word_1_454' title='bbox 1353 2237 1635 2279; x_wconf 82' lang='lat' dir='ltr'>metropolitanam</span> <span class='ocrx_word' id='word_1_455' title='bbox 1651 2264 1658 2276; x_wconf 85' lang='lat'>,</span> <span class='ocrx_word' id='word_1_456' title='bbox 1685 2242 1716 2269; x_wconf 87' lang='lat' dir='ltr'>et</span> <span class='ocrx_word' id='word_1_457' title='bbox 1740 2237 1851 2270; x_wconf 83' lang='lat' dir='ltr'>sedem</span> 
     </span>
     <span class='ocr_line' id='line_1_87' title="bbox 1116 2289 1851 2332; baseline 0 -10"><span class='ocrx_word' id='word_1_458' title='bbox 1116 2290 1333 2332; x_wconf 81' lang='lat' dir='ltr'>episcopalem</span> <span class='ocrx_word' id='word_1_459' title='bbox 1354 2289 1385 2321; x_wconf 93' lang='lat' dir='ltr'>in</span> <span class='ocrx_word' id='word_1_460' title='bbox 1408 2289 1732 2332; x_wconf 80' lang='lat' dir='ltr'>archiepiscopalem,</span> <span class='ocrx_word' id='word_1_461' title='bbox 1752 2289 1851 2323; x_wconf 87' lang='lat' dir='ltr'>archi-</span> 
     </span>
    </p>

    <p class='ocr_par' dir='ltr' id='par_1_5' title="bbox 1156 2351 1850 2386">
     <span class='ocr_line' id='line_1_88' title="bbox 1156 2351 1850 2386; baseline 0.003 -9"><span class='ocrx_word' id='word_1_462' title='bbox 1156 2355 1160 2377; x_wconf 93' lang='grc'>1</span> <span class='ocrx_word' id='word_1_463' title='bbox 1184 2351 1280 2377; x_wconf 79' lang='lat' dir='ltr'>Forsan</span> <span class='ocrx_word' id='word_1_464' title='bbox 1297 2352 1414 2385; x_wconf 73' lang='lat' dir='ltr'>insuper</span> <span class='ocrx_word' id='word_1_465' title='bbox 1431 2359 1476 2386; x_wconf 83' lang='lat' dir='ltr'>pro</span> <span class='ocrx_word' id='word_1_466' title='bbox 1488 2351 1581 2385; x_wconf 70' lang='lat' dir='ltr'>iyitm·</span> <span class='ocrx_word' id='word_1_467' title='bbox 1597 2351 1788 2386; x_wconf 66' lang='lat' dir='ltr'>legendumm.</span> <span class='ocrx_word' id='word_1_468' title='bbox 1800 2352 1850 2386; x_wconf 82' lang='grc' dir='ltr'>τ.).</span> 
     </span>
    </p>
   </div>
   <div class='ocr_carea' id='block_1_4' title="bbox 1118 2395 1853 2652">
    <p class='ocr_par' dir='ltr' id='par_1_6' title="bbox 1151 2395 1605 2430">
     <span class='ocr_line' id='line_1_89' title="bbox 1151 2395 1605 2430; baseline 0 -9"><span class='ocrx_word' id='word_1_469' title='bbox 1151 2397 1167 2421; x_wconf 74' lang='lat'><strong>2</strong></span> <span class='ocrx_word' id='word_1_470' title='bbox 1188 2395 1276 2421; x_wconf 79' lang='lat' dir='ltr'>l’otius</span> <span class='ocrx_word' id='word_1_471' title='bbox 1297 2395 1355 2430; x_wconf 80' lang='lat' dir='ltr'>lege</span> <span class='ocrx_word' id='word_1_472' title='bbox 1375 2396 1477 2422; x_wconf 75' lang='lat' dir='ltr'>haberi</span> <span class='ocrx_word' id='word_1_473' title='bbox 1496 2397 1536 2429; x_wconf 81' lang='lat' dir='ltr'>(n.</span> <span class='ocrx_word' id='word_1_474' title='bbox 1556 2396 1605 2428; x_wconf 62' lang='lat'><strong>¹1¹.)-</strong></span> 
     </span>
    </p>

    <p class='ocr_par' dir='ltr' id='par_1_7' title="bbox 1118 2439 1853 2564">
     <span class='ocr_line' id='line_1_90' title="bbox 1151 2439 1853 2474; baseline 0.006 -10"><span class='ocrx_word' id='word_1_475' title='bbox 1151 2440 1167 2465; x_wconf 81' lang='lat'><strong>3</strong></span> <span class='ocrx_word' id='word_1_476' title='bbox 1185 2440 1211 2466; x_wconf 81' lang='lat' dir='ltr'>ln</span> <span class='ocrx_word' id='word_1_477' title='bbox 1224 2440 1274 2466; x_wconf 89' lang='lat' dir='ltr'>loc.</span> <span class='ocrx_word' id='word_1_478' title='bbox 1288 2440 1380 2474; x_wconf 85' lang='lat' dir='ltr'>parall.</span> <span class='ocrx_word' id='word_1_479' title='bbox 1393 2448 1468 2474; x_wconf 76' lang='lat' dir='ltr'>seqq.</span> <span class='ocrx_word' id='word_1_480' title='bbox 1481 2440 1573 2466; x_wconf 81' lang='lat' dir='ltr'>Const.</span> <span class='ocrx_word' id='word_1_481' title='bbox 1585 2443 1625 2466; x_wconf 84' lang='lat' dir='ltr'>est</span> <span class='ocrx_word' id='word_1_482' title='bbox 1642 2439 1853 2474; x_wconf 73' lang='lat' dir='ltr'>triumphantis</span> 
     </span>
     <span class='ocr_line' id='line_1_91' title="bbox 1131 2484 1222 2511; baseline 0.011 -3"><span class='ocrx_word' id='word_1_483' title='bbox 1131 2491 1155 2509; x_wconf 76' lang='lat' dir='ltr'>ii.</span> <span class='ocrx_word' id='word_1_484' title='bbox 1173 2484 1222 2511; x_wconf 61' lang='lat' dir='ltr'>w.</span> 
     </span>
     <span class='ocr_line' id='line_1_92' title="bbox 1118 2484 1805 2564; baseline 0.003 -11"><span class='ocrx_word' id='word_1_485' title='bbox 1118 2484 1124 2517; x_wconf 72' lang='grc'>(</span> <span class='ocrx_word' id='word_1_486' title='bbox 1153 2529 1167 2553; x_wconf 73' lang='grc' dir='ltr'><strong>Δ</strong></span> <span class='ocrx_word' id='word_1_487' title='bbox 1188 2527 1253 2554; x_wconf 81' lang='lat' dir='ltr'>Male</span> <span class='ocrx_word' id='word_1_488' title='bbox 1273 2527 1338 2554; x_wconf 80' lang='lat' dir='ltr'>edit.</span> <span class='ocrx_word' id='word_1_489' title='bbox 1355 2528 1433 2555; x_wconf 79' lang='lat' dir='ltr'>Main.</span> <span class='ocrx_word' id='word_1_490' title='bbox 1451 2527 1514 2564; x_wconf 78' lang='lat' dir='ltr'>legit</span> <span class='ocrx_word' id='word_1_491' title='bbox 1533 2527 1680 2555; x_wconf 78' lang='lat' dir='ltr'>ecclesiam</span> <span class='ocrx_word' id='word_1_492' title='bbox 1701 2527 1740 2562; x_wconf 79' lang='lat' dir='ltr'>(n.</span> <span class='ocrx_word' id='word_1_493' title='bbox 1757 2529 1805 2564; x_wconf 58' lang='lat'>¹12).</span> 
     </span>
    </p>

    <p class='ocr_par' dir='ltr' id='par_1_8' title="bbox 1151 2572 1609 2606">
     <span class='ocr_line' id='line_1_93' title="bbox 1151 2572 1609 2606; baseline 0.002 -8"><span class='ocrx_word' id='word_1_494' title='bbox 1151 2572 1168 2598; x_wconf 89' lang='grc'>5</span> <span class='ocrx_word' id='word_1_495' title='bbox 1188 2572 1279 2605; x_wconf 77' lang='lat' dir='ltr'>Aptius</span> <span class='ocrx_word' id='word_1_496' title='bbox 1299 2572 1357 2606; x_wconf 74' lang='lat' dir='ltr'>lege</span> <span class='ocrx_word' id='word_1_497' title='bbox 1378 2582 1479 2600; x_wconf 78' lang='lat' dir='ltr'>earum</span> <span class='ocrx_word' id='word_1_498' title='bbox 1500 2573 1538 2606; x_wconf 78' lang='lat' dir='ltr'>(R.</span> <span class='ocrx_word' id='word_1_499' title='bbox 1559 2575 1609 2605; x_wconf 81' lang='lat' dir='ltr'><strong>T.).</strong></span> 
     </span>
    </p>

    <p class='ocr_par' dir='ltr' id='par_1_9' title="bbox 1153 2615 1802 2652">
     <span class='ocr_line' id='line_1_94' title="bbox 1153 2615 1802 2652; baseline 0.006 -11"><span class='ocrx_word' id='word_1_500' title='bbox 1153 2616 1168 2641; x_wconf 83' lang='grc'><strong>6</strong></span> <span class='ocrx_word' id='word_1_501' title='bbox 1189 2615 1253 2643; x_wconf 77' lang='lat' dir='ltr'>Male</span> <span class='ocrx_word' id='word_1_502' title='bbox 1274 2616 1337 2642; x_wconf 85' lang='lat' dir='ltr'>edit.</span> <span class='ocrx_word' id='word_1_503' title='bbox 1360 2616 1439 2643; x_wconf 68' lang='lat' dir='ltr'>llain.</span> <span class='ocrx_word' id='word_1_504' title='bbox 1461 2616 1526 2651; x_wconf 69' lang='lat' dir='ltr'>tegit</span> <span class='ocrx_word' id='word_1_505' title='bbox 1546 2619 1572 2644; x_wconf 78' lang='lat' dir='ltr'>cc</span> <span class='ocrx_word' id='word_1_506' title='bbox 1592 2625 1639 2651; x_wconf 78' lang='lat' dir='ltr'>pro</span> <span class='ocrx_word' id='word_1_507' title='bbox 1659 2625 1676 2643; x_wconf 79' lang='lat' dir='ltr'>a</span> <span class='ocrx_word' id='word_1_508' title='bbox 1696 2617 1733 2652; x_wconf 82' lang='lat' dir='ltr'>(n.</span> <span class='ocrx_word' id='word_1_509' title='bbox 1754 2618 1802 2651; x_wconf 79' lang='grc' dir='ltr'>τ.).</span> 
     </span>
    </p>
   </div>
  </div>
 </body>
</html>
