2111 3157
67 209 116 235 An.
131 207 161 234 C.
185 206 252 233 ¹683

85 373 171 400 Species
182 372 238 393 raeti.

435 255 629 283 Innocentius
650 259 726 288 rapa
746 255 794 287 xl,

390 301 425 326 ad
446 299 577 327 futuram
596 298 639 326 rei
659 298 840 326 memoriam.

292 361 307 404 5
327 360 357 393 1.
376 360 500 404 Exponi
517 361 610 393 nobis
628 370 733 403 nuper
750 359 825 392 fecit
844 359 979 391 dilectus

248 413 332 447 filius
349 414 462 446 Petrus
479 413 619 445 Marinus
635 413 810 445 Sormanus
836 411 980 443 minister

248 466 408 509 generalis
431 465 560 499 Ordinis
580 465 714 497 fratrum
731 464 889 497 Minorum
909 474 979 496 san-

248 519 288 552 cti
314 519 475 552 Francisci
500 519 539 550 de
569 517 779 550 observantia
814 526 980 558 nuncupa-

249 577 369 611 torum,
395 572 497 614 quod,
523 581 595 603 cum
635 580 732 602 causa
770 568 978 601 alternativae

248 624 332 663 inter
357 623 471 656 fratres
501 622 623 654 nativos
656 621 816 664 Hispanos
851 620 979 663 provin-

247 676 369 708 ciarum
403 675 553 708 Limanae
585 679 616 707 et
640 674 678 706 de
704 675 749 707 las
782 673 918 705 Cliarcas
946 673 978 705 in

247 727 345 761 Indiis
370 727 629 760 occidentalibus
665 726 741 759 dicti
778 725 906 759 Ordinis
941 736 977 758 ex

246 783 310 814 una
335 786 367 813 et
391 780 505 812 fratres
530 779 665 812 Criollos
700 782 901 821 nuncupatos
927 788 979 810 ea-

246 833 392 866 rumdem
416 831 657 875 provinciarum
682 842 718 864 ex
750 832 850 864 altera
881 830 979 874 parti-

245 886 304 919 hus
330 884 516 917 iamdudum
542 889 669 917 vertens
687 895 704 917 a
723 884 978 926 Congregatione

245 937 478 971 venerabilium
502 937 633 969 fratrum
651 942 839 970 nostrorum
863 936 976 969 s.R.E.

246 990 456 1024 cardinalium
476 990 616 1032 negotiis
637 995 670 1022 et
686 989 979 1022 consultationibus

245 1043 475 1086 episcoporum
500 1047 531 1074 et
563 1042 762 1084 regularium
794 1041 980 1085 praeposita

245 1094 417 1128 accerrime
442 1095 587 1127 discussa
611 1094 732 1135 fuisset,
751 1093 908 1126 emanavit
925 1094 979 1125 (le-

245 1158 346 1191 super
370 1148 409 1180 ab
441 1147 552 1180 eadem
588 1146 846 1190 Congregatione
878 1147 980 1179 cardi-

224 1201 367 1252 3nalium
393 1201 562 1234 decretum
588 1200 707 1233 tenoris
733 1200 786 1243 qui
813 1200 979 1243 sequitur,

246 1253 412 1287 videlicet:
443 1266 456 1284 α
478 1253 511 1286 In
529 1255 624 1286 causa
649 1254 793 1286 Peruana
818 1253 979 1287 alternati-

245 1316 312 1346 vae,
330 1310 473 1339 vertente
490 1306 574 1338 inter
593 1305 719 1348 patres¹
734 1306 855 1338 nativos
872 1306 980 1348 Hispa·

244 1370 304 1392 nos
323 1358 489 1402 professos
506 1358 743 1401 provinciarum
759 1358 806 1391 Ss.
828 1358 879 1394 xil
897 1358 980 1401 Apo-

244 1412 402 1445 stolorum
435 1410 542 1444 Limae
575 1415 607 1443 et
639 1410 670 1444 S.
704 1410 834 1443 Antonii
871 1410 980 1443 Carca-

229 1463 308 1497 'rar.
326 1463 453 1497 Ordinis
470 1464 629 1497 Minorum'
645 1463 892 1497 observantium
910 1474 981 1496 san-

245 1517 286 1550 cti
318 1516 479 1550 Francisci
514 1516 547 1549 in
582 1515 680 1549 Indiis
720 1516 980 1549 Occidentalibus

245 1580 282 1603 ex
318 1571 381 1602 una
411 1574 442 1602 et
473 1574 579 1612 patres
609 1568 744 1602 Criollos
779 1575 982 1612 nuncupatos

244 1622 412 1666 professos
437 1621 624 1655 earumdem
649 1622 827 1664 respective
853 1622 983 1665 provin-

246 1674 368 1707 ciarum
390 1674 537 1717 partibus
562 1684 599 1707 ex
625 1675 745 1714 altera,
768 1674 807 1707 de
832 1679 863 1707 et
886 1685 983 1717 super

246 1726 409 1760 validitate
433 1732 466 1759 et
482 1727 660 1769 respective
679 1726 922 1759 confirmatione
948 1738 984 1760 ac
1002 1741 1004 1748 ‚

247 1780 438 1815 executione
471 1779 595 1813 decreti
627 1779 813 1823 praedictae
846 1750 1004 1822 alterna-¹,

247 1832 329 1866 tivae
354 1832 493 1866 emanati
517 1832 550 1865 in
571 1832 713 1876 capitulo
735 1833 879 1875 generali
908 1833 981 1866 anni
1003 1831 1004 1849 ³

247 1895 395 1926 unctxlv,
420 1890 452 1918 et
474 1895 533 1928 per
557 1884 641 1918 hanc
659 1895 782 1917 sacram
803 1884 984 1928 Congrega-

249 1937 370 1970 tionem
385 1942 417 1970 et
441 1937 541 1970 Breve
560 1943 688 1970 sanctae
715 1938 887 1970 memoriae
913 1938 983 1971 Ale-

247 1989 360 2023 xandri
377 1989 426 2022 Vll
443 2000 479 2022 ac
501 2000 559 2033 per
581 1989 784 2033 subsequens
809 1990 983 2034 capitulum
1002 2007 1004 2011 f

249 2043 399 2085 generale
423 2042 500 2075 anni
520 2052 644 2076 uncnxx
661 2042 853 2083 confirmati,
875 2043 983 2076 rebus-

248 2105 311 2139 que
336 2095 418 2135 aliis,
445 2100 520 2128 etc.:
547 2105 637 2128 sacra
668 2095 879 2138 Congregatio
905 2097 984 2129 emi-

248 2147 513 2181 nentissimorum
538 2147 567 2181 S.
582 2147 618 2180 R.
636 2147 667 2180 E.
694 2149 905 2182 cardinalium
930 2160 983 2182 ne-

249 2200 345 2242 gotiis
381 2206 413 2233 et
436 2200 730 2234 consultationibus
756 2201 983 2245 episcoporum

249 2258 281 2286 et
303 2252 502 2296 regularium
519 2253 722 2297 praeposita,
742 2254 887 2297 partibus
910 2256 985 2288 hinc

249 2304 325 2338 inde
338 2304 372 2338 in
388 2305 472 2338 binis
489 2315 602 2338 causae
619 2306 896 2349 propositionibus
910 2309 982 2351 plu-

248 2357 313 2392 ries
325 2357 586 2397 informantibus,
605 2368 703 2401 reque
721 2365 844 2393 mature
865 2360 985 2394 discus-

249 2412 302 2450 sa,
326 2410 487 2444 referente
523 2410 779 2445 eminentissimo
811 2412 983 2454 Columna,

251 2462 423 2496 declaravit
445 2468 538 2506 atque
564 2463 724 2504 decrevit,
742 2465 918 2507 praefatam
943 2467 985 2499 al-

251 2515 437 2548 ternativam
477 2526 545 2549 esse
583 2516 848 2558 confirmandam,
889 2524 986 2562 prout

287 2575 297 2602 ¹
319 2574 390 2603 Edit.
407 2575 486 2604 Μαίη.
503 2577 568 2612 legit
582 2580 682 2612 parces
698 2586 744 2613 pro
762 2581 861 2614 patres
879 2582 918 2614 (R.
935 2581 975 2616 τ.)

318 2630 398 2659 Butz.
420 2631 502 2660 nom.
524 2648 555 2653 —
579 2633 638 2661 Vol.
659 2633 733 2660 XIX.
776 2656 787 2667 Ι
879 2634 913 2661 64

845 205 1053 231 INNOCENTIUS
1077 207 1106 230 xl
1133 207 1161 229 1³¹

1022 253 1200 296 praesentis
1232 253 1350 286 decreti
1387 263 1498 285 tenore
1535 250 1755 288 confirmavit,

1022 315 1133 338 omnes
1148 311 1179 338 et
1198 305 1342 348 singulos
1361 304 1437 337 iuris
1454 309 1486 337 et
1504 304 1576 337 facti
1594 303 1755 342 defectus,

1022 359 1047 391 si
1072 358 1125 401 qui
1144 358 1391 397 intervenerint,
1406 357 1560 390 sanando.
1581 355 1756 389 Contrariis

1021 410 1272 454 quibuscumque
1296 410 1428 442 minime
1452 408 1671 447 obstantibus,
1692 412 1753 439 etc.

1022 463 1161 503 Romae,
1189 474 1217 496 ix
1242 463 1309 496 iulii
1335 472 1529 497 unctxxxiu.
1765 456 1767 458 ¹

1175 515 1210 549 G.
1237 516 1411 549 cardinalis
1436 515 1622 549 Cinciivnus.
1725 553 1729 556 ⁴

1176 570 1210 602 B.
1237 569 1448 602 PANC1Ar1cus
1471 569 1662 602 secretarius
1678 580 1709 601 ».

1651 193 1713 226 505
1759 211 1806 228 nn.
1826 202 1853 228 υ.
1881 201 1946 228 us3

1064 622 1080 665 ἓ
1104 623 1135 655 2.
1163 622 1240 655 Cum
1266 626 1383 661 autem,
1408 622 1490 655 sicut
1521 622 1633 655 eadem
1659 632 1756 663 expo·
1792 631 1949 651 Pariusue-xn-

1765 656 1834 677 finiuit
1849 660 1869 677 ul
1886 664 1905 678 ui
1917 664 1949 678 iu-

1022 675 1095 707 sitio
1120 675 1347 717 subiungebat,
1372 675 1534 717 praefatus
1556 674 1667 707 Petrus
1694 673 1754 705 Ma-
1766 683 1832 704 brici.

1022 727 1109 759 rinus
1133 727 1281 760 minister
1305 727 1466 769 generalis
1496 727 1662 760 decretum
1696 727 1756 758 hu-

1021 780 1172 819 iusmodi,
1192 791 1254 822 quo
1271 779 1452 822 promptius
1472 776 1657 811 executioni
1671 789 1755 810 man-

1022 833 1122 871 detur,
1158 838 1257 875 atque
1294 832 1336 864 ita
1376 832 1484 864 multis
1525 831 1754 869 incommodis,

1021 884 1300 928 inquietudinibus
1310 889 1342 916 et
1359 883 1623 922 relaxationibus,
1639 883 1756 925 quihus

1022 939 1103 971 duae
1128 937 1313 980 provinciae
1349 936 1547 980 praedictae,
1584 935 1756 968 occasione

1021 990 1163 1024 diutinae
1188 989 1403 1023 ventilationis
1428 1000 1540 1022 causae
1559 984 1755 1027 huiusmodi,

1022 1054 1104 1087 quae
1129 1043 1236 1076 multis
1262 1043 1354 1075 anuis
1381 1047 1442 1075 tam
1467 1042 1499 1074 in
1525 1041 1675 1083 capitulis
1701 1051 1756 1082 ge-

1022 1096 1185 1129 neralibus
1209 1095 1337 1128 Ordinis
1363 1095 1507 1138 praefati,
1534 1104 1629 1137 quam
1650 1093 1680 1125 in
1700 1093 1756 1125 Ro·

1022 1150 1115 1181 mana
1146 1148 1241 1181 Curia
1275 1148 1393 1190 agitata
1418 1147 1498 1186 fuit,
1533 1145 1757 1188 multipliciter

1022 1206 1195 1242 vexantur,
1214 1200 1285 1233 finis
1311 1201 1438 1233 tandem
1465 1200 1663 1241 imponatur,
1681 1208 1758 1240 apo-

1021 1254 1154 1287 stolicae
1168 1252 1422 1287 confirmationis
1434 1257 1561 1285 nostrae
1578 1251 1757 1294 patrocinio

1023 1306 1213 1340 communiri
1246 1305 1419 1349 plurimum
1455 1304 1633 1337 desideret:
1674 1313 1756 1341 nos,

1021 1359 1122 1402 ipsius
1148 1359 1231 1391 Petri
1267 1358 1377 1390 Marini
1417 1356 1554 1390 ministri
1596 1355 1756 1398 generalis

1024 1412 1103 1445 votis
1129 1411 1236 1444 liacin
1263 1422 1309 1450 re,
1333 1415 1486 1453 quantum
1518 1419 1590 1441 cum
1623 1407 1757 1440 Domino

1022 1474 1203 1508 possumus,
1219 1462 1437 1495 favorabiliter
1450 1460 1593 1493 annuei'e
1605 1461 1758 1499 volentes,

1023 1527 1161 1560 eumque
1182 1527 1199 1548 a
1217 1515 1382 1558 quibusvis
1403 1512 1759 1551 excommunicationis,

1023 1569 1247 1613 suspensionis
1279 1574 1311 1600 et
1335 1567 1509 1606 interdicti,
1538 1566 1674 1609 aliisque
1708 1576 1759 1597 ec-

1023 1621 1211 1656 clesiasticis
1228 1620 1405 1659 sententiis,
1423 1619 1567 1652 censuris
1585 1624 1615 1651 et
1631 1618 1757 1661 poenis,

1024 1686 1041 1708 a
1062 1675 1130 1707 iure
1156 1675 1204 1707 vel
1229 1674 1268 1706 ab
1295 1673 1436 1713 homine,
1462 1671 1571 1715 quavis
1588 1671 1758 1704 occasione

1024 1729 1072 1760 vel
1094 1729 1191 1760 causa
1215 1726 1298 1766 latiS,
1323 1726 1346 1758 si
1374 1725 1489 1768 quibus
1515 1723 1761 1767 quomodolibet

1025 1780 1197 1813 innodatus
1224 1779 1340 1818 existit,
1365 1779 1403 1810 ad
1429 1777 1576 1810 effectum
1607 1776 1761 1819 praemis-

1025 1843 1135 1866 sorum
1160 1832 1324 1865 dumtaxat
1348 1830 1622 1873 consequendum,
1647 1829 1761 1861 harum

1025 1887 1109 1919 serie
1126 1885 1334 1919 absolventes
1355 1890 1387 1917 et
1404 1884 1586 1916 absolutum
1605 1882 1673 1914 fore
1691 1891 1762 1913 cen-

1024 1946 1139 1979 sentes,
1161 1938 1454 1982 supplicationibus
1471 1936 1538 1969 eius
1557 1935 1686 1968 nomine
1706 1944 1762 1966 no-

1024 1993 1072 2025 bis
1097 2002 1193 2035 super
1218 1992 1280 2024 hoc
1299 1990 1466 2023 humiliter
1490 1988 1647 2032 porrectis
1672 1986 1762 2019 incli-

1025 2045 1103 2084 nati,
1123 2045 1288 2078 decretum
1308 2043 1554 2086 praeinsertum,
1573 2040 1761 2073 auctoritate

1024 2097 1208 2140 apostolica,
1244 2102 1355 2129 tenore
1386 2093 1619 2138 praesentium,
1645 2091 1762 2124 contir-

1025 2160 1147 2183 mamus
1168 2155 1199 2182 et
1223 2148 1459 2192 approbamus,
1486 2146 1597 2189 illique
1629 2145 1762 2178 inviola-

1025 2203 1098 2236 bilis
1124 2202 1320 2246 apostolicae
1346 2200 1502 2233 firmitatis
1525 2199 1623 2232 robur
1651 2198 1761 2231 adiici-

1026 2267 1112 2297 mus,
1131 2256 1217 2289 salva
1242 2259 1348 2287 tamen
1373 2263 1500 2297 semper
1524 2252 1556 2284 in
1573 2250 1762 2295 praemissis

1026 2307 1217 2341 auctoritate
1257 2311 1453 2339 memoratae
1492 2302 1762 2346 Congregationis

1026 2360 1251 2394 cardinalium.

1070 2413 1084 2456 ᾗ
1107 2413 1139 2447 3.
1166 2412 1385 2445 Decernentes
1417 2411 1548 2444 easdem
1573 2413 1763 2453 praesentes

1028 2466 1150 2500 litteras
1174 2475 1302 2508 semper
1327 2464 1444 2503 firmas,
1470 2463 1592 2496 validas
1609 2467 1640 2495 et
1657 2461 1762 2494 effica-

1026 2529 1079 2552 ces
1104 2518 1243 2551 existere
1268 2522 1300 2551 et
1323 2518 1403 2558 sore,
1432 2526 1572 2560 suosque
1598 2514 1762 2559 plenarios

1027 2578 1059 2606 et
1083 2571 1226 2614 integros
1257 2571 1387 2605 effectus
1412 2570 1520 2604 sortiri
1546 2574 1578 2603 et
1599 2567 1761 2606 obtinere,

1801 2407 1920 2429 ctauzulaoi
