2111 3157
44 172 93 202 An.
107 169 136 198 c.
158 168 225 198 ¹683

229 226 291 250 nec
321 217 435 250 domus
465 227 542 250 suae
567 217 781 260 professionis
805 217 845 250 ad
868 217 960 250 resti-

230 270 388 303 tutionem
421 275 637 304 mutuatarum
671 270 880 313 pecuniarum
914 273 960 303 te·

228 327 354 355 nentur.

270 385 378 409 xxvm.
406 376 579 419 Apostatae
596 381 701 409 autem
720 375 895 415 criminosi,
912 374 958 406 iu-

227 434 278 461 xta
302 429 447 472 regulam
466 429 569 463 sancti
594 428 772 469 Benedicti,
797 434 872 471 post
896 433 958 460 ter-

227 481 302 514 tiam
319 482 513 524 apostasiam
531 493 595 515 non
611 487 685 515 sunt
701 482 837 525 amplius
853 481 958 523 requi-

224 534 335 573 rendi,
353 535 410 568 sed
427 545 487 568 nec
503 535 534 568 in
552 535 671 568 Ordine
696 534 875 578 recipiendi
894 534 953 575 (a).

266 597 347 621 xxtx.
372 588 509 630 Fugitivi
533 589 573 621 ad
597 588 735 631 aliquam
756 587 885 619 domum
903 585 956 618 Or-

223 639 307 671 dinis
331 644 448 683 sponte
465 640 644 679 venientes,
661 639 687 672 si
708 638 872 671 criminosi
890 648 955 670 non

222 691 355 732 fuerint,
381 692 465 725 idest
488 692 514 725 si
539 703 600 724 nec
623 692 795 725 commisso
819 691 954 724 crimine

220 742 374 785 fugerint,
402 754 461 777 nec
486 744 641 786 fugiendo
665 743 902 781 commiserint,
928 743 953 774 si

219 794 303 828 infra
326 797 469 839 quinque
494 796 563 829 dies
586 796 753 835 redierint,
777 796 881 839 primo
906 805 954 827 re-

218 848 458 893 concilientur,
493 849 611 881 deinde
646 849 786 881 clament
826 849 951 890 culpam

217 909 305 932 suam
330 906 502 943 praesente
518 906 676 933 conventu
697 900 951 933 misericordiam

216 953 417 995 postulantes
438 959 470 985 et
490 953 750 986 emendationem
764 953 951 996 promitten-

217 1010 275 1044 tes,
300 1010 331 1038 et
356 1010 466 1048 postea
484 1006 669 1048 quindecim
694 1006 725 1037 in
743 1005 883 1048 capitulo
902 1016 950 1038 re-

214 1057 336 1100 cipiant
353 1057 551 1100 disciplinas,
569 1063 601 1090 et
617 1058 730 1091 diebus
745 1058 878 1090 totidem
898 1067 949 1090 eo-

214 1110 345 1143 medant
377 1110 416 1143 ad
443 1115 559 1143 terrani
592 1111 624 1142 in
656 1110 828 1143 refectorio
851 1121 949 1154 super

214 1172 356 1195 asserem
387 1162 528 1202 nudum,
554 1162 615 1194 nisi
644 1173 680 1196 ex
717 1163 824 1206 aliqua
855 1165 949 1195 eausa

213 1215 399 1248 rationabili
431 1215 520 1258 prior
556 1215 640 1248 hanc
674 1226 813 1259 poenam
838 1216 948 1249 mode-

212 1268 346 1302 randam
370 1269 546 1302 censuerit.

256 1331 327 1354 xxx.
354 1319 413 1360 Qui
438 1331 512 1355 vero
537 1322 620 1355 ultra
645 1321 789 1364 quinque
814 1321 882 1355 dies
900 1331 948 1354 re-

213 1374 283 1407 dire
308 1374 503 1414 distulerint,
526 1375 564 1407 dc
583 1380 703 1414 cetero,
730 1375 946 1417 quandocum-

211 1437 275 1470 que
300 1427 470 1467 redierint,
495 1438 559 1460 non
585 1427 795 1470 recipiantur,
823 1427 882 1459 nisi
908 1427 945 1460 ad

211 1480 251 1512 ad
275 1490 434 1520 carceres,
461 1491 478 1512 a
503 1480 618 1524 quibus
645 1486 762 1520 tamen,
788 1480 814 1512 si
839 1480 947 1513 crimi-

211 1533 281 1566 nosi
307 1543 373 1566 non
399 1533 537 1573 fuerint,
561 1543 620 1566 nec
644 1534 787 1566 secundo
812 1533 875 1566 iam
900 1534 946 1565 fu-

212 1587 331 1629 gerint,
356 1586 483 1630 priores
507 1596 630 1625 eorum,
651 1587 689 1620 dc
709 1587 846 1619 consilio
871 1597 946 1620 con-

211 1645 348 1680 ventus,
374 1645 528 1682 poterunt
552 1640 626 1672 illos
651 1639 790 1672 educere
815 1640 944 1682 quando

211 1691 374 1724 videbitur
398 1691 573 1734 expedire,
600 1691 704 1724 educti
734 1701 810 1724 vcro
834 1691 944 1734 viginti

211 1746 244 1778 in
269 1745 411 1788 capitulo
424 1745 583 1787 recipiant
606 1744 804 1787 disciplinas,
833 1750 864 1777 et
886 1756 945 1787 per

210 1797 322 1840 viginti
348 1797 418 1830 dies
443 1797 616 1829 comedant
631 1797 671 1829 ad
689 1802 816 1835 terram,
836 1802 868 1829 et
888 1807 945 1839 per

211 1861 332 1884 annum
356 1851 542 1892 generalem
577 1849 705 1882 Ordinis
737 1849 943 1893 disciplinam

211 1903 402 1942 sustineant,
427 1902 489 1934 nisi
515 1912 552 1934 ex
573 1902 679 1944 aliqua
699 1904 793 1934 causa
810 1902 945 1937 rationa-

211 1956 269 1990 bili
294 1956 386 1999 prior
421 1955 479 1987 has
502 1964 622 1997 poenas
657 1955 871 1990 moderandas
901 1956 945 1986 iu-

212 2008 378 2041 dicaverit.

254 2070 336 2095 xxxi.
362 2059 430 2100 Qui,
448 2070 519 2092 cum
536 2061 636 2092 semel
656 2060 858 2093 reconciliati
876 2061 944 2093 fue-

212 2113 289 2152 rint,
316 2113 475 2151 amittant,
501 2119 655 2155 quantum
680 2113 719 2144 ad
744 2113 866 2151 locum,
890 2123 945 2146 an-

212 2177 272 2200 nos
291 2176 372 2209 quos
391 2170 480 2198 extra
495 2164 645 2197 Ordinem
664 2170 810 2197 nostrum
827 2175 945 2208 expen-

213 2220 351 2258 derunt,
388 2218 500 2260 illique
531 2223 652 2250 tantum
683 2217 778 2257 anni,
808 2228 888 2260 quos
912 2219 945 2250 in

213 2271 332 2305 Ordine
357 2271 516 2309 fecerant,
540 2269 719 2302 reddentur
750 2269 807 2302 eis.
835 2270 866 2302 Si
891 2281 946 2303 au-

215 2330 279 2358 tem
315 2324 364 2356 bis
400 2321 596 2356 reconciliati
632 2321 772 2361 fuerint,
801 2318 968 2356 omnium*

214 2387 295 2421 quos
319 2376 510 2414 invenerint,
536 2385 667 2417 semper
689 2375 793 2407 ultimi
818 2381 923 2408 erunt.

257 2439 354 2463 xxxn.
370 2428 508 2471 Fugitivi
523 2433 628 2460 autem
640 2427 816 2466 criminosi,
828 2428 881 2471 qui
898 2430 946 2461 vel

811 169 1021 194 iNNOCENTtrS
1045 171 1073 194 Xl
1100 171 1136 194 ΓΡ

1631 161 1688 196 88¹
1740 173 1787 199 Λη.
1804 171 1832 199 c.
1857 172 1922 200 ress

1001 217 1134 251 crimine
1159 218 1332 252 commisso
1358 219 1509 261 fugerint,
1534 220 1583 252 vel
1609 221 1641 252 in
1659 221 1730 262 fuga

1000 269 1120 302 crimen
1143 270 1370 310 commiserint,
1397 271 1664 314 quandocumque
1682 282 1732 304 re-

1000 321 1128 362 dierint,
1154 333 1316 366 nunquam
1341 323 1401 356 nisi
1427 324 1459 356 in
1484 334 1632 357 carceres
1650 324 1731 356 rcci-

999 373 1136 416 piantur,
1158 386 1175 407 a
1200 375 1316 418 quibus
1339 386 1404 409 non
1429 381 1562 419 possunt
1586 376 1647 409 nisi
1671 386 1731 419 per

999 427 1175 469 capitulum
1200 430 1352 470 generale
1373 435 1426 461 aut
1442 430 1658 462 reverendum
1676 441 1731 473 pa-

999 484 1079 512 trem
1105 481 1209 513 educi.
1236 481 1346 514 Edueti
1372 492 1459 522 vero,
1481 483 1729 516 criminosorum

998 542 1147 574 poenam,
1173 534 1211 566 de
1237 545 1301 577 qua
1325 535 1444 567 dictum
1462 541 1517 575 est,
1538 536 1727 569 sustineant,

1040 595 1148 618 xxxui.
1175 586 1320 628 Fugitivi,
1346 587 1421 620 dum
1448 598 1464 619 e
1489 598 1618 621 carcere
1644 590 1721 621 edu-

996 644 1119 677 cuntur,
1139 639 1262 671 etiamsi
1279 640 1444 672 criminosi
1459 650 1522 673 non
1543 640 1617 680 sint,
1638 643 1727 674 nullo

997 691 1094 723 modo
1119 692 1247 734 possint
1272 692 1303 724 in
1329 693 1452 725 eisdem
1477 694 1627 727 domibus
1651 694 1729 727 obe-

996 744 1148 775 dientiam
1175 744 1296 777 habere
1322 744 1392 777 sine
1421 744 1571 787 expressa
1596 746 1728 779 lieentia

995 796 1126 838 capituli
1163 796 1211 828 vel
1243 797 1413 829 reverendi
1450 799 1563 839 patris.
1590 798 1725 831 Possunt

994 853 1100 880 tamen
1126 848 1263 890 priores,
1287 855 1352 887 aut,
1379 848 1424 880 eis
1448 849 1645 889 absentibus,
1672 860 1726 883 eo-

994 910 1062 932 rum
1088 901 1208 939 vicarii,
1226 901 1251 933 si
1272 902 1394 941 volunt,
1415 912 1470 933 eos
1495 902 1647 942 retinere,
1673 908 1727 935 aut

994 953 1160 985 remittere
1186 954 1224 985 ad
1250 954 1363 985 domos
1387 964 1518 985 suarum
1550 954 1725 996 professio-

993 1016 1068 1037 num
1094 1006 1277 1038 earumdem
1299 1006 1466 1038 domorum
1485 1007 1666 1049 sumptibus
1695 1014 1725 1041 et

992 1058 1151 1100 expensis.

1034 1121 1135 1143 xxxiv.
1161 1110 1308 1153 Fugitivi,
1327 1112 1365 1144 ad
1388 1112 1516 1144 domum
1534 1111 1723 1146 Carthasiae

990 1168 1105 1205 sponte
1137 1162 1320 1202 venientes,
1354 1164 1475 1206 pariter
1507 1174 1566 1196 nee
1601 1165 1724 1200 ibidem

991 1214 1188 1258 recipiantur
1211 1215 1271 1248 nisi
1297 1217 1336 1249 ad
1366 1227 1522 1256 carceres,
1548 1223 1579 1249 et
1603 1218 1722 1251 nihilo-

990 1269 1096 1301 minus
1121 1269 1328 1301 remittantur
1359 1270 1398 1302 ad
1432 1270 1561 1302 domum
1594 1271 1632 1303 de
1659 1283 1722 1314 qua

990 1321 1138 1363 fugerint,
1157 1323 1206 1354 vel
1227 1322 1265 1354 ad
1290 1321 1397 1361 aliam,
1417 1322 1500 1355 iuxta
1519 1323 1649 1356 moduni
1667 1324 1722 1356 de-

989 1374 1054 1406 licti
1080 1375 1250 1417 puniendi.

1031 1438 1120 1460 xxxv.
1149 1429 1322 1470 Apostatae
1347 1434 1421 1461 ante
1447 1429 1555 1461 omnia
1576 1430 1614 1461 ad
1639 1440 1723 1462 reas-

989 1481 1182 1513 sumendum
1208 1480 1352 1513 habitum
1377 1480 1505 1514 Ordinis
1525 1483 1723 1525 compellanv

989 1539 1046 1571 tur,
1067 1539 1098 1565 et
1118 1533 1233 1565 deinde
1258 1533 1379 1576 pariter
1404 1534 1668 1575 reconcilientur,
1691 1541 1723 1567 et

987 1586 1025 1617 ab
1052 1586 1224 1628 apostasia,
1251 1596 1377 1619 necnon
1404 1586 1442 1618 ab
1469 1588 1722 1620 excommunica·

989 1638 1083 1670 tionis
1102 1639 1271 1677 sententia,
1293 1649 1386 1681 quani
1405 1650 1440 1671 ex
1459 1639 1648 1672 dimissione
1667 1641 1722 1672 ha-

988 1691 1070 1723 bitus
1084 1691 1261 1730 incurrunt,
1280 1692 1435 1723 adhibitis
1455 1692 1601 1732 testibus,
1616 1693 1723 1725 absol-

988 1748 1110 1783 vantur,
1122 1744 1207 1775 iuxta
1220 1743 1353 1776 formam
1367 1743 1398 1775 in
1413 1744 1515 1786 prima
1529 1750 1619 1787 parte
1634 1755 1722 1787 prae-

987 1796 1148 1838 scriptam,
1168 1801 1199 1828 et
1223 1801 1258 1827 ut
1279 1807 1375 1839 supra
1402 1797 1659 1829 inc-arcerentur.
1686 1798 1723 1831 Et

987 1848 1012 1879 si
1046 1847 1168 1880 crimen
1204 1849 1335 1890 aliquod
1371 1849 1410 1881 de
1446 1850 1618 1882 reservatis
1648 1850 1721 1883 Sedi

987 1900 1189 1943 Apostolicae
1214 1901 1445 1941 commiserint,
1463 1907 1517 1934 aut
1541 1908 1648 1935 notam
1673 1904 1719 1935 ir-

985 1953 1203 1996 regularitatis
1221 1965 1257 1986 ex
1280 1955 1343 1986 hoe
1365 1955 1594 1995 contraxerint,
1612 1956 1651 1989 ab
1670 1957 1723 1989 ali-

986 2018 1048 2050 quo
1082 2017 1119 2039 ex
1158 2007 1321 2049 prioribus
1353 2007 1392 2039 ad
1425 2007 1655 2041 absolvendum
1690 2015 1722 2042 et

985 2059 1236 2101 dispensandum
1261 2060 1292 2091 in
1324 2060 1450 2092 casibus
1475 2061 1644 2093 reservatis
1669 2062 1723 2094 de-

985 2112 1102 2155 putatis
1127 2112 1365 2145 ahsolutionem
1391 2117 1422 2145 et
1446 2113 1723 2155 dispensationem

985 2164 1186 2203 obtinebunt,
1212 2166 1261 2197 vel
1286 2164 1378 2207 prior
1401 2165 1553 2208 proprius
1573 2166 1612 2198 ad
1633 2176 1723 2199 reve-

986 2218 1120 2250 rendum
1145 2222 1271 2260 patrem
1297 2221 1453 2250 recurret.
1482 2218 1529 2250 Ab
1555 2218 1626 2251 aliis
1646 2230 1721 2252 vero

987 2282 1049 2304 non
1076 2271 1248 2303 reservatis
1265 2271 1338 2303 Sedi
1360 2271 1556 2313 praedictae,
1574 2277 1606 2304 et
1626 2272 1722 2306 etiam

987 2325 1026 2357 ab
1051 2323 1221 2366 apostasia,
1248 2327 1402 2365 poterunt
1426 2323 1650 2366 praesidentes
1670 2325 1723 2357 do-

988 2386 1122 2415 morum,
1141 2375 1173 2407 in
1192 2376 1308 2418 quibus
1326 2375 1520 2415 detinetur',
1543 2376 1650 2409 audita
1668 2388 1722 2409 eo·

988 2440 1057 2461 rum
1082 2428 1299 2467 confessione,
1328 2438 1382 2461 eos
1413 2428 1589 2468 absolvere,
1617 2432 1647 2462 et
1675 2430 1721 2463 eis

248 2500 279 2532 a>
297 2499 377 2527 Extat
396 2498 535 2525 decretum
554 2497 596 2525 ss.
618 2497 648 2524 o.
663 2498 697 2524 N.
714 2496 812 2524 Urbani
829 2497 877 2524 ΡΡ.
895 2498 947 2525 edi·
988 2481 1221 2525 poenitentiam
1246 2481 1414 2523 iniungere
1441 2483 1627 2515 salutarem.

215 2548 283 2579 tum,
304 2543 336 2571 de
355 2551 409 2579 quo
428 2550 509 2577 supra
527 2550 603 2568 num.
624 2550 667 2569 xx.

321 2597 399 2625 Ball.
422 2597 504 2624 Rom.
525 2610 558 2616 —-
582 2596 640 2625 Vol.
662 2596 736 2624 XIX.
883 2598 929 2624 111

1025 2544 1035 2570 1
1057 2542 1150 2570 Potius
1169 2542 1227 2577 lege
1247 2542 1413 2570 detinentur
1432 2543 1472 2577 (a.
1489 2543 1539 2585 r).v
