2111 3157
217 227 266 254 An.
285 226 312 254 c.
333 226 403 254 1680
448 218 513 252 3⁶28

410 277 501 316 posita
524 276 664 306 relatione
686 275 907 315 superiorihus¹
930 279 1033 312 excat,
1062 276 1148 306 sicuti

992 228 1170 252 Bt‘Ll..tnlt'1ti
1196 228 1345 253 ROMANUM

1191 276 1437 315 immunitatibus,
1460 276 1535 307 sicut
1549 278 1639 308 ceteri
1654 279 1800 318 monachi,
1823 279 1931 318 plenis-

410 325 498 355 ctiam
520 334 535 354 a
557 325 694 364 capitulo,
718 324 832 363 quando
854 323 889 354 de
910 324 1020 354 novitio
1044 328 1149 354 tracta·
1190 324 1263 354 sime
1284 325 1423 363 gaudent,
1446 325 1538 355 donec
1565 326 1596 355 in
1626 326 1853 365 Congregatione
1875 326 1929 357 sub

409 373 504 409 bitur;
527 382 698 403 reversurus
720 373 755 403 ad
777 376 840 402 vota
863 377 992 412 secreta,
1015 377 1047 403 ut
1068 377 1148 403 utro-

409 422 498 462 bique
519 421 688 460 suffragium
710 431 795 451 suum
817 422 899 452 serat.

450 481 511 501 xm.
534 472 585 509 Et,
608 475 640 501 ut
661 471 773 509 novitii,
792 480 843 510 per
857 471 1017 501 solemnem
1040 471 1148 511 profes-

410 520 522 550 sionem
544 519 643 549 divino
665 519 850 559 mancipandi
872 520 1022 559 obsequio,
1045 520 1075 549 in
1101 520 1147 549 his

411 577 485 608 quae
507 568 542 598 ad
564 577 646 598 suam
668 567 851 598 vocationem
877 569 1025 607 pertinent
1047 569 1147 599 sedulo

410 617 605 655 instruantur,
629 616 761 646 districte
784 616 963 655 ordinamus,
980 621 1011 646 ut
1026 617 1147 647 durante

411 675 510 696 eorum
527 666 706 705 probationis
721 675 808 704 anno,
821 666 923 695 saltem
936 675 988 705 per
1003 675 1052 696 sex
1068 675 1149 695 men-

411 724 456 745 ses
478 714 645 745 immediate
658 719 721 754 post
742 718 908 754 susceptum
930 714 1073 752 habitum,
1090 715 1149 754 spi-

410 763 566 793 ritualibus
588 767 699 794 tantum
723 763 869 793 exercitiis
891 764 1014 803 aliisque
1035 764 1149 802 regula-

411 812 492 842 ribus
515 812 689 851 disciplinis,
707 812 829 842 canticis
844 813 1024 850 monasticis,
1042 816 1069 842 et
1085 822 1149 842 cae-

411 861 551 891 remoniis
573 861 766 898 addiscendis,
786 870 818 891 ac.
834 862 920 891 etiam
938 861 1043 891 vilibus
1058 862 1149 891 servi-

411 910 471 948 tiis,
498 909 604 949 quibus
627 909 776 939 humilitas
803 909 1024 949 comprobatur,
1049 910 1084 939 ab
1107 911 1149 950 ip-

411 968 510 989 sorum
532 958 678 997 magistris
700 958 815 988 assidue
837 962 1039 988 exerceantur.

405 1023 412 1028 .
453 1006 494 1046 (f)
517 1016 575 1036 xtv.
600 1007 695 1036 Faciat
713 1007 881 1045 petitionem.
906 1007 1009 1036 Forma
1039 1006 1149 1045 profes-

411 1055 502 1085 sionis
514 1064 564 1085 seu
578 1054 725 1094 petitionis
739 1054 889 1090 erithace,
913 1055 1064 1085 videlicet:
1092 1065 1103 1083 t<
1118 1055 1148 1084 ln

412 1104 529 1133 nomine
551 1103 665 1133 Domini
693 1103 787 1132 nostri
815 1102 880 1132 Iesu
903 1102 1019 1133 Christi.
1043 1103 1147 1133 Amen.

412 1151 496 1182 Anno
529 1161 544 1181 a
576 1151 728 1180 natiritate
757 1150 887 1181 eiusdem
916 1160 1012 1181 aine...
1045 1151 1091 1181 die
1113 1151 1146 1181 N.

412 1199 520 1230 mensis
533 1199 566 1229 N.
581 1209 633 1238 ego
655 1199 688 1229 D.
700 1199 734 1229 N.
749 1199 783 1229 de
795 1199 829 1229 N.
854 1200 992 1239 promitto
1011 1199 1150 1229 stabilita-

412 1252 470 1278 tem
492 1257 585 1277 meam
601 1251 629 1277 et
650 1248 868 1278 conversionem
887 1257 1001 1277 morum
1019 1257 1149 1277 meorum

413 1300 441 1326 et
462 1295 657 1326 obedientiam
690 1296 851 1326 secundum
883 1297 1014 1334 regulam
1043 1296 1072 1326 S.
1099 1296 1151 1326 Ite-

411 1344 521 1374 nedicti
556 1353 653 1373 coram
689 1344 746 1374 Deo
781 1348 809 1374 et
841 1344 977 1374 omnibus
1015 1344 1127 1374 Sanctis
1142 1368 1149 1382 ,

412 1402 536 1433 quorum
555 1393 697 1432 reliquiae
721 1392 865 1422 habentur
887 1393 917 1423 in
939 1393 993 1423 hoc
1009 1397 1152 1424 monaste-

412 1442 456 1472 rio
472 1442 500 1472 S.
518 1442 552 1471 N.
570 1441 604 1471 de
620 1442 667 1478 N„
683 1442 713 1471 in
732 1441 894 1480 praesentia
914 1441 1151 1471 reverendissimi

412 1490 445 1520 P.
470 1490 501 1519 D.
525 1489 559 1519 N.
590 1500 605 1519 a
636 1489 670 1519 N.
695 1489 825 1519 eiusdem
848 1490 1017 1519 monasterii
1040 1489 1152 1519 abbatis

413 1539 468 1577 (rel
489 1538 608 1578 prioris)
639 1542 667 1568 et
698 1539 905 1568 monachorum
935 1538 1064 1568 eiusdem
1091 1547 1152 1568 mo-

413 1587 535 1618 nasterii
563 1587 616 1617 sub
648 1587 875 1625 Congregatione
905 1586 1086 1623 Cassinensi3
1118 1587 1152 1616 ad

414 1635 497 1665 cuius
514 1635 556 1665 rei
579 1635 676 1673 fidem,
694 1635 769 1664 hanc
784 1635 956 1674 petitionem
978 1644 1066 1665 manu
1089 1644 1154 1674 pro-

415 1684 478 1723 pria
499 1684 604 1723 scripsi
629 1683 676 1713 die
698 1693 755 1723 qua
778 1693 864 1722 supra
888 1694 916 1713 )).
944 1684 977 1713 Et
1003 1693 1055 1723 pro
1087 1684 1154 1713 sub-

415 1732 574 1772 scriptione
596 1741 712 1762 crucem
735 1732 845 1762 calamo
869 1736 970 1762 exarat
991 1733 1020 1762 in
1043 1733 1153 1762 cartula

415 1780 564 1820 petitionis
586 1789 674 1819 super
695 1780 796 1810 altare.

455 1837 503 1858 xv.
527 1828 646 1865 Deinde,
665 1832 729 1868 post
745 1829 904 1868 orationes,
923 1829 1047 1859 vestium
1069 1829 1155 1860 bene—

415 1877 573 1907 dictionem
596 1886 629 1907 ac
651 1878 868 1917 susceptionem
882 1902 890 1916 ,
913 1878 1071 1918 Sanctique
1092 1879 1156 1918 Spi-

415 1925 490 1956 ritus
502 1925 729 1963 invocationem,
743 1929 771 1955 et
782 1929 894 1955 ceteras
910 1927 1028 1965 regulae
1043 1930 1070 1956 et
1085 1927 1157 1957 Con-

415 1974 593 2013 gregationis
615 1978 767 2004 consuetas
789 1975 988 2005 solemnitates
1003 2000 1010 2014 ,
1034 1976 1157 2015 recipia-

416 2028 464 2054 tur
485 2023 520 2053 ab
543 2023 680 2053 omnibus
701 2023 845 2053 stantibus
861 2024 895 2054 ad
917 2024 1047 2054 osculum
1065 2026 1154 2064 pacis.

456 2081 515 2102 xv1.
538 2072 725 2102 Declaramus
747 2072 833 2102 etiam
856 2077 884 2103 et
912 2073 1036 2103 firmiter
1057 2075 1157 2103 statui-

417 2130 481 2150 mus
502 2121 671 2150 commissos
692 2124 807 2151 nostros
838 2121 962 2152 fratrum
990 2125 1156 2153 nostrorum

417 2169 536 2198 nomine
558 2168 683 2206 censeri,
707 2172 735 2198 et
756 2169 787 2198 in
809 2168 910 2199 eodem
936 2179 1058 2200 numero
1080 2180 1157 2201 com-

418 2218 531 2256 putari,
556 2226 589 2247 ac
611 2218 734 2248 durante
755 2227 857 2248 eorum
879 2218 1059 2258 probationis
1081 2229 1156 2250 anno

418 2275 433 2295 a
457 2266 594 2304 magistro
615 2266 794 2297 novitiorum
817 2271 874 2297 tam
897 2267 973 2297 circa
996 2269 1156 2308 corporalia

419 2314 557 2354 obsequia
585 2316 718 2346 exerceri
744 2320 772 2346 et
794 2315 913 2355 probari
934 2326 1020 2356 quam
1042 2317 1078 2347 de
1100 2318 1158 2357 spi-

418 2362 584 2401 ritualibus,
608 2373 641 2394 ac
663 2365 833 2404 praesertim
862 2365 897 2394 de
918 2365 1004 2395 modo
1025 2366 1159 2396 mentali-

419 2415 464 2441 ter
485 2412 599 2449 orandi,
617 2422 669 2452 pro
684 2423 784 2444 eorum
806 2414 964 2453 capacitate
985 2414 1091 2445 instrui
1110 2415 1158 2445 de-

419 2457 499 2487 bere.
514 2458 579 2497 Qui,
593 2459 700 2489 nostris
719 2460 879 2499 privilegiis
891 2461 1037 2500 inscripti,
1052 2465 1079 2490 et
1094 2470 1159 2500 spe-

420 2507 533 2537 cialiter
560 2508 723 2545 nominati‚
755 2509 876 2547 gratiis,
912 2509 1102 2548 indulgentiis
1130 2514 1158 2539 et

457 2611 468 2638 1
491 2609 585 2637 Potius
604 2614 663 2645 tege
683 2610 843 2645 superioris
863 2611 899 2646 (n.
915 2610 964 2645 T.)-

1189 373 1353 404 obedientia
1375 374 1512 412 vixerint,
1537 378 1623 414 prout
1644 375 1673 405 in
1695 375 1849 414 privilegio
1873 376 1929 406 Eu-

1189 424 1266 462 genii
1283 423 1330 454 IV.

1229 481 1297 502 xvn.
1321 472 1355 502 Et
1376 476 1408 503 ut
1430 473 1686 512 tranquillioribus
1703 473 1810 503 animis
1826 483 1930 514 propo-

1190 521 1238 551 siti
1260 521 1304 551 sui
1320 521 1440 551 Domino
1457 521 1613 551 exhibeant
1634 521 1804 551 famulatum
1819 526 1847 552 et
1861 522 1932 553 acti-

1191 580 1241 599 vae
1264 570 1351 609 vitae,
1375 571 1422 600 cui
1444 570 1568 600 maxime
1591 570 1734 600 inservire
1756 574 1930 608 noscuntur,

1191 628 1306 658 operam
1329 619 1491 649 ferventius
1512 619 1698 658 impendant,
1722 619 1854 649 omnium
1875 619 1930 650 ho-

1191 676 1295 697 norum
1317 671 1375 697 tam
1397 667 1594 706 spiritualium
1610 676 1697 706 quam
1713 667 1928 706 temporalium,

1191 726 1265 756 quae
1286 716 1317 746 in
1338 717 1437 746 nostra
1458 716 1687 754 Congregatione
1717 716 1790 746 fiunt
1812 720 1840 746 et
1861 716 1932 746 fient

1191 766 1220 795 in
1244 769 1402 804 posterum,
1426 765 1504 804 ipsos
1525 765 1695 795 commissos
1718 768 1857 804 tanquam
1879 774 1931 795 no-

1191 817 1266 843 stros
1288 813 1391 843 fratres
1408 812 1629 852 comparticipes
1648 821 1710 842 esse
1732 812 1928 842 decernimus.

1192 861 1381 891 provideatur
1396 860 1482 889 etiam
1505 869 1606 889 eorum
1627 860 1850 890 necessitatibus
1872 865 1931 890 tam

1192 908 1393 949 spiritualibus
1422 917 1508 948 quam
1531 907 1741 947 temporalibus
1764 909 1843 938 omni
1864 909 1933 939 cha-

1193 958 1277 987 ritate
1299 960 1327 987 et
1348 956 1556 993 sollicitudine,
1582 956 1710 996 fiantque
1733 956 1880 988 orationes
1902 961 1932 988 et

1193 1015 1274 1035 sacra
1296 1009 1360 1044 post
1381 1008 1505 1034 mortem
1527 1014 1641 1044 eorum,
1664 1005 1740 1035 sicut
1761 1009 1932 1036 consuetum

1193 1058 1236 1083 est
1258 1054 1321 1083 fieri
1344 1062 1396 1092 pro
1418 1053 1579 1083 monachis.

1234 1110 1313 1131 xv111.
1338 1101 1391 1136 Qui
1414 1101 1562 1131 commissi
1592 1104 1656 1141 post
1684 1101 1860 1142 completum
1882 1111 1934 1132 an-

1193 1159 1261 1180 num
1285 1150 1476 1190 probationis,
1494 1153 1523 1180 et
1537 1159 1594 1180 non
1617 1154 1695 1188 ante,
1713 1150 1829 1190 quando
1848 1159 1935 1190 prae-

1193 1199 1250 1228 lato
1272 1207 1337 1227 cum
1366 1197 1531 1227 senioribus
1560 1198 1621 1228 suis
1643 1199 1737 1229 visum
1769 1198 1878 1237 suerit,
1901 1208 1935 1229 ae

1193 1246 1330 1276 concordi
1359 1255 1504 1276 consensu
1531 1246 1660 1276 omnium
1688 1247 1837 1286 ipsorum,
1862 1256 1935 1287 quos

1194 1299 1318 1334 quatuor
1333 1295 1436 1325 saltem
1457 1295 1533 1325 ultra
1550 1299 1646 1325 votum
1670 1295 1792 1335 praelati
1808 1304 1871 1325 esse
1885 1305 1936 1326 vo-

1194 1344 1302 1383 lumus,
1326 1348 1376 1374 aut
1397 1345 1520 1374 duarum
1543 1354 1577 1374 ex
1600 1345 1693 1375 tribus
1716 1344 1847 1384 partibus
1868 1354 1936 1375 con-

1195 1397 1310 1431 ventus,
1327 1392 1351 1421 si
1368 1392 1533 1432 superiores
1549 1402 1607 1422 non
1627 1393 1828 1430 convenerint,
1849 1393 1934 1423 dum-

1195 1441 1279 1471 modo
1295 1441 1396 1472 aetatis
1411 1451 1479 1471 suae
1495 1450 1604 1471 annum
1621 1441 1793 1480 vigesimum
1808 1441 1935 1481 primum

1194 1489 1391 1529 expleverint,
1416 1494 1499 1530 prout
1526 1490 1695 1520 decernitur
1716 1490 1746 1520 in
1777 1489 1937 1520 institutio-

1195 1538 1281 1568 nibus
1302 1547 1391 1577 super
1420 1539 1587 1578 receptione
1610 1543 1637 1568 et
1659 1538 1831 1569 educatione
1853 1539 1937 1569 novi-

1196 1588 1303 1617 tiorum
1325 1587 1406 1616 iussu
1428 1586 1584 1617 Clementis
1605 1586 1667 1616 Vlll
1694 1587 1798 1625 editis,
1822 1587 1857 1617 ad
1880 1591 1939 1618 sta-

1197 1635 1337 1665 bilitatem
1369 1635 1560 1674 recipiantur.
1584 1635 1662 1670 Quae
1685 1635 1814 1675 receptio
1836 1635 1886 1666 fiat
1906 1636 1937 1666 in

1197 1684 1335 1723 capitulo,
1351 1684 1476 1722 datoque
1494 1683 1552 1713 illis
1567 1693 1581 1713 a
1605 1684 1735 1723 praelato
1759 1684 1858 1724 pallio,
1875 1684 1938 1715 vul-

1197 1742 1232 1771 go
1255 1732 1393 1769 neantello,
1417 1733 1447 1762 in
1470 1732 1585 1770 signum
1608 1733 1798 1772 receptionis,
1816 1733 1851 1762 ab
1872 1734 1936 1773 ipso

1198 1786 1226 1812 et
1254 1781 1289 1811 ab
1318 1781 1453 1811 omnibus
1488 1781 1637 1811 monachis
1665 1781 1832 1812 sedentibus
1864 1781 1939 1812 reci-

1199 1831 1317 1870 piantur
1338 1830 1373 1860 ad
1396 1830 1526 1860 osculum
1550 1831 1640 1869 pacis.

1238 1888 1297 1908 x1x.
1320 1879 1470 1909 Radantur
1499 1879 1540 1909 eis
1569 1883 1697 1909 mentum
1728 1882 1756 1909 et
1778 1879 1866 1909 facies
1889 1889 1938 1909 us-

1199 1937 1255 1968 que
1276 1937 1363 1967 supra
1392 1928 1505 1958 aurium
1534 1928 1736 1965 summitates3
1761 1932 1847 1968 caput
1870 1937 1939 1959 vero

1199 1977 1343 2007 tondatur.
1367 1977 1423 2007 Nec
1445 1977 1517 2016 ipsis
1539 1977 1624 2007 liceat
1647 1978 1836 2008 mutationem
1861 1981 1940 2017 pete-

1199 2034 1246 2061 re;
1269 2025 1398 2063 graviter
1420 2025 1573 2064 puniendi,
1591 2025 1614 2055 si
1630 2026 1659 2055 id
1675 2026 1937 2065 praesumpserint3

1199 2082 1265 2102 cum
1281 2074 1462 2112 recipiantur
1477 2083 1529 2113 pro
1541 2073 1667 2104 servitiis
1682 2074 1938 2104 monasteriorum:

1199 2121 1264 2151 ideo
1286 2125 1436 2152 mutentur
1458 2126 1569 2152 tantum
1586 2122 1620 2152 ad
1637 2123 1804 2153 instantiam
1828 2122 1942 2162 praela·

1200 2175 1310 2209 torum,
1334 2175 1362 2201 et
1384 2180 1435 2210 pro
1451 2171 1617 2201 corumdem
1633 2176 1681 2201 aut
1698 2171 1940 2202 monasteriorum

1200 2219 1372 2249 necessitate
1391 2223 1419 2249 et
1440 2220 1601 2250 commodo.

1240 2277 1288 2297 xx.
1313 2268 1346 2298 Et
1369 2268 1462 2297 donec
1491 2268 1562 2307 ipsis
1590 2268 1741 2298 nobiscum
1768 2277 1940 2308 permanere

1201 2326 1216 2346 a
1232 2316 1432 2355 superioribus
1448 2316 1636 2355 permittitur,
1654 2320 1809 2347 teneantur
1823 2326 1940 2348 servare

1201 2366 1376 2403 castitatem,
1400 2369 1597 2405 paupertatem
1621 2369 1649 2395 et
1671 2365 1866 2396 obedientiam
1888 2375 1941 2406 per

1201 2418 1265 2443 vota
1288 2414 1454 2452 simplicia,
1479 2422 1492 2442 a
1526 2422 1581 2453 qua
1610 2412 1787 2451 obligatione
1816 2423 1850 2444 eo
1876 2414 1940 2453 ipso

1201 2463 1367 2500 solvuntur,
1384 2471 1448 2492 cum
1473 2471 1521 2492 eos
1543 2472 1558 2492 a
1581 2462 1810 2501 Congregatione
1832 2463 1940 2494 dimitti

1202 2511 1366 2549 contigerit.
1390 2511 1425 2540 Et
1446 2511 1513 2550 quia
1545 2511 1631 2540 etiam
1655 2511 1710 2550 ipsi
1732 2511 1848 2551 aliquod
1870 2521 1942 2550 pen-

1202 2569 1264 2588 sum
1288 2560 1435 2589 servitutis
1464 2560 1519 2588 Deo
1547 2560 1715 2598 persolvere
1748 2560 1873 2597 debent,
1897 2560 1943 2590 di-

1203 2612 1268 2637 cunt
1300 2608 1330 2638 in
1362 2608 1512 2638 nocturnis
1543 2612 1570 2638 et
1599 2608 1749 2638 matutinis
1778 2608 1939 2640 orationem

1928 231 1980 259 An.
1997 231 2027 260 C.
2049 233 2111 262 168<
