2111 3157
28 238 78 266 An.
93 237 121 266 c.
144 237 210 265 ¹686
814 242 1025 266 INNOCEN'HUS
1046 243 1076 266 x1
1102 243 1150 266 [φ.
1616 230 1683 277 ,681
1733 240 1782 266 An.
1803 239 1831 265 c.
1850 239 1915 265 1⁶36

218 287 345 330 aliaque
380 288 541 332 disposuit
576 295 610 322 et
643 290 818 328 ordinavit,
854 295 949 333 prout
1034 289 1096 332 §3
1115 290 1178 323 Nos
1198 290 1404 332 igitur,ipsos
1429 292 1628 331 exponentes
1653 298 1724 329 spe·
1794 327 1797 329 ι

216 341 346 383 plenius
378 341 561 374 continetur
586 342 617 374 in
643 342 742 384 ipsius
774 342 948 375 Clementis
991 343 1127 375 cialibus
1164 343 1325 376 favoribus
1358 348 1390 375 et
1425 341 1534 384 gratiis
1570 326 1917 383 p1·0seq11i21'..⁰·.”;3'‘’32⁵„333

217 392 474 436 praedecessoris
498 394 626 430 litteris,
651 395 711 426 sub
737 394 869 437 plumbo
895 394 949 426 de-

1735 385 1802 398 rarum
1823 378 1917 398 (Hennen-

216 456 314 489 super
347 446 516 489 expeditis,
552 447 672 480 tenoris
706 447 760 490 qui
789 447 947 490 sequitur,

1783 299 1916 320 Confirmatio

991 396 1148 432 volentes,
1175 401 1206 428 et
1230 405 1343 428 eorum
1368 394 1547 439 singulares
1566 402 1724 436 personas
1742 405 1759 426 i<
1781 405 1813 427 a,
1837 411 1916 425 ..i-cnon

991 457 1008 478 a
1026 447 1191 489 quibusvis
1217 445 1572 485 excommunicationis,
1590 432 1828 487 suspen—iiil‘tdu'issf
1852 434 1918 452 ’ων

63 877 140 898 Preces
154 876 206 898 uon-

25 904 150 930 ‘rogationis
175 903 206 924 cti-

25 930 54 951 eti
70 930 153 956 hospitii
168 935 205 955 pro

25 962 70 977 eius
89 956 206 976 transtatio-

24 988 50 1002 ne
64 982 91 1002 ad
106 983 206 1008 palatium

24 1008 137 1029 cardinatis
167 1008 207 1029 Ga-

24 1034 84 1055 ntaldi
103 1035 121 1054 in
136 1034 205 1061 Burgo

24 1061 47 1082 S.
62 1062 126 1083 Petri.

217 498 390 532 videlicet:

262 551 407 586 Glemens
436 552 601 596 episcopus
618 580 625 592 ,
651 563 759 585 servus
788 562 947 585 servorum

216 604 289 644 Dei,
310 605 352 637 ad
373 610 564 648 perpetuam
582 606 630 638 rei
645 606 845 638 memoriam.
864 605 951 637 Inter

217 658 279 692 alia
299 658 443 702 (reliqua
466 659 538 690 vide
559 669 616 690 suo
638 659 729 700 loco).
751 658 864 690 Datum
889 657 951 690 Ro-

216 721 299 750 mae,
336 711 422 753 apud
447 711 479 744 S.
506 711 636 743 Mariam
664 710 832 750 Maiorem,
867 720 950 742 anno

217 763 449 796 incarnationis
484 763 692 803 Dominicae,
716 772 864 796 iinctxxv
879 789 887 802 ‚
914 772 949 795 111

216 815 287 849 idus
312 816 430 854 martii,
448 815 654 859 pontificatus
678 814 779 848 nostri
804 824 888 847 anno
904 824 948 847 v1.

259 868 275 912 §
299 867 330 901 2.
357 867 435 901 Cum
460 873 579 908 autem,
600 868 690 907 sicut,
711 878 770 911 pro
796 872 887 910 parte
905 866 951 899 di-

216 923 373 956 lectorum
403 919 543 954 filiorum
568 920 831 963 congregationis
859 929 953 963 prae-

218 975 300 1007 fatae
324 984 423 1017 super
447 974 606 1016 regimine
624 979 655 1006 et
672 972 952 1006 administratione

217 1027 293 1061 dicti
325 1026 462 1071 hospitii
492 1026 574 1060 sicut
612 1026 831 1070 praemittitur
863 1024 954 1058 insti·

216 1086 314 1122 tutae,
340 1080 435 1114 nobis
459 1090 565 1123 nuper
590 1080 771 1123 expositum
803 1079 874 1119 suit,
898 1078 955 1110 bo-

216 1143 278 1167 nae
302 1132 481 1166 memoriae
506 1133 737 1176 Hieronymus,
765 1131 841 1164 dum
866 1131 951 1172 vixit,

216 1186 248 1220 S.
264 1186 301 1219 R.
317 1185 352 1219 E.
368 1185 541 1218 cardinalis
555 1184 725 1218 Gastaldus
739 1189 953 1227 nuncupatus,

218 1239 273 1283 qui
298 1249 381 1272 unus
412 1249 450 1272 ex
483 1238 569 1271 dicta
593 1237 847 1280 congregatione
876 1242 952 1276 erat,

216 1293 302 1327 idem
318 1292 497 1336 hospitium
517 1302 554 1325 ex
576 1302 646 1324 asse
665 1291 839 1324 haeredem
865 1290 955 1323 insti-

201 1346 346 1386 'tuerit¹,
365 1350 406 1385 et,
424 1345 499 1388 quia
516 1349 650 1387 propter
666 1343 829 1386 angustias
845 1353 955 1386 supra-

218 1399 321 1433 dictae
347 1398 461 1432 domus
487 1397 708 1436 eremitarum,
733 1396 820 1429 dicto
845 1395 955 1438 hospi-

218 1452 263 1486 tio
280 1451 415 1495 eiusque
433 1449 616 1494 hospitibus
641 1460 700 1492 pro
722 1450 879 1492 perpetua
903 1459 955 1481 eo-

218 1515 289 1538 rum
313 1503 515 1538 habitatione
541 1508 575 1534 ut
599 1502 781 1545 praefertur
813 1501 955 1543 assigna-

218 1563 286 1597 tae,
326 1556 552 1598 maioremque
592 1564 761 1587 numerum
796 1553 954 1587 eiusmodi

219 1609 459 1644 haereticorum
485 1608 539 1651 qui
570 1608 644 1641 fidei
673 1607 851 1640 catholicae
876 1607 956 1640 veri-

219 1669 317 1697 tatem
342 1662 481 1706 amplexi
512 1661 552 1694 ad
583 1660 761 1703 hospitium
785 1660 891 1704 ipsum
924 1660 954 1692 in

220 1717 288 1750 dies
312 1715 458 1754 veniunt,
486 1714 678 1757 ampliorem
705 1713 750 1746 eis
775 1712 953 1746 habitatio-

220 1779 295 1803 nem
314 1768 423 1812 parari
444 1766 562 1800 debere
580 1770 785 1809 cognoverat,
803 1766 956 1808 palatium

220 1832 323 1861 suum,
350 1821 382 1853 in
407 1819 536 1852 civitate
569 1821 683 1852 nostra
707 1818 859 1857 Leonina,
890 1818 955 1850 sive

220 1874 326 1916 Burgo
347 1873 378 1906 S.
405 1872 499 1911 Petri,
514 1871 665 1915 positum,
678 1871 810 1904 illorum
835 1870 957 1903 liabita-

222 1926 301 1960 tioni
327 1925 491 1959 deservire
517 1924 771 1963 desideraverit,
797 1934 834 1957 ac
854 1924 957 1967 proin·

221 1980 260 2014 de
272 1978 348 2013 dicti
366 1983 577 2021 exponentes,
592 1976 625 2009 in
643 1976 866 2010 executionem
883 1977 956 2021 piae

221 2031 338 2067 mentis
373 2029 520 2064 eiusdem
555 2028 742 2072 Hieronymi
763 2030 958 2069 cardinalis,

221 2086 314 2128 capta
330 2083 477 2117 eiusdem
497 2082 607 2125 palatii
625 2082 830 2126 possessione
852 2088 957 2116 actua-

221 2138 256 2180 ti,
286 2143 411 2182 partein
445 2136 534 2171 illius
570 2137 609 2170 ad
645 2138 780 2169 sormam
813 2137 956 2181 hospitio

222 2190 469 2226 convenientem
504 2189 691 2232 redegerint
725 2195 757 2222 et
789 2190 957 2234 adaptave-

223 2245 297 2284 rint,
322 2243 518 2288 cupiantque
536 2242 714 2286 hospitium
731 2242 885 2286 illiusque
904 2243 957 2276 ho-

222 2299 323 2342 spites
349 2301 381 2330 et
400 2296 568 2329 ministros
584 2296 747 2339 praefatos
760 2296 837 2329 illuc
854 2301 957 2329 trans-

222 2351 309 2385 ferre
334 2354 367 2383 et
394 2354 617 2393 transportare
634 2359 753 2392 posse:
772 2349 864 2382 nobis
882 2360 957 2393 pro-

222 2408 335 2448 pterea
355 2402 521 2436 humiliter
545 2401 723 2445 supplicari
749 2401 894 2435 fecerunt
923 2408 957 2436 ut

223 2457 285 2491 sibi
308 2456 342 2490 in
366 2455 550 2500 praemissis
581 2459 766 2498 opportune
785 2455 956 2499 providere

224 2514 257 2544 et
286 2514 322 2542 ut
355 2508 440 2542 insra
474 2507 645 2555 indulgere
681 2507 720 2541 de
755 2507 956 2551 benignitate

224 2562 403 2609 apostolica
422 2562 641 2605 dignaremur.

258 2627 271 2655 ¹
293 2623 364 2653 Edit.
379 2623 460 2652 Main.
476 2623 543 2660 legit
558 2623 687 2652 instituit
702 2626 740 2654 (R.
757 2625 805 2658 τ.)-

327 2679 404 2707 uult.
420 2678 503 2706 Rom.
518 2693 548 2697 —
571 2678 629 2705 l'vt.
647 2677 720 2705 XIX.
882 2677 915 2706 8ss

991 499 1089 532 sionis
1115 505 1147 533 et
1170 500 1344 539 interdicti,
1372 499 1507 543 aliisque
1533 497 1727 532 ecelesiasti-

992 552 1037 585 cis
1063 553 1243 592 sententiis,
1261 553 1404 586 censuris
1430 558 1462 585 et
1479 552 1602 595 poenis,
1621 562 1639 584 a
1655 551 1726 584 iure
1749 563 1758 568 ‘

992 606 1041 638 vel
1078 606 1117 638 ab
1154 606 1294 645 homine,
1332 606 1441 648 quavis
1470 605 1642 639 occasione
1678 606 1728 639 vel

992 660 1086 690 causa
1112 658 1193 698 latis,
1219 659 1244 691 si
1270 659 1388 701 quibus
1413 658 1658 701 quomodolibet
1682 658 1728 690 iu-

993 711 1129 743 nodatae
1155 712 1306 749 existunt,
1332 712 1369 744 ad
1398 710 1548 744 ell'eetum
1580 720 1730 753 praesen-

993 762 1070 794 tium
1088 763 1253 795 dumtaxat
1274 763 1545 805 consequendum,
1557 763 1669 795 harum
1686 771 1731 795 se-

994 815 1040 848 rie
1065 815 1272 848 absolventes
1299 821 1331 848 et
1362 816 1524 848 absolutas
1557 815 1626 847 sore
1658 825 1731 847 cen-

993 872 1108 907 sentes,
1142 867 1327 900 huiusmodi
1361 867 1653 911 supplicationibus
1682 867 1731 899 in-

994 920 1113 960 clinati,
1132 920 1332 954 erectionem
1358 926 1389 954 et
1414 921 1651 954 institutionem
1673 920 1732 953 ho-

995 973 1081 1016 spitii
1106 974 1282 1017 supradicti
1307 974 1340 1006 in
1364 974 1508 1017 praefata
1543 974 1638 1007 domo
1665 983 1732 1006 ere-

995 1026 1146 1059 mitarum
1171 1038 1189 1059 a
1212 1032 1392 1060 memorato
1409 1026 1574 1060 Clemente
1598 1027 1733 1069 praede-

997 1089 1127 1113 cessore
1153 1080 1252 1112 factas
1276 1085 1310 1112 ut
1335 1080 1525 1122 praefertur,
1552 1079 1732 1122 expeditas-

997 1143 1058 1175 que
1081 1133 1221 1176 desuper
1244 1133 1331 1166 illius
1357 1133 1480 1165 litteras
1500 1132 1731 1176 praeinsertas,

997 1195 1070 1218 cum
1107 1185 1256 1218 omnihus
1294 1191 1325 1217 et
1360 1185 1496 1227 singulis
1532 1184 1731 1227 privilegiis,

998 1237 1108 1280 gratiis
1144 1243 1176 1270 et
1212 1238 1354 1277 indultis,
1381 1248 1417 1270 ac
1454 1237 1732 1281 dispositionibus,

997 1291 1275 1329 concessionibus,
1301 1291 1507 1323 facultatibus
1542 1295 1575 1323 et
1606 1290 1734 1323 ordina-

998 1343 1147 1383 tionibus,
1187 1344 1324 1386 aliisque
1361 1344 1393 1376 in
1429 1343 1475 1376 eis
1511 1343 1671 1376 contentis
1701 1347 1734 1375 et

997 1396 1171 1439 expressis,
1199 1396 1381 1439 apostolica
1402 1396 1602 1435 auctoritate,
1622 1401 1733 1428 tenore

998 1449 1216 1492 praesentium
1235 1476 1242 1489 ,
1270 1449 1488 1492 approbamus
1508 1454 1540 1482 et
1564 1448 1734 1481 confirma-

998 1512 1076 1541 mus,
1096 1501 1225 1544 illisque
1244 1501 1442 1534 inviolabilis
1461 1501 1656 1544 apostolicae
1682 1501 1733 1534 sir-

998 1554 1114 1586 mitatis
1142 1555 1241 1587 robur
1261 1554 1448 1593 adiicimus3
1471 1565 1507 1587 ac
1532 1554 1654 1587 eisdem
1680 1565 1734 1588 ex-

997 1608 1207 1650 ponentibus,
1220 1613 1254 1639 ut
1269 1606 1331 1649 ipsi
1351 1606 1526 1650 hospitium
1540 1608 1732 1650 praefatum,

998 1659 1148 1702 illiusque
1178 1659 1324 1702 hospites
1345 1663 1376 1691 et
1393 1658 1567 1699 ministros,
1587 1670 1603 1691 a
1621 1670 1733 1703 supra-

999 1712 1083 1745 dicta
1097 1712 1191 1744 domo
1206 1711 1408 1744 eremitarum
1427 1710 1459 1743 in
1473 1712 1626 1754 palatium
1645 1723 1734 1756 prae-

999 1765 1119 1798 dictum
1141 1764 1316 1796 transferre
1344 1769 1375 1796 et
1399 1768 1646 1806 transportare;
1671 1765 1731 1808 ipsi

998 1824 1102 1850 autem
1128 1816 1280 1860 hospitio,
1295 1821 1464 1859 postquam
1481 1816 1526 1848 sic
1544 1818 1732 1851 translatum

999 1877 1031 1904 et
1049 1876 1303 1914 transportatum
1324 1869 1429 1908 suerit,
1448 1869 1600 1913 illiusque
1622 1871 1733 1914 hospi-

1001 1926 1092 1965 tibus,
1120 1923 1275 1958 ministris
1300 1929 1332 1956 et
1354 1923 1503 1966 personis
1528 1923 1732 1967 quibuscum-

999 1989 1060 2023 que
1081 1979 1113 2011 in
1138 1977 1253 2011 eodem
1277 1976 1396 2020 palatio
1421 1986 1480 2020 pro
1506 1982 1650 2019 tempore
1682 1978 1733 2011 de·

999 2032 1160 2075 gentibus,
1179 2030 1229 2064 ut¹
1248 2030 1400 2063 omnibus
1418 2030 1732 2074 etsingulisprivile-

999 2086 1069 2128 giis,
1095 2083 1362 2127 exemptionibus
1388 2083 1604 2123 libertatibus,
1632 2084 1732 2117 sacul-

1000 2138 1128 2176 tatibus,
1149 2137 1283 2179 aliisque
1309 2135 1419 2177 gratiis
1444 2140 1476 2168 et
1499 2135 1642 2175 indultis,
1669 2142 1732 2170 tam

998 2189 1218 2234 spiritualibus
1253 2198 1348 2230 quam
1382 2188 1636 2231 temporalibus,
1672 2200 1732 2233 per

998 2244 1215 2287 praeinsertas
1255 2240 1429 2274 Clementis
1468 2242 1730 2284 praedecessoris

998 2297 1120 2329 litteras
1135 2294 1382 2339 quomodolibet
1395 2294 1567 2334 concessis,
1583 2300 1616 2327 ut
1630 2296 1730 2339 prius,

999 2349 1057 2390 uti,
1076 2349 1137 2381 frui
1162 2353 1194 2381 et
1218 2347 1357 2390 gaudere
1384 2347 1486 2380 libere
1504 2352 1535 2379 et
1553 2347 1638 2381 licite
1656 2359 1731 2392 pos-

998 2404 1061 2435 sint
1085 2408 1117 2435 et
1140 2401 1268 2433 valeant
1290 2399 1480 2442 respective,
1507 2400 1593 2433 salva
1625 2406 1731 2436 tamen

998 2457 1030 2489 in
1055 2466 1111 2489 suo
1138 2455 1256 2487 robore
1283 2453 1388 2497 quoad
1414 2452 1539 2497 reliqua
1568 2455 1674 2488 onmia
1699 2461 1732 2489 et

997 2508 1123 2551 singula
1147 2512 1333 2540 remanente
1351 2506 1538 2539 earumdem
1559 2507 1731 2543 Clementis

997 2560 1261 2606 praedecessoris
1290 2559 1469 2593 litterarum
1501 2560 1729 2604 dispositione,

1033 2625 1045 2653 1
1066 2623 1230 2653 Particulam
1249 2626 1279 2652 ut
1298 2631 1346 2652 nos
1366 2622 1489 2652 addimus
1509 2623 1545 2660 (a.
1561 2624 1610 2659 T.).
1632 2661 1635 2665 .
