2111 3157
141 184 190 210 An.
209 184 238 210 c..
264 183 330 209 inse
377 173 440 206 aaz,

334 237 382 265 tes
428 242 467 264 ue
504 231 688 275 praedictae
725 237 882 272 personae
919 225 1071 258 incedant

332 295 474 330 unquam
500 289 669 327 equestres
695 292 753 325 per
778 278 963 313 huiusmodi
995 277 1071 311 civi-

333 343 426 377 tates,
459 337 599 380 exceptis
625 336 703 379 ipsis
724 334 889 378 prioribus
914 343 951 366 ex
977 334 1070 364 causa

333 391 530 429 rationabili,
556 390 609 422 ubi
637 387 840 421 consuetudo
861 385 891 418 id
916 386 1044 418 toleret.

376 454 426 476 xv.
454 443 578 475 Priores
604 442 678 474 dum
704 445 778 473 sunt
802 439 833 471 in
855 438 970 471 itinere
995 447 1070 469 con-

331 496 442 534 stituti,
471 495 558 527 omni
596 494 647 527 die
689 492 803 530 feriali,
839 491 863 524 si
900 490 1068 524 commode

330 549 399 581 fieri
426 548 539 592 possit,
576 547 692 580 missas
729 545 861 578 audiant
896 548 950 576 aut
985 543 1069 575 cele-

329 603 438 635 brent:
460 612 534 634 nam
560 599 681 633 festivis
706 604 831 631 certum
857 602 908 630 est
939 607 994 629 eos
1025 600 1069 628 te-

329 655 400 688 neri
427 655 533 688 dicere
558 655 607 697 vel
633 652 759 685 audire.

372 719 435 742 xvi.
464 707 666 750 Ubicumque
698 706 763 738 duo
799 706 948 748 pluresve
973 703 1067 735 simul

329 761 450 794 suerint
474 760 609 804 priores,
635 759 660 792 si
686 769 770 791 unus
795 768 832 791 ex
858 757 912 797 eis,
936 758 986 789 vel
1012 755 1068 788 ali-

328 814 418 847 cuius
443 824 554 847 eorum
575 822 751 846 conversus
776 813 824 845 vel
851 811 999 849 famulus,
1020 820 1069 842 ex-

328 877 455 901 cessum
494 867 605 899 secerit
643 867 694 898 vel
735 865 862 905 dixerit,
905 863 1069 906 antiquior

328 931 451 959 eorum,
473 920 533 952 nisi
552 919 635 952 adsit
652 918 767 961 aliquis
789 917 942 956 visitator,
961 926 1069 948 exces-

329 984 397 1006 sum
422 973 467 1006 sic
493 972 725 1015 reprehendat,
752 971 776 1003 si
802 971 893 1013 prior
910 980 985 1002 suus
1007 969 1069 1002 hoc

328 1026 434 1059 facere
460 1025 659 1068 neglexerit,
685 1029 720 1056 ut
744 1023 809 1063 alii,
835 1023 888 1066 qui
915 1022 991 1055 talia
1015 1032 1069 1054 au-

329 1079 456 1120 dierint,
482 1083 643 1111 attentare
675 1077 793 1110 similia
824 1076 1065 1119 pertimescant.

370 1143 444 1166 xvii.
462 1132 591 1164 Priores
609 1136 640 1163 et
657 1141 772 1164 omnes
794 1139 954 1173 personae
966 1128 1068 1162 nostri

327 1185 456 1218 Ordinis
485 1194 644 1228 personas
669 1194 780 1216 omnes
804 1188 836 1216 et
852 1183 924 1215 loca
941 1187 973 1214 et
994 1187 1069 1214 tem-

328 1249 409 1282 pora
435 1244 466 1271 et
490 1248 542 1270 res
569 1242 601 1270 et
625 1237 770 1269 actiones
805 1245 917 1269 omnes
953 1245 1067 1278 suspe-

329 1297 395 1324 ctas
422 1297 454 1324 et
485 1291 685 1334 periculosas
724 1290 888 1329 devitent;
912 1288 1067 1330 alioquin,

329 1345 353 1377 si
381 1355 431 1378 res
468 1344 565 1377 suerit
599 1344 813 1376 veliementer
846 1346 1001 1385 suspecta
1037 1345 1069 1373 et

329 1398 526 1437 scandalosa,
552 1397 738 1429 visitatores
759 1395 902 1428 scribant
919 1404 1069 1427 reveren-

329 1451 370 1484 do
395 1451 491 1494 patri,
519 1450 574 1493 qui
600 1461 659 1493 pro
684 1451 740 1482 sua
765 1448 937 1492 prudentia
966 1453 997 1480 et
1021 1448 1068 1479 in-

328 1505 478 1547 tegritate
503 1502 702 1547 providebit,
716 1507 812 1546 prout
830 1501 868 1541 ei,
891 1501 1067 1534 secundum

327 1558 430 1591 Deum
456 1563 487 1591 et
511 1557 584 1590 sacti
610 1557 808 1600 qualitatem,
840 1555 993 1598 evpedire
1024 1554 1069 1587 vi-

330 1611 470 1644 debitur.

372 1675 467 1698 xv111.·
483 1663 783 1697 Animadvertentes
802 1662 984 1705 periculum
1002 1662 1069 1695 ani-

329 1728 466 1757 marum,
491 1717 577 1760 quod
598 1716 750 1749 omnibus
769 1716 910 1749 omnium
928 1721 1067 1748 statuum

331 1777 362 1804 et
388 1771 614 1804 conditionum
641 1769 827 1803 hominibus
853 1769 1005 1813 provenit
1032 1780 1066 1802 ex

330 1823 575 1868 prohibitorum
593 1823 753 1856 librorum
774 1823 915 1855 lectione
943 1827 974 1855 et
999 1833 1068 1863 usu,

332 1878 521 1910 ordinamus
546 1876 632 1920 quod
666 1887 779 1909 omnes
808 1876 934 1919 priores
965 1876 1068 1909 libros

332 1941 455 1970 omnes,
482 1930 536 1974 qui
562 1930 594 1962 in
619 1930 686 1962 suis
714 1929 865 1962 domibus
891 1930 1066 1970 habentur,

332 1983 684 2027 quamdiligentissime
720 1982 788 2016 fieri
831 1983 975 2026 poterit,
1010 1994 1070 2027 per

332 2047 366 2069 se
392 2042 447 2069 aut
471 2036 550 2069 alios
576 2048 611 2069 ex
643 2036 710 2069 suis
743 2036 878 2069 idoneos
914 2036 1066 2069 visitent:

333 2096 604 2133 recognoscentes
631 2089 729 2122 libros
767 2089 945 2122 devotionis
982 2090 1069 2122 iuxta

334 2143 455 2176 Bullam
482 2143 525 2175 Pii
550 2143 585 2182 V,
613 2142 786 2185 praelixam
811 2142 922 2175 Officio
947 2143 1069 2185 glorio-

333 2195 476 2227 sissimae
516 2195 654 2237 Virginis
694 2195 812 2227 Mariae
849 2201 998 2228 correcto
1038 2201 1069 2227 ct

334 2248 506 2280 emendato
531 2258 590 2291 per
615 2248 779 2280 decretum
816 2248 899 2280 sacri
935 2248 1067 2281 Concilii

334 2300 530 2333 Tridentini:
556 2301 635 2333 alios
660 2312 736 2334 vero
762 2312 877 2334 omnes
912 2311 1069 2343 recogno-

334 2359 425 2385 scant
441 2353 528 2386 iuxta
546 2354 686 2386 indicem
711 2354 952 2396 prohibitorum
976 2354 1070 2387 libro-

334 2415 404 2438 rum
443 2407 657 2449 compositum
689 2418 725 2439 ex
759 2408 892 2440 decreto
925 2407 1068 2440 eiusdem

335 2457 469 2491 Concilii
485 2465 516 2491 et
533 2460 676 2491 ciusdem
694 2460 810 2493 iudicis
824 2461 963 2501 regulas,
983 2459 1070 2492 aditi·

334 2511 450 2543 bentes
477 2511 572 2543 etiam
593 2512 673 2544 alios
699 2513 823 2545 indit-es
850 2514 888 2546 de
916 2514 976 2545 liac
1005 2524 1069 2544 nia-

335 2564 427 2600 teria.
454 2564 478 2596 si
505 2565 559 2607 qui
585 2566 751 2609 compositi
777 2566 840 2598 sint
873 2566 911 2598 ab
942 2566 1068 2599 illarum

914 178 1094 202 BULLAtumi
1119 176 1270 200 nonnum!

1111 223 1351 267 provinciarum
1377 222 1650 262 universitatibus,
1682 221 1846 265 episcopis

1113 282 1144 309 et
1161 276 1423 320 inquisitoribus;
1443 281 1484 316 et,
1498 276 1522 308 si
1541 285 1622 318 opus
1636 275 1740 315 suerit,
1757 276 1847 310 theo-

1112 330 1213 373 logos,
1241 331 1295 373 qui
1329 329 1361 362 in
1393 329 1458 362 illis
1493 334 1661 363 morantur
1684 329 1846 373 partibus,

1112 384 1284 416 consulant
1315 387 1369 415 aut
1404 383 1620 416 consulendos
1647 388 1789 424 curent;
1816 388 1848 418 et

1111 436 1291 469 visitatores
1313 436 1344 469 in
1370 441 1441 469 actu
1460 436 1653 469 visitationis
1676 436 1849 479 diligenter

1111 488 1278 532 inquirant
1301 500 1340 522 an
1374 489 1446 522 talis
1482 488 1664 531 recognitio
1688 490 1848 524 librorum

1111 542 1207 575 suerit
1232 543 1326 575 sacta.
1354 542 1482 575 Priores
1516 542 1652 585 insuper
1676 553 1849 586 praecave-

1110 600 1173 635 ant,
1197 605 1238 628 ne
1264 595 1361 639 aliqui
1399 606 1434 628 ex
1468 595 1533 628 suis
1568 595 1704 628 subditis
1739 597 1850 640 legant

1110 649 1159 681 vel
1184 659 1284 691 penes
1310 659 1344 682 se
1370 649 1532 681 retineant
1555 650 1640 682 ullos
1665 649 1766 682 libros
1791 660 1850 693 per

1109 702 1326 746 supradictam
1352 703 1474 736 Bullam
1500 708 1532 736 et
1556 703 1680 736 indices
1704 703 1850 746 prohibi-

1111 759 1178 794 tos,
1206 765 1246 788 ne
1278 765 1416 798 poenam
1447 755 1792 789 excommunicationis
1817 761 1850 790 et

1110 808 1256 848 aliorum,
1282 819 1363 852 quae
1385 809 1416 841 in
1436 808 1526 842 Bulla
1545 809 1617 852 ipsa
1638 814 1670 842 et
1687 809 1849 844 indicibus

1111 861 1329 900 continentur,
1356 861 1537 895 incurrant.
1826 865 1831 868 “

1153 924 1217 947 xix.
1245 913 1359 947 Nullus
1385 915 1475 957 prior
1499 915 1601 948 nostri
1632 915 1759 949 Ordinis
1784 915 1850 950 sive

1111 967 1216 1009 palam
1255 967 1320 1000 sive
1356 973 1482 1000 secreto
1513 974 1702 1011 praesumat
1735 969 1849 1003 ludere

1111 1024 1167 1051 aut
1190 1019 1334 1052 solatiari
1353 1030 1424 1052 cum
1445 1020 1575 1053 subdito
1593 1031 1664 1061 suo,
1683 1026 1735 1054 aut
1753 1021 1850 1055 etiam

1111 1082 1176 1104 non
1212 1072 1362 1112 subdito·,
1399 1083 1458 1105 nec
1495 1073 1667 1117 quisquam
1703 1074 1848 1108 subditus

1111 1130 1295 1167 praesumat
1327 1126 1439 1158 ludere
1464 1127 1513 1158 vel
1540 1127 1741 1160 contendere
1777 1138 1850 1161 cum

1111 1178 1221 1220 priore
1246 1188 1321 1217 suo,
1349 1179 1405 1212 sed
1431 1189 1562 1222 semper
1586 1184 1617 1213 et
1641 1180 1763 1224 ubique
1784 1186 1850 1214 tam

1111 1231 1142 1263 in
1168 1231 1273 1264 verbis
1299 1242 1394 1275 quam
1421 1232 1453 1264 in
1480 1232 1569 1265 sactis
1600 1233 1629 1265 ei
1659 1233 1786 1266 deterat
1817 1239 1851 1266 et.

1110 1285 1239 1317 obediat
1264 1291 1459 1325 reverenter,
1486 1296 1547 1319 nec
1571 1291 1755 1329 praesumat
1775 1297 1849 1320 eum

1110 1338 1365 1380 reprehendere;
1392 1339 1446 1371 sed
1473 1339 1498 1371 si
1526 1339 1603 1382 quid
1626 1339 1715 1382 prior
1739 1350 1849 1373 errare

1110 1391 1281 1431 videbitur,
1306 1392 1452 1431 vicarius,
1490 1398 1544 1425 aut
1579 1393 1660 1426 alius
1697 1393 1737 1427 de
1766 1394 1850 1427 anti-

1094 1445 1278 1489 quioribus
1304 1451 1335 1478 et
1367 1445 1615 1479 discretioribus
1649 1447 1773 1488 domus,
1799 1458 1851 1482 se-

1111 1504 1197 1531 crete
1225 1504 1256 1531 et
1281 1504 1472 1532 reverenter
1497 1509 1571 1532 eum
1588 1510 1721 1533 monere
1741 1505 1852 1544 potest.

1111 1559 1141 1586 et
1167 1552 1274 1585 debet.

1153 1616 1203 1640 xx.
1232 1605 1324 1638 Prior
1349 1605 1382 1638 in
1407 1605 1640 1649 praecipiendo
1666 1611 1697 1639 et
1721 1617 1851 1641 excom-

1111 1658 1306 1692 municando
1333 1662 1365 1690 et
1389 1658 1421 1690 in
1442 1658 1593 1691 omnibus
1609 1658 1682 1692 aliis
1701 1659 1849 1693 censuris

1112 1713 1241 1746 modum
1267 1717 1384 1751 servet,
1409 1716 1472 1744 tam
1496 1717 1632 1755 propter
1666 1711 1850 1755 periculum

1112 1767 1278 1810 praecepti
1305 1771 1336 1799 et
1360 1776 1587 1805 censurarum,
1621 1776 1715 1809 quam
1750 1766 1847 1799 etiam

1111 1832 1151 1854 ne
1176 1822 1233 1854 sua
1259 1819 1490 1853 indiscretione
1516 1829 1591 1852 oves
1615 1829 1689 1852 suas
1713 1819 1745 1852 in
1766 1830 1851 1853 ama-

1112 1874 1288 1907 ritudinem
1313 1873 1479 1916 perducat.
1499 1871 1537 1904 Et
1561 1872 1644 1912 ideo,
1660 1871 1849 1915 intelligens

1112 1926 1171 1959 sibi
1198 1927 1304 1959 datam
1331 1925 1431 1957 fuisse
1457 1929 1652 1968 potestatem
1682 1924 1715 1957 in
1739 1924 1851 1958 aedifi-

1111 1981 1272 2014 cationem
1298 1984 1330 2012 et
1353 1989 1416 2011 non
1442 1978 1473 2010 in
1494 1977 1759 2018 destructionem,
1784 1978 1849 2012 nisi

1112 2045 1169 2077 pro
1194 2032 1391 2076 gravissimis
1423 2030 1526 2074 culpis
1561 2036 1593 2063 et
1618 2030 1773 2074 periculis
1808 2031 1849 2065 ad

1112 2087 1188 2119 talia
1212 2084 1356 2118 remedia
1381 2094 1445 2117 non
1472 2084 1634 2124 deveniat,
1659 2084 1716 2117 sed
1740 2083 1850 2127 potius

1853 172 1903 199 An.
1919 171 1948 199 C.
1969 171 2035 200 ¹688

1111 2140 1154 2173 ita
1178 2150 1212 2172 se
1237 2144 1336 2181 gerat,
1362 2143 1408 2177 ut,
1426 2137 1451 2170 si
1479 2137 1641 2170 interdum
1666 2136 1768 2180 ipsius
1793 2148 1869 2171 au»

1111 2193 1242 2225 ctoritas
1268 2192 1440 2230 timeatur,
1459 2190 1562 2233 ipsius
1584 2195 1690 2223 tamen
1709 2200 1850 2233 persona

1111 2256 1241 2289 semper
1265 2245 1430 2287 diligatur.
1468 2242 1545 2276 Nam
1582 2242 1640 2276 etsi
1674 2247 1848 2287 utrumque

1111 2298 1331 2331 necessarium
1349 2302 1406 2336 est,
1427 2296 1528 2329 amari
1542 2295 1666 2329 scilicet
1683 2301 1715 2329 et
1733 2295 1847 2338 timeri,

1111 2362 1175 2384 non
1212 2351 1343 2395 expedit
1375 2356 1483 2383 tamen
1524 2354 1560 2382 ut
1594 2349 1684 2392 prior
1718 2354 1849 2393 praeter

1112 2410 1303 2448 potestatem
1332 2404 1428 2436 ctiam
1446 2404 1559 2437 natura
1579 2405 1637 2436 sua
1653 2408 1685 2436 et
1699 2403 1847 2437 moribus

1113 2458 1271 2490 timeatur.

1155 2521 1214 2544 xxi·
1239 2510 1285 2543 Sit
1309 2521 1388 2553 crgo
1414 2509 1505 2554 prior
1529 2509 1621 2551 talis,
1650 2514 1706 2543 aut
1733 2510 1853 2544 saltem'

1111 2570 1201 2598 curet
1227 2570 1261 2597 ut
1285 2564 1348 2606 siat,
1371 2571 1404 2598 ut
1422 2575 1497 2598 oves
1514 2565 1617 2608 ipsius
1630 2591 1638 2606 ,
1656 2565 1847 2608 praesertim
