2111 3157
1 233 29 253 n.
54 224 83 252 C.
101 224 168 252 ¹686

3 705 32 726 Do
44 704 158 735 delegatis,

3 733 122 753 mansuri-s
136 734 158 753 et.

0 764 30 779 us.

165 273 313 318 partibus
349 275 584 313 aedificationi,
609 274 790 308 infidelium
825 285 899 308 con-

165 327 320 367 versioni,
351 328 495 361 omnium
519 328 699 361 animarum
724 327 840 367 saluti,
869 333 899 360 et

165 385 299 413 nostrae
324 382 456 422 regulae
487 380 713 413 observantiae
747 380 897 423 puriori;

166 442 202 465 ac
227 432 324 466 totius
349 432 509 466 Ecclesiae
546 433 653 465 decori
680 433 899 475 maximopere

165 484 376 525 inservietur,
397 490 429 518 et
448 490 497 518 tot
519 485 769 518 seminariorum
790 495 901 517 nume-

165 547 220 570 rus
245 538 278 571 in
308 538 480 580 Hispaniae
513 537 687 581 provinciis
718 538 899 580 superfluus

167 595 221 624 aut
245 590 315 623 sine
339 589 403 624 fine
427 590 491 623 Deo
517 590 695 633 gratissimo
719 600 784 623 non
805 600 900 633 repu-

168 643 302 676 tabitur.

211 696 379 737 Ceterum,
405 697 479 740 quia
507 697 553 729 tui
585 695 728 739 corporis
752 694 836 728 vires
860 695 898 727 ad

168 750 250 783 adeo
290 750 483 783 immensum
522 750 667 782 laborem
703 758 769 781 non
809 747 900 780 suffi-

168 803 273 842 cient,
306 802 379 836 ideo
404 801 626 845 praesentium
652 806 765 834 tenore
791 800 901 833 decer-

167 855 285 894 nimus,
301 854 385 898 quod
405 860 433 887 te
454 865 526 888 cum
543 854 577 886 P.
592 853 629 886 N.
648 853 817 886 Francisco
835 852 901 885 Sal-

168 918 314 947 mezone,
330 907 497 940 seminarii
509 907 548 940 de
561 906 727 949 Sahagura
744 910 900 945 erectore,

168 970 206 993 ac
236 960 454 994 zelantissimo
481 970 547 1004 vper
583 965 682 993 totam
713 958 899 1001 Hispaniam

169 1012 376 1047 missionario
401 1012 631 1046 concionatore
650 1039 658 1052 ,
686 1011 903 1044 fraternaliter

169 1066 356 1108 coniungas,
381 1071 478 1109 teque
507 1064 556 1098 et⁴
574 1065 754 1108 praefatum
779 1069 901 1107 patrem

169 1117 392 1153 Salmezonem
410 1118 646 1151 commissarios
671 1123 797 1150 nostros
816 1117 903 1149 dele-

170 1177 261 1215 gatos
285 1172 324 1205 ad
350 1172 507 1204 dictarum
532 1171 731 1204 erectionum
757 1169 902 1202 ell'eetum

171 1225 448 1268 consequendum,
464 1234 535 1257 cum
556 1224 740 1257 omnimoda
760 1222 904 1266 indipen-

171 1277 281 1310 dentia
304 1277 409 1316 unius,
431 1277 463 1309 in
489 1277 622 1310 dimidia
653 1281 743 1319 parte
768 1275 900 1318 provin-

171 1329 291 1363 ciarum
304 1330 490 1372 Hispaniae,
510 1330 549 1362 ab
567 1329 629 1362 alio
647 1329 678 1361 in
694 1330 794 1362 altera
812 1328 904 1360 dimi-

173 1383 237 1423 dia,
259 1382 344 1415 iuxta
361 1382 605 1425 repartitionem
630 1382 715 1414 inter
739 1391 795 1414 vos
812 1381 903 1424 prius

172 1436 431 1469 concordandum
446 1461 453 1474 ,
487 1435 683 1468 instituimus
707 1439 739 1467 et
762 1444 905 1477 pronun-

172 1488 304 1527 ciamus,
323 1499 358 1521 ae
381 1489 471 1521 vobis
497 1494 528 1520 et
551 1488 646 1520 sociis
671 1487 793 1527 vestri3‚
819 1487 905 1519 aliis-

174 1551 236 1584 que
261 1540 372 1583 probis
396 1540 576 1582 religiosis,
602 1539 655 1583 qui
681 1540 720 1572 de
744 1549 903 1572 consensu

173 1598 282 1626 vestro
314 1593 487 1636 praedictis
523 1592 741 1625 erectionibus
774 1602 905 1635 operam

175 1646 253 1679 dare
280 1646 450 1685 voluerint,
469 1656 584 1678 eorum
609 1655 716 1677 curam
741 1650 773 1677 et
789 1644 906 1677 sollici-

176 1698 320 1732 tudinem
356 1698 448 1731 enixe
485 1698 759 1730 commendamus.
797 1697 834 1729 Et
867 1707 905 1729 ne

175 1751 358 1795 praedictus
383 1756 474 1794 pater
498 1751 673 1789 Salmezon,
702 1750 834 1793 eiusque
860 1760 907 1783 so-

175 1805 235 1844 cii,
263 1815 299 1837 ae
322 1804 374 1837 alii
400 1804 514 1836 fratres
533 1830 540 1843 ,
572 1803 625 1847 qui
651 1814 724 1836 euin
750 1804 781 1836 in
808 1805 907 1846 opera

176 1857 256 1890 adeo
282 1859 391 1889 saneta
415 1857 508 1900 sequi
533 1856 703 1896 voluerint,
723 1856 830 1889 debita
854 1866 907 1887 au-

176 1910 348 1949 ctoritate,
373 1910 578 1943 facultatibus
614 1915 645 1942 et
679 1909 905 1952 superioritate

175 1962 357 1994 necessaria
381 1967 517 2002 careant,
537 1972 591 1995 eos
616 1962 764 1995 omnibus
788 1961 906 2003 gratiis,

177 2015 394 2055 facultatibus,
417 2015 699 2058 superioritatibus
724 2020 755 2047 et
779 2015 908 2058 privile-

177 2068 237 2110 giis
263 2068 465 2112 respective,
487 2068 555 2108 tibi,
581 2069 743 2112 sociisque
770 2069 842 2109 tuis,
872 2080 908 2101 ac

178 2121 248 2154 aliis
274 2127 302 2154 te
326 2121 417 2164 sequi
443 2121 656 2162 eligentibus,
681 2127 792 2155 tenore
817 2133 909 2165 prae-

159 2174 320 2207 'sentium
344 2174 514 2214 concessis,
535 2184 636 2217 aeque
668 2185 703 2206 ae
727 2174 908 2217 pariformi-

156 2253 158 2255 .
179 2233 239 2266 ter,
265 2227 442 2270 respective
465 2232 583 2266 tamen,
602 2227 647 2258 uti
671 2233 702 2259 et
727 2227 788 2259 frui
813 2238 907 2270 posse

179 2290 214 2313 ac
232 2280 350 2313 debere
375 2281 521 2312 volumus
550 2284 582 2311 et
605 2280 816 2313 declaramus.
839 2281 907 2313 Tibi

179 2338 285 2366 autem
312 2333 343 2365 in
368 2332 796 2365 lndiarumOccidentalium
813 2334 908 2366 rebus

179 2395 216 2418 ac
240 2385 486 2418 necessitatibus
511 2391 643 2429 experto
668 2386 849 2419 facultatem
870 2386 909 2419 fa-

180 2438 293 2478 cimus,
319 2444 354 2470 ut
378 2448 415 2471 ex
440 2438 721 2471 concionatoribus
746 2439 910 2472 missionu-

180 2491 234 2523 riis
251 2491 282 2524 in
309 2491 483 2534 provinciis
510 2491 662 2524 Peruanis
688 2491 909 2532 existentibus,

180 2555 288 2584 unum,
307 2545 360 2588 qui
383 2545 438 2577 tibi
459 2544 559 2587 magis
585 2544 720 2577 idoneus
743 2550 908 2589 appareat,

216 2606 226 2632 1
250 2605 409 2634 Particulam
429 2609 453 2634 et
473 2614 520 2633 nos
539 2605 661 2633 addimus
678 2608 716 2642 (n.
731 2609 788 2641 τ.).,

747 227 958 251 lNNOCENTlUS
980 227 1009 250 Xl
1036 227 1084 251 ΓΡ.

942 274 1073 308 nomine
1098 278 1209 308 nostro
1242 273 1361 316 eligas,
1388 274 1441 318 qui
1466 274 1498 307 in
1523 274 1676 317 praefatis

943 328 1128 370 provinciis,
1145 327 1364 360 commissario
1382 327 1526 370 generali
1545 327 1676 360 illarum

942 380 1080 422 partium
1107 380 1275 419 subiectis,
1305 380 1477 423 praedictis
1504 379 1678 413 erectioni-

943 434 1001 465 bus
1025 433 1183 475 invigilet,
1211 439 1243 466 ot
1266 433 1309 465 ibi
1335 433 1574 466 commissarius
1600 432 1678 465 mis-

942 485 1069 517 sionum
1093 485 1134 517 sit
1151 491 1182 518 et
1198 486 1392 528 appelletur,
1410 483 1591 528 aliumque¹
1613 485 1678 517 exi·

943 538 1101 570 stentibus
1118 538 1150 570 in
1179 538 1352 581 provinciis
1377 549 1479 571 novae
1504 538 1676 582 Hispaniae

943 600 978 622 ae
992 590 1263 634 Pliilippinarum‚
1278 591 1318 623 ad
1343 590 1491 623 eumdem
1517 590 1677 631 ellectum,

943 648 974 676 et
997 653 1069 676 cum
1094 644 1207 676 eodem
1233 644 1325 677 titulo
1350 654 1408 686 pro
1434 643 1496 677 illis
1521 644 1677 687 partibus,

944 696 1019 728 dum
1037 697 1076 729 ad
1102 697 1173 729 illas
1198 707 1264 729 non
1290 697 1490 739 perveneris,
1508 697 1678 731 nominare

944 748 1080 791 poteris,
1101 754 1140 788 et,
1155 748 1181 780 si
1199 759 1333 781 necesse
1351 749 1448 780 fuerit
1464 749 1549 792 quod
1567 749 1679 782 distin·

944 805 1014 832 etus
1039 801 1078 833 ad
1103 801 1287 843 provincias
1311 801 1514 843 Pliilippinas
1539 801 1679 834 destine-

945 859 1017 892 tur,
1041 853 1138 885 alium
1164 863 1222 896 pro
1258 853 1321 886 illis
1348 853 1509 886 destinare
1543 854 1677 887 valebis.

945 904 1102 937 Praedieti
1118 910 1223 938 autem
1244 904 1432 937 missionum
1458 906 1678 945 commissarii,

946 969 962 990 a
980 964 1010 991 te
1036 957 1191 1000 eligendi,
1207 958 1321 991 eadem
1352 958 1543 991 auctoritate
1570 965 1601 992 et
1625 969 1677 992 su-

944 1011 1134 1054 perioritate
1152 1021 1187 1043 ac
1205 1011 1362 1043 similibus
1381 1011 1597 1051 facultatibus,
1615 1017 1678 1044 tam

945 1075 1003 1106 pro
1028 1064 1258 1104 erectionibus,
1285 1075 1380 1107 quam
1405 1075 1465 1107 pro
1491 1065 1680 1098 exercendis

946 1117 1154 1150 missionibus
1179 1122 1211 1149 et
1235 1117 1430 1160 quaerendis
1463 1118 1503 1150 ad
1534 1118 1608 1151 illas
1633 1128 1681 1152 re-

946 1170 1078 1212 ligiosis‚
1099 1169 1196 1213 potiri
1222 1175 1254 1202 et
1277 1169 1337 1201 frui
1362 1175 1537 1213 poterunt,
1562 1170 1681 1214 quibus

947 1221 1092 1255 tuarum³
1117 1228 1229 1256 tenore
1247 1222 1302 1262 uti,
1320 1222 1381 1254 frui
1406 1233 1443 1255 ae
1467 1223 1563 1266 potiri
1581 1223 1679 1263 vales,

946 1286 1026 1318 quae
1045 1275 1101 1308 tibi
1118 1285 1176 1319 pro
1202 1275 1324 1308 eisdem
1349 1275 1495 1318 partibus
1515 1276 1613 1309 etiam
1631 1276 1682 1309 de·

946 1328 1096 1366 servient,
1123 1333 1154 1360 et
1176 1327 1351 1371 nunquam,
1376 1328 1436 1361 nisi
1462 1339 1519 1371 per
1543 1329 1682 1371 Aposto-

946 1381 1039 1414 licam
1064 1380 1180 1413 Sedem
1206 1381 1291 1413 aliud
1309 1380 1403 1413 fuerit
1421 1380 1679 1422 determinatum,

948 1434 1006 1466 sub
1030 1434 1097 1467 ullo
1122 1438 1290 1476 praetextu
1310 1432 1475 1465 finientur.
1497 1433 1682 1476 Eademque

949 1486 1119 1519 duratione
1144 1487 1287 1529 praefata
1306 1486 1486 1525 auctoritas,
1513 1486 1683 1529 superiori·

951 1544 996 1572 tas
1016 1545 1048 1572 et
1072 1539 1241 1572 facultates
1259 1544 1352 1582 patre
1369 1538 1541 1572 Franciseo
1566 1538 1683 1572 Salme-

948 1592 1021 1625 zoni
1042 1602 1218 1625 concessae
1243 1591 1414 1631 durabunt,
1437 1591 1499 1624 nisi
1518 1591 1612 1624 etiarn
1631 1592 1683 1625 ali-

950 1650 997 1677 ter
1021 1655 1079 1688 per
1105 1645 1249 1678 eamdem
1274 1643 1419 1677 Sanctam
1444 1643 1561 1676 Sedem
1586 1644 1684 1677 fuerit

949 1698 1138 1730 stabilitum.
1177 1696 1355 1740 Unicuique
1398 1701 1506 1729 autem
1540 1701 1682 1730 vestrum

949 1750 1175 1794 praecipimus,
1194 1755 1237 1789 ut,
1255 1755 1318 1782 tam
1332 1759 1390 1792 pro
1415 1749 1597 1782 seminariis
1615 1759 1683 1782 ere-

949 1802 1008 1835 ctis
1023 1813 1057 1835 ae
1071 1801 1243 1844 erigendis,
1258 1812 1353 1845 quam
1367 1812 1427 1845 pro
1442 1801 1594 1834 exercitio
1609 1801 1684 1835 mis-

949 1856 1076 1888 sionum
1102 1856 1135 1887 in
1159 1855 1321 1887 lndiarum
1339 1855 1482 1898 partibus
1511 1854 1682 1897 erigendo,

950 1908 1085 1940 idoneos
1104 1911 1225 1940 tantum
1251 1907 1423 1949 religiosos
1440 1906 1632 1947 admittat.is;
1651 1912 1684 1940 et

951 1961 1080 2003 quando
1099 1960 1130 1992 in
1149 1960 1277 1993 easdem
1302 1965 1410 2002 partes
1437 1960 1573 1993 transire
1594 1959 1684 1992 vobis

950 2019 1168 2056 opportunum
1198 2013 1298 2045 visum
1324 2012 1441 2053 fuerit,
1470 2013 1548 2046 illuc
1573 2017 1684 2045 tenore

951 2067 1168 2110 praesentium
1195 2077 1249 2099 vos
1280 2066 1429 2099 conferre
1454 2065 1614 2109 poteritis.
1640 2064 1683 2098 Te

951 2130 1026 2152 vcro
1051 2121 1098 2153 vel
1130 2120 1276 2162 praefato
1300 2124 1392 2162 patre
1417 2118 1606 2151 Salmezone
1630 2118 1685 2152 de-

951 2173 1084 2205 cedente
1101 2199 1108 2212 ,
1134 2177 1187 2204 aut
1210 2182 1275 2204 uno
1307 2172 1358 2204 vel
1393 2172 1495 2204 altero
1519 2170 1553 2203 in
1577 2170 1683 2205 indias

952 2230 1149 2264 transeunte,
1167 2229 1199 2257 et
1223 2224 1298 2257 dum
1323 2223 1536 2256 commissarii
1559 2223 1685 2257 missio-

951 2289 1040 2317 num,
1068 2289 1148 2321 quos
1173 2278 1206 2310 in
1230 2277 1393 2311 Indiarum
1418 2277 1527 2320 regnis
1553 2282 1585 2310 et
1608 2288 1696 2321 pr0-‚

953 2331 1074 2371 vinciis,
1100 2336 1134 2363 ut
1158 2331 1354 2374 praefertur,
1379 2330 1528 2373 elegeris,
1556 2321 1696 2374 praediss

951 2390 1036 2418 ctum
1061 2395 1176 2417 munus
1208 2395 1267 2427 per
1298 2384 1502 2427 septennium
1531 2395 1684 2419 exercue-

951 2439 1025 2477 rint,
1044 2439 1108 2478 alii,
1126 2443 1232 2471 vestro
1250 2443 1281 2470 et
1305 2438 1435 2471 illorum
1455 2438 1539 2477 loco,
1555 2449 1574 2472 a
1590 2448 1685 2483 supe-

951 2492 1092 2525 rioribus
1133 2491 1340 2534 generalibus
1379 2491 1509 2524 illarum
1544 2491 1685 2535 partium

987 2565 996 2589 1
1021 2563 1100 2589 Deest
1117 2562 1262 2598 praeposit.
1283 2570 1319 2589 ex
1336 2562 1376 2595 (n.
1392 2563 1441 2595 τ.).
1638 2554 1641 2555 ⁷

985 2607 1002 2634 2
1017 2607 1106 2635 Potius
1120 2607 1178 2643 lege
1194 2610 1225 2635 tu
1239 2607 1346 2635 harum
1361 2615 1409 2643 pro
1427 2609 1547 2636 tuarum
1561 2609 1654 2648 (lup.)

1573 216 1638 250 695
1683 224 1731 252 An.
1751 223 1781 252 c.
1801 224 1868 252 ¹686
