2111 3157
18 188 65 214 Αη.
81 186 108 212 C.
133 185 198 212 ¹680

207 238 350 276 tempore
376 232 542 276 spectabit,
568 231 797 264 inviolabiliter
828 231 938 263 obser-

206 286 281 324 vari,
305 286 415 328 sieque
436 286 469 317 in
486 284 667 328 praemissis
684 295 743 327 per
767 294 936 326 quoscum-

205 348 267 380 que
307 337 428 370 iudices
470 337 647 370 ordinarios
686 342 718 368 et
756 336 932 376 delegatos,

205 390 298 421 etiam
325 400 492 422 causarum
519 389 627 431 palatii
654 387 823 430 apostolici
848 386 935 418 audi-

205 447 299 481 tores,
336 442 473 473 iudicari
507 446 537 473 et
569 440 694 472 definiri
731 439 860 475 debere,
899 447 934 468 ac

204 494 328 526 irritum
354 499 384 526 et
407 494 502 525 inane
528 493 552 524 si
586 502 676 524 secus
711 500 807 532 super
841 489 891 520 liis
917 499 934 520 a

204 558 376 591 quoquam,
408 547 517 589 quavis
555 545 754 581 auctoritate,
793 542 934 574 scienter

203 602 253 633 (el
279 600 476 642 ignoranter,
493 598 665 640 eontigerit
684 595 843 629 attentari.

247 653 261 694 ἓ
286 652 316 684 5.
343 651 412 683 Non
433 651 634 682 obstantibus
652 647 933 681 constitutionibus

203 708 235 735 et
259 702 515 736 ordinationibus
539 700 736 743 apostolicis,
756 705 796 737 et,
824 703 933 740 qnate-

203 764 263 785 nus
287 764 368 796 opus
393 753 441 791 sit,
458 752 560 784 dictae
578 749 842 792 Congregationis
867 748 932 779 Gal-

202 806 325 838 licanae
352 810 382 837 et
405 804 532 836 Ordinis
573 803 799 845 praefatorum,
837 799 931 832 etiam

37 661 191 682 Contrariorum

13 687 128 711 derogabo.

202 858 391 896 iuramento,
410 857 653 889 confirmatione
672 854 865 897 apostoliea,
882 853 931 885 vel
951 868 953 885 ,ι

203 910 315 952 quavis
333 909 486 940 firmitate
518 908 580 940 alia
605 906 778 945 roboratis,
802 905 931 937 statutis
951 914 952 918 ¹

203 966 235 992 et
260 960 567 998 consuetudinibus,
586 959 766 1001 privilegiis
788 968 930 1000 quoque,

202 1012 336 1046 indultis
357 1019 388 1045 et
412 1012 526 1046 litteris
553 1011 740 1054 apostolicis
758 1011 789 1042 in
808 1016 931 1042 contra-

201 1067 280 1098 rium
306 1065 555 1108 praemissorum
589 1063 834 1106 quomodolibet
857 1074 931 1094 con-

201 1118 314 1155 cessis,
340 1117 535 1149 confirmatis
560 1123 591 1148 et
614 1115 788 1153 innovatis3
815 1115 929 1156 quibus
951 1128 952 1135 ¹

201 1170 350 1202 omnibus
377 1174 407 1201 et
437 1168 592 1209 singulis,
634 1168 761 1199 illorum
802 1172 930 1199 tenores

200 1273 358 1316 expressis
385 1283 419 1304 ac
444 1273 482 1304 de
509 1272 603 1304 verbo
625 1272 661 1304 ad
683 1272 815 1303 verbum
834 1271 932 1303 inser-

202 1326 239 1356 tis
258 1325 425 1363 habentes,
443 1324 506 1356 illis
518 1323 594 1355 alias
611 1323 642 1354 in
657 1333 714 1354 suo
727 1323 841 1354 robore
861 1334 931 1365 per-

199 1377 374 1415 mansuris,
411 1376 448 1407 ad
489 1375 741 1417 praemissorum
773 1375 953 1414 ellectum„

201 1430 260 1461 hac
270 1429 337 1461 vice
349 1428 524 1467 dumtaxat,
539 1427 724 1469 specialiter
734 1433 764 1459 et
782 1438 931 1470 expresse

201 1483 415 1524 derogamus,
450 1482 633 1523 ceterisque
666 1482 834 1513 contrariis
865 1483 933 1524 qui-

200 1537 411 1577 buseumqne.

244 1587 313 1630 §6-
352 1587 505 1618 Volumus
542 1590 647 1618 autem
682 1591 715 1617 ut
747 1588 931 1620 earumdem

201 1638 420 1682 praesentium
445 1638 624 1670 litterarum
643 1639 860 1679 transumptis,
878 1650 933 1671 seu

201 1690 364 1733 exemplis,
390 1690 484 1722 etiam
511 1690 688 1732 impressis,
716 1701 809 1722 manu
835 1691 933 1723 alicu-

200 1743 248 1775 ius
272 1742 389 1775 notarii
406 1741 525 1784 publici
549 1742 753 1785 subscriptis,
772 1749 802 1775 et
826 1744 932 1785 sigillo

201 1805 359 1839 personae
379 1795 411 1827 in
430 1794 649 1827 ecclesiastica
674 1795 828 1836 dignitate
860 1807 934 1828 con-

203 1848 331 1881 stitutae
364 1846 518 1886 munitis,
545 1847 655 1878 eadem
690 1858 821 1888 prorsus
856 1849 933 1880 tides

44 1915 59 1923 ⁴-
204 1905 267 1932 tam
292 1900 323 1931 in
338 1898 458 1932 iudicio
489 1908 584 1940 quam
603 1904 691 1931 extra
710 1900 788 1931 illud
817 1901 935 1933 habea-

206 1957 266 1990 tur,
291 1961 372 1993 quae
394 1951 570 1982 haberetur
600 1950 678 1992 ipsis
708 1952 934 1992 praesentibus

204 2005 229 2036 si
249 2005 354 2036 forent
377 2003 539 2035 exhibitae
563 2003 612 2034 vel
634 2009 791 2036 ostensae.

249 2056 362 2087 Datum
388 2055 518 2092 Romae,
543 2055 628 2096 apud
658 2054 687 2087 S.
717 2056 854 2094 Petrum,
875 2058 935 2089 sub

205 2109 327 2140 annulo
346 2106 529 2144 Piscatoris,
552 2106 602 2138 die
627 2118 664 2139 xv
682 2108 755 2139 maii
784 2118 934 2148 rinctxxx,

205 2160 414 2204 pontificatus
445 2160 548 2192 nostri
574 2171 658 2192 anno
685 2171 726 2193 iv.

49 1593 112 1613 Fides
134 1595 189 1613 tran-

10 1623 144 1645 nummorum.

241 2222 302 2248 Dat.
318 2221 361 2248 die
378 2222 410 2248 15
429 2221 492 2248 maii
514 2221 590 2253 1680,
607 2221 705 2255 pontif.
726 2230 796 2248 anno
811 2229 846 2249 tv.

531 2404 609 2411 111111

209 2475 442 2518 Approbanlnr
477 2475 664 2507 institutum
689 2480 718 2508 et
742 2477 941 2509 constitutio-

256 2538 309 2560 nes
338 2528 523 2559 clericorum
554 2530 770 2561 saecularium
801 2530 835 2561 in
860 2541 941 2562 com-

316 2588 393 2614 Bult.
411 2589 491 2615 Rom.
505 2604 536 2607 —-
557 2589 616 2615 Vol.
636 2589 708 2616 XIX.
823 2624 830 2630 ἡ
869 2591 899 2617 31

777 183 851 207 INNO
857 183 988 207 CENTIUS
1010 183 1040 207 x}
1065 184 1113 206 Pr.

1608 168 1666 202 ΞΗ
1718 179 1765 204 An.
1787 177 1815 205 c,
1834 177 1900 206 1030

1023 230 1118 261 muni
1141 229 1315 262 vimntimn
1342 228 1400 260 sub
1433 226 1621 259 immediata
1648 226 1707 258 01*-

1021 281 1226 313 dinariorum
1249 280 1483 313 iurisdictione.

1165 368 1358 395 Innocentius
1379 369 1454 400 Papa
1474 368 1522 397 xl,

1087 412 1123 438 ad
1143 416 1319 446 perpetuam
1342 415 1386 439 rei
1411 414 1594 438 memoriam.

1019 490 1163 522 Creditae
1200 492 1292 522 nobis
1327 491 1477 523 divinitus
1510 490 1705 533 apostolicae
1743 498 1863 521 nmmum.

975 542 1136 574 servitutis
1175 543 1254 575 ratio
1294 545 1450 585 postulat,
1490 549 1525 576 ut
1565 544 1706 576 salubria

976 593 1233 626 christifidelium
1260 595 1290 626 in
1316 601 1435 627 sortem
1462 596 1587 627 Domini
1613 606 1706 627 voca-

977 650 1079 677 torum
1115 646 1277 685 instituta,
1312 658 1346 679 ez
1374 647 1488 689 quibus
1519 649 1636 681 uberes
1672 649 1704 681 in

952 697 1113 729 'Ecclesia
1140 698 1192 729 Dei
1223 699 1380 730 bonorum
1412 710 1546 741 operum
1584 701 1704 732 fructus

952 761 953 769 ¹
975 749 1102 781 assidue
1127 749 1296 792 provenire
1322 757 1508 788 noscuntur,
1533 762 1568 783 ae
1594 754 1706 784 eonsti-

976 801 1116 834 tutiones
1152 812 1211 844 pro
1245 802 1331 834 felici
1368 812 1593 845 prosperoque
1634 804 1705 836 illo-

973 864 1042 886 rum
1075 855 1228 896 regimine
1261 860 1293 886 et
1328 866 1500 900 progressu
1538 857 1589 897 pie
1628 868 1706 898 pru-

974 907 1151 949 denterque
1184 908 1291 947 factas,
1317 910 1486 952 apostolici
1520 910 1705 942 muniminis

951 960 1137 1003 ¹praesidio
1176 961 1385 1000 roboremus,
1424 962 1540 1004 piaque
1574 963 1704 995 illorum

973 1013 1078 1045 studia
1112 1013 1270 1045 favoribus
1295 1020 1326 1045 et
1357 1015 1466 1056 gratiis
1492 1016 1704 1053 decoremus,

974 1067 1054 1098 sicut
1078 1067 1115 1098 ad
1146 1067 1378 1109 omnipotentis
1411 1068 1463 1099 Dei
1499 1068 1634 1109 gloriam
1674 1074 1707 1101 et

974 1118 1150 1150 animarum
1183 1120 1318 1150 salutem
1346 1119 1376 1150 in
1402 1120 1536 1152 Domino
1570 1120 1706 1151 arbitra-

951 1175 953 1201 ἑ
975 1181 1056 1202 mur.

200 1221 426 1265 praesentibus
470 1231 528 1263 pro
560 1222 655 1262 plene
684 1225 714 1251 et
738 1209 953 1251 sufficienter*

1018 1224 1031 1265 ᾗ
1057 1223 1086 1255 t.
1109 1223 1230 1266 Exponi
1247 1225 1405 1266 siquidem
1424 1225 1516 1257 nobis
1538 1236 1641 1268 nuper
1663 1225 1706 1256 sc·
1724 1231 1899 1278 vrffiii'ssaff't‘ilssss

974 1281 1087 1307 cerunt
1112 1276 1220 1308 dileeti
1246 1276 1302 1308 tilii
1328 1277 1435 1309 elerici
1463 1279 1646 1310 saeculares
1673 1265 1793 1309 inim-11¹·
1832 1267 1841 1278 ι

974 1327 1133 1359 communi
1158 1328 1311 1364 viventes,
1349 1330 1433 1371 quod
1470 1340 1554 1362 anno
1590 1340 1705 1369 uben,

974 1381 1074 1421 opera
1100 1385 1173 1411 tune
1197 1380 1228 1411 in
1256 1381 1404 1412 humanis
1430 1382 1554 1423 agentis
1572 1383 1707 1414 Bartho-

975 1432 1090 1463 lomaei
1119 1433 1361 1470 Iloltzltauzer,
1395 1433 1502 1465 vicarii
1538 1439 1612 1466 tune
1644 1434 1708 1466 exi-

975 1483 1088 1515 stentis
1114 1483 1256 1526 episcopi
1282 1484 1482 1516 Chiemensis
1508 1485 1538 1516 111
1563 1486 1705 1523 Bavaria,

952 1546 1011 1567 <ac
1036 1536 1072 1567 ad
1098 1535 1128 1568 S.
1156 1536 1308 1568 loannem
1344 1537 1375 1568 in
1408 1538 1628 1579 Leoggenthal
1655 1539 1708 1570 de-

976 1588 1257 1627 cani,iuehoatum
1291 1588 1349 1620 suit
1374 1599 1482 1620 eurum
1520 1590 1706 1628 institutum,

977 1641 1059 1681 quod
1087 1640 1150 1672 Deo
1184 1640 1361 1682 opitulante
1389 1641 1419 1673 in
1446 1642 1515 1673 aliis
1551 1642 1708 1674 dieecesi-

977 1693 1034 1724 bus
1060 1698 1089 1724 et
1116 1693 1286 1734 provinciis
1311 1693 1341 1724 111
1362 1693 1429 1725 dies
1448 1695 1592 1736 usquein
1615 1706 1708 1736 prae-

976 1756 1048 1777 sens
1073 1746 1153 1777 adeo
1185 1746 1344 1783 cxvi-evit,
1383 1751 1416 1777 ut
1448 1758 1511 1778 11011
1545 1753 1665 1778 tantum
1691 1758 1708 1778 a

976 1798 1080 1829 bonae
1107 1798 1278 1829 memoriae
1304 1798 1420 1830 Ioanne
1446 1799 1605 1841 Philippo,
1633 1800 1707 1832 dum

978 1850 1062 1885 vixit,
1078 1849 1322 1891 archiepiscopo
1342 1851 1536 1892 MoguntinQ
1555 1852 1637 1884 sacri
1658 1863 1707 1883 re-

978 1902 1061 1933 mani
1100 1901 1225 1943 imperii
1263 1902 1410 1944 principe
1449 1905 1611 1943 electore,
1652 1904 1707 1936 sed

978 1954 1072 1985 etiam
1104 1954 1142 1985 ab
1177 1954 1247 1986 aliis
1277 1955 1422 1996 pluribus
1455 1956 1707 1999 archiepiscopis

979 2012 1009 2039 et
1035 2006 1195 2048 episeopis
1222 2007 1317 2038 suerit
1340 2007 1371 2038 in
1397 2018 1510 2039 eorum
1545 2008 1708 2041 dioeceses

979 2065 1143 2102 receptum
1170 2065 1201 2091 et
1230 2070 1379 2101 expresse
1416 2061 1645 2103 approbatum,
1674 2073 1710 2094 ac

979 2112 1018 2143 ab
1042 2112 1155 2143 iisdem
1186 2121 1244 2153 per
1274 2112 1420 2153 proprias
1446 2113 1581 2152 litteras,
1616 2120 1711 2156 prout

979 2164 1075 2196 etiam
1112 2174 1129 2195 a
1164 2163 1328 2195 carissuno
1355 2164 1386 2195 in
1411 2164 1536 2197 Christo
1562 2166 1626 2199 silio
1654 2177 1711 2199 no-

980 2223 1044 2249 stro
1070 2216 1234 2258 Leopoldo
1260 2216 1480 2249 Romanorum
1501 2228 1576 2260 rege
1602 2219 1632 2250 in
1659 2219 1711 2251 im-

981 2274 1162 2312 peratorem
1199 2270 1313 2307 eleeto,
1341 2275 1371 2300 et
1402 2280 1419 2301 a
1451 2271 1555 2303 bonae
1593 2273 1712 2314 pariter

981 2321 1152 2354 memoriae
1176 2321 1390 2354 maximiliano
1414 2323 1424 2354 l
1450 2327 1482 2355 et
1506 2324 1711 2357 Ferdinando

983 2374 1089 2410 Maria,
1107 2374 1180 2405 dum
1197 2373 1352 2413 vixerunt,
1371 2375 1536 2417 utriusque
1562 2377 1713 2409 Bavariae

983 2426 1136 2465 ducibus,
1164 2425 1305 2457 eiusdem
1332 2427 1413 2458 sacri
1439 2429 1561 2460 romani
1589 2429 1713 2471 imperii

984 2478 1183 2520 principibus
1219 2479 1431 2518 electoribus,
1474 2480 1548 2512 huie
1583 2471 1614 2513 Sss
1641 2481 1714 2513 Sedi

985 2531 1185 2573 Apostolicae
1233 2530 1461 2564 instantissime
1504 2533 1712 2565 commenda-
