2111 3157
0 228 32 248 tn.
47 219 75 250 C.
99 218 165 247 1686

33 647 94 668 Fides
109 648 163 670 tran·

0 676 114 702 tmptorum.

5 2012 112 2033 Decretum
128 2013 157 2033 dt-

0 2045 26 2059 αθ
44 2040 158 2065 Conari-ga-

0 2066 40 2085 auis
53 2065 148 2092 indulgen

0 2097 61 2113 nrum.

759 221 969 246 INNOCENTlL'S
993 223 1023 246 XI
1048 222 1097 246 PP.

173 277 340 301 causarum
367 269 476 311 palatii
514 269 684 311 apostolici
718 269 902 310 auditores,

173 320 310 353 iudicari
343 326 374 353 et
398 321 525 354 deliniri
551 322 682 361 debere,
721 332 755 353 ac
778 321 903 354 irritum

173 377 204 406 et
226 373 323 405 inane
348 373 373 405 si
400 383 491 405 secus
514 374 676 416 superbis
698 384 714 406 a
733 384 904 417 quoquam,

173 427 284 470 quavis
322 427 532 467 auctoritate,
573 427 716 460 scienter
739 429 788 460 vel
814 427 906 469 igno-

172 485 293 520 ranter,
319 480 493 523 contigerit
523 481 685 513 attentari.
711 481 746 513 ln
778 486 905 513 contra-

173 533 254 566 rium
281 533 472 566 facientibus
508 543 573 566 non
609 534 811 566 obstantibus
837 533 906 576 qui-

173 584 386 628 buscumque.

217 639 288 682 §liu
321 639 476 672 Volumus
512 643 617 671 autem
651 643 687 670 ut
720 638 906 671 earumdem

173 690 394 734 praesentium
416 691 593 723 litterarum
612 690 831 732 transumptis,
849 700 904 722 seu

174 743 338 786 exemplis,
357 743 451 775 etiam
465 742 641 785 impressis,
661 751 754 774 manu
771 742 906 774 alicuius

172 795 290 828 notarii
308 795 427 838 publici
444 794 645 837 subscriptis,
664 799 696 826 et
714 794 820 836 sigillo
837 804 907 836 per·

172 858 269 881 sonae
296 848 329 880 in
358 847 575 880 ecclesiastica
599 847 757 889 dignitate
785 847 906 879 consti-

172 906 258 934 tutae
282 900 424 940 munitis,
442 900 556 933 eadem
576 911 710 943 prorsus
738 900 817 932 fides
836 900 906 931 ubi-

172 963 233 996 que
253 954 410 993 locorum,
430 958 492 987 tam
513 953 544 985 in
566 953 683 986 iudicio
703 963 798 996 quam
817 958 905 985 extra

171 1006 250 1039 illud
285 1005 464 1045 habeatur,
493 1016 575 1048 quae
611 1005 689 1048 ipsis
726 1005 906 1048 praesenti-

170 1059 230 1091 bus
255 1058 432 1091 baberetur
467 1058 490 1090 si
526 1058 631 1091 forent
667 1058 831 1090 exhibitae
856 1058 905 1090 vel

172 1116 335 1144 ostensae.

213 1163 327 1196 Datum
352 1163 484 1203 Romae,
513 1165 597 1207 apud
622 1163 652 1196 S.
687 1163 816 1196 Mariam
844 1164 906 1196 Ma-

172 1216 286 1255 iorem,
325 1217 385 1248 sub
421 1217 540 1249 annulo
570 1215 769 1255 piscatoris,
804 1216 856 1248 die
887 1227 905 1249 v

171 1269 364 1312 septembris
394 1278 582 1308 nnctxxxvt,
609 1269 812 1312 pontificatus
849 1279 906 1302 no-

171 1321 227 1353 stri
254 1331 338 1353 anno
364 1333 392 1353 x.

204 1383 266 1408 Dat.
286 1383 329 1409 die
345 1383 361 1409 5
375 1383 536 1418 septembris
554 1383 630 1417 1686,
652 1384 749 1419 pontis.
769 1391 841 1411 anno
857 1391 885 1411 x.

472 1524 610 1557 CLXXV.

171 1605 388 1645 Confirmulur
402 1604 561 1637 ilem-istam
575 1604 840 1648 C'onslreqationis
853 1605 903 1638 Ιη-

212 1657 454 1698 statuentem-nm
475 1657 643 1689 dvc-taraus
663 1668 814 1699 personas
831 1658 900 1690 snb-

212 1710 385 1741 stantialia
417 1710 587 1752 ›wlz'yz'om's
622 1715 693 1741 rota
725 1720 787 1743 non
813 1711 904 1742 emit-

213 1766 310 1794 tentes
341 1773 404 1794 non
435 1761 663 1805 comprrlzemli
694 1762 727 1794 in
758 1764 904 1806 yeneralz'

213 1815 495 1856 indutqentiaram
521 1817 716 1848 revocatione
731 1817 749 1847 ¹.

353 1895 547 1921 Innocentius
565 1895 642 1928 Papa
663 1896 712 1923 xl.

310 1939 346 1964 ad
367 1939 498 1964 futuram
518 1939 562 1965 rei
583 1940 764 1966 memoriam.

213 2009 227 2051 ξ,
245 2009 269 2041 l.
291 2009 375 2041 Alias
390 2008 837 2052 emanavitaCongregatione
857 2022 902 2044 ve·

169 2061 361 2094 nerabilium
374 2062 502 2094 fratrum
517 2068 700 2096 nostrorum
715 2063 824 2095 S.R.E.
840 2074 901 2096 car-

170 2114 324 2147 dinalium
352 2114 561 2156 indulgentiis
583 2120 614 2147 et
631 2115 729 2148 sacris
754 2117 900 2160 reliquiis

169 2166 353 2209 praeposita
378 2167 541 2199 decretum
573 2168 691 2199 tenoris
716 2169 769 2211 qui
795 2170 901 2212 sequi-

170 2223 230 2259 tur,
253 2219 423 2253 videlicet:
456 2233 469 2248 ι(
490 2220 592 2252 Dubio
618 2231 676 2263 per
699 2221 800 2253 virum
826 2223 900 2255 reli-

169 2272 293 2314 giosum
318 2283 425 2304 sacrae
451 2272 697 2314 Congregationi
730 2275 899 2317 proposito

170 2329 200 2357 et
224 2324 255 2357 in
281 2327 318 2358 ea
343 2325 536 2364 examinato,
567 2331 673 2357 utrum
701 2327 731 2358 in
757 2327 899 2368 generali

170 2377 375 2410 revocatione
414 2377 714 2419 indulgentiarum,
753 2389 835 2421 quae
868 2380 899 2411 in

170 2429 258 2462 Brevi
284 2430 448 2463 Romanus
468 2431 618 2472 Pontifex
644 2431 731 2463 Pauli
757 2431 779 2462 V
804 2431 902 2464 habe-

170 2487 221 2514 tur
246 2483 320 2515 dato
349 2493 424 2516 xxm
453 2483 525 2515 maii
552 2494 659 2523 tuncvi2
686 2485 900 2527 comprehen-

207 2553 218 2578 t
250 2552 320 2579 Haec.
348 2553 571 2586 indulgentiarum
599 2555 733 2584 revocatio
766 2558 838 2581 extat
872 2555 898 2582 in

170 2595 246 2623 Pauli
258 2595 275 2620 V
291 2597 394 2623 constit.
412 2597 452 2624 cd.
475 2603 565 2630 uocvi,
582 2597 624 2623 die
640 2597 672 2624 3··
687 2597 757 2632 maii,
775 2601 849 2632 pont.
870 2605 897 2625 ιι.

948 269 1062 302 dantur
1085 277 1254 312 personae,
1280 279 1362 312 quae
1387 269 1608 303 substantialia
1626 281 1675 303 re-

947 322 1075 364 ligionis
1098 326 1171 355 vota
1196 332 1260 354 non
1286 323 1434 355 emittunt
1455 323 1536 356 intra
1553 325 1601 356 rel
1623 333 1676 356 ex-

948 380 994 407 tra
1015 376 1151 409 claustra
1177 376 1352 418 degentes:
1372 377 1482 409 eadem
1502 377 1677 420 Congrega-

948 427 990 459 tio
1012 428 1185 470 respondit,
1205 439 1258 460 eas
1278 428 1407 462 minime
1429 431 1673 472 comprehendi.

946 499 988 503 —-
1012 480 1048 513 Α.
1076 481 1247 513 cardinalis
1273 482 1452 516 Ilononssrs
1481 483 1678 518 Micmiz'tm-

948 542 1046 565 cetus
1062 533 1191 566 Riccius
1215 543 1325 566 sacrae
1344 534 1610 578 Congregationis
1628 547 1677 570 se-

947 586 1100 617 cretarius
1117 598 1147 618 i).

990 638 1004 679 g
1030 637 1059 670 ⁶2.
1087 638 1162 670 Cum
1188 644 1303 678 autem,
1330 640 1410 672 sicut
1434 641 1570 674 dilectus
1594 643 1677 675 iilius

948 689 1135 722 Franciscus
1155 691 1228 723 Diaz
1253 702 1270 723 a
1301 692 1331 724 S.
1359 693 1606 736 Bonaventura,
1634 697 1679 729 le-

948 748 1016 774 ctor
1041 743 1200 783 generalis
1229 744 1391 784 iubilatus,
1415 752 1542 779 sanctae
1574 748 1680 792 lnqui-

948 794 1072 827 sitionis
1098 795 1307 837 qualificator‚
1330 803 1360 829 et
1380 798 1411 829 in
1432 798 1573 832 Romana
1590 801 1681 834 Curia

948 857 1004 889 pro
1018 848 1255 880 ultramontana
1279 849 1406 890 familia,
1429 851 1632 885 obedientiae
1650 860 1682 886 et

949 899 1119 932 directioni
1145 900 1281 933 ministri
1301 903 1460 943 generalis
1480 903 1606 937 Ordinis
1623 906 1682 938 sra-

950 957 1029 984 trum
1056 953 1212 985 Minorum
1239 955 1339 986 sancti
1365 955 1523 989 Francisci
1550 945 1598 989 de'
1621 958 1678 991 Ob-

948 1006 1105 1038 serrautia
1136 1012 1392 1049 nuncupatorum
1410 1009 1567 1050 subiecta,
1595 1021 1682 1044 com-

949 1059 1111 1091 missarius
1139 1060 1308 1101 generalis,
1327 1061 1420 1094 nobis
1439 1073 1546 1105 nuper
1563 1065 1680 1107 exponi

949 1112 1030 1152 fecit,
1050 1112 1118 1155 ipse
1145 1113 1308 1146 decretum
1334 1114 1528 1156 huiusmodi,
1548 1127 1612 1160 quo
1629 1117 1682 1150 fir-

948 1165 1029 1197 mius
1045 1166 1206 1206 subsistat,
1217 1167 1411 1209 apostolicae
1426 1168 1681 1203 confirmationis

949 1223 1077 1251 nostrae
1121 1219 1301 1261 patrocinio
1342 1221 1535 1254 communiri
1574 1222 1678 1265 pluri-

948 1281 1031 1303 mum
1050 1271 1229 1304 desideret:
1260 1282 1329 1312 nos,
1344 1273 1447 1316 ipsum
1472 1274 1680 1308 Franciscum

947 1324 1198 1356 commissarium
1216 1327 1400 1367 generalem
1427 1327 1618 1369 specialibus
1642 1329 1681 1361 sa-

947 1377 1074 1409 voribus
1088 1380 1117 1409 et
1134 1377 1245 1419 gratiis
1263 1381 1415 1421 prosequi
1434 1380 1589 1419 volentes,
1610 1386 1639 1413 et
1664 1391 1681 1414 a

947 1429 1113 1471 quibusvis
1149 1430 1510 1471 excommunicationis,
1548 1442 1681 1475 suspen-

946 1482 1046 1514 sionis
1070 1487 1101 1514 et
1125 1482 1304 1523 interdicti,
1327 1483 1462 1526 aliisque
1488 1485 1682 1518 eeclesiasti-

946 1534 990 1566 cis
1016 1534 1198 1574 sententiis,
1215 1535 1360 1578 censuris
1385 1541 1416 1568 et
1433 1537 1558 1579 poenis,
1576 1548 1592 1570 a
1610 1538 1680 1571 iure

946 1587 993 1619 vel
1026 1588 1064 1619 ab
1099 1587 1253 1627 homine,
1285 1588 1393 1630 quavis
1429 1590 1599 1623 occasione
1630 1592 1681 1624 vel

946 1641 1041 1671 causa
1066 1639 1148 1679 latis,
1169 1639 1193 1671 si
1221 1640 1335 1682 quibus
1360 1642 1608 1683 quomodolibet
1633 1643 1681 1675 in-

946 1693 1079 1724 nodatus
1098 1693 1212 1733 existit,
1232 1694 1269 1725 ad
1292 1692 1438 1726 effectum
1459 1696 1680 1737 praesentium

947 1745 1108 1777 dumtaxat
1138 1747 1421 1789 consequendum,
1449 1747 1563 1780 harum
1596 1749 1679 1782 serie

945 1799 1148 1831 absolventes
1169 1804 1200 1831 et
1217 1799 1399 1832 absolutum
1413 1800 1481 1833 sore
1499 1808 1678 1843 censentes,

945 1851 1234 1893 supplicationibus
1260 1852 1328 1884 eius
1355 1852 1484 1885 nomine
1510 1854 1602 1886 nobis
1627 1865 1679 1887 su-

945 1914 1003 1946 per
1036 1904 1097 1935 hoc
1133 1904 1298 1937 humiliter
1332 1905 1490 1947 porrectis
1521 1906 1678 1947 inclinati,

945 1957 1110 1988 decretum
1123 1957 1371 1999 praeinsertum,
1389 1958 1582 1991 auctoritate
1602 1970 1679 2003 apo-

945 2010 1065 2049 stolica,
1083 2015 1192 2043 tenore
1204 2011 1432 2053 praesentium,
1449 2012 1676 2046 confirmamus

945 2068 975 2095 et
999 2064 1222 2105 approbamus,
1249 2063 1359 2106 illique
1385 2064 1576 2097 inviolabilis
1601 2076 1678 2108 apo-

944 2116 1073 2148 stolicae
1094 2115 1248 2148 firmitatis
1265 2116 1365 2148 robur
1384 2116 1570 2157 adiicimus,
1590 2119 1678 2151 salva

945 2174 1050 2200 tamen
1076 2179 1202 2211 semper
1223 2168 1253 2200 in
1275 2169 1459 2211 praemissis
1485 2172 1675 2204 auctoritate
1697 2186 1699 2189 ·

944 2226 1141 2253 memoratae
1159 2220 1427 2263 Congregationis
1448 2223 1672 2257 cardinalium.

987 2274 1001 2316 g
1024 2273 1055 2306 3.
1083 2274 1298 2305 Decernentes
1323 2275 1452 2307 easdem
1485 2282 1674 2318 praesentes
1713 2283 1830 2305 C¹³usu¹ae·

943 2327 1064 2359 litteras
1082 2336 1211 2369 semper
1231 2325 1352 2367 firmus,
1368 2327 1489 2360 validas
1516 2334 1548 2362 et
1572 2330 1677 2363 effica-

943 2389 994 2411 ces
1019 2379 1156 2411 existere
1182 2384 1213 2411 et
1238 2379 1315 2419 sore,
1342 2390 1481 2423 suosque
1513 2369 1688 2424 plenarios¹

943 2436 974 2464 et
999 2432 1141 2474 integros
1166 2430 1299 2464 ctt'ectus
1324 2433 1431 2465 sortiri
1458 2438 1488 2465 et
1512 2434 1674 2477 obtinere,

943 2495 978 2516 ac
1000 2485 1072 2523 illis,
1092 2485 1131 2517 ad
1150 2495 1229 2528 quos
1250 2490 1372 2527 spectat
1396 2491 1428 2518 et
1445 2497 1504 2529 pro
1530 2492 1675 2531 tempore

943 2537 1121 2581 spectabit,
1149 2538 1336 2580 plenissime
1362 2538 1538 2582 suffragari,
1566 2540 1675 2584 sicque

944 2591 973 2622 in
1002 2590 1188 2623 praemissis
1221 2601 1280 2634 per
1304 2601 1527 2635 quoscumnue
1554 2593 1674 2628 iudices

1573 213 1631 247 711
1681 222 1730 250 An.
1752 223 1779 251 e.
1800 225 1866 253 taso

1737 654 1866 675 Conni-mati<

1689 681 1748 701 relati
1764 682 1851 701 decit-tt.
