2111 3157
229 247 278 274 Λη.
296 229 326 273 c.
349 246 415 274 ¹088
462 238 526 271 «ΟΜ

421 297 520 339 partis
545 302 723 330 conventus
750 296 915 338 appellare
933 302 1160 337 praesumpse-

421 352 475 391 rit,
501 348 615 383 cellam
640 360 700 392 pro
725 358 854 381 carcere
886 352 919 379 et
955 346 1101 379 ordinem
1126 345 1157 378 in

421 404 611 437 victualibus
636 407 763 441 teneat;
783 406 813 434 et
831 400 857 433 si
884 401 923 433 de
942 400 1015 442 suga
1032 404 1085 432 aut
1102 410 1158 443 pe-

420 458 522 490 riculo
546 455 768 490 verisimiliter
786 454 945 492 timeatur,
964 452 1063 486 firmis
1089 464 1158 486 car-

420 511 550 544 ceribus
576 509 782 549 detineatur,
821 507 926 540 donec
950 517 1010 550 per
1034 506 1157 550 capitu-

423 565 489 597 lum
513 563 562 596 vel
589 560 800 594 reverendum
819 565 953 603 patrem,
971 559 1047 592 visis
1064 564 1095 591 et
1111 570 1157 592 co-

419 617 517 660 gnitis
552 616 658 648 dictae
698 618 888 657 praetensae
927 612 1156 656 appellationis

418 670 528 709 causis,
544 669 637 702 aliter
658 667 754 700 suerit
779 666 977 699 ordinatum.

461 733 527 757 viu.
555 723 694 756 Caveant
719 726 827 754 tamen
852 719 1087 764 praesidentes,
1111 719 1157 752 vi-

417 777 568 810 sitatores
602 780 655 808 aut
679 773 900 813 commissarii,
933 783 973 806 ne
998 773 1030 805 in
1056 772 1156 805 corri-

417 830 522 873 gendo
546 829 679 862 modum
715 827 889 866 excedant,
926 831 958 859 et
989 825 1155 858 nihilomi-

417 893 487 922 nus,
506 883 569 915 hoc
588 892 662 914 casu
684 879 916 924 appellationis
931 878 1152 922 contingente,

417 935 607 980 quamcitius
623 938 787 978 poterunt,
803 942 993 976 expressum
1007 932 1153 964 nuntium

417 994 448 1022 et
461 987 588 1022 fidelem
603 987 735 1020 mittant
748 986 786 1018 ad
801 985 1012 1018 reverendum
1027 990 1152 1028 patrem

416 1053 488 1076 cum
513 1043 611 1086 plena
634 1039 845 1073 instructione
878 1039 916 1071 de
945 1037 1078 1070 veritate
1103 1048 1154 1070 ne-

415 1095 511 1138 gocii,
538 1101 569 1128 et
593 1104 663 1127 cum
688 1092 805 1126 litteris
830 1091 930 1134 ipsius
959 1090 1153 1134 appellantis

416 1159 492 1182 suae
517 1146 746 1191 appellationis
767 1156 879 1178 causas
896 1144 1153 1183 continentibus,

414 1207 458 1241 ut,
473 1201 596 1234 cunctis
612 1199 698 1240 visis,
716 1203 840 1232 rectum
854 1199 983 1231 valeant
998 1196 1152 1229 iudicium

415 1259 593 1297 reportare,
619 1253 680 1285 nisi
706 1252 788 1285 sorte
815 1261 961 1284 excessus
978 1250 1085 1293 gravis
1104 1260 1154 1282 es-

416 1312 465 1340 set
480 1312 512 1340 et
530 1306 672 1340 enormis
692 1316 727 1338 ac
744 1305 945 1343 manifestus,
966 1303 1016 1336 cui
1035 1304 1073 1336 de
1092 1308 1154 1335 sta-

416 1365 483 1393 tuto
508 1358 658 1402 imposita
682 1358 744 1391 sibi
776 1368 882 1401 poena
910 1357 1028 1389 merito
1061 1356 1154 1389 debe-

417 1417 529 1452 retur,
557 1422 620 1455 quo
645 1422 719 1444 casu
745 1411 883 1444 sufficiat
911 1410 996 1453 quod
1022 1410 1053 1442 in
1079 1415 1154 1442 tunc

417 1465 568 1508 sequenti
591 1464 733 1507 capitulo
758 1463 1004 1496 instructionem
1029 1463 1155 1506 praedi-

416 1523 498 1550 ctam
524 1522 555 1550 et
580 1517 703 1550 litteras
727 1516 854 1549 mittant
877 1527 933 1549 seu
958 1520 1101 1559 portent.

460 1581 501 1604 ix.
519 1570 620 1603 Porro
635 1570 744 1603 nullus
761 1570 907 1613 appellet
930 1569 992 1601 nisi
1013 1569 1052 1601 ad
1070 1579 1154 1601 reve-

418 1624 557 1657 rendum
582 1629 708 1666 patrem
725 1624 775 1656 vel
793 1622 967 1666 capitulum
989 1623 1152 1665 generale.

417 1677 453 1710 Et
477 1677 502 1710 si
528 1674 623 1709 faerit
647 1675 894 1720 pronunciatum
920 1676 1019 1718 ipsam
1045 1676 1155 1719 appel-

417 1729 570 1763 lationem
596 1728 752 1768 srivolam,
780 1728 1012 1761 calumniosam
1038 1730 1086 1761 vel
1111 1729 1156 1760 in-

419 1783 546 1822 iustam,
573 1786 625 1814 aut
651 1786 772 1814 temere
800 1781 1000 1824 appellatum
1031 1781 1128 1814 fuisse
1146 1809 1153 1822 ,

419 1835 455 1876 is,
473 1835 527 1879 qui
544 1835 589 1867 sic
606 1834 789 1878 appellavit,
809 1834 948 1876 graviter
964 1834 1131 1878 puniatur.

462 1899 492 1922 x.
513 1888 772 1931 Appellationem
791 1897 867 1919 vero
886 1897 977 1919 suam
1002 1898 1065 1920 non
1082 1899 1157 1931 pro-

421 1947 598 1985 sequantur
631 1940 752 1973 subditi
787 1940 819 1972 in
844 1940 977 1983 propria
1005 1944 1156 1984 persona,

422 1997 478 2028 sed
508 2006 567 2039 per
594 1994 744 2027 nuntium
765 1999 795 2026 et
819 1994 954 2033 litteras,
984 2000 1015 2026 et
1040 1994 1071 2027 in
1098 1995 1159 2027 hoc

421 2060 497 2081 casu
525 2048 655 2092 priores
680 2052 854 2080 teneantur
878 2047 1062 2080 ministrare
1087 2049 1159 2080 sub-

423 2103 496 2136 ditis
520 2102 669 2135 nuntium
696 2106 727 2134 et
753 2112 918 2144 expensas
940 2102 1025 2134 Idem
1052 2103 1092 2135 sit
1116 2103 1160 2134 iu-

425 2157 543 2189 dicium
562 2157 601 2189 de
619 2155 795 2198 prioribus,
807 2155 833 2187 si
850 2155 1017 2198 contingat
1034 2167 1089 2189 eos
1106 2168 1162 2200 ap-

425 2212 549 2254 pellare
574 2220 590 2241 a
613 2209 833 2241 visitatoribus
852 2210 902 2242 vel
920 2210 1159 2242 commissariis.

470 2275 512 2297 xi.
533 2263 645 2301 Porro,
668 2262 751 2306 quia,
774 2273 810 2295 ex
837 2273 874 2295 eo
895 2263 980 2305 quod
1011 2263 1165 2296 visitatio-

426 2327 484 2350 nes
508 2327 568 2349 nec
593 2315 735 2348 studiose
761 2314 887 2355 tierent,
916 2325 975 2348 nec
998 2316 1082 2348 bene
1107 2316 1165 2348 ob-

429 2374 644 2409 servarentur,
669 2378 784 2410 magna
809 2373 1000 2411 sequeretur
1024 2368 1164 2401 dissolu-

430 2423 474 2455 tio
489 2421 629 2461 Ordinis,
650 2420 865 2454 visitatoribus
890 2420 1036 2453 districte
1060 2421 1167 2453 iniun-

432 2475 536 2517 gimus
561 2480 595 2506 ut
619 2474 650 2506 in
676 2473 912 2506 visitationibus
937 2473 1002 2505 sint
1037 2473 1166 2506 solliciti

433 2533 464 2560 et
487 2527 629 2565 studiosi,
656 2532 687 2559 et
711 2532 900 2569 sequentem
938 2526 1070 2558 sormam
1107 2526 1166 2557 sibi

435 2591 451 2612 a
476 2578 616 2621 capitulo
641 2579 679 2610 dc
707 2578 852 2610 facienda
870 2578 1051 2610 visitatione
1075 2577 1169 2609 tradi-

435 2638 497 2665 tam
514 2632 600 2664 nulla
617 2631 894 2672 transgrediantur
908 2641 943 2663 ex
960 2635 1062 2675 parte,
1076 2640 1168 2673 quam

1001 245 1181 269 Bt'LLAttlt'M
1206 244 1355 270 ROmNUM

1201 292 1227 325 si
1252 293 1442 336 transgressi
1469 286 1601 331 suerint,
1627 299 1729 338 prout
1744 288 1841 339 culpa
1863 306 1938 331 exe·
1990 307 1995 314 ·

1201 346 1292 389 gerit,
1311 357 1372 389 per
1393 346 1568 389 capitulum
1584 347 1729 390 legitime
1747 348 1934 390 puniantur.

1242 410 1298 433 ΧΠ.
1314 399 1524 442 Congregatis
1539 400 1708 433 monachis
1722 400 1834 433 domus
1856 411 1937 443 quae

1200 451 1359 493 visitatur,
1387 457 1419 486 et
1443 453 1588 486 eiusdem
1613 454 1723 495 priore
1746 458 1936 497 praesente,

1199 505 1382 538 visitatores
1414 506 1642 549 ingrediuntur
1673 506 1861 550 capitulum,
1888 507 1934 540 di-

1198 564 1316 602 ctoque
1342 570 1358 591 a
1383 560 1492 603 priore
1513 561 1627 593 domus
1646 560 1841 602 Benedicite,
1873 562 1937 604 pri·

1198 622 1250 644 mo
1267 612 1385 655 legitur
1409 623 1426 645 a
1451 613 1618 646 visitatore
1639 613 1687 646 vel
1704 613 1934 647 convisitatore

1198 665 1284 698 iuxta
1301 676 1421 698 morem
1439 666 1623 709 provinciae
1641 666 1818 710 capitulum
1841 678 1935 711 prae-

1197 728 1282 751 sens.
1309 718 1346 751 Et
1381 724 1495 762 postea
1531 720 1750 763 praemittitur
1781 730 1865 764 quae
1899 720 1933 754 in

1197 771 1341 815 capitulo
1366 772 1510 815 generali
1532 772 1601 806 fieri
1625 769 1796 806 consuevit
1815 774 1932 814 oratio,

1196 825 1320 858 scilicet
1344 827 1487 868 psalmus
1522 826 1575 859 Ad
1607 831 1635 859 le
1666 827 1770 859 levavi
1802 827 1933 866 oculos,-

1195 888 1290 920 quem
1308 880 1469 922 psalmum
1486 879 1629 912 visitator
1646 880 1788 919 inchoat,
1806 885 1839 912 et
1858 879 1933 913 sub-

1196 931 1301 974 iungit
1335 942 1449 974 preces
1486 937 1518 964 et
1553 932 1715 965 orationes
1744 938 1930 966 consuetas.

1195 983 1314 1022 Quibus
1341 985 1448 1026 finitis,
1475 984 1551 1018 dicit
1575 985 1769 1026 Benedicile,
1796 991 1830 1019 et.
1851 987 1934 1019 alter

1196 1048 1232 1070 ex
1258 1037 1477 1071 visitatoribus
1502 1038 1643 1081 aliquam
1668 1039 1708 1071 de
1729 1039 1934 1072 observantia

1194 1091 1332 1131 Ordinis,
1359 1092 1397 1125 de
1423 1091 1621 1131 obedientia,
1649 1092 1687 1125 de
1711 1091 1855 1135 proprii¹
1879 1103 1934 1136 pa-

1194 1145 1288 1177 storis
1314 1144 1495 1178 reverentia
1519 1145 1601 1185 facit,
1632 1146 1808 1178 secundum
1845 1145 1932 1189 quod

1195 1197 1255 1229 sibi
1279 1196 1413 1237 videtur,
1440 1197 1712 1231 exhortationem.
1738 1198 1804 1236 Qua
1828 1197 1930 1238 finita,

1196 1250 1313 1292 legitur
1337 1261 1373 1283 ex
1400 1250 1527 1293 integro
1553 1250 1732 1294 capitulum
1757 1250 1796 1284 de
1820 1261 1934 1294 repre-

1196 1303 1367 1343 hensione,
1394 1308 1427 1335 ut
1451 1304 1601 1336 monachi
1620 1303 1787 1337 audientes
1804 1305 1933 1337 valeant

1196 1356 1370 1397 reminisci,
1390 1356 1415 1388 si
1433 1357 1503 1400 quis
1521 1356 1553 1388 in
1572 1356 1623 1389 his
1640 1356 1824 1400 deliquerit,
1850 1366 1933 1399 quae

1196 1409 1227 1440 iu
1253 1409 1338 1441 dicto
1364 1409 1508 1452 capitulo
1532 1409 1760 1452 prohibentur,
1778 1413 1809 1442 et
1832 1408 1863 1441 id
1887 1408 1934 1441 vi-

1196 1462 1380 1495 sitatoribus
1419 1462 1547 1495 sincero
1590 1462 1697 1496 animo
1738 1461 1934 1495 denunciare

1195 1515 1334 1558 possint.

1238 1579 1307 1601 xui.
1335 1568 1430 1601 Lecto
1455 1569 1620 1611 praedicto
1653 1568 1805 1612 capitulo,
1828 1568 1935 1602 visita-

1198 1626 1294 1660 tores,
1316 1621 1369 1654 Dei
1396 1626 1428 1654 et
1447 1621 1567 1654 Summi
1593 1621 1777 1661 pontificis,
1802 1626 1934 1655 nostrae

1197 1673 1409 1706 institutionis
1434 1674 1676 1714 confirmatoris,
1697 1674 1860 1718 totiusque
1886 1685 1936 1717 ge·

1198 1727 1317 1759 neralis
1343 1727 1474 1771 capituli
1500 1728 1703 1767 auctoritate,
1730 1727 1937 1772 praecipiunt

1198 1780 1346 1813 omnibus
1365 1781 1486 1813 ibidem
1504 1781 1720 1825 congregatis,
1739 1786 1773 1814 ut
1791 1781 1830 1814 de
1849 1782 1937 1825 prio-

1198 1844 1244 1872 re,
1270 1834 1308 1866 de
1334 1844 1367 1866 se
1393 1833 1470 1877 ipsis
1496 1834 1534 1866 ad
1561 1834 1709 1873 invicem,
1737 1834 1776 1867 de
1802 1845 1937 1868 conver-

1199 1886 1240 1918 sis
1258 1886 1367 1925 etiam,
1385 1892 1481 1930 atque
1500 1886 1596 1919 totius
1611 1887 1726 1920 domus
1741 1891 1835 1926 statu,
1850 1887 1937 1930 quid-

1200 1940 1276 1982 quid
1309 1950 1410 1983 super
1441 1939 1501 1979 his,
1527 1940 1566 1972 de
1598 1940 1713 1983 quibus
1744 1940 1936 1983 interrogati

1201 1992 1328 2032 sitierint,
1347 1993 1552 2026 accusatione
1576 1994 1624 2026 vel
1647 1992 1874 2026 emendatione
1891 1994 1939 2026 di-

1202 2057 1300 2088 gnum
1327 2057 1401 2079 vere
1438 2051 1468 2078 et
1500 2057 1558 2089 pro
1594 2052 1683 2079 certo
1716 2047 1938 2089 cognoverint,

1203 2100 1318 2141 singuli
1356 2100 1514 2132 edoceant
1546 2100 1711 2132 evidenter
1742 2104 1774 2132 et
1798 2100 1937 2141 sincere,

1204 2155 1408 2193 nullatenus,
1435 2163 1543 2185 amore
1568 2154 1618 2185 vel
1643 2152 1717 2185 odio
1742 2163 1799 2185 seu
1825 2153 1940 2187 timore

1204 2208 1436 2249 cuiuscumque
1471 2206 1573 2239 aliave
1603 2206 1829 2250 qualicumque
1854 2217 1941 2240 occa-

1205 2261 1304 2299 sione,
1330 2259 1461 2291 veritate
1487 2261 1671 2302 suppressa,
1692 2269 1731 2291 ne
1756 2269 1829 2292 cum
1855 2258 1941 2302 gravi

1207 2313 1302 2346 etiam
1328 2312 1473 2355 periculo
1492 2312 1668 2344 animarum
1694 2322 1822 2354 gravem
1840 2318 1871 2346 et
1886 2311 1943 2346 Or-

1208 2365 1290 2398 dinis
1316 2365 1481 2397 incurrant
1506 2364 1720 2407 disciplinam.

1250 2430 1312 2452 xrv.
1339 2418 1395 2457 Qui
1422 2418 1508 2450 enim
1533 2418 1672 2451 scienter
1701 2418 1872 2461 negligunt
1896 2428 1945 2452 re-

1208 2472 1315 2504 velare
1354 2470 1572 2502 visitatoribus
1613 2481 1648 2502 ea
1683 2481 1765 2514 quae
1799 2472 1946 2504 revelare

1211 2529 1361 2556 tenentur
1386 2523 1446 2555 sub
1471 2523 1597 2555 mortali
1624 2528 1767 2566 peccato,
1785 2533 1848 2556 non
1874 2533 1946 2566 pos-

1211 2582 1284 2608 sunt
1302 2575 1422 2608 absolvi
1442 2575 1502 2608 nisi
1528 2586 1587 2618 per
1603 2574 1773 2619 proprium
1794 2575 1945 2618 priorem,

1247 2638 1260 2664 1
1285 2637 1355 2664 Edit.
1373 2637 1452 2663 Main.
1470 2637 1534 2672 legit
1550 2637 1680 2672 propriis
1695 2637 1734 2671 (fl.
1752 2636 1802 2671 τ.).

1938 246 1989 274 An.
2004 246 2033 276 C.
2059 244 2111 275 tce:
