2111 3157
197 257 245 295 aa.
264 256 294 284 c.
313 255 380 284 1688
425 246 491 281 910

391 305 518 339 scilicet
550 304 628 338 feria
659 301 800 336 secunda
835 299 979 333 Paschae
1019 304 1052 331 et
1075 298 1127 331 die

391 362 473 393 sesto
494 359 525 392 S.
543 357 672 391 Ioannis
692 355 928 398 Evangelistae.

434 424 483 446 xx.
512 412 545 444 In
563 410 761 453 receptione,
783 407 990 451 professione
1009 411 1040 439 et
1057 415 1128 438 con-

393 465 574 499 secratione
599 462 789 496 monialium
825 465 974 494 sewetur
1002 458 1034 492 in
1069 457 1128 490 mi-

393 517 566 551 nistrandis
591 515 671 548 cibis
696 514 855 548 modestia
872 511 1012 552 Ordinis,
1040 516 1071 544 et
1095 510 1128 542 in

393 570 584 614 equitaturis
621 572 792 612 parentum
825 572 857 600 et
891 566 1039 604 aliorum,
1073 563 1128 607 qui

393 625 425 658 in
451 623 567 657 talibus
594 623 782 665 frequenter
798 618 1006 656 conveniunt,
1030 625 1130 660 pona-

393 683 444 709 tur
469 676 583 709 modus
607 679 727 715 certus,
753 673 800 706 sic
824 672 912 716 quod
945 671 1061 704 domus
1091 679 1127 701 ex

394 730 456 763 hoc
481 728 670 762 notabiliter
695 737 761 760 non
787 730 970 769 graventur,
998 724 1130 765 excepta

394 788 501 816 tamen
527 782 647 815 familia
672 778 903 819 consecrantis,
929 778 979 811 cui
996 786 1061 811 non
1077 785 1130 819 po·

394 842 454 869 test
479 836 590 878 regula
608 839 695 867 certa
716 833 798 866 dari.

437 900 502 923 xxi.
529 888 755 927 Prohibemus,
777 896 817 918 ne
838 890 973 928 propter
996 892 1131 916 munera

394 943 443 976 vel
468 941 628 986 promissa
658 940 817 973 moniales
843 938 985 980 aliquam
1010 936 1051 968 ad
1076 935 1131 967 ha-

393 996 495 1030 bitum
519 998 726 1038 praesumant
749 992 909 1035 recipere,
928 1000 988 1027 nec
1009 988 1131 1032 aliquid

395 1060 432 1082 ex
457 1048 552 1082 bonis
579 1047 718 1080 novitiae
744 1050 818 1079 ante
851 1043 1088 1087 professionem
1114 1052 1131 1073 a

395 1102 583 1146 parentibus
613 1101 661 1132 vel
693 1097 884 1142 propinquis
919 1101 974 1128 aut
1008 1100 1133 1128 curato-

394 1156 485 1187 ribus
518 1154 587 1187 eius
612 1160 816 1195 quocumque
846 1153 1017 1192 praetextu
1053 1147 1133 1179 reci-

395 1209 504 1251 piant,
538 1211 673 1249 excepto
705 1205 790 1237 victu
828 1209 860 1235 et
893 1202 1010 1234 vestitu
1045 1201 1132 1233 illius

396 1260 554 1303 temporis
580 1268 646 1301 quo
672 1258 704 1290 in
729 1256 921 1299 probatione
951 1254 1059 1293 fuerit,
1081 1253 1133 1285 ali-

396 1319 445 1346 ter
470 1312 555 1345 enim
582 1312 693 1344 dantes
719 1316 751 1342 et
775 1308 969 1351 recipientes
1002 1306 1135 1340 anathe-

398 1366 492 1399 matis
516 1367 622 1408 poena
646 1365 808 1397 feriuntur
824 1372 882 1405 per
898 1360 980 1394 sacri
998 1359 1133 1393 Concilii

398 1418 577 1451 Tridentini
599 1417 879 1450 constitutionem.

442 1482 518 1504 xxu.
546 1471 759 1503 inhaerentes
787 1466 943 1501 Bonis-acii
969 1465 1034 1499 'vm
1059 1475 1136 1498 eou-

401 1524 570 1564 stitutionj,
600 1523 683 1556 sacri
714 1521 848 1555 Concilii
874 1519 1055 1553 Tridentini
1081 1519 1137 1551 de-

401 1583 502 1616 creto,
528 1582 559 1610 et
584 1576 629 1608 Pii
656 1575 687 1615 V,
714 1573 862 1616 Gregorii
888 1572 954 1605 xm
989 1572 1137 1604 Summo-

401 1641 472 1663 rum
487 1629 674 1663 Pontificum
692 1628 818 1666 litteris,
835 1627 1039 1658 declaramus
1057 1623 1136 1656 nulli

404 1683 545 1723 omnino,
565 1683 797 1724 cuiuscumque
823 1679 962 1721 generis,
981 1677 1139 1710 conditio-

403 1737 462 1776 nis,
475 1745 567 1768 sexus
587 1741 618 1768 et
635 1734 748 1767 aetatis
769 1734 872 1771 suerit,
893 1733 991 1764 licere
1011 1730 1137 1773 ingredi

403 1794 495 1833 septa
519 1788 706 1822 monasterii
733 1786 922 1820 monialium
947 1784 1016 1817 sine
1042 1783 1140 1815 licen-

405 1843 446 1875 tia
470 1841 647 1885 superioris
666 1850 775 1873 earum
793 1840 825 1872 in
846 1838 974 1881 scriptis
992 1837 1137 1875 obtenta,

405 1901 437 1929 et
457 1895 518 1928 nisi
540 1895 571 1927 in
586 1894 774 1936 urgentibus
788 1891 1036 1925 necessitatibus
1054 1889 1141 1922 dum-

406 1953 502 1980 taxat.
529 1947 752 1989 Quaecumque
778 1951 882 1978 autem
901 1953 1061 1987 personae
1086 1940 1141 1974 ali-

406 2007 455 2034 ter
480 2001 600 2033 intrare
626 2000 710 2032 dicta
746 1997 941 2031 monasteria
973 2004 1142 2039 praesum-

407 2054 540 2097 pserint,
559 2059 592 2086 et
616 2053 784 2091 moniales,
803 2061 883 2094 quae
906 2051 977 2083 illas
995 2048 1143 2081 introdu-

406 2108 513 2140 xerint
537 2108 586 2139 vel
613 2105 814 2144 admiserint,
849 2104 919 2146 ipso
952 2103 1034 2134 sacto
1070 2111 1143 2133 sen-

408 2160 541 2192 tentiam
554 2157 896 2191 excommunicationis
914 2156 1097 2193 incurrunt,
1113 2159 1144 2185 et

409 2212 521 2245 officiis
542 2211 682 2250 Ordinis,
700 2211 725 2243 si
744 2220 824 2252 quae
845 2210 995 2247 habeant,
1018 2208 1144 2250 privan-

410 2273 479 2307 tur,
505 2271 601 2308 atque
626 2265 666 2299 ad
691 2275 728 2297 ea
753 2264 915 2296 inhabiles
952 2263 1141 2295 reddantur.

452 2328 540 2352 xxiii.
551 2317 679 2356 Quoties
693 2317 829 2349 vicarius
840 2315 1037 2355 monialium,
1050 2317 1145 2347 causa

411 2371 624 2403 consessionis
638 2371 687 2403 vel
701 2370 834 2402 alterius
848 2369 1038 2401 sacramenti
1057 2368 1145 2401 mini-

412 2424 544 2463 strandi,
555 2424 681 2466 ingredi
699 2425 874 2456 claustrum
889 2432 997 2455 earum
1012 2430 1144 2453 necesse

414 2476 586 2517 habuerit,
613 2477 710 2509 intret
733 2486 804 2508 cum
828 2476 966 2507 honesta
995 2473 1146 2506 comitiva

413 2530 507 2562 unius
529 2536 581 2562 aut
605 2530 742 2562 duorum
767 2529 1010 2567 monachorum,
1030 2527 1079 2560 vel
1105 2526 1146 2558 ita

414 2583 514 2615 intret
534 2589 565 2615 et
588 2588 649 2615 stet
665 2583 749 2626 quod
771 2584 879 2624 plures
897 2581 1004 2614 videre
1022 2579 1147 2623 possint

411 2642 478 2685 -ῑίΙΠῘ
504 2637 734 2670 (ΣΟΠΓίῖςῖιἿΓίΙΙΠἸ
760 2647 855 2679 quant
880 2634 1099 2668 COHsIIPHilel‘l.

966 249 1146 276 BULLARIUM
1170 247 1321 273 ROMANUM

1211 306 1293 330 xxiv.
1319 295 1491 339 Sequendo
1515 295 1612 329 etiam
1642 294 1788 329 eiusdem
1818 294 1904 329 sacri

1169 349 1302 383 Concilii
1327 350 1492 382 decretum
1517 353 1550 382 et
1573 348 1717 382 eiusdem
1740 347 1788 380 Pii
1809 347 1834 380 V
1857 347 1904 380 lit-

1170 408 1255 436 teras
1272 429 1279 443 ,
1307 403 1508 435 declaramus
1533 411 1645 435 omnes
1670 401 1828 434 moniales
1853 411 1906 434 no-

1170 456 1225 488 stri
1251 455 1379 489 Ordinis
1403 460 1592 498 praesentes
1618 459 1649 487 et
1675 454 1806 494 suturas,
1825 454 1906 487 sicut

1170 515 1201 542 et
1226 509 1302 542 alias
1327 508 1558 551 cuiuscumque
1592 507 1759 551 religionis
1792 513 1824 541 et
1847 506 1905 541 Or-

1171 562 1265 601 dinis,
1292 561 1417 594 etiamsi
1444 571 1479 594 ex
1506 560 1661 594 institutis
1688 564 1721 593 et
1744 560 1906 594 fundatio-

1170 615 1264 647 nibus
1289 614 1355 647 suis
1381 614 1419 647 ad
1446 615 1628 646 clausuram
1646 623 1712 646 non
1737 618 1907 646 teneantur

1170 677 1230 701 nec
1253 678 1393 710 unquam
1418 677 1488 700 eam
1508 666 1716 707 servaverint,
1738 666 1777 700 de
1796 671 1905 699 cetero

1171 721 1290 754 debere
1316 721 1375 754 sub
1401 722 1560 764 perpetua
1596 721 1629 753 in
1664 719 1730 753 suis
1756 719 1906 753 domibus

1171 775 1318 807 clausura
1340 783 1482 813 manere,
1509 783 1568 806 nec
1587 772 1645 806 ulli
1670 783 1781 806 earum
1807 771 1906 806 licere

1172 832 1247 870 post
1270 827 1505 870 professionem
1541 826 1628 860 exire
1653 836 1671 858 a
1695 824 1905 865 monasterio,

1173 881 1272 914 etiam
1297 881 1337 914 ad
1362 881 1459 913 breve
1485 885 1620 923 tempus,
1646 879 1707 912 nisi
1738 889 1775 913 ex
1799 878 1909 922 aliqua

1173 935 1269 966 causa
1292 933 1446 976 legitima,
1474 933 1569 966 etiam
1602 933 1641 965 ab
1667 932 1821 976 episcopo
1852 942 1908 975 ap-

1173 987 1338 1029 probanda
1375 987 1458 1030 (a);
1493 986 1680 1020 resistentes
1717 995 1795 1018 vero
1833 985 1910 1019 huic

1173 1041 1339 1073 clausurae
1375 1044 1550 1082 perpetuae
1586 1038 1748 1071 obstinato
1786 1037 1907 1078 animo,

1174 1093 1376 1125 declaramus
1402 1101 1491 1132 esse,
1518 1097 1681 1135 tamquam
1712 1091 1853 1125 rebelles
1879 1096 1910 1124 et

1175 1145 1422 1188 incorrigibileS,
1446 1144 1486 1177 ab
1510 1143 1682 1177 Ordinario
1708 1149 1739 1176 et
1763 1144 1911 1187 superio-

1176 1198 1263 1230 ribus
1290 1207 1400 1231 earum
1426 1197 1576 1230 omnibus
1608 1197 1687 1229 iuris
1712 1201 1744 1229 et
1767 1196 1840 1230 faeti
1865 1206 1911 1230 re-

1175 1251 1291 1284 mediis
1326 1250 1568 1293 compellendas
1600 1250 1639 1283 ad
1663 1249 1810 1293 praecise
1836 1249 1911 1282 sub-

1176 1304 1313 1338 eundam
1339 1309 1370 1335 et
1394 1308 1554 1346 perpetuo
1576 1303 1811 1337 observandam
1827 1302 1912 1336 clau-

1175 1367 1294 1390 suram.

1219 1420 1289 1443 xxv.
1317 1407 1495 1444 priorissae
1521 1414 1552 1443 et
1576 1409 1734 1443 moniales
1769 1418 1834 1443 non
1868 1408 1913 1442 vi-

1177 1462 1275 1495 sitent
1292 1463 1469 1496 monachos
1486 1467 1540 1495 aut
1557 1472 1729 1495 conversos
1747 1471 1808 1495 nec
1828 1461 1912 1495 viros

1178 1515 1258 1548 alios
1285 1516 1369 1558 apud
1406 1526 1460 1548 eas
1496 1516 1661 1558 degentes,
1698 1525 1759 1548 nec
1791 1513 1914 1558 pariter

1179 1569 1340 1609 monachi,
1375 1568 1520 1601 conversi
1552 1569 1601 1601 vel
1637 1567 1749 1602 donati
1786 1567 1917 1601 visitent

1179 1622 1351 1664 priorissas
1375 1627 1430 1654 aut
1454 1621 1613 1655 moniales
1649 1620 1783 1664 aliquas,
1820 1619 1916 1653 etiam

1180 1676 1238 1707 sub
1274 1680 1442 1717 praetextu
1479 1674 1613 1707 alicuius
1638 1672 1835 1705 infirmitatis
1867 1672 1917 1706 vel

1181 1738 1217 1759 ex
1244 1727 1355 1770 quavis
1376 1727 1438 1759 alia
1456 1726 1647 1760 necessitate
1668 1726 1717 1758 vel
1736 1727 1840 1766 causa,
1858 1735 1918 1758 nec

1182 1780 1356 1822 priorissae
1383 1785 1437 1812 aut
1460 1779 1570 1811 vicarii
1604 1789 1701 1822 super
1740 1778 1805 1811 hoc
1841 1778 1919 1811 dent

1183 1831 1353 1871 licentiam,
1380 1832 1437 1865 sed
1455 1832 1625 1864 visitentur
1642 1830 1701 1863 viri
1722 1830 1837 1863 infirmi
1859 1840 1919 1873 per

1183 1885 1288 1925 viros,
1324 1890 1356 1918 et
1388 1885 1526 1918 feminae
1560 1884 1704 1916 infirmae
1737 1893 1798 1926 per
1831 1882 1919 1916 femi-

1184 1948 1251 1977 nas,
1274 1937 1335 1970 nisi
1363 1938 1528 1970 dumtaxat
1552 1946 1611 1980 pro
1636 1936 1844 1968 sacramentis
1861 1935 1918 1968 mi·

1184 1991 1434 2031 nistrandis,vel
1460 1989 1523 2022 nisi
1548 1999 1585 2022 ex
1611 1990 1706 2021 causa
1729 1988 1838 2031 aliqua
1862 1998 1920 2020 ne-

1185 2044 1322 2076 cessaria
1348 2044 1484 2076 vicarius
1506 2053 1578 2075 cum
1605 2042 1748 2074 honesta
1771 2040 1920 2073 comitiva

1186 2097 1279 2129 unius
1303 2098 1353 2130 vel
1379 2097 1517 2129 duorum
1543 2095 1788 2134 monachorum,
1805 2103 1920 2137 oppor-

1187 2155 1265 2182 tuno
1290 2154 1447 2193 tempore,
1469 2148 1509 2181 ad
1530 2157 1582 2181 eas
1599 2147 1725 2190 ingredi
1744 2147 1874 2180 debeat.

1230 2213 1314 2236 xxvl.
1343 2203 1495 2235 Volumus
1520 2201 1640 2244 pariter
1671 2205 1703 2233 et
1733 2198 1921 2232 ordinamus

1187 2262 1221 2289 ut
1251 2257 1339 2289 nulla
1375 2255 1524 2288 monialis
1558 2253 1662 2287 nostri
1687 2252 1816 2286 Ordinis
1847 2262 1921 2285 cum

1187 2311 1295 2353 aliquo
1325 2308 1483 2342 saeculari
1518 2312 1814 2351 quantumcumque
1838 2314 1919 2349 pro-

1222 2373 1256 2406 α)
1283 2372 1453 2399 Declaratum
1484 2370 1533 2397 fuit
1561 2378 1576 2396 a
1604 2369 1680 2396 sacra
1709 2367 1922 2402 congregatione

1186 2417 1362 2444 cardinalium
1391 2416 1459 2443 sacri
1480 2414 1591 2442 Concilii
1612 2415 1809 2448 interpretum,
1830 2410 1922 2448 quod¹

1188 2463 1257 2489 ultra
1287 2461 1423 2488 licentiam
1444 2460 1634 2495 superiorum,
1663 2457 1817 2493 requiratur
1841 2456 1922 2483 etiam

1188 2506 1346 2541 approbatio
1373 2504 1505 2540 episcopi:
1533 2504 1558 2530 id
1587 2506 1676 2530 autem
1706 2501 1821 2528 maxime
1839 2507 1923 2534 expe-

1188 2551 1227 2577 dit
1252 2550 1285 2576 ad
1310 2548 1454 2576 tollendam
1481 2549 1569 2575 omnis
1596 2546 1714 2574 scandali
1743 2545 1921 2572 occasionem.

1188 2594 1253 2621 Vide
1273 2601 1332 2628 cap.
1354 2600 1388 2626 v,
1408 2601 1476 2621 sess.
1505 2598 1567 2626 xxv,
1597 2590 1718 2624 eiusdem
1744 2588 1863 2622 Concilii,
1881 2587 1924 2615 De

1188 2638 1378 2674 regulatibus.

1905 243 1956 272 An.
1976 245 2006 273 C.
2026 245 2095 276 1⁶8³.
