2111 3157
169 227 217 253 An.
239 226 268 252 o.
288 224 354 251 lese
400 215 464 249 4:36

182 1557 310 1580 Cliusuiaess

181 2347 336 2369 Contrariorum

154 2375 270 2400 derogatio.

358 280 475 306 rentur
499 274 652 314 exactius,
688 272 886 315 apostolieae
923 272 1093 305 confirma-

358 326 455 359 tionis
502 333 629 359 nostrae
670 325 850 368 patrocinio
898 325 1090 358 communiri

357 389 562 422 summopere
588 378 769 411 desideret:
788 388 863 417 nos,
888 377 993 421 ipsum
1019 378 1091 409 Am-

357 431 496 464 brosium
521 431 712 474 specialibus
739 431 899 463 favoribus
924 436 954 463 et
978 430 1088 473 gratiis

355 484 511 526 prosequi
546 484 713 523 volentes,
740 488 772 515 et
800 494 817 514 a
842 483 1010 525 quibusvis
1042 493 1089 515 ex-

355 536 674 576 cemuninicationis,
715 536 940 578 suspensionis
971 542 1002 569 et
1040 536 1089 568 in-

355 589 492 627 terdicti,
511 589 645 631 aliisque
666 589 890 621 ecclesiasticis
906 589 1088 630 sententiis,

354 641 497 673 censuris
512 647 543 673 et
560 642 686 684 poenis,
706 653 722 674 a
740 642 807 675 iure
821 643 870 674 vel
889 642 928 674 ab
946 642 1087 688 bomine,

353 694 461 736 quavis
487 695 654 728 occasione
678 697 727 728 vel
753 698 848 728 causa
872 696 956 736 latis,
979 696 1002 727 si
1022 695 1088 738 qui-

351 747 411 778 bus
436 748 683 790 quomodolibet
706 749 880 781 innodatus
904 748 1030 787 existat,
1048 748 1087 780 ad

351 799 500 832 etl'ecttun
525 802 744 843 praesentium
780 802 943 834 dumtaxat
973 811 1087 833 conse-

351 853 534 895 quendum,
562 854 676 886 haruin
712 855 796 887 serie
822 855 1026 887 absolventes
1053 858 1086 885 et

351 905 532 938 absolutum
568 907 635 939 sore
661 913 852 947 censentes,
877 907 1085 950 supplicatio—

350 959 445 990 nibus
464 959 532 991 eius
550 960 680 992 nominc
702 960 797 992 nobis
823 970 921 1002 super
942 960 1004 992 hoc
1029 959 1086 991 110-

349 1011 472 1043 militer
491 1013 649 1054 porrectis
674 1013 832 1052 inclinati,
866 1012 1084 1055 praeinsertas

349 1065 520 1098 memorati
552 1065 704 1098 Alderani
738 1066 885 1108 episcopi
911 1066 1084 1098 cardinalis

350 1124 381 1149 et
395 1118 589 1160 protectoris
604 1123 752 1161 patentes
767 1119 898 1159 litteras,
911 1119 1083 1161 omniaque

350 1176 380 1201 et
405 1170 533 1213 singula
558 1171 589 1203 in
614 1171 660 1203 eis
685 1177 838 1204 contenta
858 1177 890 1204 et
914 1182 1083 1214 expressa,

349 1223 539 1256 auctoritate
572 1225 762 1266 apostolica,
794 1230 903 1257 tenore
934 1235 1085 1267 praesen-

349 1274 441 1315 tium,
468 1276 693 1308 confirmamus
727 1282 759 1309 et
789 1276 1021 1319 approbamus,
1047 1277 1085 1309 il-

347 1326 450 1370 lisque
475 1328 669 1361 inriolabilis
694 1329 892 1371 apostolieae
924 1328 1083 1361 firmitatis

347 1381 446 1413 robur
470 1382 650 1422 adjicimus,
677 1393 712 1414 ac
739 1392 852 1414 omnes
886 1387 917 1414 et
941 1382 1084 1423 singulos

347 1434 425 1466 iuris
451 1440 483 1467 et
515 1435 587 1467 sacti
620 1436 782 1475 desectus,
808 1435 834 1467 si
865 1435 920 1477 qui
945 1435 1084 1477 desuper

348 1489 598 1530 quomodolibet
622 1488 870 1527 intervenerint,¹
883 1489 1080 1530 supplemus.

391 1541 405 1583 g
429 1541 460 1575 53.
488 1542 704 1574 Deecrnentes
736 1541 866 1573 easdem
895 1546 1084 1583 praesentes

348 1594 471 1627 litteras
493 1606 619 1637 semper
640 1594 758 1635 sirmas,
778 1595 896 1627 validas
922 1599 954 1627 et
978 1594 1084 1626 effica-

347 1658 400 1681 ces
425 1649 562 1681 existere
589 1654 621 1681 et
645 1649 726 1688 sore,
752 1660 891 1692 suosque
917 1648 1084 1691 plenarios

347 1707 378 1735 et
402 1702 547 1744 integros
574 1702 706 1735 effeetus
730 1702 839 1735 sortiri
864 1708 896 1735 et
920 1702 1082 1741 obtinere,

346 1766 382 1787 ac
407 1756 536 1795 iliis,ad
559 1766 639 1799 quos
664 1761 789 1799 spectat
806 1760 838 1787 et
853 1766 913 1798 pro
936 1760 1082 1798 tempore

346 1809 518 1851 spectabit,
544 1810 575 1841 111
601 1810 750 1842 omnibus
768 1814 799 1842 et
815 1820 874 1854 per
891 1810 998 1842 onmia
1015 1810 1084 1851 ple-

347 1861 480 1893 nissime
498 1861 679 1904 suffragari,
707 1867 738 1894 et
755 1863 793 1894 ab
810 1857 874 1897 illis
900 1861 1083 1904 respective

346 1914 576 1947 inviolabiliter
594 1915 770 1954 observari,
797 1914 906 1957 sicque
932 1914 965 1946 in
991 1924 1085 1956 prac-

346 1968 453 2000 missis
479 1979 538 2011 per
563 1979 787 2011 quoscumque
807 1968 930 2000 iudices
955 1968 1085 2001 ordina-

346 2021 411 2053 rios
430 2026 462 2053 et
480 2022 656 2063 delegatos,
676 2021 772 2054 etiam
789 2031 956 2053 causarum
975 2020 1084 2064 palatii

347 2073 518 2116 apostolici
545 2074 719 2114 auditores,
740 2074 876 2107 iudicari
902 2079 934 2107 et
958 2072 1085 2106 definiri

347 2126 480 2165 debere,
526 2138 562 2159 ac
586 2127 711 2160 irritum
745 2132 776 2160 et
811 2127 907 2160 inane
932 2127 957 2159 si
992 2136 1085 2159 500115

348 2190 446 2222 super
470 2181 520 2212 1115
556 2192 573 2213 a
602 2192 776 2224 quoquam,
803 2181 914 2224 quavis
949 2179 1088 2213 01101011-

348 2237 422 2272 tate,
451 2234 590 2266 scienter
608 2236 658 2267 vel
684 2234 887 2277 ignoranter,
914 2233 1088 2276 contigerit

349 2288 513 2319 attentari.

393 2341 406 2382 g
432 2340 463 2372 li.
490 2340 559 2373 Non
586 2341 791 2374 obstantibus
822 2341 1024 2384 praemissis,
1050 2333 1087 2374 ac

349 2394 630 2426 constitutionibus
662 2400 694 2427 et
725 2395 984 2428 ordinationibus
1009 2405 1087 2437 apo-

348 2447 492 2486 stolicis,
509 2458 635 2480 necnon
653 2448 890 2490 provinciarum
912 2454 944 2481 et
959 2448 1086 2481 Ordinis

348 2501 568 2544 praefatorum
587 2526 594 2540 ,
628 2501 738 2533 aliisve
773 2501 961 2544 quibusvis,
989 2501 1084 2533 etiam

348 2555 546 2593 iuramento,
573 2554 818 2587 confirmatione
841 2555 1020 2597 apostolica
1037 2556 1083 2587 vel

351 2608 460 2653 quavis
495 2607 646 2640 firmitate
672 2607 734 2640 alia
759 2608 931 2649 roboratis,
956 2607 1084 2641 statutis

941 225 1117 249 BULLAltlk'M
1142 226 1292 250 Ronm'tun

1135 279 1166 305 et
1189 274 1497 314 consuetudinibus,
1529 276 1706 317 privilegiis
1731 288 1868 320 quoque,

1132 325 1267 359 indultis
1293 333 1324 359 et
1348 328 1462 360 litteris
1488 329 1673 371 apostolicis
1690 329 1722 362 in
1743 335 1870 364 contra-

1133 380 1215 412 rium
1239 381 1488 423 praemissorum
1518 382 1762 424 quomodolibet
1792 376 1869 416 con-

1132 433 1249 473 cessis,
1276 433 1472 466 contirmatis
1497 440 1528 466 et
1552 434 1731 475 innovatis;
1752 435 1867 477 quibus

1132 485 1281 519 omnibus
1314 490 1346 518 et
1376 487 1534 529 singulis,
1567 487 1697 520 illorum
1739 493 1868 521 tenores

1130 538 1354 580 praesentibus
1368 549 1426 582 pro
1444 540 1539 582 plene
1558 545 1588 572 et
1601 539 1798 573 sufficienter
1814 550 1869 573 ex-

1131 591 1253 633 pressis
1272 602 1308 623 ac
1332 592 1371 624 ad
1396 593 1528 625 verbum
1545 592 1678 625 insertis
1697 592 1866 634 habentes,

1129 643 1193 676 illis
1218 644 1296 676 alias
1322 644 1354 676 in
1385 655 1443 677 suo
1480 645 1599 678 robore
1634 645 1864 688 permansuris,

1130 696 1168 728 ad
1183 697 1435 739 praemissorum
1454 698 1611 738 effectum,
1626 699 1686 731 hac
1697 698 1765 732 vice
1780 699 1866 732 dum-

1131 755 1225 791 taxat,
1252 751 1440 794 specialiter
1473 757 1504 784 et
1539 762 1690 795 expresse
1728 752 1864 795 deroga-

1128 812 1220 841 mus;
1256 804 1438 847 ceterisque
1463 805 1635 837 contrariis
1660 804 1865 848 quibuscum-

1128 865 1203 897 que.

1171 908 1185 950 ἓ
1211 907 1241 939 5.
1272 908 1425 941 Volumus
1462 914 1569 942 autem
1605 914 1640 941 ut
1675 909 1975 974 ⁶³¹'umdem.„m{‚i⁰⁰³
1999 924 2056 944 iran-

1943 954 2009 970 orum·

1127 962 1349 1003 praesentium
1369 962 1548 995 litterarum
1565 963 1785 1006 transumptis,
1804 973 1862 996 seu

1128 1015 1294 1057 exemplis,
1308 1015 1403 1047 etiam
1422 1015 1599 1058 impressis,
1617 1026 1711 1048 manu
1728 1015 1863 1049 alicuius

1128 1068 1243 1100 notarii
1269 1068 1391 1110 publici
1407 1067 1606 1111 subscriptis,
1624 1074 1655 1101 et.
1671 1069 1778 1112 sigillo
1795 1080 1864 1112 per-

1127 1130 1224 1152 sonae
1250 1120 1282 1152 10
1308 1121 1529 1153 ecclesiastiea
1560 1122 1716 1164 dignitate
1742 1122 1863 1155 eonsti-

1129 1177 1214 1205 tutae
1238 1172 1380 1213 munitis,
1408 1173 1520 1206 eadem
1544 1183 1676 1216 prorsus
1696 1173 1776 1207 fides
1798 1174 1863 1207 uhi·

1127 1236 1189 1268 que
1213 1227 1357 1258 locorum
1383 1231 1444 1257 tam
1478 1226 1509 1258 in
1541 1226 1661 1259 iudicio
1687 1237 1784 1269 quam
1809 1237 1862 1259 ex-

1129 1285 1175 1311 tra
1195 1278 1275 1311 illud
1301 1278 1469 1317 habeatur,
1488 1289 1569 1321 quae
1589 1279 1765 1311 haberetur
1784 1278 1862 1322 ipsis

1127 1332 1348 1375 praesentibus
1373 1332 1399 1364 si
1425 1332 1528 1364 forent
1563 1332 1727 1365 exhibitae
1752 1333 1803 1365 vel
1827 1341 1866 1364 ο·

1126 1391 1266 1418 stensae.

1170 1440 1285 1472 Datum
1310 1440 1449 1478 Romae,
1472 1439 1556 1481 apud
1587 1438 1618 1471 S.
1638 1438 1779 1478 Petrum,
1803 1437 1862 1471 sub

1126 1494 1247 1526 annulo
1273 1492 1468 1531 piscatoris,
1500 1492 1551 1524 die
1578 1501 1656 1524 xxm
1681 1491 1863 1524 decembris

1126 1555 1309 1585 unctxxxn,
1337 1544 1544 1588 pontificatus
1569 1542 1673 1576 nostri
1693 1553 1779 1576 anno
1802 1552 1862 1576 vn.

1161 1609 1222 1635 Dat.
1243 1607 1286 1635 die
1302 1607 1336 1635 23
1351 1606 1502 1634 decembris
1521 1606 1598 1639 1682,
1614 1604 1712 1641 pontif.
1728 1612 1800 1633 anno
1814 1609 1862 1632 vn.

1448 1749 1535 1782 CXX.

1129 1829 1372 1871 Confirmmztur
1406 1828 1586 1862 nonnullae
1620 1826 1862 1860 constitutiones

1172 1881 1423 1925 Coum-eqalv‘oni
1439 1881 1707 1914 Silvestrinorum
1729 1879 1863 1914 Ordinis

1170 1936 1275 1968 sancti
1301 1934 1501 1968 Benedicti&

1311 2013 1508 2040 Innocentius
1529 2013 1608 2046 Papa
1626 2013 1680 2047 XI,

1250 2059 1285 2084 ad
1306 2061 1480 2091 perpetuam
1499 2057 1543 2084 rei
1563 2056 1745 2084 memoriam.

1172 2128 1346 2162 pastoralis
1372 2128 1468 2160 officii
1485 2155 1492 2169 ,
1527 2129 1614 2171 quod
1639 2132 1773 2161 auctore
1797 2125 1864 2160 Deo

1129 2181 1280 2224 gerimus,
1299 2181 1484 2214 sollicitudo
1509 2192 1568 2214 nos
1586 2186 1680 2224 urget
1696 2186 1793 2223 atque
1810 2179 1865 2213 im-

1129 2234 1231 2277 pellit,
1241 2238 1284 2274 111,
1296 2239 1466 2277 paternam
1480 2233 1710 2276 religiosorum
1721 2232 1864 2266 virorum

1165 2350 1174 2374 1
1198 2347 1352 2384 Approbata
1379 2348 1429 2375 fuit
1448 2348 1517 2375 haec
1535 2347 1712 2383 Congregatio
1731 2346 1765 2374 ab
1785 2346 1865 2375 Inno-

1129 2392 1216 2419 centio
1238 2393 1268 2419 lV
1294 2393 1319 2419 in
1336 2395 1422 2419 const.
1444 2392 1486 2420 ed.
1504 2398 1644 2426 MCCvau,
1665 2391 1708 2418 die
1727 2391 1760 2418 27
1780 2391 1863 2424 iunii,

1128 2441 1203 2472 pont.
1225 2444 1256 2470 v;
1277 2445 1292 2464 a
1312 2437 1394 2464 Paulo
1414 2437 1450 2463 ΙΙΙ
1471 2437 1496 2463 in
1518 2442 1602 2463 const.
1624 2436 1666 2463 ed.
1688 2442 1797 2467 maxtin,
1820 2436 1864 2463 die

1127 2483 1156 2508 21
1181 2482 1287 2515 martii,
1310 2486 1381 2517 pont.
1407 2491 1439 2516 x,
1461 2481 1668 2509 determinatum
1687 2480 1738 2507 suit
1757 2483 1865 2516 tempus

1128 2527 1267 2553 electionis
1287 2526 1426 2561 priorum,
1447 2530 1474 2553 et
1493 2526 1526 2552 ab
1547 2525 1700 2552 Alexandro
1719 2524 1776 2551 Vlll
1797 2532 1863 2551 con-

1129 2571 1260 2597 firmatum
1281 2574 1410 2597 statutum
1431 2570 1649 2605 Congregationis
1668 2570 1695 2597 iu
1715 2572 1801 2599 const.
1817 2568 1862 2597 ed·

1128 2622 1222 2650 nncxc,
1244 2615 1287 2642 die
1309 2616 1340 2642 15
1360 2615 1488 2649 octobris,
1509 2614 1602 2650 pontif.
1624 2620 1642 2642 1.

1877 230 1926 255 An.
1948 230 1977 257 C.
1995 230 2071 269 ¹682,

1900 2133 2041 2157 Prooemium.
