2111 3157
14 161 62 188 An.
79 159 106 186 C⁴
132 159 197 186 ¹676

204 260 389 293 missionem
415 260 599 302 elargimur.

249 313 263 356 ἓ
287 314 318 345 ὃ.
346 313 385 345 lis
410 323 485 345 vero
511 311 800 348 christifidelibus,
826 310 878 353 qui
903 309 934 341 in

66 323 194 349 indata-‘ntia

12 354 93 371 centum
104 351 192 370 dierum.

203 418 293 460 poris
318 417 448 457 Christi,
481 423 512 449 et
540 416 700 449 dominica
732 415 815 447 infra
850 414 935 446 illius

202 475 355 509 octavam,
369 480 496 502 necnon
524 469 604 500 feria
630 467 740 510 quinta
761 466 931 498 cuiuslibet

203 522 438 561 hebdomadae,
465 520 645 554 adorationi
666 520 718 552 SS.
738 518 932 552 Sacramenti

203 574 235 607 in
263 574 356 607 dictis
389 573 533 607 ecclesiis
557 571 780 611 interfuerint,
807 576 932 602 centum

203 627 270 659 dies
293 626 331 658 de
349 624 500 658 iniunctis
517 624 562 657 eis
588 629 642 656 aut
664 623 741 656 alias
759 623 934 665 quomodo-

203 678 281 711 libet
298 677 414 710 debitis
431 675 644 719 poenitentiis
657 676 688 707 in
709 676 811 707 forma
827 674 929 706 Eccle-

203 730 269 763 siae
290 731 443 762 consueta
467 728 724 760 misericorditer
746 728 775 759 in
798 727 932 759 Domino

201 784 393 816 relaxamus.

67 844 192 873 Conceditur
245 836 260 879 ἓ
286 835 316 869 9.
342 835 379 868 Et
408 834 560 872 demum,
591 833 775 865 earumdem
810 832 933 864 menia-

11 870 192 923 ffissn‘ss‘so'ssfflss
202 887 282 920 lium
304 886 398 919 saluti
423 890 557 928 paterne
583 885 752 916 consulere
777 884 932 922 volentes,

25 930 60 944 ore
76 926 96 944 ut
113 923 190 943 monia·

18 956 40 970 a:
60 977 63 979 ,
82 939 328 977 ansvivmillarum
344 937 499 971 visitatori
520 948 579 981 pro
601 942 746 979 tempore
772 935 931 975 existenti,

10 979 81 1023 ffii'is
107 981 150 1022 ias*
163 981 236 1031 ¹i1¹5ut
261 991 390 1025 easdem
424 1001 441 1023 a
475 990 640 1033 quibusvis
678 989 804 1021 casibus
838 988 931 1021 etiam

10 1028 129 1075 iss'sssrr'iaii's.
141 1028 190 1049 ε”ὼ
202 1044 275 1078 Sedi
293 1044 497 1087 Apostolicae
513 1042 676 1086 praefatae
693 1041 863 1074 reservatis
881 1042 934 1073 ab·

201 1099 326 1130 solvere
350 1096 452 1129 libere
478 1100 509 1128 et
533 1094 618 1127 licite
637 1094 740 1137 possit
766 1099 796 1126 et
819 1095 932 1133 valeat,

202 1149 364 1183 licentiam
380 1154 411 1181 et
431 1149 614 1181 facultatem
633 1147 810 1190 apostolica
830 1152 934 1179 aucto-

202 1204 295 1236 ritate
320 1201 463 1245 praefata
495 1200 643 1232 similiter
667 1199 875 1232 concedimus
903 1204 933 1231 et

201 1255 413 1299 impertimur,
429 1253 602 1285 dummodo
619 1253 763 1295 praefata
775 1256 934 1284 monaste-

202 1308 250 1340 ria
275 1311 383 1340 erecta
414 1310 446 1338 et
480 1305 513 1337 in
546 1310 712 1347 posterum
738 1304 844 1336 forsan
873 1303 934 1336 eri-

203 1360 309 1403 genda
331 1358 365 1391 in
385 1356 673 1400 congregationem
703 1366 865 1399 nunquam
883 1366 936 1398 ag-

203 1416 379 1454 gregentur
402 1414 458 1442 aut
480 1408 641 1447 uniantur,
659 1418 721 1441 nec
737 1409 873 1441 atterum
891 1410 935 1441 al-

204 1464 263 1497 teri
288 1462 499 1501 subiiciatur,
524 1466 557 1493 et
579 1461 617 1493 de
649 1461 875 1501 monasteriis,
902 1461 933 1493 in

203 1526 284 1559 quae
306 1514 464 1548 moniales
487 1513 648 1557 praefatas
673 1513 833 1547 introduci
859 1525 935 1547 con-

203 1568 324 1611 tigerit,
349 1577 407 1611 per
430 1566 545 1599 Sedem
570 1566 747 1609 praefatam
773 1567 936 1610 Apostoli-

203 1631 271 1654 cam
297 1619 425 1662 disponi
461 1629 525 1652 non
557 1618 783 1658 consueverit,
814 1625 845 1651 et
876 1629 934 1662 pro

205 1683 313 1706 carum
339 1672 518 1705 abbatissae
544 1672 703 1704 electione
728 1671 835 1714 aliqua
860 1682 935 1704 con-

203 1725 341 1758 firmatio
366 1723 544 1767 apostolica
567 1734 633 1756 non
658 1724 853 1767 requiratur.

248 1778 263 1820 ἓ
287 1776 341 1810 10.
364 1776 582 1810 Decernentes
599 1781 787 1819 praesentes
812 1777 934 1810 litteras

204 1831 295 1863 nullo
318 1839 461 1873 unquam
485 1834 629 1872 tempore
656 1829 694 1861 de
715 1830 935 1873 subreptionis

205 1883 254 1915 vel
280 1881 481 1924 obreptionis
499 1881 585 1921 vitio,
603 1891 661 1913 seu
678 1880 867 1914 intentionis
884 1892 938 1914 no—

205 1939 288 1968 strae
316 1934 417 1967 aliove
442 1933 589 1976 quolibet
613 1933 709 1966 etiam
745 1934 871 1967 formali
900 1945 935 1967 ac

206 1986 409 2020 substantiali
437 1991 468 2019 et
488 1986 706 2028 inexcogitato
727 1986 937 2020 individuam-

206 2049 268 2083 que
294 2039 536 2082 expressionem
567 2039 753 2082 requirente
779 2044 811 2072 et
837 2040 936 2072 unde-

207 2101 342 2135 cumque
367 2091 545 2123 resultante
571 2091 697 2123 defectu
722 2091 849 2131 notari,
879 2092 936 2124 im-

205 2144 357 2188 pugnari,
384 2143 524 2183 limitari,
554 2143 705 2186 infringi,
738 2144 933 2186 modificari,

206 2196 388 2237 retractari,
414 2196 452 2228 ad
477 2196 559 2228 viam
586 2207 644 2229 seu
669 2198 823 2230 terminos
854 2198 935 2231 iuris

205 2249 326 2287 reduci,
348 2249 380 2281 in
398 2249 647 2281 controversiam
676 2251 790 2290 vocari,
810 2251 934 2283 aliudve

206 2302 372 2345 quodlibet
395 2301 486 2341 iuris,
513 2301 633 2343 gratiae
659 2303 709 2335 vel
735 2303 808 2335 facti
833 2314 936 2337 remc-

207 2355 293 2387 dium
314 2353 476 2397 impetrari
503 2364 560 2385 seu
586 2353 747 2395 intentari,
765 2356 813 2387 vel
835 2356 935 2399 impe-

206 2410 290 2439 trato
311 2405 493 2449 quempiam
511 2405 543 2437 in
561 2405 679 2438 iudicio
703 2407 753 2439 vel
783 2412 872 2440 extra
889 2409 932 2440 uti

38 1786 157 1808 clausulae.

207 2469 263 2492 seu
277 2469 309 2491 se
327 2459 434 2491 iuvare
450 2467 558 2501 posse,
577 2468 682 2501 neque
704 2459 831 2492 easdem
848 2471 935 2503 prae·
986 2459 993 2463 “

198 2515 314 2553 §entes
338 2510 396 2543 sub
422 2510 586 2562 quibusvis
617 2511 769 2554 similium
790 2513 839 2563 vel
865 2513 930 2545 dis-

309 2572 486 2615 BiullQRem,
497 2588 533 2600 ==
548 2572 611 2608 [qt.
622 2572 704 2607 XIX,
862 2575 888 2609 {1-

778 155 988 182 INNOCENTIUS
1010 159 1040 182 xi
1065 159 1113 182 rr.

205 217 345 241 orantum
363 212 565 250 peccatorum
588 206 823 249 indulgentiam
843 211 873 238 et
893 216 937 239 re-
957 206 959 233 ἶ

204 365 256 398 die
291 368 399 398 octava
435 365 651 398 solemnitatis
684 364 827 396 eiusdem
860 362 957 409 (201·-ἰ

1630 148 1672 184 Βέῒ
1717 158 1765 186 An.
1787 158 1814 186 c.
1835 158 1900 186 ¹673

979 205 1131 238 similium
1169 206 1437 248 dispositionum,
1469 206 1707 240 ordinationum

979 263 1007 289 et
1030 258 1201 299 gratiarum
1223 258 1494 297 revocationibus,
1513 259 1708 291 limitationi-

977 308 1060 349 hus,
1094 310 1203 343 aliisve
1237 311 1406 343 contrariis
1439 311 1707 354 dispositionibus

978 361 1068 394 factis
1087 368 1117 395 et
1140 373 1198 406 pro
1220 368 1364 407 tempore
1390 364 1543 396 faciendis
1564 374 1706 407 unquam

978 416 1211 457 comprehendi
1236 422 1290 449 aut
1307 416 1557 459 comprehensas
1573 417 1707 455 censeri,

977 467 1031 498 sed
1057 477 1184 510 semper
1201 468 1240 500 ab
1257 469 1321 500 illis
1343 475 1502 511 exceptas,
1521 474 1560 508 et,
1579 469 1706 512 quoties

977 519 1050 551 illae
1073 521 1275 560 emanabunt,
1295 521 1326 552 in
1349 521 1517 563 pristinum
1536 522 1708 554 etvalidis-

977 571 1091 603 simum
1122 577 1238 604 statum
1272 573 1459 613 restitutas,
1486 574 1642 616 repositas
1675 580 1708 606 et

976 624 1121 665 plenarie
1142 625 1353 666 reintegratus
1378 626 1514 665 censeri,
1536 626 1705 669 firmasque

977 677 1096 709 validas
1122 682 1152 709 et
1173 676 1319 710 efficaces
1346 677 1481 710 existere
1507 683 1537 710 et
1562 679 1651 717 fore,
1675 684 1707 711 et

976 729 1014 760 ab
1033 729 1104 769 illis,
1130 730 1168 761 ad
1190 740 1269 772 quos
1294 735 1417 773 spectat
1435 735 1466 763 et
1490 732 1706 773 quandocum-

976 792 1037 823 que
1055 782 1228 824 spectabit,
1246 782 1451 815 inviolabiter
1469 788 1499 815 et
1516 783 1705 816 inconcusse

976 834 1152 874 observari,
1179 834 1287 877 sicque
1314 840 1345 866 et,
1369 845 1433 866 non
1455 835 1547 867 aliter
1567 836 1598 867 in
1617 846 1706 878 prae-

976 885 1082 918 missis
1100 887 1249 919 omnibus
1263 893 1294 919 et
1310 887 1446 929 singulis
1461 887 1595 926 censeri,
1611 893 1706 931 atque

976 938 1019 970 ita
1043 949 1102 981 per
1125 949 1344 981 quoscumque
1370 939 1492 972 iudices
1523 940 1705 973 ordinarios

976 992 1025 1024 vel
1043 992 1217 1034 delegatos,
1236 992 1344 1035 quavis
1360 992 1549 1025 auctoritate
1572 992 1707 1035 fungen-

977 1049 1040 1084 tes,
1067 1045 1161 1077 etiam
1187 1055 1355 1077 causarum
1390 1045 1498 1087 palatii
1535 1045 1705 1088 apostolici

976 1097 1150 1139 auditores,
1173 1108 1207 1130 ac
1232 1098 1373 1130 eiusdem
1391 1097 1420 1129 S.
1442 1097 1479 1129 R.
1498 1097 1532 1129 E.
1560 1097 1707 1130 cardina-

976 1151 1032 1189 les,
1057 1150 1190 1183 iudicari
1224 1154 1255 1182 et
1286 1149 1413 1182 definiri
1440 1150 1578 1189 debere,
1605 1160 1640 1182 ac
1664 1150 1707 1182 ir-

976 1202 1071 1234 ritum
1096 1213 1225 1245 quoque
1257 1202 1460 1235 decernimus
1491 1207 1522 1234 et
1552 1202 1647 1234 inane
1679 1201 1706 1234 si

976 1265 1068 1287 secus
1092 1265 1190 1297 super
1214 1255 1265 1287 his
1290 1265 1307 1287 a
1331 1255 1628 1297 quoquam,quavis
1653 1265 1708 1286 au-

975 1307 1133 1347 ctoritate,
1148 1307 1290 1340 scienter
1313 1308 1362 1339 vel
1388 1306 1586 1349 ignoranter,
1611 1306 1708 1340 conti-

976 1360 1057 1402 gerit
1081 1359 1242 1392 attentari.

1019 1413 1033 1455 ἓ
1057 1413 1110 1445 211.
1137 1412 1207 1445 Non
1237 1413 1439 1445 obstantibus
1469 1411 1898 1464 constitutioni-d§germanorum

975 1466 1035 1498 bus
1060 1471 1092 1497 ct
1116 1465 1373 1498 ordinationibus
1398 1464 1598 1508 apostolicis,
1624 1471 1710 1497 cete·
1734 1452 1743 1464 e
1771 1450 1795 1469 μ
1816 1452 1833 1465 ⁰'

976 1518 1083 1559 risque
1108 1516 1276 1549 contrariis
1302 1517 1569 1560 quibuscumque.

1020 1569 1034 1611 ξ
1059 1569 1111 1602 102.
1138 1569 1222 1601 Nulli
1258 1580 1334 1611 ergo
1371 1569 1502 1601 omnino
1539 1569 1705 1602 hominum
1717 1573 1830 1621 naistffm
1850 1580 1900 1601 roo·

977 1622 1071 1655 liceat
1096 1622 1178 1654 lianc
1202 1621 1351 1664 paginam
1376 1626 1506 1653 nostrae
1532 1621 1708 1654 absolutio·

977 1675 1036 1715 nis,
1054 1674 1309 1717 approbationis,
1329 1673 1591 1711 confirmationis,
1605 1684 1710 1706 exem-

978 1727 1106 1770 ptionis,
1121 1725 1336 1765 liberationis,
1352 1725 1477 1764 indulti,
1496 1726 1708 1768 elargitionis,

977 1779 1197 1817 relaxationis,
1225 1778 1445 1811 concessionis
1477 1784 1508 1811 et
1538 1778 1707 1817 facultatis,

978 1830 1208 1874 impertitionis
1232 1830 1408 1872 infringere
1438 1831 1488 1863 vel
1518 1830 1545 1862 ei
1574 1840 1651 1862 ausu
1670 1835 1711 1862 te-

978 1884 1115 1916 merario
1148 1882 1325 1921 contraire,
1358 1882 1383 1914 si
1409 1882 1479 1925 quis
1511 1887 1616 1914 autem
1649 1882 1711 1914 hoc

979 1940 1134 1969 attentare
1160 1934 1423 1978 praesumpserit,
1451 1934 1710 1976 indignationem

979 1987 1208 2032 omnipotentis
1232 1988 1287 2020 Dei
1315 1998 1351 2020 ac
1376 1988 1543 2020 beatorum
1570 1986 1654 2018 Petri
1680 1991 1712 2019 et

979 2041 1067 2074 Pauli
1092 2041 1313 2084 apostolorum
1331 2039 1399 2072 eius
1417 2049 1448 2071 se
1466 2037 1592 2071 noverit
1608 2038 1710 2070 incur·

978 2103 1099 2125 surum.

1021 2145 1133 2177 Datum
1159 2144 1289 2182 Romae,
1315 2143 1399 2185 apud
1425 2142 1455 2175 S.
1482 2141 1622 2181 Petrum,
1651 2142 1709 2174 sub

978 2199 1097 2230 annulo
1124 2196 1316 2235 piscatoris,
1352 2205 1436 2227 anno
1473 2194 1708 2227 Incarnationis

978 2250 1161 2282 Dominicae
1186 2258 1351 2287 moetxxvt,
1373 2257 1404 2280 tv
1422 2247 1492 2279 idus
1515 2246 1708 2287 decembris,

978 2301 1179 2346 pontificatus
1204 2300 1306 2333 nostri
1330 2310 1415 2332 anno
1439 2309 1461 2332 1.

1014 2363 1071 2390 Dat.
1090 2361 1133 2400 die
1149 2361 1180 2389 10
1195 2360 1346 2388 decembris
1364 2360 1441 2393 1676,
1458 2359 1552 2396 pontif.
1570 2367 1639 2399 anno
1652 2365 1671 2389 t.
