2111 3157
191 221 238 247 An.
259 219 288 247 c,
308 219 375 247 1680
419 211 483 245 384

384 280 401 301 a
434 279 616 313 quoquam,
643 267 750 311 quavis
775 265 986 304 auctoritate,
1012 264 1139 296 scien-³

216 387 371 407 contrariorum

188 414 288 443 onerifica
311 414 371 434 doro-

189 443 254 466 sallo.

384 327 432 355 ter
455 323 504 354 vel
525 321 730 363 ignoranter,
757 318 929 361 eontigerit
953 316 1113 349 attentari.

426 375 440 417 ἓ
462 374 492 406 lt.
519 373 588 406 Non
610 371 821 409 obstantibus,
848 375 1008 413 quatenus
1034 379 1115 411 opus

382 426 440 466 sit,
474 427 584 458 nostra
615 430 647 457 et
676 422 890 456 cancellariae
916 422 1115 465 apostolicae

381 478 496 520 regula
520 477 559 509 dc
597 476 665 509 iure
690 475 837 518 quaesito
858 484 925 507 non
949 473 1114 511 tollendo,

381 529 519 572 aliisque
544 527 746 571 apostolicis,
773 537 809 560 ac
828 527 860 559 in
876 526 1116 559 universalibus

381 580 698 625 provincialibusque
723 586 753 613 et
777 579 987 623 synodalibus
1008 578 1117 611 conci-

381 634 433 667 liis
458 634 569 673 editis,
595 633 802 676 generalibus
826 634 876 665 vel
901 632 1114 675 specialibus,

380 686 663 720 constitutionibus
695 690 726 718 et
754 685 1020 724 ordinationibus,
1042 694 1117 717 nec-

380 749 445 772 non
471 738 574 771 dictae
599 738 869 780 Congregationis
895 738 1030 780 eiusque
1047 747 1117 779 pro—

379 791 555 823 vinciarum
572 796 603 824 et.
616 790 901 829 monasteriorum,
921 790 1029 822 aliisve
1047 788 1117 832 qui-

379 844 499 883 busvis,
528 844 623 876 etiam
648 844 849 883 iuramento,
874 842 1115 876 confirmatione

379 896 569 940 apostolica,
586 906 640 928 seu
657 896 765 939 quavis
783 895 933 928 firmitate
950 895 1011 927 alia
1025 895 1116 927 robo-

380 949 473 989 ratis,
493 948 617 981 statutis
643 953 673 981 et
701 948 996 988 consuetudinibus,
1019 948 1114 980 etiam

379 1001 687 1034 immemorabilibus
711 1000 891 1044 privilegiis
909 1010 1048 1044 quoque,
1068 1000 1116 1032 in-

379 1054 476 1087 dultis
495 1059 527 1086 et
555 1054 670 1086 litteris
692 1053 889 1097 apostolicis,
912 1053 1017 1086 eidem
1035 1053 1116 1086 Con-

379 1106 560 1149 gregationi
586 1106 721 1149 eiusque
745 1106 982 1149 superioribus,
1008 1117 1116 1139 mona-

377 1159 448 1192 cbis
474 1165 505 1191 et
524 1159 682 1202 personis,
703 1159 812 1192 aliisve
829 1159 1038 1202 quibuslibet,
1056 1160 1115 1192 sub

378 1212 635 1255 quibuscumque
669 1212 841 1244 verborum
881 1212 1047 1244 tenoribus
1084 1217 1115 1244 et

378 1265 501 1304 formis,
527 1275 563 1297 ac
586 1275 659 1297 cum
686 1264 849 1308 quibusvis
866 1264 960 1297 etiam
980 1265 1115 1306 deroga-

377 1317 532 1350 toriarum
557 1317 782 1359 derogatoriis‚
804 1317 938 1359 aliisque
956 1316 1116 1349 efficacio-

377 1371 476 1409 ribus,
501 1369 732 1402 efficacissimis
752 1380 788 1402 ac
808 1369 948 1402 insolitis
966 1369 1115 1402 clausulis

379 1428 411 1456 et
434 1423 572 1456 decretis
590 1423 621 1454 in
638 1432 757 1465 genere
771 1423 821 1455 vel
839 1423 871 1454 in
885 1422 1003 1465 specie,
1018 1422 1113 1455 etiam

378 1480 478 1516 motu,
503 1475 637 1508 scientia
662 1479 692 1507 et
718 1474 887 1518 potestatis
912 1474 1114 1517 plenitudine

378 1529 511 1572 paribus
547 1538 584 1561 ae
616 1528 884 1561 consistorialiter
920 1532 951 1562 et
981 1528 1059 1560 alias
1083 1528 1115 1560 in

379 1581 574 1615 contrarium
599 1581 852 1624 praemissorum
873 1578 1049 1620 concessis,
1079 1591 1116 1614 ac

379 1634 501 1677 pluries
528 1638 560 1666 et
576 1633 843 1677 quantiscumque
861 1633 986 1665 vicibus
1000 1632 1117 1666 contir-

958 217 1030 241 mu]
1042 215 1137 239 autum
1160 215 1311 239 nonttx'UM

1160 263 1288 305 emplis,
1309 262 1403 295 etiam
1428 261 1608 304 impressis,
1635 273 1730 295 manu
1763 262 1896 297 alicuius

1159 316 1276 347 notarii
1290 315 1411 358 publici
1431 315 1633 358 subscriptis,
1654 321 1686 349 et
1702 316 1809 358 sigillo
1827 328 1896 360 per-

1159 378 1257 400 sonae
1282 368 1315 399 in
1341 367 1560 400 ecclesiastica
1586 368 1743 410 dignitate
1776 370 1895 403 consti-

1160 426 1245 453 tutae
1271 419 1411 459 munitis,
1437 420 1549 452 eadem
1570 430 1702 462 prorsus
1726 422 1807 455 fides
1831 429 1895 457 tam

1159 472 1191 504 in
1217 472 1334 506 iudicio
1359 483 1454 514 quam
1479 477 1567 504 extra
1590 472 1670 505 illud
1701 474 1823 518 ubique
1847 477 1896 509 lo-

1159 536 1270 558 corum
1295 525 1472 564 habeatur,
1500 535 1579 567 quae
1605 525 1780 559 haberetur
1813 529 1894 571 ipsis

1159 577 1386 622 praesentibus
1410 577 1435 609 si
1456 577 1563 610 forent
1586 579 1749 612 exhibitae
1769 582 1819 614 vel
1844 592 1895 615 os-

1159 635 1283 663 tensae.

1201 684 1313 716 Datum
1340 683 1476 722 Romae,
1504 685 1590 726 apud
1621 684 1652 717 S.
1670 685 1803 718 Mariam
1831 687 1894 720 Ma-

1157 735 1275 775 iorem,
1301 736 1361 768 sub
1389 736 1512 768 annulo
1536 735 1721 777 Piscatoris,
1751 738 1802 770 die
1829 749 1894 774 xxii

1158 787 1342 821 novembris
1366 797 1528 827 unctxxx,
1553 788 1761 831 pontificatus
1789 791 1894 825 nostri

1159 851 1244 874 anno
1269 851 1298 874 v.

1194 902 1251 929 Dat.
1267 901 1311 928 die.
1327 901 1360 928 22
1376 901 1530 929 novembris
1546 902 1623 937 1680,
1639 903 1739 938 pontif.
1754 911 1824 932 anno
1838 903 1871 931 vl

1465 1042 1579 1076 XCVII.

1157 1122 1370 1156 Permittitur
1383 1127 1418 1155 ut
1435 1122 1561 1155 abbates
1575 1127 1604 1155 et
1617 1123 1769 1166 officiales
1788 1135 1895 1158 omnes

1203 1175 1468 1218 Conqreqaliouis
1490 1175 1687 1209 Cassinensis
1702 1187 1761 1219 pro
1779 1177 1839 1210 hac
1851 1178 1896 1210 vi-

1201 1238 1233 1260 ce
1258 1232 1392 1268 tantum,
1410 1228 1447 1260 ob
1471 1228 1683 1260 immutatum
1706 1230 1844 1272 capituli
1866 1234 1895 1262 et

1201 1279 1305 1312 dietae
1322 1284 1456 1323 tempuS,
1475 1290 1541 1312 uon
1557 1285 1770 1313 amoveantur
1782 1282 1896 1314 statim

1199 1336 1269 1375 post
1293 1331 1454 1374 expletum
1479 1332 1652 1374 officiorum
1677 1333 1895 1375 curriculzmz;

1201 1388 1229 1417 et
1251 1383 1360 1417 abbati
1382 1384 1413 1417 S.
1440 1384 1546 1417 Pauli
1568 1389 1661 1417 eoelra
1684 1385 1796 1419 Urbem
1813 1396 1896 1418 com-

1201 1438 1347 1470 mittitur
1360 1438 1549 1481 procuratio
1564 1438 1737 1481 qeneralis,
1753 1439 1783 1471 si
1798 1449 1897 1482 quan—

1201 1490 1304 1534 doque
1328 1491 1418 1524 iutra
1443 1491 1623 1524 triennium
1646 1490 1804 1525 vacaret'.

1345 1570 1540 1598 Innocentius
1560 1571 1639 1603 Papa
1657 1571 1706 1603 xl,

1299 1616 1335 1641 ad
1355 1615 1487 1641 futuram
1505 1614 1550 1641 rei
1569 1614 1751 1642 memoriam.

1896 214 1945 241 An.
1965 215 1996 242 C.
2017 215 2085 244 1680

1201 1684 1215 1726 ἓ
1231 1683 1261 1716 1.
1281 1683 1357 1716 Cum
1373 1693 1446 1723 nos,
1473 1693 1532 1726 per
1549 1684 1704 1726 quasdam
1716 1687 1844 1717 nostras
1861 1684 1894 1717 in
1934 1692 2046 1724 ouantium
2065 1691 2088 1714 ut

1158 1736 1255 1769 simili
1291 1736 1395 1769 forma
1424 1735 1531 1769 Brevis
1559 1736 1611 1769 die
1635 1747 1667 1770 1x
1699 1736 1895 1780 septembris
1906 1721 2089 1799 ἓΞΞᾹΈῙΠΞιΠΕτὲΙΞᾹ

1158 1788 1305 1831 proxime
1319 1788 1486 1831 praeteriti
1501 1788 1667 1831 expeditas
1678 1788 1814 1829 litteras,
1832 1799 2002 1822 ino-trienniis
2043 1804 2089 1820 ‹m-

379 1686 488 1727 matis‚
515 1686 703 1730 approbatis
725 1691 757 1719 et
786 1686 970 1725 innovatis;
1001 1685 1115 1728 quibus

378 1739 526 1772 omnibus
545 1744 577 1771 et
593 1739 744 1781 singulis,
767 1738 893 1772 etiamsi
908 1748 967 1781 pro
984 1737 1115 1770 illorum

379 1791 550 1825 sufficienti
582 1792 795 1835 derogatione
828 1792 867 1824 de
891 1791 955 1823 illis
989 1800 1117 1823 eorum·
1907 1825 2036 1848 colmam

228 2536 291 2557 riam
317 2539 372 2558 tran·

189 2566 326 2589 nummorum.

379 1854 441 1887 que
468 1845 543 1877 totis
567 1845 733 1878 tenoribus
757 1844 927 1888 specialis,
949 1843 1117 1887 specifica,

379 1907 532 1941 expressa
565 1902 597 1930 et
619 1897 805 1937 individua,
836 1907 902 1929 non
927 1901 1032 1929 autem
1058 1907 1117 1939 per

378 1951 535 1985 clausulas
561 1951 733 1993 generales
758 1950 845 1983 idem
876 1950 1090 1993 importantes
1108 1976 1115 1989 ,

378 2003 508 2043 mentio,
530 2013 586 2036 seu
612 2003 742 2046 quaevis
762 2003 824 2036 alia
843 2002 1002 2046 exquisita
1018 2002 1118 2035 forma

379 2056 418 2090 ad
444 2057 507 2090 hoc
531 2056 687 2089 servanda
712 2056 818 2096 soret,
845 2061 977 2089 tenores
1003 2055 1117 2087 huius-

379 2110 465 2143 modi
491 2109 721 2153 praesentibus
746 2119 805 2152 pro
836 2109 935 2152 plene
968 2113 999 2140 et
1031 2107 1118 2140 suffi-

379 2163 504 2195 cienter
524 2162 685 2205 expressis
700 2171 737 2195 ac
754 2161 794 2195 de
814 2161 913 2194 verbo
931 2160 970 2193 ad
984 2160 1118 2193 verbum

379 2215 508 2249 insertis
534 2214 712 2255 habentes,
737 2214 803 2248 illis
827 2214 905 2247 alias
930 2213 963 2246 in
988 2223 1047 2246 suo
1067 2223 1119 2246 ro-

379 2268 459 2300 bore
483 2267 714 2310 permansuris,
741 2267 781 2300 ad
805 2267 1057 2310 praemissorum
1080 2264 1120 2298 es-

380 2320 507 2360 sectum,
526 2320 587 2353 hac
602 2320 671 2353 vice
693 2321 868 2360 dumtaxat,
886 2319 1072 2363 specialiter
1089 2323 1119 2351 et
1135 2356 1137 2375 ι

382 2383 535 2416 expresse
571 2383 607 2406 ac
630 2373 822 2416 plenissime
853 2378 885 2406 et
921 2371 1120 2415 amplissime

383 2425 589 2468 derogamus;
607 2426 787 2470 ceterisque
802 2425 972 2459 contrariis
986 2424 1121 2468 quibus-

384 2489 534 2522 eumque.

427 2533 441 2575 ἓ
458 2532 648 2565 5.v01umus
662 2537 767 2565 autem
781 2538 815 2564 ut
829 2532 1015 2565 earumdem
1030 2542 1121 2575 prae-

383 2585 524 2618 sentium
549 2584 730 2618 litterarum
749 2585 969 2628 transumptis,
987 2594 1042 2617 seu
1068 2594 1121 2617 ex-

1159 1847 1190 1873 tu
1206 1841 1354 1884 proprio,
1371 1851 1406 1873 ac
1423 1851 1459 1874 ex
1474 1842 1562 1875 certa
1575 1841 1710 1874 scientia
1724 1846 1756 1874 et
1772 1844 1898 1876 matura

1158 1894 1394 1927 deliberatione
1418 1894 1549 1935 nostris,
1575 1894 1680 1938 deque
1700 1895 1898 1938 apostolicae

1158 1946 1329 1989 potestatis
1345 1946 1561 1989 plenitudine,
1578 1947 1784 1980 statuerimus
1803 1952 1835 1980 et
1850 1957 1899 1981 or-

1160 2000 1390 2041 dinaverimus,
1409 2005 1444 2032 ut
1467 2005 1531 2033 tam
1549 2000 1726 2044 capitulum
1746 2002 1900 2043 generale
1923 1993 1926 1997 ⁵

1160 2063 1256 2096 quam
1289 2053 1376 2085 dieta
1408 2052 1602 2086 intermedia
1631 2053 1900 2096 Congregationis

1160 2106 1358 2139 Cassinensis
1396 2105 1526 2139 Ordinis
1565 2106 1668 2140 sancti
1710 2106 1899 2148 Benedicti,

1161 2169 1244 2202 quae
1270 2157 1421 2202 quolibet
1443 2158 1577 2192 biennio
1610 2159 1791 2203 respective
1817 2160 1901 2193 cele-

1160 2212 1350 2252 brabantur,
1374 2212 1408 2244 in
1432 2217 1602 2255 posterum
1627 2212 1776 2256 quolibet
1800 2211 1901 2245 trien-

1161 2265 1226 2306 nio,
1252 2275 1270 2298 a
1294 2264 1440 2308 proximo
1462 2265 1569 2299 futuro
1585 2265 1727 2308 capitulo
1744 2264 1900 2309 generali,

1199 2371 1209 2397 1
1228 2370 1282 2398 Pro
1298 2370 1416 2398 secunda
1431 2372 1508 2405 parte
1523 2369 1727 2398 Constitutionis
1740 2369 1801 2398 vide
1820 2370 1903 2397 huius

1163 2414 1299 2442 Pontificis
1310 2415 1399 2442 Const.
1415 2414 1512 2442 editam
1528 2421 1667 2448 nnchxx,
1681 2413 1837 2441 novembris
1847 2420 1902 2441 xxn

1163 2461 1237 2494 pont.
1246 2466 1273 2491 v;
1283 2459 1346 2486 item
1354 2459 1445 2486 Const.
1453 2458 1551 2485 editam
1560 2464 1734 2493 mnccxxxvu,
1741 2458 1831 2485 martii
1839 2464 1901 2489 xxu,

1162 2507 1236 2538 pont.
1254 2510 1290 2538 xl,
1311 2504 1358 2531 ubi
1373 2504 1548 2531 confirmatur
1563 2503 1705 2530 decretum
1724 2511 1772 2538 pro
1787 2503 1903 2530 ecclesia

1163 2548 1187 2574 S.
1201 2548 1327 2575 Germani
1337 2557 1342 2581 ;
1354 2555 1456 2574 necnon
1470 2547 1617 2574 innocentii
1629 2546 1686 2580 ΧΗ,
1698 2546 1788 2574 Const.
1802 2546 1902 2574 editam

1163 2598 1269 2625 ›mcxcxy
1284 2592 1341 2620 iulii
1356 2598 1448 2627 xxvut,
1466 2595 1540 2628 pont.
1556 2597 1575 2626 ι,
1591 2599 1638 2627 pro
1654 2591 1741 2627 prima
1759 2594 1847 2627 parte.
