2111 3157
31 218 86 249 An.
109 220 137 247 C.
157 218 224 247 1676

58 282 159 303 Redditus
176 287 213 301 seu

32 308 70 336 dos
104 309 212 334 eplseopa-

31 338 71 356 tus.

58 1063 214 1090 luspatronzttus

34 1092 54 1110 et
66 1092 212 1116 praesentandi

33 1117 87 1137 iutra
102 1123 176 1137 annum
188 1119 212 1137 ad

33 1144 175 1168 episcopatum
195 1147 212 1163 et

33 1169 86 1189 aluu
103 1170 214 1195 dignitati—s

34 1196 118 1219 regilius
143 1198 214 1215 Perlu-

34 1223 110 1245 aallue
119 1223 205 1243 court-di

33 1249 75 1267 tur.

267 265 337 309 §5
373 264 504 297 Necnon
539 260 693 295 ecclesiae
724 259 886 303 praefatae
918 256 948 288 S.

223 318 394 351 Salvatoris
433 317 471 349 de
505 315 619 348 Olinda
656 312 789 354 eiusque
824 318 951 342 mensae

224 369 402 414 episcopali
427 367 596 412 praefatae,
613 375 673 409 pro
690 364 760 396 eius
777 363 860 401 dote,
882 360 953 393 red-

225 423 309 455 ditus
334 432 457 454 annuos
483 421 617 453 duorum
648 416 784 449 millium
808 419 839 446 et
862 413 953 456 quin-

225 479 393 517 gentorum
428 472 646 505 cruciatorum
669 472 817 501 monetae
841 466 953 498 Portu·

225 528 340 570 galliae
376 536 435 569 per
468 525 574 568 ipsum
604 523 735 554 Petrum
769 518 951 563 principem

225 581 413 622 assignatos,
432 588 526 621 quam
546 575 674 619 quidem
690 582 845 606 summam
866 571 951 603 idem

225 634 336 665 Petrus
359 632 511 674 princeps
528 630 567 662 de
585 629 650 661 suis
673 626 815 671 propriis
841 635 876 657 ac
893 634 951 667 pro

227 691 369 728 tempore
401 683 607 716 existentium
638 690 751 723 regum
787 678 953 719 Portugal-

224 738 285 771 liae
316 736 519 775 redditibus,
553 739 585 767 et
618 733 801 776 speci-aliter
826 731 864 763 de
890 730 952 762 illis

225 790 279 833 qui
305 799 340 822 ex
366 789 434 831 ipsa
465 787 598 830 regione
628 784 816 819 Brasiliensi
848 782 952 826 perci-

224 842 375 885 piuntur,
408 841 547 883 gratiose
572 844 604 872 et
633 835 890 871 irrevocabiliter
913 834 950 867 ad

224 895 309 927 hunc
335 893 481 926 effectum
507 891 648 932 donavit,
668 895 700 924 et
725 891 847 923 solvere
863 892 953 931 quot-

224 947 315 980 annis
344 946 490 989 promisit
515 956 573 978 seu
601 943 778 987 promittit,
804 941 954 974 similiter

223 1005 382 1043 perpetuo
409 998 607 1042 applicamus
635 1002 666 1028 et
692 995 924 1038 approriamuS.

268 1053 282 1095 ξ
306 1052 337 1084 6,
364 1052 401 1083 Et
424 1052 558 1093 iusuper
574 1050 670 1081 Petro
691 1047 831 1091 principi
852 1051 883 1079 et
899 1057 955 1088 gu-

224 1104 400 1142 bernatori,
426 1114 462 1135 ae
486 1113 545 1145 pro
569 1107 713 1144 tempore
746 1098 954 1132 existentibus

227 1156 440 1198 Portugalliae
483 1161 516 1187 et
557 1153 782 1196 Algarbiorum
823 1151 953 1193 regibus

227 1209 388 1253 praefatis,
405 1209 453 1240 ius
471 1212 658 1250 patronatus
677 1211 708 1238 et
725 1203 953 1248 praesentandi

226 1271 381 1305 personas
398 1261 530 1293 idoneas
545 1259 627 1291 infra
641 1268 770 1296 annum,
786 1257 823 1289 ad
839 1256 953 1287 dictam

225 1313 393 1346 eeclesiam
422 1313 460 1344 de
485 1311 600 1344 Olinda
624 1309 774 1342 videlicet
805 1308 898 1341 nobis
923 1313 955 1339 et

224 1376 283 1408 pro
304 1370 449 1408 tempore
468 1363 614 1396 existenti
635 1363 779 1395 Romano
797 1360 952 1399 Pontifici,

224 1423 286 1451 tam
310 1428 369 1461 pro
394 1418 453 1450 hac
477 1417 581 1459 prima
612 1416 689 1455 vice,
711 1425 805 1457 quam
830 1413 955 1456 quotics

224 1471 311 1503 illam
353 1470 507 1511 deinceps
546 1466 656 1511 quovis
694 1466 789 1499 modo
829 1465 952 1497 etiamsi

224 1524 307 1566 apud
333 1523 447 1555 Sedein
472 1521 690 1565 Apostolicam
714 1529 828 1552 vacare
853 1518 955 1550 conti-

225 1576 315 1618 gerit,
340 1585 399 1618 per
423 1585 480 1607 nos
505 1579 536 1607 et
560 1584 617 1616 pro
642 1578 788 1615 tempore
819 1571 955 1603 existen-

228 1635 289 1660 tem
313 1628 491 1660 Romanum
510 1626 699 1659 Pontificem
717 1623 904 1657 huiusmodi
923 1623 954 1655 iu

226 1680 371 1713 eiusdem
396 1680 434 1712 de
454 1679 569 1712 Olinda
588 1678 743 1711 ecclesiae
765 1677 953 1720 episcopum

226 1738 257 1765 et
280 1738 445 1775 pastorem
463 1733 501 1765 ad
526 1731 818 1775 praesentationem
844 1730 954 1762 liuius-

225 1786 322 1825 modi,
344 1791 376 1818 et
395 1796 459 1818 non
484 1785 569 1824 alias,
595 1782 888 1828 praeficiendum⁴‚
915 1783 953 1815 ad

226 1839 382 1872 maiorem
394 1849 471 1872 vero
485 1843 557 1881 post
573 1836 799 1881 pontificalem,
816 1842 847 1869 et
865 1836 954 1879 prin-

225 1892 345 1935 cipales
369 1896 401 1924 et
425 1892 502 1924 alias
530 1891 721 1933 dignitates,
743 1889 953 1922 canonicatus

227 1950 258 1977 et
293 1944 513 1988 praebendas,
540 1954 668 1976 necnon
702 1942 860 1976 beneficia
893 1942 955 1973 eri-

227 1997 331 2039 genda
355 2003 386 2030 et
409 2008 466 2040 per
488 1997 617 2030 Petrum
641 1997 822 2040 principem
847 2002 879 2029 et
896 2007 954 2039 pro

228 2055 372 2092 tempore
397 2050 569 2082 existentes
594 2060 688 2093 reges
712 2049 895 2082 huiusmodi
917 2060 953 2081 ex

226 2101 322 2134 bonis
357 2112 468 2135 eorum
502 2113 589 2135 mere
615 2103 780 2135 laicalibus
812 2112 954 2144 congrue

227 2155 383 2196 dotanda,
409 2160 471 2187 tam
497 2156 535 2187 ab
560 2166 670 2188 eorum
693 2155 855 2198 primaeva
885 2165 956 2187 ere-

227 2207 351 2248 ctione,
384 2213 553 2251 postquam
577 2214 683 2241 erecta
707 2214 738 2241 et
762 2209 868 2241 dotata
894 2208 956 2240 sue-

227 2261 307 2301 rint,
334 2271 427 2303 quam
463 2271 499 2293 ex
524 2267 599 2293 tune
635 2261 801 2304 deinceps,
828 2261 955 2304 quoties

228 2314 293 2353 illa,
314 2314 476 2357 quibusvis
494 2314 609 2354 modis,
629 2315 723 2348 etiam
748 2326 783 2348 ex
804 2325 957 2358 quorum—

228 2365 386 2409 cumque‘l
409 2366 575 2410 personis,
601 2367 695 2400 etiam
727 2369 809 2410 apud
842 2368 956 2400 Sedcm

229 2419 383 2460 eamdem,
400 2429 512 2452 vacare
537 2419 719 2462 contigerit,
736 2431 794 2463 pro
813 2425 957 2463 tempore

265 2499 276 2525 ¹
296 2497 390 2534 Aptius
405 2498 523 2534 legerem
534 2499 762 2535 praeficiendam
777 2501 872 2535 nempe
888 2508 958 2534 per-

229 2550 328 2570 sonam
348 2544 385 2576 (a.
403 2544 451 2575 τ.).

265 2587 281 2614 2
301 2587 366 2615 Male
382 2587 424 2615 cd.
440 2588 519 2615 Mein.
536 2588 600 2625 legit
615 2597 856 2626 quarumcumque
869 2590 958 2626 (11..τ.).

801 190 1011 234 111ΝοοΕ1111115
1033 189 1063 230 xi
1075 187 1138 230 ”131³ss

996 254 1144 287 existenti
1169 252 1324 296 episcopo
1349 250 1388 284 de
1413 249 1528 284 Olinda
1558 249 1728 292 praefato,

995 306 1144 339 similiter
1167 315 1225 348 per
1249 315 1340 345 eum,
1367 303 1406 336 ad
1431 300 1728 346 praesentationem

995 359 1128 401 praefati
1153 359 1239 391 Petri
1263 356 1419 401 principis
1445 361 1476 388 et
1495 365 1554 398 pro
1581 359 1728 396 tempore

996 411 1199 444 existentium
1222 409 1435 452 portugalliae
1453 413 1485 441 et
1502 406 1729 449 Algarbiorum

996 475 1108 507 regum
1133 462 1278 503 faetam¹,
1311 464 1394 495 infra
1411 461 1586 494 terminum
1615 470 1633 492 a
1660 458 1729 490 iure

996 516 1171 560 praefixum
1187 543 1194 555 ,
1220 516 1254 548 in
1279 515 1356 558 ipsis
1382 513 1610 556 dignitatibus,
1637 521 1732 543 cauo-

996 570 1154 602 nicatibus
1190 574 1221 601 et
1259 568 1456 611 praebendis
1498 577 1534 599 ac
1562 563 1730 598 beneficiis

996 622 1207 655 instituendas
1217 620 1235 661 ²,
1255 622 1369 654 eadem
1390 619 1581 652 auctoritate
1608 617 1731 661 pariter

996 680 1154 718 perpetuo
1177 684 1380 707 reservamus
1402 683 1437 704 ac
1461 671 1682 704 concedimus

1040 728 1109 770 §T
1142 727 1361 759 Deceruentes
1395 726 1444 757 ius
1477 727 1668 767 patronatus
1700 727 1732 753 et
1753 731 1925 751 [tw-tarataram-

1749 760 1864 778 ,atrurn-tus
1871 763 1926 776 coui-

996 779 1224 823 praesentandi
1249 778 1436 811 huiusmodi
1466 776 1611 819 praefato
1635 775 1731 806 Petro
1742 765 1813 829 {wiese

1753 817 1798 829 :uim
1815 813 1832 829 ut
1850 810 1925 829 111111111-

996 833 1135 875 principi
1159 838 1189 864 et
1214 830 1432 874 gubernatori,
1454 835 1486 862 et
1502 839 1561 872 pro
1586 833 1818 872 temporenqne,
1843 842 1880 855 „m-
1906 841 1925 855 „1

997 886 1209 919 existentibus
1226 884 1443 927 Portugalliae
1459 889 1490 916 ct
1507 881 1732 924 Algarbiorum
1743 869 1799 910 liful.
1821 862 1928 887 *mmm*

997 939 1127 980 regibus
1151 937 1320 981 praefatis,
1347 948 1384 969 ex
1409 935 1508 969 meris
1535 933 1733 966 fundationi-

997 993 1057 1024 bus
1084 998 1115 1024 et
1138 991 1358 1024 dolationibus
1391 993 1587 1032 competere,
1619 986 1732 1028 illique

998 1046 1093 1078 etiam
1119 1055 1178 1087 per
1202 1044 1316 1077 Sedena
1348 1043 1496 1075 eamdem
1528 1040 1625 1073 etiam
1658 1048 1734 1071 eou-

999 1098 1202 1131 sistorialiter
1219 1106 1419 1140 quacumque
1435 1094 1561 1127 ratione
1583 1091 1733 1133 derogari

999 1162 1062 1184 non
1093 1162 1201 1194 posse,
1235 1160 1339 1193 neque
1370 1150 1561 1190 derogatum
1594 1145 1732 1184 censeri,

998 1204 1058 1236 uisi
1085 1205 1182 1246 ipsius
1206 1203 1292 1235 Petri
1312 1201 1469 1245 principis
1491 1206 1522 1233 et
1539 1200 1735 1242 gubernato-

999 1257 1041 1288 ris
1065 1262 1096 1289 et
1119 1267 1177 1298 pro
1207 1261 1353 1298 tempore
1388 1252 1592 1286 existentium
1620 1261 1734 1293 regum

999 1309 1217 1352 praefatorum
1251 1308 1290 1340 ad
1323 1308 1354 1339 id
1391 1315 1564 1349 expressus
1602 1303 1734 1336 accedat

998 1372 1159 1401 assensus,
1177 1366 1217 1401 et,
1239 1361 1264 1393 si
1290 1359 1401 1403 quovis
1427 1359 1524 1391 modo
1544 1358 1731 1399 derogetur,

999 1415 1225 1456 derogationes
1251 1412 1438 1445 huiusmodi
1474 1421 1545 1443 cum
1571 1410 1645 1442 inde
1683 1419 1734 1441 se-

999 1468 1107 1511 quutis
1129 1467 1247 1500 nullius
1266 1467 1403 1507 roboris,
1423 1464 1584 1497 efficaciae
1602 1464 1650 1496 vel
1668 1472 1735 1494 mo-

999 1521 1096 1554 menti
1116 1522 1199 1561 sore,

1042 1574 1056 1617 g
1080 1573 1110 1606 8.
1138 1573 1254 1616 Sicque
1279 1583 1336 1616 per
1361 1581 1582 1615 quoscumque
1611 1569 1734 1601 iudices

998 1632 1029 1659 et
1053 1626 1293 1659 commissarios
1310 1625 1422 1668 quavis
1449 1623 1638 1656 auctoritate
1665 1622 1735 1653 suu—

998 1684 1122 1722 gentcs,
1151 1683 1181 1711 et
1205 1678 1350 1711 eiusdem
1375 1677 1404 1709 S.
1429 1676 1465 1708 R.
1485 1676 1519 1708 E.
1543 1675 1733 1712 cardinales,

998 1733 1093 1765 etiam
1116 1733 1154 1765 de
1179 1733 1278 1765 latere
1303 1732 1433 1773 legatos,
1452 1729 1660 1770 vicelegatos,
1680 1727 1733 1759 Se-

998 1786 1111 1829 disque
1136 1786 1299 1828 praefatae
1324 1783 1473 1823 nuncios,
1500 1788 1531 1815 et
1562 1791 1734 1814 causarum

998 1839 1107 1882 palatii
1140 1837 1308 1881 apostolici
1329 1836 1506 1875 auditores,
1533 1834 1660 1867 sublata
1687 1833 1733 1865 eis

997 1897 1029 1925 et
1051 1891 1215 1934 quibusvis
1238 1890 1307 1922 aliis
1325 1889 1438 1932 quavis
1456 1888 1552 1920 aliter
1569 1885 1734 1919 iudicandi

998 1950 1030 1978 et
1054 1943 1288 1987 interpretandi
1309 1943 1458 1975 facultate
1477 1946 1510 1973 et
1528 1939 1732 1977 auctoritate,

998 1997 1130 2030 iudicari
1155 2002 1187 2029 et
1211 1995 1337 2029 deliniri
1367 1995 1498 2033 debere,
1532 2002 1660 2025 necnon
1692 1991 1735 2022 ir-

997 2050 1095 2082 ritum
1136 2055 1167 2081 et
1191 2049 1287 2081 inane
1319 2047 1344 2079 si
1377 2058 1469 2080 secus
1500 2056 1598 2088 super
1630 2044 1681 2076 liis
1717 2053 1734 2075 a

998 2113 1171 2146 quoquam,
1187 2101 1296 2144 quavis
1314 2100 1516 2139 auctoritate,
1530 2098 1672 2131 scienter
1685 2096 1733 2129 vel

998 2156 1198 2199 ignoranter,
1218 2153 1393 2196 contigerit
1420 2151 1584 2185 attentari.

1043 2209 1058 2251 ἓ
1096 2208 1128 2240 9.
1169 2207 1237 2240 Non
1276 2205 1479 2239 obstantibus
1518 2202 1707 2246 praemissis
1727 2229 1733 2241 ‚

998 2260 1189 2304 pracsertim
1222 2259 1306 2301 quod
1337 2257 1475 2291 ecelesia
1507 2257 1538 2290 S„
1562 2255 1736 2289 Salvatoris

1000 2313 1202 2347 Brasiliensis
1234 2312 1378 2355 praefata
1412 2315 1505 2343 vacet
1544 2315 1576 2342 et
1605 2314 1735 2352 pastore

1001 2378 1060 2399 suo
1086 2366 1239 2399 destituta
1263 2363 1453 2407 reperiatur,
1479 2373 1516 2395 ae
1540 2362 1736 2394 Laterauen-

1001 2422 1043 2453 sis
1068 2419 1201 2453 Concilii
1221 2418 1393 2452 novissime
1420 2416 1575 2450 celebrati
1594 2415 1736 2447 uniones

1001 2478 1175 2517 perpetuas
1202 2477 1234 2505 et
1264 2471 1304 2504 ab
1330 2470 1474 2504 ecelesiis
1502 2469 1648 2502 membra
1673 2468 1737 2500 dis-

1038 2545 1048 2570 1
1072 2543 1137 2570 Male
1152 2543 1216 2570 edit.
1233 2541 1311 2569 lllain.
1328 2541 1391 2576 legit
1404 2542 1481 2576 facta
1496 2539 1535 2574 (a.
1552 2539 1602 2568 Τ.).

1038 2589 1055 2615 2
1074 2588 1140 2615 Male
1157 2587 1220 2615 edit.
1237 2586 1319 2613 Main,
1336 2585 1400 2620 legit
1421 2583 1603 2612 instituendis
1616 2582 1654 2617 (R.
1670 2581 1726 2623 ax).-

1731 198 1779 224 An.
1803 197 1831 223 C.
1853 193 1919 223 1:770

1830 789 1853 802 ex
1866 784 1925 802 ‹luta-

1772 1577 1891 1598 ctam-utam

1771 2208 1930 2230 Contrariorum

1747 2236 1863 2261 <lemmatum
