2111 3157
151 208 200 235 An.
221 206 249 234 e.
270 207 338 235 isse
383 199 447 233 638

166 1005 286 1030 clausurae.

192 1746 324 1770 Obstautium

141 1775 238 1795 remmio.

340 263 474 290 nostrae
506 257 649 297 litterae,
676 266 757 299 quae
791 254 876 287 iuxta
908 253 1073 286 decretum

341 310 525 344 huiusmodi
557 309 725 352 expeditae
755 308 902 347 suerunt,
929 315 1070 348 congru-

341 370 432 397 enter
442 363 666 396 reformandae
678 362 859 394 videantur:
875 370 942 399 nos,
958 368 1075 402 oppor-

341 422 415 449 tune
444 417 477 449 in
504 415 691 459 praemissis
717 413 889 457 providere
913 412 1071 448 volentes,

340 470 378 502 de
401 469 590 507 eorumdem
614 468 827 501 cardinalium
856 465 1001 504 consilio,
1020 474 1074 496 au-

338 523 487 555 ctoritate
512 522 670 565 praefata,
695 526 809 554 tenore
833 517 1071 563 praesentium,

337 576 552 608 reformamus
579 574 779 618 supradictas
804 577 931 606 nostras
948 571 1072 604 litteras

339 628 423 661 circa
445 633 615 671 promotos
647 637 705 660 seu
736 624 976 670 promovendos
1000 622 1071 656 sine

337 681 454 714 litteris
483 680 692 722 dimissoriis,
717 678 852 723 perinde
875 688 911 710 ac
936 676 962 710 si
988 686 1072 709 ema-

337 738 469 767 nassent
494 734 657 767 dumtaxat
687 733 794 776 quoad
818 736 989 775 promotos
1015 739 1070 762 seu

337 787 578 831 promovendos
617 796 689 819 cum
728 785 817 820 salsis
857 782 1068 822 dimissoriis;

335 842 423 874 salva
456 846 563 873 tamen
597 839 719 883 pariter
743 838 776 871 in
807 836 992 881 praemissis
1016 846 1069 868 au-

318 893 482 930 ,ctoritate
507 892 651 926 eiusdem
679 889 944 933 Congregationis
968 887 1071 922 cardi-

333 946 469 979 nalium.

378 1001 393 1044 §
417 1000 450 1035 3.
475 1001 696 1034 Decernentes
720 999 850 1033 easdem
881 1001 1071 1041 praesentes

333 1053 458 1087 litteras
484 1063 614 1097 semper
630 1052 752 1093 firmas,
770 1051 892 1085 validas
917 1055 948 1083 et
971 1049 1071 1082 effica-

319 1117 387 1139 ssces
411 1107 551 1140 existere
576 1111 607 1138 et
631 1105 713 1145 fore,
739 1114 881 1147 suosque
904 1101 1070 1146 plenarios

334 1166 366 1193 et
389 1160 533 1202 integros
559 1159 692 1192 effeetus
713 1157 823 1191 sortiri
853 1161 885 1189 et
911 1155 1069 1194 obtinere,

333 1211 391 1244 ac¹
416 1213 501 1252 illis,
529 1211 567 1244 ad
594 1222 674 1254 quos
702 1215 826 1253 spectat
852 1214 883 1242 et
907 1218 967 1251 pro
993 1213 1072 1240 tem-

333 1275 412 1308 pore
425 1265 597 1309 spectabit,
620 1263 810 1307 plenissime
835 1261 1018 1304 suffragari,
1039 1266 1071 1293 et

333 1319 373 1351 ab
398 1318 463 1352 illis
488 1318 666 1361 respective
699 1315 933 1349 inviolabiliter
958 1315 1070 1348 obser-

334 1371 419 1412 vari,
446 1371 557 1414 sicque
582 1370 614 1402 in
632 1369 816 1413 praemissis
833 1378 892 1411 per
909 1378 1071 1411 quoscum-

336 1436 397 1468 que
432 1424 556 1457 iudices
590 1422 774 1456 ordinarios
808 1426 839 1454 ct
879 1421 1068 1463 delegatos,

335 1478 432 1511 ctiam
464 1486 636 1509 causarum
672 1475 782 1518 palatii
815 1474 986 1517 apostolici
1016 1484 1071 1506 au-

336 1533 468 1573 ditores,
492 1531 625 1564 iudicari
651 1535 683 1563 et
706 1529 833 1562 definiri
862 1529 1007 1567 debere,
1034 1538 1071 1561 ac

335 1587 464 1618 irritum
494 1590 523 1618 ct
557 1585 653 1617 inane
681 1583 707 1615 si
739 1593 830 1616 secus
854 1593 954 1625 super
979 1582 1029 1614 liis
1054 1592 1071 1614 a

336 1649 517 1682 quoquam,
548 1637 659 1680 quavis
688 1636 894 1674 auctoritate,
933 1635 1073 1667 scienter

334 1693 384 1725 vel
417 1692 615 1734 ignoranter,
649 1689 821 1732 contigerit
845 1688 1008 1721 attentari.

380 1746 394 1789 g
418 1745 450 1777 4.
477 1744 546 1776 Non
582 1742 786 1775 obstantibus
811 1741 1010 1785 praemissis,
1038 1751 1073 1773 ac

336 1796 621 1832 constitutionibus
647 1801 679 1828 et
706 1795 969 1828 ordinationibus
993 1804 1072 1837 apo-

336 1851 483 1891 stolicis,
513 1849 692 1892 ceterisque
725 1848 895 1881 contrariis
934 1847 1070 1891 quibus-

337 1914 487 1947 cumque.

381 1958 494 1990 Datum
516 1956 636 1988 Romae
652 1982 659 1994 ,
685 1954 770 1997 apud
794 1954 826 1987 S.
853 1953 994 1993 Petrum,
1014 1952 1073 1985 sub

339 2011 458 2043 annulo
497 2000 670 2042 Piscatoris
693 2034 700 2049 ‚
743 2007 795 2040 die
835 2017 894 2040 xxx
935 2005 1073 2038 ianuarii

338 2072 528 2102 noctxxxw,
554 2061 760 2105 pontificatus
784 2060 884 2093 nostri
911 2069 997 2092 anno
1020 2069 1050 2092 x.

374 2125 432 2153 Dat.
449 2124 492 2153 die
506 2124 540 2152 30
555 2123 668 2151 ianuarii
688 2123 766 2158 1686,
783 2122 881 2158 pontif.
897 2130 970 2149 anno
985 2128 1012 2149 Χ.

673 2286 759 2320 CLX.

345 2383 586 2429 Confirmantur
621 2384 864 2417 constitutiones
901 2381 1077 2425 Conyreya-

388 2439 486 2472 tionis
519 2438 921 2472 Benedictino-Bavaricae
944 2436 1003 2474 sub
1027 2436 1078 2467 in-

387 2492 551 2526 vocatione
570 2491 619 2525 Ss.
645 2491 846 2534 Anqelorum
872 2486 1075 2524 Custodum2.

382 2562 393 2590 1
415 2562 566 2597 Praeposit.
587 2562 622 2589 ab
643 2561 764 2589 delemus
784 2564 820 2591 (n.
837 2561 884 2595 τ.).

380 2609 396 2636 2
423 2607 527 2636 Erectio
552 2606 633 2634 huius
659 2606 879 2642 Congregationis
910 2604 1026 2633 habetur
1052 2603 1079 2630 in

924 204 1104 229 Burmrumt
1128 204 1279 228 ROMANUM

1304 251 1500 281 Innocentius
1520 252 1597 286 Papa
1615 252 1665 285 xl,

1235 296 1270 323 ad
1287 299 1462 330 perpetuam
1482 297 1527 324 rei
1548 297 1729 324 memoriam.

1160 357 1323 391 Militantis
1346 358 1510 392 Ecclesiae
1545 359 1695 401 regimini
1723 360 1849 394 meritis

1116 410 1191 443 licet
1215 411 1393 454 imparibus
1419 422 1477 455 per
1502 411 1697 445 ineffabilem
1722 413 1850 447 divinae

1115 464 1294 507 sapientiae
1320 470 1414 508 atque
1439 465 1594 498 bonitatis
1619 465 1850 499 abundantiam

1115 518 1350 564 praesidentes,
1370 528 1416 558 ea,
1434 528 1516 561 quae
1531 529 1590 561 pro
1616 519 1702 552 felici
1716 530 1851 563 prospe-

1115 581 1218 614 roque
1247 571 1538 614 congregationum
1574 572 1848 614 monasticarum,

1114 623 1230 656 uberes
1259 624 1293 656 in
1324 623 1466 657 Ecclesia
1496 624 1553 656 Dei
1577 625 1738 658 bonorum
1772 636 1851 670 ope-

1113 687 1184 710 rum
1219 677 1338 710 fructus
1368 677 1498 710 assidue
1527 678 1675 721 proferre
1701 684 1851 722 satagen-

1114 729 1213 770 tium,
1255 730 1413 773 regimine
1455 736 1486 763 et
1519 731 1679 774 gubernio
1716 733 1850 775 provide

1113 784 1357 826 prudenterque
1372 784 1548 817 constituta
1565 790 1598 817 et
1616 785 1764 818 ordinata
1781 796 1850 819 esse

1113 842 1300 875 noscuntur,
1324 841 1360 868 ut
1384 836 1474 869 firma
1498 847 1626 880 semper
1652 843 1683 871 et
1699 838 1851 872 inviolata

1113 888 1308 931 persistant,
1342 894 1374 922 et
1411 889 1468 922 sub
1500 889 1631 922 illorum
1667 890 1848 924 directione

1113 942 1353 982 christifideles,
1372 942 1488 976 divinis
1504 943 1670 986 obsequiis
1685 944 1745 976 sub
1762 945 1849 977 suavi

1112 994 1281 1037 religionis
1307 994 1382 1037 iugo
1408 995 1598 1038 mancipati,
1623 995 1850 1029 mandatorum

1113 1048 1168 1081 Dei
1194 1048 1331 1081 stadium
1356 1048 1492 1082 faciliori
1516 1048 1549 1081 in
1575 1048 1643 1082 dies
1677 1059 1851 1092 progressu

1114 1101 1303 1141 decurrere,
1319 1102 1541 1144 populumque
1559 1101 1772 1135 christianum
1791 1102 1850 1136 bo-

1114 1165 1155 1187 no
1180 1155 1263 1188 vitae
1289 1165 1366 1188 suae
1393 1155 1539 1198 exemplo
1570 1155 1765 1189 fructuosius
1798 1166 1850 1190 ae-

1114 1208 1254 1249 dificare,
1276 1214 1307 1242 et
1322 1208 1539 1252 spiritualium
1553 1214 1730 1242 aromatum
1747 1209 1848 1243 odore

1113 1262 1308 1304 perfundere
1332 1263 1468 1302 valeant,
1495 1261 1666 1305 apostolici
1699 1262 1850 1295 munimi-

1113 1315 1207 1347 minis
1232 1314 1403 1358 praesidio,
1422 1326 1494 1348 cum
1510 1315 1542 1348 id
1563 1326 1580 1348 a
1597 1316 1690 1348 nobis
1713 1315 1847 1359 petitur,

1113 1368 1253 1400 libenter
1276 1368 1533 1401 constabilimus.

1856 202 1905 229 An.
1929 203 1957 231 C.
1978 204 2042 233 ¹086

1886 371 2006 396 Exordium.

1157 1421 1171 1463 ξ
1204 1420 1234 1452 1.
1267 1420 1353 1453 Alias
1386 1421 1545 1464 siquidem
1584 1422 1742 1455 nonnulla
1775 1427 1850 1455 tunc
1885 1431 1983 1453 Refertur
1997 1437 2042 1453 ere-

1861 1461 1903 1479 ctio
1918 1459 1980 1479 huius
1988 1459 2030 1479 Con

1114 1484 1264 1516 expressa
1289 1474 1485 1506 monasteria
1509 1474 1638 1507 Ordinis
1664 1475 1766 1508 sancti
1791 1476 1850 1508 Be·
1875 1469 2043 1511 rogationiscuui

1114 1526 1242 1564 nedicti,
1270 1526 1302 1558 in
1339 1526 1465 1559 civitate
1491 1526 1717 1560 Ratisbonensi
1755 1538 1791 1560 ac
1814 1528 1847 1560 in
1860 1513 2043 1585 «ῑῖξέὲῖὃιέοηςῗῖἷὲἶ

1827 1581 1833 1586 .
1870 1571 1875 1585 1
1891 1571 1936 1585 nes·

1115 1580 1258 1612 dominio
1293 1580 1403 1612 dilecti
1437 1579 1493 1612 filii
1528 1580 1647 1613 nobilis
1672 1581 1732 1613 viri
1755 1580 1850 1614 Maxi-

1115 1633 1236 1665 miliani
1261 1633 1481 1666 Emmanuelis
1505 1634 1672 1677 utriusque
1697 1634 1849 1668 Bavariae

1115 1687 1222 1726 ducis,
1247 1686 1330 1719 sacri
1360 1686 1494 1719 Romani
1526 1687 1658 1730 Imperii
1692 1687 1850 1730 principis

1115 1739 1278 1780 electoris,
1298 1739 1483 1782 respective
1501 1739 1678 1780 existentia,
1693 1739 1725 1772 in
1749 1750 1851 1773 unum

1115 1804 1233 1836 corpus
1251 1792 1411 1825 univimus
1434 1798 1465 1825 et
1484 1792 1722 1833 coniunximus,
1739 1792 1851 1836 sicque

1114 1847 1204 1879 unita
1217 1851 1248 1879 et
1262 1846 1443 1885 coniuncta,
1458 1844 1537 1878 alia*
1555 1845 1751 1878 monasteria
1768 1845 1852 1878 eius-

1116 1901 1188 1933 dem
1205 1898 1333 1932 Ordinis
1350 1898 1412 1931 illis
1431 1898 1490 1931 sub
1513 1900 1601 1931 certa
1624 1903 1700 1930 tunc
1716 1900 1853 1941 expresa

1117 1953 1217 1985 forma
1238 1951 1452 1994 aggreganda,
1478 1950 1512 1983 in
1536 1960 1651 1983 novam
1669 1950 1854 1994 Congrega-

1118 2006 1239 2038 tionem
1264 2005 1321 2038 sub
1343 2005 1434 2037 titulo
1459 2003 1506 2038 Ss.
1526 2005 1724 2047 Angelorum
1745 2003 1855 2037 Custo-

1117 2060 1193 2092 dum
1214 2058 1398 2091 Bavaricam
1415 2057 1678 2100 nuncupandam,
1696 2057 1736 2090 ad
1753 2057 1854 2090 instar

1116 2111 1384 2154 Congregationis
1410 2110 1596 2144 Helveticae
1621 2110 1697 2143 dicti
1711 2109 1853 2150 Ordinis,

1117 2170 1278 2208 perpetuo
1315 2163 1476 2198 ereximus
1511 2169 1543 2197 et
1572 2163 1782 2198 instituimus.
1809 2163 1855 2196 Ac

1118 2218 1221 2251 eidem
1235 2217 1496 2260 Congregationi,
1515 2217 1560 2250 sic
1574 2217 1612 2250 de
1627 2226 1710 2249 novo
1725 2220 1854 2249 erectae

1118 2277 1149 2304 et
1173 2271 1354 2311 institutae,
1386 2281 1446 2314 pro
1471 2271 1560 2303 bono
1591 2269 1661 2303 eius
1695 2269 1854 2313 regimine

1119 2330 1150 2358 et
1167 2324 1337 2368 gubernio,
1364 2324 1397 2358 in
1414 2323 1519 2367 primo
1544 2323 1645 2367 ipsius
1671 2322 1856 2366 Congrega-

1119 2378 1214 2412 tionis
1238 2377 1379 2421 capitulo
1413 2376 1559 2420 generali
1585 2375 1854 2417 constitutiones,

1119 2469 1226 2496 constit.
1239 2467 1283 2494 ed.
1299 2473 1459 2501 unchxnv,
1479 2466 1523 2494 die
1542 2466 1577 2494 26
1596 2465 1778 2502 aug.‚pontis.
1798 2472 1856 2501 viu,

1119 2517 1145 2540 et
1165 2513 1197 2540 de
1217 2512 1348 2539 electione
1367 2511 1495 2542 abbatum
1515 2511 1603 2547 agitur
1617 2511 1644 2538 in
1664 2510 1801 2539 constitut.
1812 2510 1846 2538 ed

1119 2564 1275 2592 mncmtxxvi,
1295 2558 1338 2585 die
1358 2558 1374 2585 9
1393 2557 1533 2592 februarii,
1554 2556 1645 2593 pontif.
1665 2564 1694 2585 x.

1154 2603 1167 2629 1
1190 2602 1322 2639 Legerem
1342 2602 1460 2637 aliaque
1479 2603 1518 2637 (a.
1534 2602 1584 2636 iu).
