2111 3157
380 188 466 221 1000

421 249 630 292 Congregatio
656 245 833 288 segregavit
858 249 994 287 quatuor
1012 253 1081 276 coe-

421 302 516 336 nobIa
540 312 557 333 a
582 299 746 344 provincia
771 297 920 331 Bavariae
946 297 1079 330 fratrum

423 354 626 388 eremitarum
652 351 750 385 sancti
776 349 953 392 Augustini,
978 348 1053 383 168.

333 408 433 441 Lvtll.
461 407 672 439 Conlirinatur
709 403 798 446 regia
833 402 945 435 electio
981 402 1081 435 sancti

423 459 546 503 Iosephi
572 459 604 491 in
628 463 799 501 patronum
818 462 848 489 et
867 460 1080 499 protectorem

422 514 563 546 omnium
597 521 768 553 regnorum
801 515 833 543 et
864 509 1080 542 dominiorum

422 567 508 608 regis
534 564 698 605 catholici,
724 569 754 596 et
778 563 809 595 in
835 563 903 595 eius
928 562 1007 595 festo
1032 561 1081 594 in-

422 618 583 661 dulgentia
613 617 753 660 plenaria
785 615 982 655 conceditur,
1006 614 1080 647 1170.

432 671 645 706 confirmatur
681 670 843 703 decretum
877 668 1081 702 definitorum

424 724 686 768 Congregationis
722 722 1008 757 Camaldulensium
1043 721 1082 754 de

425 777 610 810 alternativa
627 782 763 820 quatuor
779 775 1025 819 praecipuorum
1040 774 1083 807 of-

422 831 568 864 ficiorum
594 830 625 862 in
655 834 792 873 quatuor
816 838 927 861 eorum
952 827 1081 871 provin-

422 884 478 916 ciis
503 883 667 922 servanda,
694 881 768 914 472.

421 936 606 969 Extenditur
639 936 753 968 festum
787 934 957 967 Patrocinii
983 933 1017 966 Β.
1044 933 1081 965 M.

423 990 560 1032 Virginis
578 989 617 1021 ab
636 987 814 1020 Alexandro
831 987 883 1020 VII
905 986 1083 1020 institutum

422 1043 452 1074 in
473 1042 578 1084 regnis
603 1041 827 1084 Hispaniarum
847 1040 884 1072 ad
903 1040 1010 1073 omnia
1026 1039 1082 1072 do-

424 1095 520 1128 minia
547 1095 631 1137 regis
656 1094 815 1133 catholici,
840 1092 915 1125 1173.

433 1147 617 1180 Declaratur
642 1146 847 1190 inquisitores
872 1145 1084 1188 Portugalliae

424 1200 597 1233 incurrisse
629 1199 660 1232 in
691 1198 932 1242 suspensionem
957 1197 1082 1231 officio-

424 1264 496 1286 rum
512 1253 552 1286 ob
567 1253 754 1294 denegatam
770 1251 982 1284 obedientiam
996 1260 1086 1294 prae-

426 1312 516 1349 cepto
543 1304 712 1344 Pontificis,
738 1304 811 1336 174.

337 1360 425 1393 LXII.
451 1359 649 1392 Permittitur
665 1358 823 1401 superiori
841 1357 981 1400 generali
1002 1367 1087 1400 pres—

426 1414 610 1457 byterorum
645 1411 906 1454 Congregationis
930 1410 1086 1443 Illissionis

425 1466 557 1499 facultas
583 1464 792 1504 condonandi,
811 1474 849 1496 ex
872 1463 1086 1497 assistentium

428 1529 593 1557 consensu,
615 1528 713 1550 novae
732 1516 928 1560 probationis
954 1520 1086 1560 tempus,

427 1571 642 1613 reddendique
667 1570 716 1602 ius
741 1569 931 1602 electi0num
949 1573 980 1601 et
996 1578 1087 1612 prae-

427 1624 587 1666 rogativas
613 1622 819 1655 redeuntibus
844 1621 881 1654 ad
914 1621 1089 1664 Congrega-

426 1677 554 1716 tionem,
584 1676 653 1708 170.

340 1731 440 1763 LXIII.
474 1730 688 1763 Conlii·matur
725 1729 888 1762 decretum
921 1728 1090 1761 cardinalis

426 1784 629 1828 protectoris,
647 1794 711 1827 quo
736 1788 868 1823 vetatur,
887 1782 944 1815 sub
961 1793 1089 1816 excom—

428 1838 651 1871 municationis
678 1839 789 1881 poena,
815 1846 854 1869 ne
878 1836 993 1869 fratres
1018 1836 1090 1869 laici

428 1892 522 1924 Tertii
537 1891 665 1923 Ordinis
681 1890 781 1924 sancti
794 1889 954 1922 Francisci
972 1890 1004 1921 in
1021 1900 1091 1933 pro-

429 1946 529 1977 vincia
561 1944 685 1977 Sir-iliae
722 1942 913 1988 praecedant
948 1943 1090 1978 clericos.

432 1999 524 2030 etiarn
552 1998 749 2041 professione
775 1999 973 2041 posteriores
989 2024 996 2037 ,
1022 1996 1086 2030 178

342 2052 441 2084 thtss
479 2052 713 2084 Conlirmantm·
750 2051 1024 2084 confraternitates
1056 2060 1090 2081 o-

430 2114 519 2137 nmes
544 2104 601 2136 sub
629 2104 718 2137 titulo
740 2104 791 2137 SS.
813 2104 948 2143 Rosarii,
966 2102 1091 2135 tametsi

429 2159 467 2190 de
493 2158 644 2190 canonica
679 2157 857 2201 aliquarum
895 2156 1091 2190 institutione

431 2221 492 2243 non
520 2216 651 2249 constet,
677 2221 734 2243 nec
760 2221 813 2243 eae
840 2221 979 2253 unquam
1005 2210 1091 2242 inno-

431 2271 518 2296 vatae
545 2265 629 2296 iuxta
660 2263 916 2296 constitutionem
947 2263 1090 2296 Clemen-

431 2318 468 2348 tis
496 2317 577 2356 viil,
604 2317 651 2348 vel
686 2322 795 2349 contra
831 2318 965 2349 formam
1000 2316 1030 2347 in
1056 2326 1091 2348 ea

432 2370 659 2412 praescriptam
686 2375 810 2402 erectae
831 2369 957 2409 suerint,
982 2368 1056 2401 1180.

333 674 406 706 LIX.

334 937 393 969 LX.

335 1148 408 1180 LXI.

343 2422 426 2454 va.

434 2475 493 2506 tiae
512 2486 529 2505 a
551 2475 651 2507 tribus
679 2475 883 2507 Pontificibus
909 2480 938 2507 ct
966 2475 1092 2507 duobus

435 2528 544 2565 legatis
570 2530 700 2560 Sanctae
726 2528 813 2561 Sedis
831 2528 1092 2561 confraternitati-
1117 2558 1119 2563 ,

435 2582 491 2613 bns
516 2582 567 2613 SS.
597 2582 714 2613 {tosarii
753 2592 919 2614 concessae
956 2581 1091 2614 desei-ilii
1117 2612 1119 2619 ,

456 2422 649 2455 Permittitur
682 2428 713 2454 ut
745 2422 897 2465 quaedam
924 2422 1091 2463 indulgen·
1117 2418 1119 2435 ²

928 191 1107 216 BULLARIUM
1132 190 1283 215 ROMANUM

1222 242 1343 285 possint
1362 242 1394 274 in
1412 243 1587 275 summario
1612 242 1878 285 indulgentiarum

1222 295 1377 328 dictarum
1415 294 1730 335 confraternitatum,
1755 295 1878 328 tametsi

1222 359 1331 381 earum
1357 347 1528 390 originales
1558 347 1681 380 litterae
1705 357 1769 381 non
1794 357 1880 391 repe-

1222 401 1356 441 riantur,
1382 399 1456 433 181.

1132 454 1234 488 LXVI.
1262 453 1497 487 Confirmantur
1531 459 1562 486 et
1596 453 1786 486 innovantur
1816 453 1880 487 duo

1222 507 1332 540 Brevia
1368 507 1485 540 Urbani
1520 506 1586 539 VIII
1621 517 1681 550 pro
1716 506 1881 550 provincia

1221 560 1250 594 S.
1277 560 1402 603 losephi
1427 559 1553 593 Ordinis
1576 560 1734 593 Minorum
1766 560 1881 593 Discal-

1223 618 1384 646 ceatorum
1417 612 1567 645 adversus
1600 612 1713 645 fratres
1745 612 1879 645 aliarum

1223 666 1461 710 provinciarum
1485 665 1524 698 ad
1549 665 1670 698 curiam
1690 665 1813 698 Madriti
1833 675 1881 698 ac-

1224 719 1381 761 cedentes,
1403 718 1477 751 1184.

1135 772 1251 805 LXVII.
1278 771 1490 805 Confirmatur
1513 771 1676 804 decretum
1700 771 1880 814 Congrega-

1224 825 1318 859 tionis
1351 825 1573 868 episcoporum
1605 830 1635 857 et
1660 825 1877 867 regularium,

1223 888 1286 921 quo
1311 877 1503 911 declaratum
1538 877 1595 910 fuit
1620 878 1732 911 fratres
1755 877 1882 911 Discal—

1224 935 1328 964 ceatos
1352 930 1476 964 Ordinis
1501 931 1530 964 S.
1552 931 1718 973 Augustini
1741 940 1805 964 non
1830 931 1883 964 ha-

1225 983 1303 1016 bere
1328 984 1376 1016 ius
1393 983 1586 1026 aggregandi
1611 983 1650 1016 ad
1675 984 1883 1017 confraterni-

1225 1041 1320 1070 tatem
1359 1037 1634 1077 Cincturatornm,
1660 1046 1753 1080 posse
1778 1041 1883 1070 tamen

1226 1100 1279 1123 eos
1320 1090 1593 1122 confraternitates
1632 1090 1883 1133 Corrigiatorum

1226 1143 1360 1186 erigere,
1386 1142 1459 1175 189.

1136 1196 1264 1230 LXVIII.
1290 1196 1488 1229 Adscribitur
1504 1196 1534 1229 in
1552 1196 1623 1229 albo
1636 1196 1804 1230 Beatorum
1823 1207 1886 1229 ser-

1226 1259 1282 1282 vus
1306 1249 1361 1282 Dei
1386 1249 1599 1290 Thurribius,
1625 1249 1884 1293 archiepiscopus

1226 1302 1386 1342 Liuianus,
1413 1302 1487 1335 1190.

1137 1355 1241 1388 LXIX.
1270 1355 1454 1388 Declaratur
1477 1356 1673 1398 provinciam
1699 1355 1728 1389 S.
1747 1355 1831 1388 Petri
1847 1355 1886 1388 de

1227 1408 1393 1441 Alcantara
1418 1408 1449 1440 in
1474 1419 1574 1451 regno
1598 1409 1807 1452 Neapolitano
1827 1409 1887 1442 fra-

1228 1468 1311 1494 trum
1342 1462 1499 1495 Minorum
1530 1462 1797 1495 Discalceatorum
1823 1462 1886 1495 frui

1229 1515 1345 1548 debere
1370 1516 1520 1548 omnibus
1550 1515 1673 1548 iuribus
1703 1520 1733 1548 et
1757 1516 1888 1559 privile-

1230 1568 1288 1611 giis
1320 1568 1453 1601 aliarum
1490 1568 1631 1601 eiusdem
1664 1568 1789 1601 Ordinis
1813 1579 1888 1612 pro-

1230 1621 1417 1661 vinciarum,
1443 1621 1517 1655 191.

1142 1675 1232 1709 LXX.
1259 1675 1472 1708 Confirmatur
1496 1675 1704 1708 summarium
1726 1675 1889 1719 indulgen-

1231 1728 1346 1761 tiarum
1372 1728 1665 1761 confraternitatum
1684 1729 1736 1762 SS.
1754 1729 1889 1770 Rosarii,

1231 1781 1315 1824 quod
1336 1781 1424 1824 prius
1441 1792 1458 1813 a
1476 1781 1504 1815 S.
1522 1781 1773 1824 Congregatione
1796 1792 1889 1815 reco-

1232 1835 1355 1877 gnitum
1381 1840 1410 1867 et
1434 1835 1646 1878 approbatum
1672 1835 1788 1875 fuerat,
1814 1834 1888 1868 194.

1142 1887 1244 1920 LXXI.
1276 1887 1464 1921 Conceditur
1495 1886 1697 1930 privilegium
1726 1888 1891 1930 praescri-

1232 1941 1350 1984 ptionis
1375 1940 1573 1973 centenariae
1591 1940 1749 1973 canonicis
1766 1941 1891 1983 regula-

1232 1994 1320 2027 ribus
1342 1994 1371 2026 S.
1393 1993 1516 2026 Ioannis
1544 1993 1761 2036 Evangelistae
1784 1993 1816 2025 in
1833 1994 1892 2026 Lu-

1232 2046 1352 2088 sitania,
1378 2046 1452 2078 207.

1143 2101 1259 2134 LXXII.
1295 2100 1515 2133 Extenduntur
1548 2100 1704 2133 indultum
1736 2100 1775 2132 de
1799 2100 1890 2133 altari

1232 2154 1432 2197 privilegiato
1458 2159 1488 2186 et
1512 2153 1706 2196 indulgentia
1730 2153 1890 2196 plenaria,

1233 2207 1270 2239 ad
1295 2207 1481 2240 decennium
1509 2217 1657 2240 conce-ssa
1683 2206 1713 2238 in
1732 2206 1781 2239 die
1802 2206 1892 2240 Com-

1231 2260 1469 2293 memorationis
1495 2260 1719 2293 Defunctorum
1751 2270 1809 2303 pro
1834 2270 1888 2293 re-

1233 2313 1304 2355 gnis
1330 2313 1569 2355 Hispaniarum,
1592 2312 1630 2345 ad
1655 2312 1714 2344 alia
1739 2322 1838 2355 regna
1861 2317 1892 2345 et

1233 2366 1373 2399 dominia
1410 2365 1493 2408 regis
1526 2365 1671 2398 catholici
1704 2366 1735 2397 in
1768 2375 1888 2409 perpe·-

1234 2423 1332 2459 luum,
1359 2418 1433 2451 0208.

1144 2473 1275 2505 LXXIII.
1312 2471 1531 2511 Permittitur,
1557 2477 1612 2511 ut,
1638 2471 1788 2504 translato
1812 2471 1892 2504 sesto

1233 2526 1262 2559 S.
1290 2525 1470 2565 Benedicti,
1493 2525 1698 2557 transferatur
1723 2524 1816 2557 etiam
1842 2523 1890 2556 in-

1233 2579 1393 2621 dulgentia
1427 2579 1569 2622 plenaria
1601 2588 1637 2611 co
1662 2578 1712 2611 die
1742 2587 1890 2611 concessa
