2111 3157
199 192 246 219 An.
264 191 293 220 c.
316 191 382 221 1688
428 182 492 217 846

391 241 500 275 Crucis
517 251 577 286 pro
596 241 687 275 nobis
705 239 871 283 impendit,
885 243 920 271 ut
936 249 1049 271 omnes
1067 248 1125 281 pro

390 294 541 328 facultate
566 296 736 328 domorum
772 303 903 325 suarum
935 296 1003 324 toto
1027 291 1125 324 corde

390 347 577 381 incumbant
601 346 814 389 eleemosynis
840 346 928 387 large
953 343 1122 377 iaciendis.

388 400 476 434 Nihil
500 406 548 433 est
571 400 657 433 enim
677 405 739 432 tam
762 398 940 431 secundum
964 402 1122 435 naturam,

390 463 485 496 quam
518 452 603 486 idem
639 462 696 485 nos
722 452 791 484 aliis
822 456 1009 495 praestare,
1036 450 1123 492 quod

388 506 482 539 nobis
506 506 538 538 in
563 505 660 539 simili
678 505 868 539 necessitate
887 505 925 537 ab
944 503 1013 536 aliis
1030 513 1124 546 prae-

388 559 464 592 stari
488 560 653 593 vellemus.
687 559 874 592 Mulieribus
904 563 1012 590 tamen
1036 566 1119 589 non-

387 612 451 645 nisi
482 612 580 655 longe
606 623 623 645 a
648 612 797 645 domibus
832 611 975 650 nostris,
1003 608 1030 642 si
1054 608 1121 642 fieri

387 670 506 708 potest,
531 663 755 708 eleemosynae
780 665 907 697 dentur.

432 729 467 752 11.
499 719 646 752 Mulieres
684 719 769 751 enim
801 718 956 751 terminos
994 720 1121 749 nostros

387 771 508 804 intrare
533 781 737 815 nequaquam
757 771 905 809 sinimus,
923 768 1122 813 quantumin

386 824 479 858 nobis
504 830 564 865 est,
588 825 729 858 scientes
755 835 814 857 nec
843 824 1036 867 sapientem,
1063 832 1123 855 nec

385 878 592 921 prophetam,
616 888 675 911 nec
700 877 849 917 iudicem,
872 886 932 909 nec
958 875 1121 918 hospitem

385 930 454 970 Dei,
480 942 539 964 nec
563 931 657 971 filios,
682 941 743 964 nec
766 930 871 973 ipsum
896 928 1044 961 manibus
1068 927 1122 960 Dei

387 983 559 1016 formatum
585 984 832 1027 protoplastum,
849 981 991 1025 potuisse
1009 981 1123 1014 evade-

387 1045 420 1068 re
445 1035 620 1068 blanditias
645 1037 695 1068 vel
717 1036 843 1068 fraudes
862 1034 1050 1073 mulierum,
1069 1033 1123 1066 Sa-

387 1090 506 1129 lomon,
530 1089 637 1129 David,
663 1089 808 1127 Samson,
833 1088 926 1127 Loth,
947 1092 979 1120 et
997 1087 1052 1129 qui
1072 1097 1122 1119 ae-

385 1147 544 1185 ceperunt
566 1142 626 1174 sibi
651 1152 771 1174 uxores
795 1152 874 1184 quas
899 1141 1076 1182 elegerant,
1091 1144 1123 1171 et

385 1195 485 1228 Adam
511 1195 543 1227 in
575 1200 717 1228 mentem
746 1194 898 1233 veniant·‚
932 1204 993 1225 nec
1026 1203 1120 1236 posse

385 1247 552 1281 hominem
585 1254 639 1282 aut
669 1248 778 1291 ignem
815 1248 847 1280 in
881 1247 952 1279 sinu
985 1257 1042 1279 suo
1075 1247 1121 1279 sic

386 1302 585 1335 abscondere
610 1307 644 1334 ut
671 1302 864 1334 vestimenta
883 1301 970 1333 illius
987 1310 1053 1333 non
1072 1311 1122 1332 ar-

386 1355 484 1387 deant
501 1360 554 1387 aut
571 1355 738 1387 ambulare
762 1364 863 1397 super
888 1364 1007 1396 prunas
1031 1353 1121 1396 plan—

385 1407 425 1440 tis
451 1408 590 1448 illaesis,
616 1413 671 1440 aut
701 1407 807 1451 picem
832 1412 964 1449 tangere
988 1416 1050 1439 nec
1074 1406 1122 1439 in-

385 1462 526 1505 quinari.

430 1525 479 1548 111.
506 1514 701 1548 Auctoritate
735 1519 840 1547 autem
865 1513 1066 1556 apostolica,
1091 1518 1122 1545 et

385 1578 444 1611 per
467 1568 591 1604 litteras
615 1568 892 1600 sanctissimorum
918 1565 1139 1599 dominorutn

386 1626 569 1654 nostrorum
594 1620 716 1654 domini
741 1620 812 1653 iulii
838 1620 941 1663 Papae
966 1619 991 1652 ΙΙ
1022 1625 1053 1652 et
1077 1619 1121 1651 Pii

387 1674 492 1716 Papae
517 1674 548 1714 V,
576 1684 690 1706 omnes
715 1678 747 1707 et
771 1683 993 1717 quaecumque
1026 1672 1124 1705 licen-

386 1726 449 1759 tiae
485 1731 516 1759 et
550 1726 782 1769 permissiones
814 1726 972 1759 hactenus
991 1753 998 1765 ,
1030 1726 1123 1759 etiam

388 1779 578 1812 auctoritate
604 1779 780 1822 praediCta,
802 1779 993 1812 mulieribus
1019 1779 1124 1812 cuius-

388 1842 525 1875 cumque
544 1838 659 1873 status,
678 1833 802 1876 gradus,
825 1832 947 1865 ordinis
965 1837 997 1865 et
1015 1833 1125 1865 condi-

390 1884 497 1926 tionis,
516 1891 548 1918 et
568 1888 771 1929 quacumque
798 1885 952 1927 dignitate
970 1887 1020 1919 vel
1035 1896 1126 1929 prae-

389 1938 545 1972 minentia
580 1938 738 1982 praeditis
752 1966 759 1979 ‚
798 1939 894 1971 etiam
929 1939 1104 1972 comitissis
1117 1967 1124 1979 ,

390 1992 632 2025 marchionissis
668 1997 699 2025 et
723 1992 858 2025 ducissis
883 2003 1066 2032 concessae,
1092 1999 1124 2025 ut

391 2051 524 2088 possent
547 2046 673 2087 ingredi
699 2046 848 2078 ecclesias
868 2045 996 2078 Ordinis
1013 2045 1124 2083 nostri,

391 2103 466 2130 sunt
490 2103 666 2137 revocatae,
685 2108 757 2130 cum
780 2098 1004 2141 prohibitione
1024 2109 1064 2131 ne
1088 2098 1126 2130 il-

392 2151 496 2184 larum
517 2156 684 2194 praetextu
711 2151 750 2193 (')
769 2156 801 2183 et
820 2151 929 2193 vigore
943 2151 1128 2194 ingredian-

428 2221 450 2253 ')
462 2220 613 2248 Ordinatio
627 2220 701 2247 anni
716 2224 859 2248 imcfflxlx.
873 2232 883 2245 <z
898 2221 938 2247 Ne
948 2220 996 2247 ulli
1011 2229 1129 2255 unquam

394 2268 483 2300 pateat
502 2265 590 2292 aditus
609 2265 788 2300 detorquendi
808 2274 856 2300 per
876 2266 951 2292 fictas
970 2265 1130 2300 interpreta-

395 2310 482 2337 tiones
501 2309 708 2345 prohibitionem
728 2318 743 2336 a
763 2310 879 2336 Summis
900 2309 1073 2336 Pontificibus
1093 2309 1129 2336 sa-

397 2358 467 2381 etam
489 2355 562 2381 circa
587 2355 741 2389 ingressum
771 2355 915 2383 mulierum
942 2363 1131 2390 quarumcum-

397 2407 449 2434 que
468 2399 495 2426 in
514 2400 652 2426 clausuras
671 2400 843 2433 monasticas,
860 2400 1038 2435 prohibemus
1053 2399 1132 2425 etiam

397 2444 425 2470 in
445 2444 542 2470 virtute
561 2448 669 2471 sanctae
689 2444 861 2471 obedientiae
880 2448 936 2471 tum
956 2444 1092 2479 prioribus
1108 2448 1133 2470 et

398 2487 575 2520 officialibus,
601 2492 656 2514 tum
683 2488 741 2514 aliis
767 2488 992 2523 quibuscumque*
1012 2488 1134 2523 personis

398 2531 515 2564 Ordinis,
531 2536 557 2559 et
571 2531 621 2558 sub
641 2533 736 2566 poenis
750 2536 844 2559 contra
859 2532 1045 2559 inobedientes
1060 2540 1135 2567 prae-

399 2577 458 2605 fixis
481 2584 516 2603 ne
531 2584 712 2612 quascumque
727 2577 856 2604 mulieres
871 2577 1021 2611 admittant,
1034 2577 1090 2603 sive
1105 2576 1134 2603 li-

966 190 1147 218 nuitsmuxu
1170 189 1320 214 nomnen
1337 175 1339 177 μ

1168 243 1220 269 tur
1232 243 1343 271 nostra
1358 238 1563 279 monasteria,
1578 238 1638 271 sub
1654 238 1759 282 poena
1773 248 1897 272 excom-

1167 290 1418 331 municationis,
1453 302 1470 323 a
1495 302 1557 334 qua
1586 301 1651 324 non
1679 291 1807 334 possint
1836 291 1900 324 nisi

1166 353 1225 386 per
1252 343 1416 376 Summum
1452 344 1640 377 Pontificem
1671 343 1803 384 absolvi,
1827 344 1899 387 ipso

1166 396 1248 429 sacto
1272 396 1506 437 incurrendae,
1533 402 1564 429 et
1587 396 1738 430 similiter
1754 407 1827 429 cum
1845 407 1901 430 ex-

1165 450 1275 491 pressa
1295 449 1517 488 prohibitione
1541 449 1699 482 universis
1722 449 1898 493 prioribus,

1165 501 1355 535 officialibus
1381 509 1414 535 et
1437 503 1509 535 aliis
1539 503 1690 546 personis
1715 503 1819 536 nostri
1843 502 1902 536 Or-

1165 554 1248 588 dinis
1272 565 1312 588 ne
1338 555 1437 588 dictas
1461 556 1615 590 mulieres
1640 556 1673 589 in
1690 567 1764 590 suas
1784 556 1899 590 domos

1164 607 1370 641 introducere
1381 609 1620 642 autvoluntarie
1630 609 1798 642 admittere
1811 620 1901 653 prae-

1164 666 1300 701 sumant,
1315 662 1374 694 sub
1386 662 1502 705 poenis
1519 662 1707 705 privationis
1721 661 1901 697 officiorum

1165 725 1246 757 quae
1271 715 1302 747 in
1328 715 1511 758 praesentia
1535 716 1693 759 obtinent,
1718 721 1750 749 et
1772 716 1900 749 inhabi-

1164 767 1263 800 litatis
1295 767 1326 800 in
1359 773 1524 811 posterum
1561 769 1599 801 ad
1631 768 1686 801 illa
1717 774 1748 801 et
1772 768 1810 802 ad
1836 769 1900 802 alia

1165 819 1282 860 omnia,
1301 826 1332 853 et
1351 821 1573 864 suspensionis
1592 832 1609 854 a
1628 821 1745 854 divinis
1763 821 1836 865 ipso
1854 822 1899 855 sa-

1165 878 1217 905 cto
1242 873 1312 906 sine
1338 873 1401 906 alia
1425 874 1643 907 declaratione
1679 874 1897 908 incurrendis,

1164 926 1226 959 Nos
1245 937 1332 967 vero,
1351 931 1542 959 executores
1560 926 1798 969 praedictarum
1816 926 1900 960 litte-

1165 989 1290 1019 rarum,
1309 979 1421 1012 eadem
1438 979 1642 1019 auctoritate,
1661 985 1692 1012 et
1708 979 1766 1012 sub
1783 980 1898 1022 poenis

1164 1033 1299 1075 aliisque
1325 1031 1472 1064 censuris
1496 1031 1528 1063 in
1549 1031 1673 1066 eisdem
1689 1032 1805 1065 litteris
1822 1043 1900 1066 eon-

1164 1086 1260 1119 tentis
1277 1113 1284 1125 ‚
1310 1085 1496 1117 inhibemus
1522 1085 1673 1118 omnibus
1705 1090 1737 1118 et
1760 1085 1899 1128 singulis

1162 1138 1314 1181 personis
1338 1137 1467 1170 Ordinis
1492 1138 1592 1170 nostri
1614 1148 1654 1170 ne
1671 1138 1825 1171 mulieres
1842 1138 1900 1172 ali-

1164 1202 1244 1234 quas
1268 1191 1352 1223 infra
1377 1191 1548 1223 domorum
1570 1196 1753 1224 nostrarum
1772 1192 1900 1225 clausu-

1163 1255 1215 1277 ras
1233 1245 1282 1276 vel
1300 1244 1520 1276 clausurarum
1534 1243 1754 1285 limitationes,
1773 1244 1900 1278 fossatis

1162 1298 1212 1330 vel
1230 1297 1331 1339 signis
1351 1295 1610 1339 quibuscumque
1628 1297 1826 1340 designatam,
1844 1308 1900 1331 vo-

1163 1350 1301 1383 luntarie
1327 1349 1533 1382 introducere
1552 1355 1605 1383 aut
1621 1350 1793 1384 admittere
1810 1360 1901 1394 prae-

1164 1408 1303 1436 sumant.

1207 1467 1250 1489 lv.
1278 1456 1541 1489 Familiaritatem
1578 1456 1712 1500 insuper
1744 1462 1775 1490 et
1799 1458 1900 1490 collo-

1165 1510 1241 1552 quia
1261 1519 1331 1541 curn
1359 1509 1564 1548 mulieribus,
1581 1510 1718 1543 maxime
1739 1521 1811 1543 cum
1829 1521 1901 1553 per-

1165 1562 1254 1594 sonis
1273 1567 1304 1594 et
1322 1562 1353 1594 in
1372 1562 1451 1594 locis
1473 1573 1510 1595 ac
1527 1562 1617 1595 horis
1635 1563 1799 1606 suspectis,
1817 1563 1902 1595 inhi-

1165 1616 1286 1653 bemus,
1302 1619 1333 1647 et
1351 1615 1577 1655 visitatoribus,
1591 1620 1626 1647 ut
1642 1615 1698 1649 ille
1716 1616 1900 1650 rescindere

1166 1668 1325 1707 studeant,
1347 1666 1556 1709 iniungimus.

1210 1732 1239 1753 v.
1259 1721 1377 1753 Domus
1394 1730 1474 1762 quae
1491 1730 1555 1753 non
1578 1725 1714 1763 possunt
1731 1731 1843 1755 cavere
1860 1733 1902 1756 ne

1166 1778 1290 1817 ponant
1314 1773 1468 1806 mulieres
1494 1773 1525 1805 in
1551 1774 1706 1817 operibus
1732 1775 1817 1816 suis,
1843 1777 1904 1809 sal-

1167 1832 1240 1866 tem,
1267 1830 1404 1868 propter
1429 1826 1617 1858 scandalum
1634 1826 1809 1866 vitandum,
1830 1838 1904 1871 pro-

1167 1879 1304 1918 videant,
1330 1888 1371 1910 ne
1390 1878 1539 1910 conversi
1557 1889 1611 1911 eas
1631 1880 1824 1920 custodiant,
1843 1890 1904 1914 nec

1167 1931 1307 1975 propriis
1325 1931 1473 1963 manibus
1488 1932 1534 1964 eis
1552 1933 1735 1965 mercedem
1751 1933 1901 1966 reddant.

1210 1995 1253 2017 vt.
1280 1984 1424 2016 Foenare
1449 1994 1520 2016 cum
1545 1985 1752 2026 mulieribus,
1771 1991 1825 2018 aut
1846 1987 1904 2020 ali-

1169 2037 1245 2081 quid
1271 2037 1357 2069 aliud
1384 2048 1454 2069 eum
1481 2037 1526 2069 eis
1558 2039 1706 2080 operari,
1734 2040 1903 2073 monachis

1170 2090 1320 2123 omuibus
1338 2100 1490 2132 expresse
1511 2091 1737 2133 probibemus.
1758 2091 1816 2130 Oui
1834 2102 1906 2129 con-

1171 2143 1302 2175 trarium
1330 2142 1464 2180 fecerit,
1489 2143 1529 2175 sit
1553 2143 1584 2175 in
1610 2144 1781 2187 disciplina
1808 2155 1907 2188 gene-

1171 2196 1227 2228 rali
1253 2196 1293 2228 ad
1318 2195 1445 2227 Ordinis
1470 2197 1682 2230 voluntatem.
1708 2196 1745 2230 Et
1769 2198 1793 2230 si
1814 2198 1908 2241 prior

1173 2249 1235 2281 hoc
1252 2248 1320 2281 steri
1339 2249 1536 2291 permiserit,
1557 2251 1606 2283 vel
1625 2251 1650 2283 si
1669 2251 1732 2284 hoc
1751 2261 1816 2284 non
1830 2262 1908 2294 pro-

1174 2302 1326 2342 hibuerit,
1354 2302 1395 2334 sit
1420 2313 1478 2345 per
1504 2308 1567 2335 tres
1591 2314 1719 2336 menses
1744 2309 1834 2337 extra
1857 2315 1909 2338 se-

1174 2356 1245 2389 dem
1272 2366 1362 2388 suam
1382 2356 1503 2399 ubique
1529 2356 1560 2388 in
1587 2363 1757 2397 conventu,
1776 2364 1808 2391 et
1823 2358 1909 2391 nibi-

1175 2408 1314 2442 lominus
1339 2418 1399 2451 per
1418 2408 1598 2442 visitatores
1617 2420 1671 2442 seu
1689 2411 1843 2453 generale
1859 2421 1911 2444 ca-

1176 2487 1322 2514 centiarum
1335 2491 1499 2522 praetextum
1512 2488 1636 2522 babeant,
1648 2489 1703 2516 sive
1714 2497 1767 2516 non
1782 2489 1909 2526 babeant,

1176 2540 1225 2558 uec
1245 2532 1348 2565 ingredi
1368 2533 1456 2558 sinant
1474 2532 1608 2568 praefatas
1627 2533 1763 2561 clausuras
1782 2534 1912 2561 monasti-

1176 2585 1220 2603 cas
1240 2577 1265 2603 in
1287 2579 1393 2605 statutis
1413 2587 1563 2614 expressas.

1901 189 1956 218 Ilm.
1971 189 2001 218 G.
2022 179 2087 222 1³69ss
