2111 3157
119 181 170 208 An.
189 179 217 207 c.
241 178 307 206 1578
353 169 417 203 ¹19„AE

894 175 1072 200 Bt'Ltamt'M
1097 173 1248 198 nou-tum!

1832 169 1882 198 An.
1897 168 1926 198 C.
1948 166 2016 200 1678

313 228 378 260 dito
405 227 582 260 reverendo
617 231 706 269 patre
739 225 811 258 fidei
837 229 1044 267 promotore,
1088 223 1164 255 beat
1196 223 1379 255 facultatem
1410 221 1575 254 revidendi
1611 221 1925 254 inventarittmactorum
1967 235 2010 251 om-

312 280 526 312 nibilominus
552 290 649 322 super
674 279 734 311 hoc
759 278 889 310 decreta
915 286 1047 318 genera·
1090 275 1250 307 dictorum
1267 284 1492 317 processuum,
1515 279 1556 313 et,
1583 280 1741 317 quatenus
1758 283 1824 305 non

312 333 353 366 lia
383 333 465 365 nihil
510 334 709 375 disp0nunt;
744 331 867 363 idcirco
900 329 1046 362 decrevit

313 387 399 428 quod
423 387 453 418 in
475 392 642 428 posterum
669 385 701 416 in
723 383 866 427 qnalibet
890 384 984 415 causa
1002 381 1048 413 in-

313 444 436 480 terpres
461 439 599 479 eligatur
617 437 656 469 ab
683 433 1048 469 eminentissimocardi-

312 491 376 523 nali
394 496 547 533 ponente,
569 490 665 522 citato
684 495 715 522 et
733 489 842 521 audito
867 487 1047 521 reverendo

312 548 403 585 patre
441 542 514 575 {idei
551 547 746 585 promotore,
772 546 803 575 et
838 551 897 584 pro
933 539 1048 572 maiori

313 596 459 634 mutela,
485 600 659 637 postquam
694 594 919 637 interpretatio
955 593 1048 625 suerit

312 648 411 685 sacta,
436 647 622 679 rex-idcautr
654 648 692 679 ab
718 647 826 689 aliquo
850 646 918 678 viro
945 646 1048 688 probo

313 705 339 731 ct
374 700 500 742 perito,
525 699 579 742 qui
605 705 727 732 secrete
757 699 795 731 ad
821 699 883 731 hoc
908 697 1048 730 officium

312 757 491 784 assumatur
516 753 554 784 ab
580 753 695 784 eodem
716 751 972 784 eminentissimo
992 761 1049 792 po-

312 810 419 843 nente,
438 810 478 842 et,
497 805 521 837 si
541 804 720 847 reperiatur
735 804 851 847 aliquis
866 814 959 836 error
975 803 1049 835 sub-

312 857 479 896 stantialis,
506 857 668 900 interpres
688 867 797 889 severe
821 856 976 899 puniatur
1001 866 1049 887 ar-

311 909 409 942 bitrio
435 920 545 942 sacrae
570 909 854 952 Congregationis3
877 919 934 951 per
955 919 1049 951 quem

313 962 607 994 eminentissimum
633 962 750 995 deferri
772 962 889 994 debeat
915 966 977 993 tam
1003 961 1050 992 in-

312 1014 445 1057 terpreti
479 1025 573 1057 quam
603 1014 738 1047 revisori
769 1014 985 1046 iuramentum
1010 1014 1048 1045 de

311 1067 451 1100 fideliter
482 1068 542 1100 sibi
575 1078 690 1100 munus
722 1067 925 1100 commissum
949 1066 1049 1098 adim—

311 1121 446 1162 plendo,
467 1121 581 1163 quibus
599 1120 695 1153 etiam
720 1121 833 1152 eadem
858 1129 947 1151 sacra
967 1119 1049 1151 Con—

312 1173 458 1215 e‘regatio
484 1173 662 1215 assignavit
687 1173 871 1205 mercedem
896 1183 955 1215 pro
981 1172 1047 1204 suis

312 1226 488 1264 laboribus,
509 1236 626 1268 nempe
647 1227 832 1258 carolenum
858 1236 955 1257 unum
988 1234 1047 1267 pro

313 1278 458 1320 quolibet
490 1278 567 1310 solio
595 1279 749 1316 reducto,
776 1278 856 1310 itaut
887 1278 982 1310 facies
1008 1277 1049 1308 sit

313 1330 471 1362 linearum
498 1330 540 1362 ⁶24
560 1336 590 1363 et
615 1331 702 1363 linea
726 1331 919 1373 syllabarum
944 1330 1019 1362 ⁶26¹.

134 1393 176 1424 ⁴ne
191 1394 303 1414 111511οω-
357 1393 387 1414 v.
415 1383 594 1415 Advertens
624 1383 719 1415 etiam
746 1394 841 1425 quam
867 1382 1048 1415 neccssaria

118 1421 355 1477 sslsslssn‘lss'ffiff'lssssit
379 1435 518 1478 diligens
540 1436 686 1469 custodia
711 1446 925 1478 processuum
951 1435 1049 1477 origi-

119 1474 459 1528 Ess'lg‘f'egafflss‘?natium‚
486 1489 629 1521 decrevit
654 1489 738 1531 quod
764 1489 808 1527 ii,
833 1488 925 1520 sicuti
953 1488 1047 1520 etiam

312 1541 596 1584 interpretationes
626 1541 800 1583 originales
832 1542 961 1573 illorum
996 1540 1048 1582 qni

313 1599 389 1626 sunt
413 1598 522 1626 extero
548 1593 701 1626 idiomate
728 1594 887 1633 consecti,
914 1593 1049 1625 retineri

313 1646 454 1679 debeant
471 1646 503 1678 in
522 1646 665 1678 archivio
690 1656 797 1679 sacrae
823 1646 1052 1688 Congregatio-

312 1700 363 1731 nis
390 1699 420 1730 in
446 1698 598 1731 Vaticano
624 1699 655 1730 in
672 1699 744 1731 loco
770 1700 879 1731 clauso
905 1704 936 1730 et
960 1709 1051 1741 sepa-

313 1758 383 1784 rato
405 1753 444 1784 ab
466 1751 536 1784 aliis
554 1751 730 1794 scripturis,
749 1762 808 1784 nec
822 1751 946 1794 possint
963 1762 1051 1783 amo—

315 1805 380 1837 veri
406 1804 468 1837 nisi
495 1805 534 1837 de
560 1804 673 1837 ordine
711 1804 960 1837 eminentissimi
982 1814 1052 1836 car-

315 1858 432 1890 dinalis
462 1857 627 1900 ponentis,
654 1858 703 1890 vel
729 1858 767 1889 ad
792 1857 979 1889 instantiam
1003 1868 1052 1890 re-

315 1911 448 1943 verendi
473 1910 572 1953 patris
604 1910 815 1953 promotoris,
842 1910 880 1942 ad
906 1909 1051 1942 effectum

315 1963 467 2002 videndi,
495 1968 653 2006 quatenus
689 1973 770 2005 opus
804 1963 853 2002 sit,
878 1968 909 1995 et
934 1962 1053 1994 deinde

314 2015 519 2058 reportandi;
537 2015 627 2048 cuius
652 2015 784 2047 archivii
803 2016 885 2047 duae
902 2015 966 2047 sint
993 2016 1055 2047 cla-

315 2080 377 2108 ves,
396 2080 459 2101 una
484 2079 584 2111 penes
610 2069 876 2111 protonotarium
901 2068 1056 2110 apostoli-

316 2134 398 2161 cum,
425 2123 479 2164 qni
505 2132 564 2164 pro
591 2127 737 2164 tempore
763 2121 977 2153 intervenerit
1006 2132 1055 2153 sa-

316 2186 388 2207 crae
413 2173 678 2216 Congregationi,
702 2178 733 2205 et
757 2175 859 2206 altera
884 2184 986 2216 penes
1011 2184 1055 2206 sc-

317 2227 508 2265 cretarinm3
528 2231 561 2258 et
585 2226 682 2259 clavis
709 2226 780 2266 loci,
803 2227 835 2258 in
862 2237 925 2269 qno
951 2231 1055 2258 custo-

318 2280 451 2312 diuntur
468 2279 544 2311 dicti
562 2289 746 2321 processus,
764 2283 827 2311 stet
850 2289 951 2322 penes
969 2290 1057 2311 eum—

319 2333 391 2365 dem
426 2333 704 2375 protonotarium,
730 2332 865 2364 alterius
900 2342 998 2371 vero,
1024 2332 1054 2363 in

319 2395 382 2427 quo
407 2384 588 2416 retinentur
612 2383 692 2416 aliae
718 2384 896 2426 scripturae
921 2384 952 2416 S.
975 2383 1057 2416 Con-

320 2436 526 2478 &negationis
549 2446 649 2478 penes
674 2436 894 2468 secretarium.

365 2500 406 2522 vi.
434 2489 586 2530 idemque
613 2489 854 2531 p1·otom›tarins
879 2490 975 2521 etiam
1000 2489 1057 2521 ha-

358 2553 367 2577 1
392 2550 488 2577 Forsan
513 2550 556 2583 m,
574 2553 602 2576 ut
618 2549 678 2576 infr.
696 2557 755 2585 pag.
776 2550 822 2577 127
839 2559 868 2583 a,
891 2551 917 2576 1⁰
932 2552 970 2585 (11.
990 2551 1038 2585 1,).

141 2497 169 2517 tin
181 2498 271 2522 quatuor
281 2497 309 2526 in-

126 2527 218 2544 ventam
243 2528 309 2549 copus

1834 266 1889 281 ntum
1898 259 2007 282 faciendis.

1089 328 1225 365 adesset,
1241 327 1316 360 illud
1332 326 1503 368 diligenter
1519 326 1588 359 fieri
1609 326 1739 358 mandet
1752 335 1825 358 cum

1091 385 1230 422 quatuor
1247 379 1359 422 copiis,
1384 389 1520 422 quarum
1544 389 1608 411 una
1633 384 1696 411 stet
1722 388 1823 420 penes

1091 433 1238 465 eumdem
1273 431 1534 474 protonotarium
1556 458 1563 471 ,
1590 432 1689 464 altera
1725 441 1824 474 penes

1092 490 1337 528 promotorem,
1382 486 1484 517 altera
1533 494 1634 527 penes
1679 489 1826 516 secreta—

1092 538 1185 576 rium,
1214 543 1246 570 et
1277 543 1388 580 quarta
1414 537 1446 569 in
1473 538 1586 570 eodem
1612 536 1765 575 archivo;
1794 542 1826 569 ct

1092 591 1124 623 in
1150 591 1211 623 tine
1237 590 1312 622 anni
1337 591 1435 622 iidem
1473 589 1727 633 protonotarius
1755 600 1826 632 pro-

1092 648 1197 675 motor
1226 648 1258 675 et
1293 642 1484 675 secretarius
1509 643 1654 675 revidere
1684 643 1826 675 debeant

1093 696 1210 728 dictum
1225 695 1449 734 inventarium,
1464 695 1652 728 etconserre
1667 706 1737 728 cum
1753 706 1826 738 pro-

1093 748 1247 785 cessibus,
1268 748 1305 780 ad
1331 748 1477 780 ell'eetnm
1501 748 1755 789 recognoscendi
1784 758 1826 780 an

1093 801 1216 844 aliquid
1241 801 1378 839 deficiat,
1406 807 1437 834 et
1457 801 1589 834 curandi
1605 806 1639 833 nt
1660 805 1828 842 reporten-

1094 859 1158 893 tnr;
1182 858 1214 886 et
1237 854 1430 886 secretarius
1455 854 1573 886 reserat
1597 853 1629 885 in
1653 853 1758 896 prima
1781 863 1827 886 se-

1093 906 1204 948 quenti
1229 906 1490 948 congregatione.

1135 969 1189 991 vn.
1210 958 1286 991 Cum
1313 959 1432 1002 pluries
1450 959 1632 992 dubitatum
1652 959 1748 992 suerit
1766 959 1828 992 cir-
1871 968 1902 1006 oq
1926 969 2020 993 tempore

1093 1021 1128 1043 ca
1152 1011 1402 1054 intelligentiam
1438 1011 1645 1044 decretorum
1672 1023 1745 1055 pag.
1774 997 2021 1053 28,‘a¹222†2¹[„¹¹3'21¹22¹2¹221

1094 1064 1180 1105 quod
1214 1074 1279 1096 non
1311 1064 1399 1106 ptius
1424 1063 1523 1096 Sedes
1550 1065 1732 1106 Apostolica
1765 1049 2020 1097 mo-issiiif‘w‘mffl‘

1093 1116 1158 1148 veri
1183 1117 1307 1155 soleat,
1333 1125 1428 1159 quam
1463 1127 1572 1159 reges,
1598 1117 1763 1160 principes
1795 1122 1828 1150 et

1093 1168 1174 1201 aliae
1199 1179 1359 1212 personae
1388 1170 1592 1202 authenticae
1617 1176 1648 1202 et
1673 1169 1827 1202 honestae

1093 1221 1251 1254 instanter
1275 1223 1529 1265 supplicaverint
1560 1222 1691 1256 Summo
1720 1222 1831 1254 Ponti-

1093 1273 1152 1313 tici,
1168 1279 1200 1306 et
1223 1280 1300 1306 tune
1326 1275 1420 1306 etiam
1446 1285 1512 1307 non
1538 1275 1667 1315 statim,
1695 1276 1750 1308 sed
1775 1286 1830 1308 ex-

1093 1332 1223 1368 pectare
1244 1328 1331 1369 quod
1358 1327 1410 1359 din
1436 1328 1594 1370 pulsetur3
1614 1338 1698 1365 nam,
1718 1328 1742 1361 si
1761 1339 1829 1370 per-

1094 1380 1255 1412 durabunt
1278 1380 1433 1412 miracula
1457 1386 1487 1413 et
1511 1381 1760 1423 supplicantium
1779 1381 1829 1413 in-

1093 1434 1248 1472 stantiae,
1274 1438 1339 1465 tum
1374 1432 1524 1465 Summus
1555 1433 1700 1466 Pontifex
1716 1460 1723 1472 ,
1748 1433 1773 1466 si
1798 1433 1828 1466 ei

1093 1486 1263 1524 videbitur,
1285 1485 1457 1517 committit
1480 1496 1605 1518 causam
1624 1496 1735 1518 sacrae
1753 1485 1829 1518 Con-

1095 1539 1293 1581 gregationi:
1313 1538 1396 1577 ideo,
1413 1539 1438 1571 si
1456 1538 1534 1571 ista¹
1553 1538 1758 1572 Sanctissimo
1785 1539 1830 1572 vi-

1094 1603 1162 1624 sum
1194 1591 1306 1631 suerit,
1332 1591 1458 1623 censuit
1490 1592 1601 1624 eadem
1635 1602 1725 1624 sacra
1749 1591 1830 1624 Con-

1095 1643 1239 1686 gregatio
1257 1643 1516 1676 commissionem
1536 1649 1598 1676 non
1613 1654 1684 1676 esse
1703 1643 1829 1686 signan-

1096 1697 1168 1728 dam
1205 1696 1264 1728 nisi
1300 1701 1374 1738 post
1398 1697 1540 1738 elapsum
1568 1702 1691 1739 tempus
1716 1697 1830 1729 decem

1096 1759 1254 1781 annorum
1290 1760 1307 1781 a
1332 1749 1383 1782 die
1408 1750 1677 1791 praesentationis
1702 1760 1830 1792 proces-

1096 1812 1148 1834 sus
1173 1802 1363 1834 anctoritate
1396 1802 1558 1834 ordinaria
1595 1802 1763 1844 fabricati,
1798 1807 1832 1835 et

1097 1865 1169 1886 cum
1200 1854 1409 1897 praecedenti
1449 1855 1594 1897 rigorosa
1629 1855 1830 1888 discussione

1097 1907 1243 1940 eiusdem
1258 1917 1430 1949 processus
1448 1918 1517 1939 cum
1536 1909 1693 1951 scriptura
1708 1914 1832 1941 etsum-

1097 1961 1196 1993 mario
1211 1965 1242 1993 et
1256 1961 1389 2003 insuper
1406 1961 1524 1993 habitis
1540 1967 1613 2004 post
1638 1961 1832 1995 decennium

1098 2025 1115 2046 a
1137 2014 1187 2046 die
1213 2014 1433 2046 fabricationis
1468 2014 1555 2048 illius
1591 2015 1682 2048 novis
1714 2014 1831 2048 litteris

1098 2067 1323 2110 episcoporum
1349 2067 1432 2099 circa
1457 2069 1770 2109 percrebescentiam
1789 2069 1833 2101 sa-

1098 2131 1168 2153 mae
1193 2120 1370 2152 sanctitatis
1395 2126 1425 2152 et
1449 2120 1675 2154 miraculorum
1706 2132 1742 2154 ac
1777 2122 1832 2155 de-

1099 2173 1238 2206 votionis
1263 2172 1377 2215 populi
1403 2173 1495 2205 enixe
1514 2184 1573 2216 pro
1591 2174 1832 2208 beatificatione

1100 2231 1131 2258 ct
1163 2225 1409 2258 canonizatione
1441 2225 1599 2266 instantis,
1627 2226 1687 2258 nisi
1720 2232 1831 2260 tamen

1100 2278 1132 2311 in
1157 2279 1262 2320 aliqua
1286 2281 1382 2310 causa
1401 2288 1436 2311 ex
1455 2278 1673 2321 peculiaribus
1699 2279 1833 2312 circum-

1100 2331 1225 2363 stantiis
1251 2341 1340 2363 sacra
1363 2330 1579 2373 Congregatio
1605 2331 1833 2364 existimaverit

1099 2383 1267 2426 anticipari
1299 2393 1392 2425 posse
1427 2388 1551 2427 tempus
1575 2384 1607 2416 in
1632 2384 1833 2417 discussione

1100 2446 1312 2479 processuum
1333 2436 1522 2469 anctoritate
1540 2436 1701 2470 ordinaria
1725 2437 1835 2470 conse-

1100 2494 1232 2528 ctorum,
1244 2494 1274 2520 et
1284 2488 1579 2522 Sanctissinmshoc
1589 2489 1833 2532 approbaverit.

1135 2552 1146 2577 1
1169 2550 1279 2577 Videtur
1298 2550 1442 2586 legendum
1464 2551 1505 2579 ila
1526 2559 1574 2586 pro
1594 2551 1651 2579 isca
1669 2553 1709 2587 (n.
1731 2551 1780 2587 τ.).
