2111 3157
786 274 997 298 INNOCENTtUS
1021 275 1050 297 xi
1075 275 1125 297 rr.
1597 265 1656 297 751
1706 275 1755 300 An.
1772 273 1799 300 C.
1824 273 1890 300 iugi

199 320 318 354 notarii
352 320 473 363 publici
512 321 718 365 subscriptis,
759 327 789 355 et
825 321 932 364 sigillo
975 321 1104 354 circiter
1128 322 1220 353 annis
1245 321 1424 355 successive
1443 320 1631 357 institutam,
1650 321 1708 353 sub

198 384 359 417 personae
380 375 412 406 in
431 375 651 407 ecclesiastiea
676 375 833 417 dignitate
859 385 934 407 con·
976 373 1179 409 observantia
1204 374 1467 407 constitutionum
1487 384 1503 406 a
1522 373 1622 406 felicis
1642 384 1710 406 me-

200 427 330 460 stitutae
361 427 505 467 munitis,
543 428 654 460 eadem
686 438 818 470 prorsus
853 427 933 460 fides
976 427 1097 459 moriae
1138 427 1267 460 Urbano
1298 427 1362 459 vlit
1398 432 1429 459 et
1459 426 1647 459 Innocentio
1684 426 1706 459 X

200 481 322 524 ubique
346 481 492 514 locorum
525 486 586 513 tam
620 481 652 513 in
687 480 808 514 iudicio
838 491 932 522 quam
952 473 955 489 ¹
975 491 1032 522 pro
1057 481 1269 514 conventibus
1294 481 1326 512 in
1359 481 1473 513 eodem
1504 480 1623 513 Ordine
1658 491 1710 513 re-

201 537 292 565 extra
326 533 405 567 illud
435 534 602 573 habeatur,
635 532 819 576 quaeipsis
840 543 933 575 prae·
977 532 1119 565 formatis
1151 538 1183 566 et
1218 533 1442 571 reformandis,
1475 533 1517 566 ita
1552 533 1709 577 dilapsam

199 585 345 618 sentibus
363 586 539 618 haberetur
552 586 577 618 si
588 585 866 618 forentexhibitae
882 586 931 618 vel
975 595 1044 618 esse
1076 591 1111 618 ut
1140 587 1189 618 vix
1211 586 1296 619 illins
1333 588 1382 619 vel
1407 587 1476 619 leve
1502 586 1710 620 remansisset

198 643 359 671 ostensae.
975 640 1160 681 vestigium:
1186 640 1240 673 illa
1275 639 1367 672 nobis
1403 639 1550 678 iniunxit,
1584 646 1619 672 ut
1656 639 1708 672 isti

12 274 61 300 Αιι.
77 271 105 299 C.
128 270 194 298 1687

241 690 352 723 Datum
377 690 507 729 Romae,
533 691 617 733 apud
638 690 668 723 S.
689 690 818 722 Mariam
837 689 933 722 Maio-

201 751 281 781 rem,
315 742 376 775 sub
411 744 531 776 annulo
562 743 743 781 Piscatoris,
778 742 829 774 die
858 752 929 775 xxvi

198 796 306 828 martii
341 804 552 835 nnetxxxvn,
586 795 791 838 pontificatus
825 794 928 827 nostri

973 692 1193 724 reformationi
1220 693 1449 725 restaurandae
1479 693 1610 725 omnino
1635 703 1710 735 pro-

972 743 1166 776 videremus
1194 744 1268 777 Ideo
1300 745 1337 776 ad
1370 744 1485 777 dictam
1511 745 1710 788 provinciam

972 796 1191 837 ablegavimus
1215 797 1429 829 reverendum
1446 803 1570 840 patrem
1594 798 1709 831 Valen-

949 857 951 866 ¹
973 849 1075 881 tinum
1101 859 1117 881 a
1142 850 1173 881 S.
1200 849 1327 889 Ioanne,
1356 851 1554 883 sacerdotem
1586 851 1709 894 profes-

972 912 1041 934 sum
1081 902 1266 945 provinciae
1305 902 1495 944 Aquitaniae
1532 907 1564 935 et
1599 913 1708 936 sacrae

973 956 1156 998 theologiae
1189 955 1408 998 professorem
1434 956 1611 996 emeritum,
1638 957 1707 999 qui,

972 1014 1144 1051 postquam
1169 1019 1186 1040 a
1210 1018 1318 1041 mense
1344 1008 1421 1041 iulio
1446 1008 1592 1051 proxime
1617 1019 1709 1051 prae-

973 1062 1067 1095 terito
1080 1061 1255 1094 visitationi
1273 1061 1476 1103 singulorum
1490 1066 1708 1094 conventuum

972 1119 1121 1147 accurate
1158 1125 1193 1146 ac
1219 1114 1393 1156 diligenter
1416 1113 1628 1154 incubuisset,
1653 1125 1708 1148 eo-

971 1177 1041 1199 rum
1066 1172 1182 1199 statum
1207 1166 1239 1198 in
1265 1166 1486 1209 spiritualibus
1520 1171 1551 1199 et
1585 1172 1708 1210 tempo—

972 1219 1092 1251 ralibus
1118 1219 1156 1252 ad
1182 1229 1240 1251 nos
1266 1218 1452 1258 transmisit,
1479 1229 1542 1262 quo
1569 1219 1708 1261 dignovi-

972 1283 1040 1305 mus
1077 1273 1269 1316 disciplinae
1303 1272 1447 1314 regulari
1472 1272 1505 1304 in
1538 1271 1599 1305 ista
1631 1283 1708 1315 pro-

972 1325 1076 1358 vincia
1099 1325 1338 1369 propemodum
1369 1324 1524 1357 extinctae
1552 1331 1706 1368 prompto

948 1401 952 1433 3
971 1379 1166 1421 salutarique
1187 1378 1330 1410 remedio
1347 1377 1603 1410 subveniendum
1622 1389 1704 1411 esse.

948 1431 1135 1471 eQuocirea,
1162 1436 1196 1462 ut
1235 1430 1371 1463 iussioni
1401 1430 1482 1462 Suae
1522 1429 1707 1463 Sanctitatis

236 1483 299 1527 51.
322 1483 444 1527 Exponi
471 1483 562 1516 nobis
588 1494 691 1527 nuper
718 1484 863 1516 fecerunt
888 1484 929 1517 di·
971 1495 1155 1527 pareamus,
1183 1483 1370 1516 auctoritate
1396 1493 1454 1525 per
1478 1493 1600 1515 sacram
1627 1482 1706 1516 Con-

191 1536 268 1571 lecti
287 1536 398 1569 fratres
423 1536 597 1569 Reformati
622 1536 806 1579 provinciae
832 1536 929 1569 Pede·
947 1573 950 1579 ¹
969 1538 1194 1581 gregationem
1219 1537 1314 1570 nobis
1333 1536 1513 1576 commissa,
1537 1537 1707 1580 sequentia

191 1594 365 1623 montanae
389 1588 516 1622 Ordinis
538 1590 672 1621 fratrum
688 1589 774 1622 RM.
790 1589 927 1631 Virginis
971 1591 1170 1623 observanda
1186 1600 1258 1622 esse
1280 1588 1441 1622 duximus:

193 1643 232 1675 de
256 1641 361 1675 Monte
386 1641 543 1681 Carmelo,
572 1642 656 1684 quod
684 1642 817 1674 dilectus
843 1641 926 1674 filius
1014 1655 1035 1677 1.
1062 1643 1138 1682 Quia
1173 1643 1204 1675 in
1241 1642 1404 1685 praesenti
1437 1652 1545 1675 rerum
1571 1642 1705 1675 eircum-

190 1701 302 1728 noslet‘
327 1695 466 1727 Palutius
492 1694 523 1727 S.
542 1695 578 1727 R.
598 1695 633 1726 Ε.
665 1695 836 1738 presbyter
860 1705 926 1727 car·
946 1697 949 1731 i
969 1698 1084 1729 stantia
1108 1697 1157 1729 vix
1175 1695 1299 1738 sperari
1322 1699 1428 1738 potest
1448 1700 1480 1727 ut
1502 1695 1535 1727 in
1553 1695 1704 1729 omnibus

192 1747 309 1780 dinalis
335 1746 374 1779 de
398 1747 526 1779 Alteriis
553 1753 764 1789 nuncupatus⁷
784 1746 857 1778 dieti
876 1746 927 1779 Or·
944 1752 949 1790 ξ
969 1749 1180 1781 conventibus
1204 1752 1316 1780 exacta
1344 1747 1558 1789 praefatarum
1584 1747 1705 1780 consti-

192 1799 277 1832 dinis
301 1800 384 1843 apud
419 1809 478 1832 nos
510 1805 541 1831 et
564 1799 678 1832 Sedem
711 1796 1126 1861 .Lip0stolica1n2t11tionum
1151 1801 1258 1843 praxis
1283 1800 1405 1832 restitui
1441 1804 1546 1842 queat,
1573 1805 1639 1832 tum
1663 1800 1703 1833 ob

190 1858 368 1896 protector,
389 1863 447 1896 pro
473 1852 703 1884 reformatione
729 1852 831 1884 dietae
854 1862 928 1894 pro-
969 1855 1123 1897 quaedam
1150 1854 1286 1891 decreta,
1313 1863 1395 1895 quae
1414 1853 1501 1894 leges
1526 1853 1703 1895 municipa-

184 1905 314 1940 ‚vinciae
329 1905 418 1937 iussu
436 1910 547 1936 nostro
565 1904 717 1943 instituta,
737 1905 926 1936 auctoritate
968 1909 1013 1940 les
1040 1911 1163 1945 vocant,
1188 1906 1220 1937 in
1244 1905 1340 1937 variis
1366 1905 1546 1938 successive
1572 1915 1705 1948 congre-

189 1958 250 1991 sibi
275 1958 314 1992 ad
339 1958 371 1990 id
396 1968 454 2001 per
477 1957 769 2000 Congregationem
794 1967 925 1990 venera-
945 1953 947 1971 ²
967 1960 1150 2002 gationibns
1181 1958 1312 1991 condita
1329 1964 1359 1990 ct
1376 1958 1523 2000 pluribus
1546 1959 1703 1991 dictarum

187 2010 302 2044 bilium
317 2011 446 2043 fratrum
461 2017 646 2044 nostrorum
661 2009 921 2043 eiusdemSRE.
944 2048 946 2051 ¹
967 2011 1237 2045 constitutionum
1282 2010 1426 2043 articulis
1471 2010 1674 2043 adversantia
1692 2037 1701 2051 ,

186 2064 400 2097 cardinalium
426 2063 562 2106 negotii:-
586 2069 612 2096 e·
636 2063 925 2096 consultationibus
966 2065 1104 2107 ideoque
1130 2064 1169 2096 ab
1193 2066 1256 2096 una
1281 2069 1371 2107 parte
1388 2063 1575 2106 provinciae
1600 2064 1703 2107 impu-

189 2116 421 2160 episcoporum
436 2122 465 2149 et
484 2116 681 2158 regularium
705 2116 924 2158 praesositam
943 2117 945 2132 ⁴
967 2124 1062 2160 gnata
1087 2123 1118 2150 et
1143 2127 1200 2160 per
1224 2117 1318 2150 aliam
1344 2122 1557 2159 propugnata,
1578 2122 1643 2149 tum
1661 2117 1702 2150 ob

189 2169 353 2209 attributa,
377 2170 532 2202 nonnulla
557 2169 684 2202 decreta
708 2169 808 2201 edidit
835 2174 925 2202 teno-
943 2184 945 2212 Ι
966 2177 1095 2202 tenuem
1120 2170 1270 2202 allectum
1303 2179 1397 2212 quem
1423 2170 1531 2211 plures
1556 2169 1702 2202 alumno-

187 2223 233 2256 ris
257 2222 312 2266 qui
336 2222 493 2265 sequitur,
518 2221 679 2254 videlicet.
943 2227 946 2257 Ι
966 2233 1034 2254 rum
1060 2221 1243 2265 provinciae
1270 2222 1391 2254 habent
1409 2222 1445 2254 ad
1468 2221 1703 2253 observandam

0 2308 13 2330 ι
55 2282 179 2313 atteruntur
239 2287 252 2306 «
278 2275 421 2317 Palatius
447 2274 485 2307 de
512 2273 641 2308 Alteriis
669 2273 700 2306 S.
726 2273 763 2305 R.
788 2273 821 2306 E.
855 2283 924 2306 car-
942 2264 946 2305 i
966 2275 1169 2318 disciplinam
1195 2275 1226 2307 in
1252 2275 1374 2307 eisdem
1401 2273 1610 2306 conventibus
1631 2284 1704 2306 con-

0 2310 178 2366 affarreviinatiegr'ss
189 2327 316 2369 dinalis,
335 2327 430 2361 totius
446 2327 573 2360 Ordinis
590 2326 832 2360 Carmelitarum
850 2336 924 2368 pro·
967 2334 1094 2368 tentam;
1108 2334 1138 2360 et
1152 2328 1282 2360 aliunde
1294 2327 1443 2359 nonnulli
1461 2326 1702 2370 praedictorum

0 2363 303 2434 Ξὶζῗιέξίιὲπζῑθοῑοῐκ
350 2379 427 2413 Cum
468 2379 649 2422 expositum
695 2378 807 2411 fuisset
842 2378 923 2411 Suae
966 2382 1169 2414 alumnorum
1196 2380 1348 2413 ardenter
1383 2379 1550 2422 adspirant
1573 2379 1612 2411 ad
1637 2379 1703 2412 sin—

1 2420 353 2488 ggjffggffgmngfflanctitati
372 2432 792 2475 reformationem‚prirnum
811 2432 842 2463 in
853 2442 924 2464 con·
966 2444 1070 2466 ceram
1082 2438 1289 2475 exactamque
1307 2433 1434 2465 illarum
1453 2431 1701 2472 observantiam,

26 2481 36 2492 '²
127 2483 132 2488 '
188 2491 284 2519 ventu
308 2485 497 2519 Taurinensi
530 2485 658 2518 Ordinis
691 2485 824 2517 fratrum
849 2485 925 2518 bea·
967 2492 999 2519 et
1023 2497 1040 2519 a
1065 2486 1159 2518 nobis
1185 2485 1372 2527 efflagitant,
1399 2490 1435 2517 ut
1458 2485 1491 2517 in
1528 2495 1593 2517 uno
1625 2486 1703 2518 alte-

191 2539 332 2573 tissimae
357 2539 473 2572 Mariae
500 2538 639 2581 Virginis
664 2538 702 2572 de
726 2538 833 2571 Monte
851 2538 924 2572 Car·
949 2534 1042 2572 ffove
1079 2543 1236 2571 conventu
1269 2537 1466 2580 congregati,
1504 2542 1535 2570 et
1565 2537 1605 2570 ab
1630 2537 1701 2571 aliis

191 2593 290 2631 melo,
317 2592 434 2625 deinde
459 2592 491 2624 in
516 2592 586 2625 aliis
613 2592 826 2625 conventibus
850 2603 925 2634 pro·
966 2591 1114 2631 seiuncti,
1129 2591 1161 2623 in
1179 2591 1320 2634 perfecta
1342 2596 1374 2624 et
1397 2590 1528 2623 litterali
1549 2588 1703 2623 constitu-

192 2645 316 2679 vinciae
359 2645 616 2679 Pede-montanae
658 2656 675 2678 a
714 2644 923 2688 quadraginta
967 2645 1087 2678 tionum
1114 2644 1213 2688 praxi,
1239 2648 1335 2687 prout
1359 2643 1422 2677 Deo
1447 2644 1480 2676 in
1498 2644 1551 2675 sua
1578 2642 1703 2686 profes·

197 857 284 881 anno
308 858 352 881 XI.

231 909 288 936 Dat.
305 908 348 935 die
364 909 398 936 26
417 909 505 936 martii
526 909 604 943 1687,
625 909 720 944 pontif.
742 916 811 935 anno
830 915 866 935 xi.

480 1052 649 1085 CLXXXII.

196 1131 436 1174 Confirmantur
459 1131 584 1165 decreta
614 1132 795 1164 cardinalis
819 1136 926 1174 prole-

238 1185 334 1216 ctoris
349 1195 408 1227 pro
428 1185 657 1227 reformatione
673 1185 859 1227 provinciae
874 1185 930 1217 Pe-

238 1236 452 1269 demontcmae
477 1236 613 1270 Ordinis
638 1237 676 1270 B.
697 1237 739 1269 M.
768 1236 805 1269 de
823 1237 930 1269 Monte

239 1289 397 1323 Carmelo.

377 1368 573 1396 Innocentius
602 1369 680 1402 Papa
705 1369 752 1402 XI,

330 1413 366 1440 ad
385 1413 520 1440 futuram
541 1413 587 1439 rei
607 1413 786 1440 memoriam-

26 1496 113 1522 speeies
124 1497 181 1519 raeti.

1739 1646 1787 1667 Tria
1797 1648 1899 1667 coenobia

1715 1673 1832 1698 seliguntur
1861 1680 1896 1699 pre

1717 1700 1872 1720 reformatione.
