2111 3157
178 217 227 244 An.
249 218 278 244 c.
300 219 364 246 1037
413 210 477 245 780

414 278 463 302 Lv.
492 268 553 302 Per
577 267 662 302 hanc
686 266 767 299 viam
799 264 961 298 internam
997 273 1110 307 perve-

371 322 470 362 nitur,
504 321 563 355 etsi
600 321 700 354 multa
734 329 806 352 cum
832 316 1042 357 sufferentia,
1069 316 1109 349 ad

371 375 557 420 purgandas
582 379 614 407 et
639 372 877 415 extinguendas
901 381 1013 404 omnes
1037 380 1110 413 pas-

371 429 492 468 siones,
515 428 558 460 ita
584 427 669 470 (guod
695 426 778 459 nihil
803 425 941 468 amplius
961 423 1109 462 sentitur,

371 473 465 521 nihil,
479 481 573 520 nihil,
591 491 650 513 nec
664 481 729 513 ulla
745 479 884 513 sentitur
907 477 1107 522 inquietudo,

371 534 455 568 sicut
490 544 608 577 corpus
633 538 808 571 mortuum,
848 542 909 565 nec
945 531 1052 564 anima
1074 541 1108 563 se

371 588 508 631 amplius
533 586 731 620 commoveri
753 585 841 619 sinit.

413 651 477 674 Lv1.
504 640 591 674 Duae
615 641 704 683 leges
730 645 762 672 et
786 639 867 672 duae
892 637 1107 681 cupiditates,

371 693 497 726 animae
522 703 586 726 una
618 699 649 726 et
684 692 802 725 amoris
836 691 962 735 proprii
998 691 1107 729 altera,

370 746 491 779 tamdiu
530 747 732 790 perdurant,
759 745 914 789 quamdiu
951 744 1110 788 perdurat

370 811 461 833 amor
485 800 657 843 proprius;
685 798 929 842 unde‚quando
955 797 1009 830 hic
1032 807 1110 840 pur-

369 859 460 896 gatus
486 858 533 886 est
558 858 590 886 et
613 858 773 892 mortuus,
809 852 854 884 uti
879 850 915 884 fit
938 861 998 894 per
1028 850 1109 883 viam

369 905 543 945 internam,
562 916 628 939 non
646 906 764 938 adsunt
779 905 919 949 amplius
937 904 1012 937 illae
1027 904 1108 936 duae

369 959 461 1001 leges
489 964 520 992 et
545 959 625 991 duae
652 958 858 1001 cupiditates,
889 968 948 990 nec
971 957 1108 991 ulterius

369 1013 480 1056 lapsus
513 1012 630 1055 aliquis
666 1011 852 1051 incurritur,
892 1010 1109 1053 necaliquid

369 1065 510 1098 sentitur
549 1065 702 1108 amplius,
738 1075 777 1097 ne
814 1064 946 1107 quidem
984 1063 1109 1097 veniale

368 1123 551 1161 peccatum.

413 1181 488 1204 Lm.
509 1171 570 1204 Per
590 1170 902 1214 contemplationem
921 1169 1109 1214 acquisitam

369 1223 560 1267 pervenitur
585 1224 624 1256 ad
650 1229 766 1256 statum
793 1233 857 1256 non
882 1222 1024 1255 faciendi
1045 1233 1111 1255 am-

370 1277 453 1320 plius
476 1282 618 1320 peccata,
638 1288 698 1310 nec
714 1277 864 1310 mortalia
885 1286 945 1309 nec
959 1276 1108 1309 venialia.

413 1340 502 1364 LV111.
531 1331 577 1363 Ad
604 1330 791 1363 huiusmodi
819 1335 937 1363 statum
963 1329 1111 1373 perveni-

369 1388 423 1415 tur
441 1393 504 1416 non
523 1383 721 1416 reflectendo
738 1383 876 1426 amplius
895 1382 936 1415 ad
961 1382 1110 1426 proprias

371 1436 595 1479 operationes,
621 1436 699 1480 quia
719 1437 864 1470 desectus
881 1446 917 1470 ex
936 1436 1110 1470 reflexione

371 1489 532 1522 oriuntur.

414 1553 476 1576 th.
503 1542 559 1575 Via
583 1542 712 1576 interna
738 1542 887 1576 seiuncta
912 1548 963 1576 est
986 1553 1003 1576 a
1035 1553 1112 1575 con-

372 1596 526 1634 sessione,
545 1607 562 1629 a
579 1595 789 1629 confessariis
807 1601 838 1629 et
855 1607 872 1628 a
889 1595 1020 1629 casibus
1036 1606 1112 1628 con-

372 1649 540 1690 scientiae,
561 1660 577 1682 a
596 1650 764 1692 theologia
782 1654 814 1682 et
839 1649 1065 1693 philosophici.

416 1713 465 1737 Lx.
493 1702 671 1736 Animabus
697 1702 874 1746 provectis,
902 1713 984 1746 quae
1017 1702 1112 1735 refle-

370 1756 522 1789 xionibus
560 1756 644 1789 mori
680 1756 850 1799 incipiunt,
877 1761 908 1788 et
942 1766 980 1788 eo
1015 1756 1111 1788 etiam

372 1810 569 1852 perveniunt
594 1815 630 1842 ut
654 1810 718 1842 sint
742 1815 902 1849 mortuae,
932 1809 1016 1842 Deus
1038 1820 1114 1842 con-

373 1863 548 1896 sessionem
567 1862 742 1906 aliquando
756 1862 855 1896 efficit
867 1862 1112 1905 impossibilem,

375 1922 407 1949 et
437 1917 568 1959 supplet
602 1916 673 1959 ipse
710 1918 798 1948 tanta
834 1915 936 1958 gratia
970 1926 1115 1959 praeser-

374 1974 482 2009 vante,
509 1975 660 2012 quantam
686 1968 718 2001 in
756 1973 959 2001 sacramento
990 1968 1115 2011 recipe-

376 2028 457 2062 rent,
484 2028 516 2055 et
539 2022 612 2056 ideo
638 2022 824 2055 huiusmodi
850 2022 1017 2054 animabus
1050 2032 1114 2055 non

377 2081 426 2108 est
449 2076 569 2108 bonum
590 2076 623 2108 in
643 2076 696 2108 tali
718 2086 792 2108 casu
813 2076 852 2108 ad
878 2080 1115 2108 sacramentnm

377 2128 598 2171 poenitentiae
624 2128 792 2169 accedere,
819 2127 895 2171 quia
920 2128 952 2161 id
977 2133 1024 2160 est
1052 2127 1115 2160 illis

377 2180 599 2224 impossibiler

424 2244 485 2266 Lxl.
507 2234 631 2273 Anima,
649 2244 721 2266 cum
737 2234 775 2267 ad
795 2239 932 2267 mortem
952 2233 1115 2277 mysticam

380 2286 541 2329 pervenit,
559 2297 624 2319 non
642 2287 899 2330 potestamplius
917 2287 1004 2320 aliud
1024 2288 1115 2326 velle,

382 2349 476 2382 quam
502 2340 587 2383 quod
613 2340 695 2373 Deus
722 2342 799 2380 vult,
831 2340 905 2384 quia
929 2350 994 2373 non
1020 2340 1118 2373 habet

382 2392 519 2434 amplius
554 2394 767 2434 voluntatem,
796 2399 827 2427 et
851 2394 934 2427 Deus
964 2393 1012 2427 illi
1049 2404 1118 2427 eam

383 2445 526 2477 abstulit.

428 2507 500 2530 an.
521 2498 581 2530 Per
597 2499 678 2532 viam
696 2500 856 2533 internam
875 2500 1064 2543 pervenitur
1082 2499 1119 2532 ad

384 2552 574 2584 continuum
599 2559 718 2586 statum
744 2555 942 2588 immobilem
972 2555 1004 2588 in
1042 2564 1119 2598 pace

384 2605 660 2649 imperturbabili.

954 215 1137 240 BULLARIUM
1160 213 1313 238 ROMANUM

1196 271 1286 295 Lxm.
1312 260 1373 294 Per
1391 249 1488 293 ⁹viam
1513 259 1676 293 internam
1701 258 1889 302 pervenitur

1152 315 1247 348 etiam
1272 315 1312 348 ad
1337 319 1475 347 mortem
1501 323 1673 354 sensuum;
1708 312 1888 356 quinimmo

1151 369 1289 411 signum,
1318 368 1406 412 quod
1438 367 1510 411 quis
1538 367 1572 399 in
1608 371 1691 399 statu
1716 365 1888 400 nihilitatis

1152 427 1288 461 maneat,
1314 422 1399 455 idest
1432 420 1544 454 mortis
1579 420 1743 463 mysticae,
1775 424 1824 452 est
1860 419 1888 453 si

1151 485 1265 508 sensus
1286 475 1463 508 exteriores
1477 484 1541 507 non
1562 478 1811 517 repraesentent
1827 483 1888 506 am·

1151 527 1236 571 plius
1260 539 1312 561 res
1336 528 1518 567 sensibiles,
1545 537 1581 560 ac
1604 526 1630 559 si
1655 537 1722 560 non
1756 532 1885 566 essent,

1151 581 1226 624 quia
1244 591 1308 614 non
1328 580 1521 624 perveniunt
1544 580 1584 613 ad
1602 579 1783 613 faciendum
1800 579 1888 623 quod

1151 634 1336 668 intellectus
1361 635 1401 667 ad
1426 644 1480 667 eas
1504 634 1658 677 applicet.

1196 698 1279 722 LXIV.
1302 688 1487 730 Theologus
1515 687 1675 721 minorem
1702 685 1889 731 dispositio·

1151 752 1225 774 nen]
1244 742 1342 775 habet
1359 752 1454 785 quam
1480 742 1578 774 homo
1599 739 1690 773 rudis
1711 740 1750 773 ad
1771 745 1889 773 statum

1152 795 1410 839 contemplativi·,
1439 795 1553 838 primo,
1583 794 1659 838 quia
1693 804 1758 827 non
1791 793 1891 826 habet

1152 846 1248 881 fidem
1274 848 1354 882 adeo
1378 859 1509 892 puram;
1537 848 1698 888 secundo,
1724 846 1799 891 quia
1823 856 1890 880 non

1153 907 1201 935 est
1217 903 1299 935 adeo
1322 902 1473 943 humilis·,
1501 902 1605 942 tertio,
1624 901 1698 945 quia
1722 912 1789 934 non
1809 900 1890 934 adeo

1153 961 1244 988 curat
1268 955 1432 998 propriam
1463 956 1620 995 salutem3
1655 959 1782 997 quarto,
1815 953 1891 996 quia

1153 1014 1249 1050 caput
1272 1009 1426 1041 refertum
1463 1008 1562 1040 habet
1597 1006 1890 1051 phantasmatibus,

1153 1061 1339 1104 speciebus,
1368 1061 1579 1104 opinionibus
1606 1065 1637 1093 et
1661 1059 1894 1103 speculationi·

1153 1115 1222 1155 bus,
1239 1120 1270 1147 et
1295 1124 1359 1147 non
1385 1119 1491 1157 potest
1516 1114 1548 1146 in
1572 1114 1663 1147 illum
1689 1113 1818 1156 ingredi
1840 1123 1892 1146 ve-

1153 1179 1222 1201 rum
1248 1169 1371 1201 lumen.

1197 1232 1267 1254 LxV.
1288 1221 1484 1265 Praepositis
1500 1221 1721 1255 obediendum
1735 1225 1784 1254 est
1797 1219 1830 1253 in
1844 1230 1893 1253 ex-

1155 1276 1286 1316 teriore,
1308 1280 1339 1308 et
1356 1275 1489 1308 latitudo
1514 1276 1579 1308 voti
1597 1274 1803 1308 obedientiae
1820 1273 1894 1307 reli·

1155 1329 1317 1371 giosoruin
1335 1329 1560 1361 tantummodo
1574 1329 1612 1361 ad
1631 1328 1808 1361 exteriores
1824 1337 1896 1371 per-

1155 1381 1260 1424 tingit.
1280 1381 1314 1413 In
1331 1381 1489 1414 interiore
1508 1391 1583 1414 vero
1606 1381 1701 1415 aliter
1716 1391 1770 1414 res
1786 1391 1818 1413 se
1837 1379 1895 1413 ha-

1154 1434 1219 1473 bet,
1237 1444 1299 1477 quo
1324 1435 1412 1467 solus
1437 1434 1518 1467 Deus
1545 1439 1576 1468 et
1599 1434 1743 1467 director
1758 1434 1892 1466 intrant4

1198 1497 1281 1520 wa.
1310 1486 1387 1519 Risu
1421 1487 1519 1529 digna
1546 1492 1595 1519 est
1627 1497 1710 1521 nova
1735 1487 1894 1532 quaedam

1155 1540 1301 1573 doctrina
1326 1539 1358 1571 in
1391 1539 1533 1573 Ecclesia
1558 1540 1638 1581 Dei,
1665 1540 1753 1584 quod
1786 1540 1895 1573 anima

1155 1593 1261 1637 quoad
1291 1593 1455 1626 internum
1492 1593 1668 1636 gubernari
1705 1593 1823 1626 debeat
1854 1592 1893 1626 ab

1155 1647 1324 1690 episcopo:
1351 1646 1437 1690 quod
1462 1647 1488 1679 si
1507 1646 1677 1691 episcopus
1696 1657 1761 1680 non
1786 1646 1827 1679 sit
1843 1657 1895 1679 ca-

1155 1710 1228 1744 pax,
1255 1700 1363 1733 anima
1395 1700 1500 1743 ipsum
1532 1711 1603 1733 cum
1636 1711 1694 1733 suo
1731 1700 1894 1733 directore

1156 1755 1261 1787 adeat.
1288 1754 1406 1787 Novam
1425 1755 1498 1787 dico
1517 1755 1707 1795 doctrinam,
1734 1754 1809 1798 qnia
1833 1764 1895 1787 nec

1156 1818 1246 1842 sacra
1269 1808 1445 1852 Scriptura,
1470 1819 1530 1841 nec
1554 1808 1703 1848 concilia,
1724 1818 1784 1841 nec
1800 1817 1896 1841 cano-

1157 1873 1223 1902 nes,
1250 1873 1308 1895 nec
1332 1862 1451 1901 bullae,
1476 1873 1536 1895 nec
1559 1862 1677 1901 Sancti,
1702 1873 1762 1894 nec
1787 1866 1897 1894 aucto-

1158 1927 1210 1949 res
1237 1927 1307 1949 eam
1331 1927 1474 1959 unquam
1506 1915 1716 1956 tradiderunt,
1746 1925 1807 1948 nec
1833 1920 1897 1947 tra-

1159 1971 1238 2003 dere
1264 1975 1411 2013 possunt,
1437 1970 1512 2012 quia
1536 1968 1681 2002 Ecclesia
1717 1979 1782 2001 non
1813 1967 1897 2002 iudi-

1158 2028 1208 2055 cat
1246 2023 1285 2055 de
1325 2022 1479 2063 occultis,
1507 2028 1538 2055 et
1573 2023 1678 2055 anima
1714 2021 1763 2055 ius
1799 2021 1898 2054 habet

1159 2076 1301 2119 eligendi
1327 2087 1563 2119 quemcumque
1590 2076 1650 2108 sibi
1675 2076 1758 2109 bene
1778 2075 1894 2108 visum.

1203 2140 1299 2163 van.
1329 2129 1439 2162 Dicere
1462 2130 1548 2173 quod
1573 2129 1736 2162 internum
1760 2128 1898 2162 manife-

1159 2184 1308 2216 standum
1330 2188 1378 2216 est
1402 2183 1555 2216 exteriori
1583 2182 1734 2216 tribunali
1760 2192 1898 2226 praepo·

1160 2237 1304 2275 sitorum,
1332 2241 1363 2269 et
1393 2237 1480 2279 quod
1506 2241 1676 2279 peccatum
1710 2236 1751 2268 sit
1775 2236 1805 2268 id
1831 2245 1897 2268 non

1162 2291 1274 2329 sarcre,
1302 2295 1350 2322 est
1375 2290 1544 2322 manifesta
1562 2289 1727 2333 deceptio·‚
1750 2288 1825 2332 quia
1841 2289 1899 2322 Ec-

1161 2343 1259 2375 clesia
1285 2353 1349 2375 non
1376 2343 1496 2375 iudicat
1521 2343 1559 2376 de
1586 2342 1740 2382 occultis,
1767 2347 1799 2374 et
1824 2351 1898 2385 pro-

1163 2395 1240 2439 priis
1266 2395 1435 2428 animabus
1462 2395 1687 2438 praeiudicant
1720 2394 1770 2427 his
1804 2395 1899 2428 dece·

1162 2449 1326 2492 ptionibus
1353 2455 1383 2481 ct
1403 2449 1677 2481 simulationilms.

1207 2511 1317 2534 vatu.
1334 2501 1366 2533 ln
1381 2502 1500 2534 mundo
1519 2512 1584 2534 non
1603 2507 1652 2534 est
1673 2502 1817 2542 facultas,
1839 2511 1902 2536 nee

1164 2553 1343 2586 iurisdictio
1376 2555 1414 2587 ad
1440 2555 1710 2597 praecipiendum
1736 2560 1771 2587 ut
1800 2555 1901 2588 mani-

1164 2608 1321 2639 srstcntur
1347 2607 1506 2650 epistolae
1532 2608 1703 2641 directoris
1728 2608 1834 2655 quoad
1851 2607 1908 2663 in>

1897 189 1945 238 tin.
1965 208 1996 237 c.
2013 208 2079 236 ¹637
