2111 3157
25 126 72 154 Au.
92 125 119 152 C.
138 125 205 153 1578

34 1122 99 1143 Cama
118 1123 180 1144 huius

0 1148 163 1170 Communem.

209 188 273 210 non
298 177 477 217 excederet,
494 177 600 209 firmae
625 183 657 210 ct
681 177 810 210 illaesae
835 188 936 209 rema-

208 232 350 273 nerent),
376 236 409 262 et
433 231 566 273 insuper
589 230 729 263 voluerit
752 236 783 262 et
808 230 934 262 ordina—

206 282 296 321 verit,
320 293 384 322 eos,
416 283 478 326 qui,
504 288 667 325 praetextu
693 292 841 314 excessus
866 292 933 314 me-

206 336 334 367 dietatis
375 336 532 367 fruetuum
572 345 627 367 seu
667 334 931 366 distributionum

204 387 403 427 huiusmodi,
428 393 552 429 partem
579 386 772 429 pensionum
799 387 932 418 transla-

202 445 306 472 tarum
330 440 455 472 solvere
481 444 673 477 recusarent,
700 439 738 470 ad
764 448 930 471 excessum

201 491 305 534 ipsum
330 491 530 534 probandum
556 491 674 528 teneri,
701 500 760 523 nec
788 490 927 529 interim,

200 544 291 576 istius
306 543 527 586 dispositionis
545 548 721 585 praetextu,
742 553 929 585 processum

199 595 398 628 executivum
413 600 465 627 aut
480 595 673 627 solutionem
691 595 837 636 integrae
851 604 929 637 pen-

198 649 309 686 sionis,
336 653 493 690 quatenus
517 648 596 680 alias
622 647 686 679 illis
711 648 802 679 locus
826 653 925 684 esset,

196 701 345 744 impediri
370 706 424 733 aut
447 700 605 732 retardari
631 700 761 737 debere,
787 704 818 731 et
838 699 923 737 alias,

195 759 294 796 prout
318 753 348 785 in
368 752 513 785 eiusdem
530 752 649 784 Urbani
667 751 924 794 praedecessoris

195 804 425 838 constitutione
459 805 600 846 desuper
631 804 717 836 edita
742 808 773 835 et
797 803 829 834 in
855 813 926 836 can-

193 858 324 890 cellaria
357 857 535 900 apostolica
572 866 657 888 anno
693 855 922 888 lncarnationis

192 909 377 943 Dominieae
401 919 538 942 nncimv
555 909 605 941 die
624 919 694 941 xxiv
712 907 847 940 ianuarii
866 919 923 950 pu-

190 963 316 1001 blicata,
343 961 432 994 cuius
457 967 603 994 tenorem
621 960 846 1003 praesentibus
862 971 921 1003 pro

190 1015 287 1057 plene
314 1019 344 1046 et
364 1013 561 1046 sufficienter
578 1022 730 1055 expresso
749 1018 780 1044 et
794 1012 921 1054 {inserto

191 1067 302 1099 haberi
331 1067 485 1105 volumus,
514 1065 645 1099 uberius
673 1065 874 1105 continetur3

233 1119 248 1161 ἓ
272 1119 303 1152 2.
330 1119 456 1157 Verum,
485 1129 557 1150 cum
581 1117 770 1160 quotidiano
795 1118 920 1160 experi-

188 1177 296 1204 mento
313 1175 515 1213 compertum
533 1169 574 1202 sit
590 1175 831 1212 praenarratam
846 1180 920 1202 con-

187 1223 362 1255 stitutionis
388 1222 570 1254 huiusmodi
597 1221 847 1264 dispositionem
872 1232 919 1254 ec-

188 1276 295 1308 clesiis
330 1281 362 1308 et
392 1274 559 1307 beneficiis
591 1274 785 1317 pensionum
812 1274 918 1307 huius-

186 1329 273 1361 modi
305 1338 405 1361 onere
435 1327 573 1370 gravatis
605 1327 741 1369 illasque
773 1326 917 1359 obtinen-

188 1380 284 1420 tibus,
303 1380 357 1423 qui
375 1390 541 1412 excessum
559 1379 741 1411 medietatis
760 1379 917 1411 fruetuum

186 1432 300 1466 iisdem
313 1432 526 1476 pensionibus
547 1437 749 1474 gravatorum
766 1432 914 1474 probare,

187 1490 219 1518 et
241 1485 373 1524 interea,
391 1485 493 1518 donec
510 1484 555 1516 rei
580 1483 754 1516 iudicatae¹
776 1484 917 1526 desuper

185 1537 394 1576 obtinuerint,
420 1537 593 1580 pensiones
617 1537 701 1579 ipsas
726 1537 850 1568 solvere
877 1542 916 1569 te-

185 1594 315 1628 nentur,
332 1599 446 1631 parum
464 1599 535 1621 esse
552 1588 736 1631 proficuam,
759 1594 790 1620 et
806 1599 823 1620 e
843 1599 914 1620 con-

186 1651 279 1674 verso
304 1645 367 1674 tam
393 1641 657 1673 transferentibus
671 1650 767 1683 quam
785 1642 915 1673 transla-

186 1693 273 1725 tariis
296 1693 490 1736 pensionum
515 1693 702 1725 huiusmodi
728 1703 793 1725 non
818 1694 914 1726 modi·

185 1756 257 1778 cum
273 1745 387 1778 afferre
403 1745 658 1784 incommodum
684 1744 747 1777 illis
774 1745 912 1788 quidem,

185 1798 284 1840 quod,
307 1803 443 1840 propter
467 1797 682 1839 ignorantiam
699 1803 765 1829 tum
786 1798 852 1830 veri
870 1809 914 1830 va-

184 1850 264 1883 loris
289 1850 387 1882 annui
412 1850 571 1882 fructuum
595 1856 627 1882 et
650 1850 913 1883 distributionum

184 1907 251 1935 tum
277 1902 462 1945 quantitatis
487 1902 619 1935 aliarum
638 1903 833 1945 pensionum
865 1904 914 1936 de-

185 1966 282 1998 super
305 1961 542 1988 reservatarum
557 1982 564 1995 ,
590 1956 851 1998 frequentissime
879 1967 915 1988 ac

186 2008 251 2040 fere
275 2018 403 2051 semper
427 2008 515 2041 dubii
539 2008 604 2040 sint
633 2014 665 2041 et
695 2009 807 2041 incerti
833 2020 912 2052 quas

185 2060 360 2102 pensiones
382 2060 556 2093 transferre
581 2061 719 2103 possint,
746 2061 796 2094 his
822 2072 911 2101 vero,

186 2113 272 2155 quod
308 2113 380 2145 lites
415 2123 510 2155 super
541 2114 751 2156 pensionibus
788 2114 821 2147 in
858 2125 913 2147 eos

186 2165 359 2204 translatis,
384 2176 463 2208 quas
496 2166 704 2198 ecclesiarum
736 2172 768 2199 et
793 2167 914 2200 benefi-

185 2217 307 2250 ciorum
322 2217 502 2251 huiusmodi
519 2228 734 2261 possessoreS,
750 2219 809 2251 sub
827 2230 916 2262 prae-

188 2274 276 2302 textu
311 2279 460 2303 excessus
496 2270 671 2313 praedicti,
700 2271 914 2314 impugnant,

187 2322 349 2355 sustinere
379 2327 410 2355 et
442 2322 597 2365 prosequi
629 2328 802 2365 cogantur3
835 2324 915 2356 itaut.

187 2374 345 2407 eiusmodi
380 2375 490 2408 litibus
526 2375 735 2409 discutiendis
764 2381 796 2409 et
831 2376 917 2410 deci-

224 2486 238 2517 1
257 2487 297 2515 An
311 2492 382 2516 recta
396 2489 474 2516 lectio
488 2489 588 2517 iudicet
601 2489 685 2518 lector
698 2489 770 2518 scius
783 2491 823 2525 (R.
840 2491 888 2525 τ.).

789 130 1000 153 INNOCENTIUS
1022 131 1052 153 Χῖ
1078 131 1126 153 1³1³.

1622 123 1664 152 70

977 177 1091 209 dendis
1109 177 1280 211 tribunalia
1293 177 1419 210 assidue
1438 177 1621 218 fatigentur,
1638 187 1705 219 par-

977 234 1022 261 tes
1038 241 1112 262 vero
1130 229 1329 262 aerumnosis
1350 229 1528 272 dispendiis
1554 239 1705 271 praegra-

976 287 1108 314 ventur:

1017 334 1031 375 g
1054 334 1085 366 3.
1113 334 1193 367 Ilinc
1214 339 1261 367 est
1277 334 1361 376 quod
1379 345 1447 373 nos,
1466 334 1576 366 litibus
1594 338 1624 366 et
1642 333 1704 366 dis-

974 385 1099 426 pendiis
1131 386 1315 418 huiusmodi
1345 397 1454 418 ansam
1486 386 1674 428 praecidere
1692 413 1700 425 ,
1713 401 1750 415 suu

1711 426 1747 441 Tl'll

973 448 1008 469 ac
1035 442 1096 468 tam
1122 438 1332 470 ecclesiarum
1350 444 1382 470 et
1399 438 1630 471 beneficiorum
1651 448 1750 472 ex-sen

973 491 1164 529 onerationi,
1191 501 1285 532 quam
1310 490 1395 522 illius
1418 496 1447 523 et
1472 491 1527 523 illa
1552 480 1835 525 obtinen-illimus-u

1711 532 1790 546 stou-[rt
1825 533 1894 552 llclhl·

973 542 1067 581 tium,
1091 552 1219 574 necnon
1245 553 1377 581 eorum,
1405 543 1522 585 quibus
1542 543 1698 576 eiusmodi
1711 554 1776 578 nuut-

971 594 1134 627 facultates
1160 594 1374 626 transferendi
1392 595 1565 637 pensiones
1582 596 1620 628 ab
1639 596 1700 628 liae

969 646 1081 679 Sancta
1107 647 1188 679 Sede
1214 657 1390 679 concessae
1415 652 1488 679 sunt
1513 653 1544 680 et
1568 648 1599 680 in
1625 659 1700 691 pos-

970 692 1072 732 terum
1096 700 1322 738 concedentur,
1344 710 1379 732 ac
1400 699 1541 739 illorum,
1561 700 1593 732 in
1618 711 1698 743 quos

968 752 1140 794 pensiones
1165 752 1255 794 ipsae
1283 752 1530 791 transferentur,
1556 762 1699 785 commo-

967 805 1067 843 ditati,
1082 804 1243 836 securitati
1262 809 1293 836 et
1309 803 1521 843 indemnitati,
1541 809 1697 846 quantum

966 856 1059 888 nobis
1079 867 1115 888 ex
1136 857 1201 888 alto
1226 855 1424 895 conceditur,
1451 856 1622 898 providere
1643 867 1696 888 cu-

966 909 1114 950 pientes,
1141 918 1177 940 ac
1207 918 1481 950 quorumcumque
1511 907 1697 950 privilegio-

964 972 1046 1000 rum,
1072 961 1269 993 indultorum
1295 965 1326 992 et
1350 960 1537 992 facultatum
1563 961 1697 993 transfe-

963 1013 1055 1045 rendi
1074 1013 1247 1055 pensiones
1272 1011 1467 1052 huiusmodi,
1485 1022 1543 1044 seu
1564 1011 1693 1045 illarum

963 1066 1034 1098 loco
1060 1066 1189 1105 fruetus,
1215 1065 1359 1097 redditus
1384 1071 1416 1097 et
1440 1070 1615 1107 proventus
1644 1077 1694 1100 ec-

963 1118 1161 1150 clesiasticos
1193 1122 1375 1150 reservatos
1401 1121 1431 1149 et
1455 1118 1667 1150 reservandos
1683 1145 1691 1159 ‚

963 1169 1127 1212 quibusvis
1153 1169 1309 1212 personis,
1329 1169 1556 1212 cuiuscumque
1578 1175 1691 1211 status,

961 1223 1090 1264 gradus,
1118 1223 1260 1262 ordinis,
1286 1222 1560 1264 praeeminentiae
1591 1228 1623 1255 et
1647 1223 1693 1255 di·

961 1275 1089 1316 guitatis
1115 1274 1333 1314 existentibus,
1353 1274 1449 1306 etiam
1474 1272 1691 1308 cardinalatus

961 1328 1088 1360 honore
1114 1327 1330 1370 fulgentibus,
1358 1338 1414 1359 scu
1439 1326 1517 1360 alias
1544 1327 1692 1370 specifica

961 1385 991 1412 et
1005 1380 1168 1413 individua
1182 1380 1343 1413 mentione
1360 1379 1473 1422 dignis,
1492 1379 1589 1412 etiam
1602 1386 1689 1413 motu

960 1433 1093 1475 proprio
1111 1444 1145 1465 ac
1163 1433 1201 1466 de
1220 1433 1416 1475 apostolicae
1433 1433 1600 1475 potestatis
1620 1434 1690 1476 ple-

960 1485 1126 1524 nitudine,
1153 1496 1188 1518 ac
1212 1496 1283 1517 cum
1319 1485 1486 1528 quibusvis
1518 1486 1686 1527 clausulis,

959 1538 1222 1579 derogationibus
1241 1543 1271 1570 et
1289 1538 1434 1577 decretis,
1449 1548 1508 1580 per
1521 1549 1690 1581 quoscum-

959 1601 1018 1632 que
1041 1591 1202 1622 Romanos
1228 1590 1398 1623 Pontifices
1422 1591 1688 1633 praedecessores

959 1648 1086 1675 nostros
1105 1654 1139 1674 ac
1157 1643 1252 1675 etiam
1266 1653 1324 1685 per
1341 1652 1399 1674 nos
1417 1648 1448 1674 et
1464 1642 1578 1675 Sedem
1597 1654 1690 1685 prae-

959 1694 1075 1727 dictam
1101 1695 1256 1727 hactenus
1283 1694 1528 1737 quomodolibet
1557 1706 1689 1729 conces-

959 1757 1076 1785 sorum,
1092 1748 1332 1790 litterarumque
1348 1748 1609 1790 apostolicarum,
1625 1754 1687 1781 tam

958 1799 1014 1830 sub
1040 1799 1170 1841 plumbo
1191 1810 1284 1841 quam
1311 1799 1343 1831 in
1368 1799 1462 1832 simili
1489 1800 1591 1833 forma
1611 1802 1688 1834 Bre-

959 1851 1024 1890 ris,
1062 1852 1249 1884 cedularum
1284 1852 1516 1895 motusproprii
1550 1853 1688 1896 desuper

958 1905 1188 1946 expeditarum,
1215 1910 1248 1936 et
1272 1904 1567 1947 chirographorum
1582 1906 1689 1938 euius-

958 1958 1001 1989 vis
1026 1957 1159 1990 Romani
1184 1957 1347 1989 Pontificis
1373 1968 1468 1989 manu
1490 1958 1689 2001 subscripto-

957 2019 1026 2040 rum
1062 2014 1190 2042 tenores
1216 2009 1312 2042 etiam
1338 2010 1481 2041 veriores
1511 2015 1542 2042 et
1576 2011 1686 2051 dam,

958 2062 1083 2104 aliaque
1110 2062 1216 2094 omnia
1241 2066 1273 2094 et
1297 2062 1423 2104 singula
1445 2062 1541 2094 etiam
1563 2065 1689 2106 specia-

958 2115 1020 2147 lem
1039 2120 1070 2147 et
1088 2114 1285 2147 individuam
1301 2114 1499 2147 mentionem
1514 2120 1545 2148 et
1563 2126 1689 2159 expres-

958 2168 1082 2200 sionem
1100 2167 1306 2210 requirentia,
1325 2168 1548 2210 praesentibus
1565 2170 1689 2212 pariter

959 2231 1016 2263 pro
1053 2221 1148 2262 plene
1185 2225 1216 2252 et
1241 2219 1434 2252 sufficienter
1465 2223 1627 2263 expressis
1656 2227 1689 2256 et

958 2272 1087 2305 insertis
1111 2283 1146 2304 ae
1171 2272 1373 2305 exactissime
1399 2277 1431 2306 et
1451 2274 1687 2308 accuratissime

957 2325 1146 2367 specificatis
1172 2325 1338 2365 habentes,
1358 2331 1444 2358 motu
1462 2327 1606 2369 proprio,
1623 2338 1688 2360 non

957 2377 996 2409 ad
1022 2377 1208 2420 cuiusquam
1233 2377 1328 2410 nobis
1353 2388 1449 2421 super
1474 2379 1536 2412 hoc
1560 2380 1687 2412 oblatae

956 2429 1120 2472 petitionis
1138 2429 1335 2471 instantiam,
1353 2431 1409 2464 sed
1429 2441 1466 2464 ex
1484 2434 1571 2464 certa
1588 2433 1688 2466 scien-

956 2483 998 2515 tia
1022 2487 1053 2516 et
1077 2485 1200 2517 matura
1224 2483 1459 2517 deliberatione
1485 2485 1611 2526 nostris,
1632 2486 1687 2520 de·

1713 127 1761 154 An.
1784 127 1813 154 e.
1835 128 1898 156 1073
1932 117 1934 126 ’

1713 370 1746 389 11111
