2111 3157
35 198 92 241 lin.
107 211 136 240 c.
156 211 225 240 168⁴
255 213 258 214 ⁷

206 263 207 266 ’
225 260 299 294 dine
316 261 480 304 praedicto
497 258 715 308 reperiantur.
733 261 836 301 Quare
856 263 957 295 dictus

223 319 418 358 procurator
431 315 591 357 generalis
601 315 695 348 nobis
710 315 875 348 humiliter
887 326 957 358 sup-

222 367 337 411 plicari
363 368 437 401 fecit
460 373 496 401 ut
518 368 549 400 in
574 368 759 411 praemissis
778 374 956 411 opportune

222 420 392 464 providere
404 426 436 454 et
446 426 481 453 ut
492 421 573 454 infra
584 421 751 463 indulgere
763 422 802 454 de
813 420 957 463 benigni-

223 477 288 506 tate
314 474 493 517 apostolica
522 473 741 516 dignaremur.
765 472 828 505 Nos
847 473 953 515 igitur,

222 525 323 568 ipsius
350 526 568 569 procuratoris
601 525 763 567 generalis
789 525 870 557 votis
895 525 955 557 hac

221 577 255 611 in
273 588 317 618 re,
341 583 496 622 quantum
517 588 590 611 cum
611 578 746 610 Domino
769 587 952 620 possumus,

222 630 439 664 favorabiliter
463 640 605 663 annuere
628 631 784 670 volentes,
811 641 952 673 eumque

221 692 238 714 a
255 682 422 726 quibusvis
443 682 798 722 excommunicationis,
819 693 954 725 suspen-

220 734 322 768 sionis
347 739 380 768 et
395 734 570 774 interdicti,
595 734 732 777 aliisque
757 734 953 767 ecclesiasti-

220 787 267 821 cis
291 787 477 827 sententiis,
494 787 638 819 censuris
658 792 690 820 et
703 787 832 829 poenis,
849 797 865 819 a
882 787 951 820 iure

218 840 269 872 vel
283 840 322 873 ab
336 839 476 879 homine,
489 840 601 883 quavis
611 840 782 873 occasione
794 841 844 873 vel
858 842 952 872 causa

200 892 302 932 datis,
322 892 348 926 si
369 892 487 935 quibus
508 893 757 936 quomodolibet
775 893 952 925 innodatus

219 944 337 986 existit,
359 946 398 978 ad
420 945 570 979 effectum
587 946 807 988 praesentium
833 946 952 978 dumta-

218 1003 305 1032 taxat
327 999 615 1042 consequendum,
643 999 757 1032 harum
787 999 871 1032 serie
898 999 952 1031 ab-

219 1052 384 1085 solventes
414 1057 445 1084 et
469 1052 654 1085 absolutum
678 1053 745 1084 lore
767 1057 950 1092 censentes,

219 1104 404 1140 huiusmodi
422 1105 718 1148 supplicationibus
735 1105 899 1144 inclinati,
914 1105 951 1138 de

219 1158 450 1191 nonnullorum
475 1168 511 1190 ex
539 1157 777 1191 venerabilibus
803 1158 952 1190 fratribus

219 1210 250 1244 S.
278 1211 316 1244 R.
341 1210 376 1243 E.
404 1210 622 1244 cardinalibus
656 1211 695 1244 ad
720 1211 952 1253 suprascriptas

219 1273 334 1306 preces
360 1264 588 1297 examinandas
612 1264 795 1306 specialiter
820 1264 954 1306 deputa-

219 1320 326 1348 torum
351 1316 499 1353 consilio,
519 1321 553 1348 ut
578 1316 609 1348 in
628 1322 792 1358 posterum
818 1316 850 1349 in
868 1327 954 1359 prae-

218 1368 281 1401 sa‘ta
305 1368 471 1411 provincia
483 1368 514 1401 S.
530 1369 833 1401 lacobialternativa
858 1380 954 1412 supra

218 1427 346 1455 narrata
376 1421 517 1456 fideliter
549 1423 754 1461 observetur,
783 1423 862 1455 itaut
889 1433 953 1456 uno

218 1474 359 1508 triennio
400 1475 547 1508 minister
580 1475 787 1519 provincialis
824 1481 855 1509 et
891 1476 953 1508 duo

220 1526 408 1561 definitores
426 1527 588 1569 eligantur
607 1539 644 1560 ex
662 1528 813 1561 fratribus
831 1528 955 1561 Gallae-

220 1579 285 1620 cis,
310 1585 416 1613 custos
449 1585 481 1613 et
513 1580 567 1613 alii
601 1581 664 1613 duo
703 1580 888 1613 definitores
917 1591 953 1613 ex

221 1631 308 1672 aliis;
334 1633 436 1665 altero
469 1643 545 1665 vero
577 1633 787 1676 subsequenti
815 1633 954 1665 triennio

223 1695 240 1718 e
261 1695 419 1718 converso
443 1685 592 1718 minister
617 1686 825 1728 provincialis
852 1692 882 1718 et
906 1697 955 1718 cu-

222 1743 290 1771 stos
315 1737 493 1780 eligantur;
522 1738 750 1780 guardianatus
775 1744 881 1771 autem
899 1750 956 1781 per

221 1796 331 1834 partes
356 1792 509 1833 aequales
530 1791 614 1824 inter
634 1791 799 1825 Gallaecos
821 1803 857 1824 ex
883 1795 956 1830 una,

223 1849 255 1877 et
278 1844 358 1877 alios
384 1854 420 1876 ex
446 1845 547 1877 altera
570 1845 735 1887 partibus,
763 1845 795 1877 in
821 1845 956 1887 singulis

223 1896 372 1939 capitulis
390 1901 422 1929 et
443 1896 751 1938 congregationibus
770 1897 873 1929 dictae
888 1908 958 1940 pro-

224 1948 359 1988 vinciae,
387 1954 485 1992 prout
502 1949 598 1981 etiam
623 1951 811 1989 lectomtus,
832 1949 957 1993 aliaque

225 2001 339 2042 officia,
363 2002 477 2035 eadem
502 2002 636 2035 omnino
660 2004 808 2045 paritate,
834 2006 959 2037 servata

226 2060 333 2089 tamen
357 2066 485 2098 semper
508 2056 682 2088 canonicae
708 2057 878 2090 electionis
896 2057 960 2089 sor-

225 2109 286 2148 ma,
306 2107 550 2148 distribuantur,
565 2108 752 2141 auctoritate
770 2109 961 2151 apostolica,

227 2166 340 2194 tenore
365 2160 600 2204 praesentium,
625 2162 792 2195 statuimus
818 2168 849 2195 et
873 2173 962 2195 man-

228 2213 351 2247 damus.
371 2213 555 2246 Mandantes
574 2219 745 2256 propterea
770 2220 801 2247 et
819 2215 962 2248 districte

228 2266 466 2310 praecipientes
492 2267 640 2299 omnibus
665 2267 830 2300 modernis
849 2273 880 2300 et
903 2278 962 2310 pro

229 2324 378 2363 tempore
417 2319 630 2352 existentibus
673 2319 894 2362 superioribus
934 2326 965 2353 et

230 2372 460 2406 commissariis
478 2372 698 2406 visitatoribus
715 2374 877 2416 praefatae
891 2385 965 2418 pro-

229 2425 364 2465 vinciae,
382 2431 417 2458 ut
435 2426 634 2469 praedictam
659 2426 880 2459 alternativam
897 2437 965 2460 exe-

232 2478 355 2511 cutioni
387 2478 599 2518 demandent,
626 2484 657 2511 et
681 2479 720 2511 ab
746 2478 795 2517 iis,
821 2480 860 2512 ad
885 2490 963 2522 quos

233 2535 357 2574 spectat
379 2536 411 2564 et
426 2541 486 2574 pro
507 2536 654 2575 tempore
671 2531 838 2574 spectabit,
860 2532 965 2565 obser-

233 2583 300 2617 vari
324 2583 450 2624 faciant,
469 2584 527 2617 sub
552 2584 669 2628 poenis
693 2584 883 2628 privationis
901 2585 965 2619 offi-

814 214 1023 238 INNOCENTlUS
1045 215 1075 238 XI
1101 215 1150 239 PP·

999 263 1130 303 ciorum,
1156 274 1193 296 ac
1218 264 1302 296 vocis
1323 263 1442 296 activae
1468 268 1500 296 et
1524 264 1681 306 passivae,
1702 268 1733 296 et

999 321 1176 359 perpetuae
1201 316 1426 356 inhabilitatis,
1453 326 1580 348 necnon
1604 316 1733 348 nullita-

1000 368 1037 400 tis
1062 369 1204 400 omnium
1230 374 1355 401 actuum
1384 369 1623 412 capitularium,
1650 380 1729 411 quos

998 426 1106 453 contra
1118 422 1292 464 praefatam
1311 421 1557 464 dispositionem
1575 421 1645 454 sieri
1659 432 1732 454 con-

998 473 1118 514 tigerit,
1145 474 1280 517 aliisque
1306 474 1441 507 arbitrio
1458 475 1650 507 venerabilis
1668 475 1731 507 sra-

997 526 1053 557 tris
1088 526 1238 558 Alderani
1277 527 1420 570 episcopi
1455 527 1625 560 Tusculani
1661 527 1729 560 eius

996 577 1026 610 S.
1044 578 1080 610 R.
1099 578 1133 611 E.
1150 579 1322 612 cardinalis
1348 580 1424 623 Cybi
1450 581 1637 623 nuncupati,
1663 591 1730 613 mo-

996 631 1088 662 derni
1124 636 1155 664 et
1190 642 1248 674 pro
1283 636 1428 674 tempore
1462 633 1626 665 existentis
1652 633 1728 666 dieti

995 682 1122 715 Ordinis
1154 684 1236 726 apud
1268 694 1326 716 nos
1356 690 1388 717 et
1419 684 1535 717 Sedem
1566 685 1730 728 Apostoli-

995 746 1063 767 cam
1087 737 1293 778 protectoris,
1321 737 1472 769 adversus
1494 738 1730 771 contrafacien-

996 794 1041 820 tes
1067 792 1098 820 et
1122 789 1376 822 contradictores
1394 790 1590 832 infligendis.
1615 790 1657 822 Ac
1675 791 1729 823 de-

993 847 1163 874 cernentes
1179 841 1266 883 ipsas
1291 848 1480 884 praesentes
1498 843 1620 874 litteras
1646 853 1727 875 sem-

993 904 1050 936 per
1083 893 1212 932 sirmas,
1249 894 1370 926 validas
1411 899 1442 927 ct
1479 894 1626 927 efficaces
1663 895 1729 928 exi-

993 953 1076 980 stere
1102 953 1132 980 et
1157 948 1242 987 sore,
1269 958 1406 991 suosque
1432 949 1597 991 plenarios
1630 954 1662 981 et
1686 949 1730 981 in-

994 1006 1100 1043 tegros
1133 1000 1263 1033 enectus
1294 1001 1400 1033 sortiri
1434 1006 1466 1034 et
1496 1002 1668 1042 obtinere,
1693 1012 1729 1034 ac

994 1054 1079 1094 illis,
1118 1054 1158 1086 ad
1194 1064 1274 1096 quos
1323 1060 1447 1097 spectat
1482 1060 1514 1087 et
1552 1065 1611 1098 pro
1642 1060 1726 1089 tem.-

994 1117 1072 1149 pore
1098 1106 1274 1149 spectabit,
1303 1107 1335 1139 in
1363 1106 1514 1139 omnibus
1544 1112 1576 1140 et
1605 1118 1664 1151 per
1695 1117 1729 1140 o-

993 1158 1077 1191 mnia
1102 1159 1290 1202 plenissime
1330 1158 1518 1201 suffragari,
1559 1160 1670 1202 sicque
1695 1159 1728 1192 in

994 1213 1026 1244 in
1053 1212 1240 1255 praemissis
1273 1222 1331 1255 per
1359 1222 1579 1255 quoscumque
1608 1212 1730 1245 iudices

994 1266 1175 1301 ordinarios
1209 1271 1240 1298 et
1274 1266 1459 1307 denegato&
1490 1266 1587 1298 etiam
1619 1277 1730 1299 causa-

995 1329 1065 1351 rum
1096 1318 1207 1360 palatii
1239 1317 1407 1360 apostolici
1440 1317 1622 1357 auditores,
1649 1318 1731 1351 iudi-

996 1370 1060 1402 cari
1092 1375 1123 1402 et
1157 1369 1284 1402 definiri
1317 1370 1454 1409 debere,
1488 1380 1524 1402 ac
1549 1370 1675 1402 irritum
1700 1376 1732 1403 et

995 1423 1091 1455 inane
1116 1422 1142 1454 si
1177 1433 1268 1455 secus
1294 1432 1392 1466 super
1421 1422 1472 1455 his
1503 1434 1519 1454 a
1551 1432 1729 1466 quoquam,

996 1475 1105 1518 quavis
1132 1475 1329 1513 auctoritate,
1355 1475 1495 1508 scienter
1512 1477 1560 1508 vel
1581 1475 1732 1517 ignoran-

997 1533 1053 1567 ter,
1079 1528 1254 1570 contigerit
1288 1528 1451 1560 attentari.
1479 1527 1547 1560 Non
1574 1527 1732 1560 obstanti-

997 1581 1055 1613 bus
1082 1581 1291 1623 praemissis,
1317 1591 1352 1612 ac
1385 1579 1673 1612 constitutionibus
1701 1584 1733 1612 et

997 1632 1254 1665 ordinationibus
1281 1632 1479 1675 apostolicis⁷
1500 1642 1560 1664 nec
1577 1642 1641 1664 non
1660 1642 1734 1675 pro-

998 1685 1121 1718 vinciae
1150 1690 1182 1718 et
1212 1685 1342 1717 Ordinis
1359 1685 1600 1727 praefatorum,
1635 1684 1732 1718 etiam

998 1738 1200 1777 iuramento,
1239 1737 1487 1770 confirmatione
1529 1737 1708 1780 apostolica
1725 1764 1732 1776 ,

1000 1792 1048 1823 vel
1075 1791 1184 1833 quavis
1210 1790 1360 1822 firmitate
1385 1790 1447 1822 alia
1471 1789 1647 1829 roboratis,
1673 1794 1735 1822 sta-

1000 1844 1074 1875 tutis
1091 1848 1121 1876 et
1145 1843 1445 1882 consuetudinibus,
1463 1842 1642 1885 privilegiis
1661 1852 1735 1885 quo·

1000 1908 1081 1939 que,
1110 1896 1246 1929 indultis
1277 1902 1307 1928 ct
1343 1896 1459 1929 litteris
1490 1895 1680 1939 apostolicis
1701 1896 1734 1928 in

1000 1948 1198 1981 contrarium
1217 1948 1469 1991 praemissorum
1487 1947 1736 1991 quomodolibet

1001 2002 1174 2039 concessis,
1192 2001 1389 2034 confirmatis
1406 2006 1438 2033 et
1461 2001 1639 2041 innovatis',
1666 2001 1737 2044 qui-

1000 2055 1059 2087 bus
1084 2055 1234 2087 omnibus
1261 2060 1293 2086 et
1315 2054 1466 2096 singulis,
1491 2054 1622 2087 illorum
1646 2059 1737 2086 teno-

1003 2118 1055 2141 res
1084 2106 1310 2150 praesentibus
1327 2117 1387 2149 pro
1405 2108 1502 2149 plene
1527 2113 1558 2140 et
1575 2107 1736 2140 sufficien-

1005 2167 1053 2193 ter
1073 2160 1235 2202 expressis
1261 2169 1297 2191 ac
1320 2159 1453 2191 insertis
1478 2159 1652 2199 habentes,
1672 2159 1736 2193 illis

1004 2213 1082 2246 alias
1118 2213 1149 2245 in
1189 2223 1246 2245 suo
1282 2214 1401 2244 robore
1435 2212 1670 2255 permansuris,
1697 2208 1736 2245 ad

1005 2267 1257 2310 praemissorum
1275 2265 1435 2304 effectum,
1453 2266 1513 2298 hac
1527 2265 1594 2298 vice
1612 2266 1738 2298 dumta-

1006 2324 1065 2358 xat,
1084 2318 1270 2361 specialiter
1299 2324 1330 2351 et
1353 2328 1505 2361 expresse
1531 2318 1736 2360 derogamus,

1006 2372 1185 2413 ceterisque
1211 2371 1381 2404 contrariis
1402 2371 1668 2414 quibuscumque.

1041 2433 1100 2460 Dat.
1113 2433 1222 2464 Romae,
1232 2432 1303 2466 apud
1313 2432 1339 2458 S.
1350 2433 1473 2466 Petrum,
1485 2432 1535 2459 sub
1546 2432 1644 2459 annulo
1655 2432 1740 2459 Pisca-

1005 2479 1082 2512 toris,
1098 2478 1141 2504 die
1156 2484 1173 2503 u
1190 2477 1251 2503 maii
1267 2483 1411 2511 uoctxxxi,
1432 2481 1506 2511 pont.
1527 2477 1611 2503 nostri
1627 2484 1697 2504 anno
1713 2484 1738 2503 v.

1049 2532 1064 2575 ἓ
1088 2531 1118 2564 2.
1146 2531 1222 2564 Cum
1249 2536 1366 2570 autem,
1393 2530 1476 2563 sicut
1501 2531 1636 2564 dilectus
1653 2530 1736 2563 filius
1776 2536 1843 2565 Causa
1868 2535 1931 2555 τών·

1749 2564 1844 2582 muttonis
1870 2563 1931 2582 aller·

1006 2586 1118 2619 Petrus
1143 2584 1282 2616 Marinus
1307 2583 1481 2617 Sormanus
1512 2583 1660 2616 minister
1683 2593 1737 2625 ge·
1748 2588 1841 2611 nestrae·

1632 205 1695 239 583
1739 214 1792 241 An.
1813 214 1840 241 c.
1860 214 1924 240 test
