2111 3157
19 211 71 255 aa.
85 213 115 254 ἁ.
137 224 203 253 1688

208 273 393 308 instantiam
419 281 450 307 et
474 275 748 317 importunitatem
766 274 938 306 monacho-

182 353 186 357 .
207 336 298 366 rum,
325 327 394 359 sine
429 327 563 370 speciali
595 327 822 360 commissione
846 332 877 359 et
901 326 937 359 li-

206 379 312 411 centia
335 380 465 422 capituli
492 380 652 422 generalis
684 381 732 412 vel
768 379 935 411 reverendi

204 431 320 473 patris:
337 431 398 464 nisi
414 434 623 464 talemcasum
638 432 829 471 invenirent,
848 432 933 473 quod

203 484 371 516 manil'este
396 485 579 518 immineret
607 495 758 526 magnum
783 484 932 516 damnum

202 536 329 575 domus,
353 538 400 569 vel
426 537 610 569 scandalum
636 536 773 575 Ordinis,
792 536 818 568 si
843 537 934 568 abso-

200 588 281 621 lutio
318 589 504 621 huiusmodi
541 588 720 621 differretur
753 599 856 630 usque
892 589 930 620 ad

200 640 376 683 capitulum
416 642 579 683 generale.
619 641 784 673 Monernus
825 645 929 673 tamen

198 692 391 733 visitatoreS,
410 704 449 725 ne
478 693 569 725 facile
594 693 781 725 scandalum
806 698 859 724 aut
876 703 931 734 pe-

198 745 337 778 riculum
361 756 510 787 magnum
527 745 669 778 iudicent
687 745 868 777 imminere.

240 807 308 830 va.
333 798 363 830 Si
389 799 474 830 enim
491 798 671 830 iudicantes
690 797 856 830 imminere
875 808 929 840 pe-

197 849 344 889 riculum,
370 852 513 893 priorem
538 850 680 893 aliquem
704 850 926 889 absolverint,

197 908 228 935 et
251 909 363 946 postea
386 904 556 946 probatum
583 903 678 935 suerit
703 903 788 945 quod
806 903 927 935 nullum

195 964 293 997 grave
319 956 496 998 periculum
528 956 722 994 immineret,
756 956 860 987 sciant
895 965 927 987 se

195 1013 357 1051 tamquam
385 1008 573 1041 temerarios
606 1008 731 1041 iudices
760 1008 929 1040 absolven-

195 1061 263 1101 dos,
281 1066 313 1093 et
325 1061 431 1093 omnia
446 1071 503 1104 per
516 1071 572 1093 eos
587 1061 668 1093 sacta
682 1060 837 1092 irritanda
851 1060 926 1092 etin

194 1114 364 1156 pristinum
390 1119 503 1146 statum
530 1114 724 1146 reducenda.
747 1113 788 1144 Ex
808 1112 868 1145 levi
889 1113 928 1145 si-

195 1167 325 1209 quidem
340 1172 372 1199 et
389 1167 548 1209 frequenti
565 1167 709 1209 priorum
722 1166 926 1198 absolutione

195 1220 308 1252 domus
342 1219 470 1252 Ordinis
503 1219 690 1252 notabiliter
720 1218 872 1251 deficiunt
896 1225 928 1251 et

193 1271 343 1304 monachi
361 1278 474 1304 contra
488 1282 564 1304 suos
579 1272 704 1314 priores
718 1270 925 1303 insolescunt.

193 1323 325 1362 Quando
350 1329 458 1355 autem
486 1324 539 1356 tali
565 1323 674 1366 aliquo
700 1333 775 1355 casu
801 1322 926 1355 contin-

193 1381 290 1418 gente
314 1376 456 1418 priorem
483 1375 700 1413 absolverint,
726 1375 867 1406 scribant
893 1374 927 1405 li-

193 1426 313 1461 deliter
345 1428 570 1461 definitoribus
601 1427 732 1470 capituli
764 1428 925 1469 generalis

193 1482 242 1513 vel
260 1481 437 1513 reverendo
466 1480 548 1523 patri
575 1491 686 1513 causas
711 1479 926 1513 absolutionis

192 1544 249 1566 seu
267 1534 481 1577 depositionis
503 1533 658 1566 inventas.

235 1596 316 1619 Χινι.
341 1586 507 1619 Neminem
534 1586 629 1618 etiam
663 1586 840 1627 absolvant,
865 1587 924 1619 nisi

193 1642 317 1672 servatii
336 1640 435 1671 fornia
452 1640 531 1671 iuris
553 1639 669 1678 debita,
688 1639 812 1672 scilicet
828 1639 926 1682 inqui-

194 1691 310 1724 sitione
342 1692 566 1734 praecedente,
593 1697 624 1724 et
639 1692 747 1724 audita
771 1697 870 1734 parte,
897 1697 929 1723 et

194 1745 322 1778 nonnisi
346 1744 380 1776 in
405 1750 476 1777 actu
502 1744 706 1777 visitationis.

237 1807 333 1831 XLvu.
356 1797 443 1830 Alios
469 1803 575 1829 autem
605 1798 759 1830 officiales
785 1798 845 1840 (a),
875 1797 928 1840 qui

195 1850 419 1894 principaliter
437 1851 586 1883 domibus
601 1861 666 1882 uon
688 1856 852 1893 praesunt,
872 1852 928 1883 sed

195 1904 266 1937 aliis
291 1903 480 1946 simpliciter
506 1910 580 1935 sunt
605 1903 801 1936 obedientiis
827 1904 929 1946 depu-

196 1956 274 1997 tati,
305 1962 459 2000 poterunt
491 1957 674 1989 visitatores
707 1956 930 1989 indifferenter

196 2010 376 2043 absolvere.

241 2072 351 2096 vaut.
378 2062 476 2095 Porro
511 2063 638 2106 priores
667 2064 715 2095 vel
741 2063 839 2096 ceteri
865 2063 932 2095 offi-

198 2115 304 2156 ciales,
330 2126 411 2158 quos
433 2115 614 2148 visitatores
639 2116 819 2155 absolvunt,
840 2117 930 2148 nullo

198 2168 296 2201 modo
327 2173 526 2211 reponantur
556 2168 587 2199 in
617 2168 683 2200 suis
714 2167 929 2208 obedientiis,

200 2221 271 2254 sine
295 2221 424 2254 licentia
459 2220 590 2263 capituli
617 2220 777 2263 generalis
807 2221 856 2253 vel
881 2231 932 2253 re-

201 2273 333 2307 verendi
359 2273 469 2316 patris.

246 2337 327 2360 xux.
346 2326 457 2359 Nullus
476 2325 596 2368 pariter
612 2325 843 2357 monachorum
860 2324 934 2358 Car-

204 2380 341 2420 thusiae,
368 2390 426 2422 per
450 2378 624 2421 capitulum
645 2383 700 2409 aut
723 2378 933 2410 reverendum

204 2437 329 2476 patrem
360 2431 506 2464 visitator
534 2431 584 2463 vel
615 2429 852 2462 commissarius
881 2430 936 2463 de-

204 2490 357 2530 putatus,
390 2484 529 2526 aliquem
563 2494 580 2515 a
616 2482 759 2525 prioratu
793 2483 938 2516 absolvat

241 2558 269 2588 a)
289 2554 354 2582 Vide
374 2562 449 2581 num.
469 2560 494 2580 vt
514 2561 573 2587 cap.
597 2559 625 2578 lu
641 2552 712 2579 circa
730 2552 935 2587 institutionem,

207 2599 323 2640 {tilium
341 2608 399 2635 eum
415 2597 550 2635 praesenti
565 2597 707 2636 concorda,
791 2595 794 2598 ’
817 2592 824 2596 ”

758 212 761 214 ’
786 226 999 250 ‘ffiNOCffi'HUS
1022 227 1052 250 xx
1078 216 1124 249 ντί

1338 250 1349 264 Α
1607 216 1670 249 869

980 273 1048 306 sine
1066 273 1199 316 speciali
1224 284 1462 313 commissione,
1480 277 1534 306 aut
1550 272 1619 305 sine
1637 282 1712 304 con-

979 326 1150 358 sultatione
1172 325 1246 358 dicti
1271 326 1439 358 reverendi
1464 325 1576 368 patris.

1022 387 1051 410 L.
1070 378 1233 410 Universis
1250 383 1281 410 et
1297 378 1430 419 singulis
1444 388 1524 420 quae
1545 376 1708 409 hincinde

977 430 1137 462 audierint
1149 430 1330 462 visitatores
1344 431 1451 462 debita
1465 441 1536 462 cum
1550 429 1709 463 delibera-

978 482 1064 514 tione
1081 483 1238 524 pensatis,
1264 482 1325 524 ipsi
1344 482 1439 515 linem
1458 482 1635 525 legitimum
1651 485 1708 516 sua

975 535 1135 567 sententia
1159 535 1375 577 imponentes,
1395 536 1476 567 sicut
1496 546 1533 568 ea
1558 535 1708 568 decreve-

975 592 1059 625 runt,
1080 586 1231 627 scribant,
1250 592 1281 619 et
1305 587 1511 619 considerata
1533 587 1707 629 diligenter

973 640 1061 670 carta
1078 638 1268 670 visitationis
1295 639 1529 681 praecedentis,
1548 640 1706 682 quidquid

973 690 1003 722 in
1036 692 1072 723 ea
1105 691 1287 724 invenerint
1311 692 1543 725 observandum
1560 719 1567 732 ,
1594 692 1625 724 in
1650 695 1706 724 sua

971 749 1148 786 apponant,
1171 749 1201 776 et
1222 745 1418 786 praecedens
1435 751 1520 777 carta
1545 745 1702 777 deleatur.

1014 806 1055 828 Li.
1094 796 1218 836 Porro,
1246 797 1279 828 in
1315 799 1401 829 carta
1437 800 1492 829 sua
1523 797 1703 830 visitatores

971 859 1036 880 non
1061 848 1204 881 inserant
1225 849 1340 881 nimias
1365 850 1475 882 laudes
1492 876 1499 890 ,
1526 860 1586 882 nec
1610 861 1704 892 aspe-

971 901 1072 933 riores
1097 901 1384 944 reprehensiones,
1406 902 1461 934 sed
1487 912 1599 945 puram
1623 902 1706 934 veri-

973 959 1067 986 tatem
1092 953 1292 996 simplicibus
1317 954 1435 986 verbis.
1461 954 1525 987 Nec
1550 965 1629 997 quae
1655 965 1706 987 or-

971 1006 1150 1039 dinaverint
1174 1006 1319 1049 priorum
1336 1006 1468 1040 arbitrio
1489 1008 1701 1047 committant,

971 1068 1029 1090 nec
1049 1059 1143 1091 etiam
1170 1058 1358 1102 dispensent
1382 1059 1413 1091 in
1439 1059 1566 1092 casibus
1583 1060 1614 1092 in
1632 1059 1703 1102 qui-

970 1111 1028 1143 bus
1044 1117 1151 1155 potest
1168 1112 1327 1154 expectari
1353 1112 1538 1155 capitulum,
1556 1119 1609 1145 aut
1627 1123 1703 1145 con-

970 1165 1030 1197 suli
1055 1165 1251 1198 reverendus
1276 1171 1378 1208 pater.

1013 1227 1067 1250 Lu.
1095 1217 1170 1250 Post
1194 1218 1274 1250 baec
1299 1218 1331 1250 in
1356 1218 1498 1261 capitulo
1527 1218 1703 1251 monacho-

970 1281 1052 1310 rum,
1072 1282 1152 1314 quae
1177 1271 1217 1303 ad
1241 1272 1436 1312 monachos,
1457 1282 1538 1314 quae
1564 1282 1638 1304 vero
1662 1271 1702 1304 ad

970 1322 1066 1355 laicos
1087 1324 1261 1365 pertinent,
1279 1335 1386 1357 coram
1405 1324 1483 1367 ipsis
1502 1325 1534 1356 in
1560 1325 1632 1357 loco
1650 1334 1702 1356 so-

970 1375 1030 1407 lico
1056 1375 1200 1415 recitent,
1218 1376 1348 1419 suisque
1370 1376 1485 1419 sigillis
1512 1376 1616 1419 parvis
1634 1387 1702 1408 mu-

969 1428 1078 1460 niant:
1115 1434 1298 1471 cartamque
1328 1429 1431 1471 ipsam
1468 1429 1576 1462 omnia
1601 1428 1704 1461 conti·-

970 1486 1099 1513 nentem
1117 1481 1245 1513 tradant
1269 1482 1513 1515 custodiendam
1534 1482 1634 1525 priori
1653 1483 1702 1514 vel

969 1533 1099 1566 vicario:
1119 1534 1338 1574 observantes,
1355 1546 1393 1567 ne
1409 1545 1536 1578 poenas,
1553 1545 1631 1578 quas
1645 1544 1702 1577 pro

969 1586 1163 1628 quibusdam
1181 1587 1366 1620 excessibus
1384 1588 1562 1630 capitulum
1579 1588 1703 1619 censuit

970 1639 1162 1681 infligendas
1175 1665 1182 1678 ,
1201 1639 1260 1671 nisi
1287 1640 1369 1672 ratio
1389 1650 1508 1682 urgens
1524 1646 1554 1673 et
1572 1640 1703 1672 evidens

970 1692 1089 1724 utilitas
1114 1691 1325 1734 flagitaverit,
1350 1698 1508 1725 attentent
1542 1693 1701 1725 ullatenus

972 1745 1163 1784 immutare;
1183 1745 1284 1788 ipsius
1310 1756 1384 1778 vcro
1409 1751 1537 1785 cartae,
1559 1755 1641 1788 quae
1664 1745 1703 1778 ad

972 1798 1148 1830 monachos
1175 1798 1347 1840 pertinent,
1374 1798 1404 1829 in
1431 1797 1572 1840 capitulo
1597 1808 1705 1829 mona-

972 1850 1118 1889 chorum,
1132 1860 1213 1892 qnae
1232 1850 1270 1882 ad
1289 1849 1399 1888 laicos,
1415 1849 1445 1881 in
1460 1849 1603 1892 capitulo
1622 1849 1704 1892 ipso-

972 1912 1040 1934 rum
1066 1900 1202 1943 singulis
1231 1901 1322 1933 annis
1347 1901 1378 1933 in
1406 1902 1486 1934 sesto
1514 1902 1545 1934 S.
1573 1902 1703 1934 loannis

972 1953 1187 1995 evangelistae
1222 1958 1253 1986 et
1285 1953 1364 1986 seria
1396 1954 1539 1987 secunda
1562 1954 1703 1987 Paschae

974 2007 1133 2048 legantur.

1016 2069 1084 2091 L111.
1111 2058 1266 2101 Denique,
1286 2060 1368 2091 lecta
1385 2060 1484 2099 cai-ta,
1510 2059 1704 2101 visitatores,

973 2111 1123 2155 quoniam
1148 2112 1180 2144 in
1204 2112 1410 2154 multiloquio
1436 2123 1501 2145 non
1527 2112 1617 2146 deest
1632 2123 1707 2156 pec-

973 2171 1087 2204 catum,
1107 2164 1264 2206 Confiteor
1280 2175 1351 2197 cum
1371 2170 1438 2198 toto
1457 2170 1615 2198 conventu
1637 2176 1707 2209 pro·

974 2217 1064 2250 strati
1089 2218 1211 2256 dicunt,
1228 2222 1259 2250 et
1276 2218 1422 2250 visitator
1442 2218 1578 2251 absolvit
1595 2228 1707 2251 omnes

974 2272 1014 2303 ab
1034 2271 1183 2304 omnibus
1208 2271 1352 2303 censuris
1378 2270 1462 2303 sicut
1487 2272 1518 2303 in
1540 2271 1603 2304 line
1621 2272 1708 2315 capi-

976 2323 1033 2356 tuli
1058 2323 1219 2366 generalis
1244 2323 1363 2356 dictum
1389 2329 1437 2356 est
1461 2323 1544 2356 fieri.

1019 2387 1082 2409 Liv.
1119 2376 1285 2409 Cartaruin
1317 2377 1504 2418 domorum,
1531 2387 1610 2420 quas
1637 2376 1710 2411 visi«

977 2435 1053 2469 tant,
1068 2429 1178 2472 copias
1201 2429 1340 2462 fideliter
1364 2431 1490 2463 clausas
1507 2436 1538 2463 et
1554 2430 1709 2473 sigillatas

977 2481 1166 2525 quamcitius
1190 2487 1343 2525 poterunt
1374 2493 1470 2525 super
1497 2493 1633 2523 annum,
1659 2494 1712 2517 ex-

978 2535 1086 2578 pensis
1111 2535 1279 2568 domortun
1299 2535 1506 2575 visitaturum,
1528 2535 1656 2568 mittant
1673 2536 1711 2568 ad

956 2633 960 2637 ὴ
978 2588 1178 2634 Cartliusiam
1197 2598 1256 2632 per
1273 2588 1381 2635 omnia
1398 2589 1519 2623 similes
1537 2589 1614 2629 iltis,
1633 2599 1712 2631 quas

1717 224 1765 251 An.
1783 224 1811 250 C.
1835 225 1902 253 ¹623
