2111 3157
109 235 159 260 An.
177 234 204 260 C.
230 234 296 261 ¹08ss

342 225 406 258 700

304 283 436 315 bibetur
470 282 621 315 omnibus
654 280 748 313 liuius
773 278 1042 321 Congregatiouis

303 335 468 369 monacbis
493 346 532 368 ue
555 335 591 367 ad
617 333 767 366 Ordinem
794 330 1043 364 Cisterciensem

304 388 591 432 possinttransire,
614 386 742 429 alioque
765 384 947 428 privilegio,
965 383 1044 417 Con-

305 440 485 484 a'rcgationi
510 439 744 471 monachorum
771 438 802 470 S.
830 436 985 469 Bernardi
1010 436 1043 468 in

304 493 457 536 IIIspania
489 503 655 531 concessu,
683 497 714 525 et
745 491 949 524 Fulicnsibus
980 500 1044 522 mo-

303 546 417 579 nachis
441 556 500 589 per
524 546 644 577 Sixtum
672 550 703 577 et
723 545 920 577 Clementem
947 553 1043 586 prae-

304 600 496 632 decessores
517 598 699 642 praedictos
718 597 964 637 communicato,
980 606 1042 640 quo

305 650 400 682 dictis
427 649 597 682 monacbis
622 648 823 691 prohibetur,
842 648 902 680 sub
921 658 1044 680 excom-

302 702 532 735 municationis
550 704 633 735 latae
656 702 834 735 sentcntiae
860 703 974 743 poena,
992 710 1042 738 ne,

305 756 375 788 sine
402 755 578 799 superioris
604 756 766 797 generalis
798 754 897 798 petita
924 758 955 785 ct
979 763 1041 785 non

303 809 435 842 obtenta
454 808 595 846 licentia,
615 818 631 840 e
652 808 850 840 monasterio
869 806 956 840 exire
975 817 1044 849 pos-

303 863 378 902 sint,
404 862 530 895 etiamsi
553 862 590 894 ad
613 872 848 905 quemcumque
874 861 970 893 alium
988 859 1044 892 Or-

304 916 412 948 dinem
429 916 478 947 vel
497 916 615 953 locum,
635 925 691 947 seu
711 915 937 957 quodcumque
955 912 1043 945 aliud

303 968 540 1002 monasterium
567 968 713 1000 ciusdem
743 968 791 999 vel
825 966 957 999 alterius
983 976 1041 998 cu-

302 1022 489 1064 iuscumque
521 1021 650 1053 Ordinis
685 1020 820 1052 transire
855 1019 979 1052 velint..
1007 1019 1045 1051 Et

302 1074 380 1107 licet
416 1075 455 1106 ab
491 1074 550 1106 illo
587 1079 746 1116 tempore,
772 1073 878 1104 divina
916 1072 1042 1104 favente

303 1127 417 1170 gratia,
435 1127 547 1159 eadem
563 1125 778 1168 Congregatio
793 1123 954 1157 Fuliensis
968 1125 1045 1156 mul‘

303 1188 371 1215 tum
396 1182 581 1226 profecerit,
607 1181 814 1225 plurimaque
840 1181 960 1213 habeat
977 1190 1045 1212 rno-

302 1236 446 1269 nasteria
463 1235 495 1268 in
518 1236 635 1278 quibus
652 1234 804 1268 monachi
827 1245 900 1267 cum
921 1235 1044 1273 summa

302 1291 501 1333 populorum
521 1288 744 1321 aedificatione
764 1288 929 1321 Altissimo
947 1288 1045 1320 sarnu-

303 1344 412 1376 lantur
437 1343 468 1375 in
493 1342 621 1384 vigiliis,
648 1341 859 1381 orationibus,
879 1341 1044 1374 abstinen-

303 1397 355 1429 tiis
381 1402 411 1429 et
437 1396 564 1429 ieiuniis
590 1396 708 1436 multis,
728 1395 816 1427 iuxta
841 1395 1042 1437 primaevum

303 1460 380 1483 suae
413 1448 683 1491 Congregationis
718 1448 920 1487 institutum3
961 1447 1044 1479 nihi-

303 1504 445 1537 lominus
471 1502 601 1545 quidam
622 1512 656 1534 ex
674 1501 729 1534 illa
749 1500 899 1533 monachi
919 1500 1045 1543 proles-

304 1557 341 1596 si,
359 1567 422 1600 quo
441 1556 556 1599 spiritu
576 1555 673 1593 ducti,
692 1554 846 1592 nescitur,
872 1558 1042 1597 praetextu

304 1615 410 1643 tamen
437 1609 582 1642 arctioris
608 1609 689 1641 vitae
716 1608 894 1647 ducendae,
917 1607 955 1640 ad
977 1618 1044 1640 mo-

303 1663 480 1696 nasterium
495 1663 530 1695 B.
550 1662 665 1694 Mariae
692 1661 729 1694 cle
755 1662 787 1693 la
815 1662 942 1705 Trappe
965 1671 1043 1693 nun-

305 1722 455 1760 cupatum
493 1716 568 1748 dicti
595 1715 724 1748 Ordinis
749 1714 973 1748 Cisterciensis
991 1714 1043 1746 Sa-

305 1769 460 1812 guntinae
495 1768 679 1807 dioecesis,
705 1778 769 1800 non
804 1768 936 1800 obtenta
968 1777 1043 1800 suo-

303 1832 374 1854 rum
401 1822 607 1865 superiorum
633 1821 773 1861 licentia,
801 1831 835 1853 se
867 1820 1042 1852 transferre

304 1881 456 1917 satagunt
481 1881 512 1908 et
537 1885 606 1907 cum
635 1874 748 1907 effectu
781 1885 815 1906 se
846 1874 1043 1906 transferunt

305 1930 403 1970 (sicut
425 1929 463 1961 de
491 1929 583 1967 sacto,
606 1938 717 1961 mense
743 1927 868 1960 octobri
895 1926 1042 1970 proxime

305 1982 434 2025 elapso¹
453 1983 491 2014 ad
514 1983 577 2015 hoc
605 1982 639 2014 B.
667 1981 783 2014 Mariae
802 1981 841 2013 de
862 1981 893 2013 la
917 1981 1043 2023 Trappe

304 2035 536 2068 monasterium
556 2035 692 2067 dilectus
710 2034 793 2066 silius
811 2034 945 2066 Iacobus
962 2033 1045 2065 lilan-

304 2090 391 2121 clere
425 2089 528 2121 dictus
561 2098 578 2119 a
602 2088 633 2120 S.
660 2087 826 2128 Gabriele,
862 2087 1042 2120 monachus

305 2151 456 2184 expresse
474 2141 640 2184 professus
660 2141 762 2173 dictae
777 2140 1044 2183 Congregationis

304 2195 476 2233 Fanensis,
507 2205 570 2227 non
600 2194 734 2226 obtenta
758 2204 775 2225 a
801 2193 970 2236 superiore¹
996 2204 1045 2235 ge-

305 2248 409 2281 nerali
435 2248 573 2287 licentia,
600 2258 634 2280 se
661 2247 835 2287 transtulit,
860 2245 988 2290 ibique⁹
1006 2247 1043 2279 de

306 2301 473 2344 praesenti
499 2305 699 2344 perseverat,
726 2311 790 2333 non
817 2300 963 2333 obstante
996 2300 1043 2331 sui

308 2354 488 2397 superioris
526 2354 688 2396 generalis
724 2354 888 2393 mandato,
920 2363 982 2395 quo
1016 2353 1043 2385 ci

309 2409 368 2439 sub
410 2407 615 2440 obedientiae
651 2413 826 2451 praecepto
866 2407 1044 2439 iniunctum

308 2461 378 2500 suit,
400 2465 435 2492 ut
460 2460 698 2503 ‹piamprimuin
725 2461 763 2493 ad
789 2470 862 2492 suae
889 2460 1045 2493 stabilita-

310 2514 348 2547 tis
375 2513 605 2546 monasterium
632 2514 776 2557 rediret),
803 2514 887 2557 quod
914 2513 1044 2557 quidem

345 2586 355 2610 1
381 2583 450 2609 Edit.
472 2583 550 2610 Main.
572 2583 636 2617 legit
655 2584 746 2617 clapsi
765 2588 803 2614 (n.
827 2584 876 2615 T.).

343 2628 360 2656 2
380 2628 450 2655 Edit.
470 2627 547 2655 Main.
569 2628 632 2663 legit
651 2629 760 2663 sibique
782 2630 817 2663 (n.
838 2627 886 2663 T.)-

883 230 1063 253 nti*,!„‚xntt'nt
1089 229 1153 252 ROB?
1161 229 1239 252 th'fti

1086 276 1118 308 in
1136 287 1231 318 grave
1249 274 1520 318 Congregationis
1540 274 1569 307 sut
1591 274 1823 318 praeiudicium

1088 334 1117 361 et
1143 329 1280 362 aliorum
1301 329 1499 368 scandalum,
1527 339 1596 360 cuin
1622 327 1738 361 exinde
1762 328 1824 360 sur-

1086 383 1167 416 tivac
1182 383 1397 425 egressiones,
1414 383 1659 422 devastationes,
1675 392 1729 414 seu
1745 382 1825 414 obe-

1086 435 1227 469 dientiae
1249 437 1414 478 neglectus
1433 441 1464 469 et
1483 436 1515 468 in
1533 434 1677 478 regulari
1702 444 1823 478 propo-

1086 489 1148 522 sito
1173 489 1368 522 instabilitas
1387 489 1523 522 maxime
1541 488 1666 531 possint
1691 487 1822 522 exoriri.

1085 542 1186 580 Quare
1226 543 1388 586 praefatus
1428 547 1623 586 procurator
1661 540 1823 584 generalis

1085 596 1179 628 nobis
1211 595 1380 629 humiliter
1411 595 1590 638 supplicari
1623 595 1699 628 fecit
1725 599 1760 627 ut
1790 594 1824 627 in

1085 649 1272 691 praemissis
1299 650 1339 682 de
1365 655 1551 693 opportuno
1581 648 1726 682 remedio
1749 658 1825 692 pro-

1086 702 1205 741 videre,
1227 707 1258 734 et
1283 708 1532 745 consequenter,
1560 702 1646 746 quod
1671 701 1824 735 monachi

1086 755 1191 791 dictae
1209 754 1477 798 Congrcgatiouis
1493 756 1652 789 Fuliensis
1670 766 1824 800 expresse

1086 808 1223 851 professi
1267 809 1304 841 ad
1340 820 1576 853 quemcumque
1608 809 1705 843 aliurn
1733 809 1826 842 Ordi-

1087 872 1168 899 nem,
1188 862 1284 894 etiam
1310 862 1611 903 Cartliusianorum,
1630 868 1662 896 et
1677 872 1825 906 praeser-

1087 914 1142 946 tim
1161 914 1198 946 ad
1217 914 1335 947 dictum
1351 916 1582 948 monasterium
1598 916 1633 948 B.
1649 915 1766 948 Mariae
1784 915 1825 948 de

1087 968 1116 999 la
1141 967 1266 1010 Trappe
1292 967 1420 1000 Ordinis
1447 968 1683 1009 Cisterciensis,
1715 968 1823 1001 animo

1086 1030 1119 1052 se
1151 1031 1183 1053 se
1218 1021 1337 1053 ibidem
1370 1022 1549 1054 associandi
1584 1032 1641 1055 seu
1671 1021 1825 1065 incorpo-

1088 1073 1189 1112 randi,
1216 1073 1286 1106 sine
1312 1076 1465 1117 expressa
1489 1074 1668 1117 superioris
1691 1084 1826 1116 genera-

1087 1126 1125 1158 lis
1151 1126 1253 1159 dictae
1279 1127 1545 1169 Congregationis
1571 1127 1704 1161 licentia
1730 1127 1823 1160 nullo

1086 1180 1184 1212 modo
1219 1180 1356 1212 transire
1388 1180 1525 1223 possint,
1552 1181 1610 1213 sub
1635 1183 1744 1224 poena
1768 1190 1824 1212 ex-

1087 1233 1388 1266 communicationis
1426 1235 1508 1266 latae
1544 1234 1735 1274 sententiae,
1761 1239 1823 1266 tarn

1087 1297 1145 1330 pro
1178 1286 1321 1330 receptis
1347 1297 1441 1329 quam
1475 1297 1535 1330 pro
1568 1287 1823 1330 recipientibus,

1087 1340 1252 1373 declarare
1277 1345 1309 1372 et
1334 1344 1485 1379 statuere,
1513 1351 1548 1373 ac
1574 1340 1768 1383 specialiter,
1789 1345 1826 1372 ut

1086 1393 1250 1435 praelatus
1290 1393 1424 1425 Iacobus
1463 1393 1649 1433 Mauclere,
1677 1393 1780 1426 dietus
1806 1404 1824 1426 a

1086 1445 1117 1478 S.
1136 1445 1295 1485 Gabriele,
1311 1446 1348 1477 ad
1371 1446 1573 1478 redeundum
1600 1446 1638 1478 ad
1657 1446 1824 1489 propriam

1086 1497 1398 1540 Congregafflonem,
1436 1498 1468 1530 in
1494 1509 1557 1541 qua
1581 1509 1598 1530 a
1623 1499 1750 1531 duobus
1773 1499 1824 1531 vix

1087 1551 1190 1591 annis,
1218 1551 1333 1583 aetatis
1359 1561 1436 1583 suae
1469 1551 1600 1584 circiter
1624 1551 1751 1584 decimo
1776 1561 1826 1584 se-

1086 1604 1188 1646 ptimo
1214 1614 1310 1643 anno,
1336 1604 1573 1646 proles-sionem
1599 1604 1706 1637 emisit
1730 1614 1826 1646 regu-

1086 1658 1196 1696 larem,
1212 1667 1270 1699 per
1295 1667 1449 1689 censuras
1475 1657 1711 1690 ecclesiasticas
1736 1667 1824 1690 com-

1085 1711 1234 1753 pellatur,
1261 1711 1412 1743 ordinare
1445 1710 1484 1743 de
1517 1710 1719 1752 benignitate
1746 1720 1825 1754 apo-

1085 1765 1198 1797 stolica
1220 1764 1438 1806 dignaremur.

1129 1818 1142 1861 g
1168 1818 1198 1850 2.
1226 1818 1288 1850 Nos
1313 1817 1421 1859 igitur,
1446 1818 1553 1861 ipsum
1578 1822 1823 1865 procuratorem

1826 227 1875 253 Αη.
1896 225 1926 253 C.
1947 224 2015 259 1686

1901 1824 2019 1847 ΡποὴἱῐιῑΗΟ

1834 1852 1943 1877 praedicta
1951 1853 1977 1872 ast
1990 1853 2019 1873 in·

1086 1872 1273 1913 generalem
1299 1870 1494 1914 specialibus
1521 1871 1683 1904 favoribus
1708 1876 1741 1904 et
1757 1881 1825 1914 gra·
1835 1881 1878 1898 star
1899 1879 1955 1899 inme·
1976 1885 2018 1899 mo-

1799 1923 1806 1929 ,
1834 1905 1949 1925 nachot-um
1970 1911 2019 1926 san-

1086 1925 1137 1957 tiis
1170 1924 1327 1967 prosequi
1358 1925 1515 1964 volentes,
1549 1929 1580 1956 et
1612 1935 1629 1956 a
1659 1923 1824 1968 quibusvis
1836 1932 1863 1952 cti
1878 1931 1953 1952 Mauri.

1086 1977 1441 2017 excommunicationis,
1469 1977 1695 2020 suspensionis
1721 1983 1752 2010 et
1776 1977 1825 2011 in-

1087 2030 1222 2070 terdicti,
1242 2029 1378 2073 aliisque
1398 2029 1625 2063 ecclesiasticis
1643 2030 1824 2071 sententiis,

1085 2083 1230 2117 censuris
1265 2088 1296 2116 et
1326 2084 1451 2126 poeniS,
1479 2094 1495 2116 a
1519 2084 1590 2116 iure
1623 2084 1673 2116 vel
1700 2083 1739 2120 ab
1768 2083 1824 2116 ho-

1085 2138 1182 2177 mine,
1209 2137 1320 2180 quavis
1345 2137 1513 2169 occasione
1538 2138 1588 2170 vel
1620 2139 1716 2170 causa
1739 2137 1822 2177 latis,

1086 2191 1111 2223 si
1138 2191 1254 2234 quibus
1286 2191 1532 2233 quomodolibet
1565 2190 1736 2223 innodatus
1763 2189 1825 2223 exi-

1086 2244 1147 2283 stit,
1174 2244 1212 2275 ad
1245 2243 1391 2276 effectum
1417 2243 1635 2286 praesentium
1662 2243 1825 2276 dumtaxat

1087 2297 1361 2339 consequendum,
1381 2296 1494 2329 harum
1513 2295 1595 2329 serie
1620 2295 1824 2329 absolventes

1088 2356 1119 2382 ct
1144 2351 1326 2383 absolutum
1345 2350 1414 2383 sore
1434 2355 1618 2390 censentes,
1639 2349 1836 2389 huiusmodi

1088 2403 1380 2447 supplicationibus
1409 2402 1566 2443 inclinati,
1595 2402 1634 2435 de
1660 2401 1826 2435 venerabi-

1088 2458 1164 2490 lium
1191 2457 1324 2489 fratrum
1349 2461 1536 2489 nostrorum
1564 2456 1595 2488 S.
1611 2455 1649 2488 R.
1665 2455 1698 2488 E.
1720 2454 1826 2488 cardi-

1088 2510 1209 2543 nalium
1227 2510 1366 2552 negotiis
1393 2515 1425 2542 et
1449 2507 1742 2542 consultationibus
1761 2508 1833 2552 epi--

1088 2574 1257 2607 scaporum
1283 2569 1313 2596 et
1337 2563 1536 2606 regularium
1562 2561 1828 2606 praepositorum,

1088 2617 1236 2657 consilio,
1251 2616 1380 2650 attentis
1398 2606 1546 2656 narratis,
1565 2615 1697 2663 petitam
1715 2614 1834 2662 prohir,
