2111 3157
29 215 79 238 Αη.
100 209 129 234 C.
147 210 213 235 ibes

45 270 133 293 Quinam
142 274 205 294 supe-

257 266 332 290 xvn.
356 257 390 289 In
415 258 511 290 domo
530 260 736 289 emeritorum
758 265 822 288 non
843 255 946 287 solum

22 296 91 316 riores
105 295 125 315 in
139 295 204 315 domi-

23 322 204 368 ffifoffissssssiissiuffl
214 318 345 350 praeses
357 309 672 346 archidioecesamm,
688 313 752 346 aut,
768 308 793 339 si
811 307 844 339 in
862 307 947 339 dioe-

22 360 277 401 quoanamoorumcesi
302 362 440 404 quadam
463 361 622 394 eiusmodi
651 361 765 393 domus
783 360 834 399 sit,
854 369 948 402 prae-

22 400 49 421 sit
63 399 162 420 officium.

213 422 265 446 ses
289 413 513 453 dioecesanus,
532 418 622 446 extra
639 413 856 445 visitationem
874 416 948 443 tam-

213 475 310 508 quam
332 467 366 499 in
391 466 525 510 proprio
551 476 609 498 suo
634 463 799 498 domicilio
823 462 948 496 habita-

211 518 269 559 bit,
292 529 406 552 verum
430 519 526 552 etiam
546 520 655 562 plures
671 517 756 549 viros
772 516 947 560 prudentes

211 571 335 605 ibidem
360 581 469 605 secum
494 571 622 610 habeat,
646 579 785 613 quorum
810 568 947 602 consilio

211 624 247 657 in
266 623 445 657 directione
469 625 526 662 sua
550 629 581 656 et
605 624 638 655 in
663 621 818 655 faciendis
836 620 947 663 dispo-

213 676 386 710 sitionibus
399 676 475 716 suis,
490 677 617 715 saltem,
635 683 718 718 quae
733 673 864 706 maioris
880 682 947 705 mo-

212 730 314 763 menti
339 740 411 763 esse
430 729 637 767 videbuntur,
656 737 787 769 semper
805 730 925 758 utatur.

257 791 350 815 xvm.
374 782 421 814 Ad
446 781 595 814 eumdem
616 780 800 823 praesidem
820 782 947 821 specta-

211 834 261 867 bit
283 834 369 870 circa
395 844 553 876 personas
585 843 707 871 senum,
732 831 946 868 intirmorum,

211 886 416 926 inhabilium,
440 891 473 919 et
496 897 609 919 eorum
634 885 687 929 qui
713 885 851 927 graviter
867 883 947 917 deli-

212 945 367 983 querunt,
386 940 520 982 provide
545 939 578 971 in
603 938 738 972 Domino
758 938 944 981 disponere.

212 992 302 1031 Quod
337 992 363 1025 si
398 1002 529 1036 praeses
563 991 865 1024 archidioecesanus
897 990 947 1022 vel

212 1045 426 1079 dioecesanus
445 1045 479 1078 in
496 1044 602 1078 officio
625 1043 885 1077 reverendissimi
903 1052 949 1074 ar·

212 1097 415 1142 chiepiscopi
449 1098 499 1130 vel
531 1096 794 1130 reverendissimi
825 1095 948 1128 domini

213 1150 359 1194 episcopi
384 1151 433 1190 sit,
453 1150 488 1182 in
512 1150 654 1183 eiusdem
678 1150 805 1182 civitate
829 1148 950 1192 princi-

212 1204 291 1248 pali,
314 1204 366 1238 vel
390 1203 446 1236 ubi
470 1203 629 1236 eiusmodi
655 1202 795 1236 officium
811 1201 950 1243 requisi-

213 1258 306 1297 verit,
333 1268 405 1291 cum
429 1257 552 1300 aliquot
582 1255 878 1298 jurisprudentibus
899 1264 950 1286 re-

215 1311 345 1350 sidebit,
362 1315 395 1343 et
414 1310 545 1353 quidem
562 1310 595 1342 in
612 1310 707 1342 domo
729 1308 949 1345 emeritorum,

216 1364 243 1397 si
261 1362 359 1407 quae⁴
376 1364 410 1396 in
426 1373 465 1396 eo
483 1364 555 1395 loco
573 1363 634 1402 sit;
655 1363 679 1394 si
697 1371 773 1394 vero
791 1360 950 1393 eiusmodi

217 1417 331 1450 domus
354 1415 400 1449 ibi
424 1425 491 1448 non
516 1415 564 1454 sit,
585 1420 673 1448 extra
689 1414 777 1446 illam
795 1413 849 1446 tali
867 1413 951 1451 loco,

217 1469 325 1513 quoad
355 1467 426 1501 fieri
457 1467 589 1511 poterit,
622 1465 793 1506 habitabit,
818 1471 854 1498 ut
877 1475 953 1508 pru-

218 1521 334 1555 dentes
357 1521 514 1564 quosdam
538 1520 623 1552 viros
647 1519 802 1558 seniores,
821 1519 876 1561 qui
895 1518 953 1550 hu-

217 1574 268 1607 ius
301 1573 442 1607 instituti
477 1572 727 1606 constitutiones
757 1577 790 1604 et
818 1581 952 1614 scopum

219 1627 361 1666 callent,
385 1636 497 1658 secum
531 1625 652 1658 habere
676 1629 709 1657 et
738 1634 797 1667 per
827 1623 952 1656 litteras

220 1680 393 1713 consulere
417 1679 534 1722 possit.

262 1742 328 1766 xix.
354 1731 563 1775 Superiores,
590 1731 645 1774 qui
669 1730 888 1763 immediatam
913 1731 956 1763 di-

220 1785 400 1819 rectionem
426 1785 579 1818 domuum
597 1785 805 1818 emeritorum
825 1785 955 1823 habent,

222 1843 319 1870 erunt
340 1838 446 1880 primo
470 1837 503 1869 in
529 1837 642 1880 quavis
668 1837 763 1869 domo
788 1837 955 1879 superior,

223 1890 282 1922 sub
306 1890 401 1923 titulo
424 1889 566 1931 regentis
590 1889 654 1922 sive
679 1889 868 1929 directoris‚
903 1890 957 1932 qui

223 1953 291 1977 non
311 1944 415 1977 solum
434 1948 550 1983 aetate,
567 1953 679 1976 verum
699 1944 801 1985 magis
817 1943 959 1986 pruden-

225 1996 280 2035 tia,
315 1996 526 2034 discretione,
564 1996 730 2038 patientia,
765 1995 957 2034 humilitate,

227 2049 383 2092 gravitate
408 2055 441 2081 et
463 2049 682 2082 sollicitudine
700 2048 867 2080 charitatis
892 2049 960 2080 lesu

228 2101 349 2134 Christi
383 2101 520 2133 maxime
550 2100 636 2133 inter
670 2111 784 2133 omnes
819 2101 962 2133 eminere

228 2153 457 2196 conspiciatur,
479 2153 533 2196 qui
558 2154 661 2194 legem
687 2153 806 2185 amoris
830 2152 963 2185 fraterni

229 2207 372 2249 regalem
397 2211 504 2239 exacte
528 2205 664 2248 implere
684 2210 716 2238 et
730 2205 839 2238 omnia
862 2206 965 2238 omni-

230 2261 292 2294 bus
316 2259 386 2293 fieri
412 2259 549 2293 noverit.

276 2323 328 2345 xx.
364 2312 533 2351 Secundo,
567 2322 603 2344 ex
637 2311 821 2345 senioribus
853 2312 966 2345 domus

234 2375 320 2398 unus
343 2370 436 2407 pater
460 2364 637 2407 spiritualis
660 2364 885 2403 constituatur,
913 2365 967 2408 qui

237 2423 387 2450 recenter
411 2417 577 2450 ordinatos
604 2416 789 2449 sacerdotes
808 2423 967 2456 exerceat,

239 2474 272 2502 et
293 2480 403 2502 curam
435 2480 547 2502 eorum
569 2469 773 2502 sacerdotum
802 2476 892 2511 gerat
915 2470 968 2512 qui

811 206 884 230 two
891 205 1022 229 CENTH'S
1043 207 1073 229 XI
1100 208 1146 229 ΡΡ.

989 253 1128 286 instituti
1154 252 1272 286 ibidem
1300 251 1528 285 informentur,
1557 251 1726 285 Praeterea

990 317 1026 339 ex
1041 306 1225 340 senioribus
1240 305 1444 350 praeficiatur
1460 315 1517 349 pro
1531 304 1726 349 poenitenti-

988 360 1058 399 bus,
1078 359 1144 402 qui,
1161 360 1260 392 verbo
1284 364 1316 392 et
1340 359 1486 402 exemplo
1506 363 1632 401 potens,
1650 367 1727 400 poe-

989 412 1130 444 nitentes
1151 417 1182 444 et
1205 412 1448 454 incorrigibiles
1467 411 1648 444 sacerdotes
1667 421 1724 454 pro

990 469 1135 505 tempore
1156 464 1278 496 ibidem
1295 468 1464 496 manentes
1483 463 1635 496 omnibus
1656 473 1725 496 mo-

989 516 1037 549 dis
1055 516 1093 549 ad
1110 517 1280 550 meliorem
1303 517 1426 559 frugem
1446 521 1477 550 et
1494 516 1526 548 in
1543 516 1625 548 viam
1642 517 1726 549 salu-

989 570 1028 602 tis
1046 574 1176 602 aeterne
1192 570 1347 602 reducere
1363 580 1399 602 ex
1419 570 1568 612 professo
1585 569 1722 601 studeat.

1031 633 1093 656 xxi.
1119 622 1265 665 Denique
1291 633 1327 655 ex
1352 622 1466 655 iisdem
1492 622 1624 654 senibus
1654 622 1725 664 qui-

989 676 1061 708 dam
1096 676 1136 708 ad
1170 676 1233 707 hoc
1268 676 1404 708 idoneus
1432 685 1492 718 pro
1523 675 1725 718 excipiendis

988 728 1247 762 confessionibus
1273 727 1456 770 deputetur,
1484 727 1537 770 qui
1560 727 1725 760 ordinarie

989 781 1132 815 omnium
1158 781 1211 824 qui
1240 781 1274 813 in
1298 780 1355 813 tali
1381 780 1476 813 domo
1501 785 1577 812 sunt
1604 781 1727 812 confes-

989 835 1091 867 sarius
1123 834 1246 867 existat.
1274 833 1435 866 Direotori
1469 833 1581 866 domus
1613 833 1727 865 adiun-

989 893 1082 929 gatur
1106 897 1247 931 persona
1272 886 1455 929 qualificata
1480 896 1562 929 quae
1592 895 1728 918 oecono-

990 941 1086 974 miam
1124 939 1354 979 administret,
1384 938 1592 971 ratiocinium
1630 948 1728 980 super

990 1003 1114 1027 annuos
1131 993 1277 1026 redditus
1294 992 1396 1031 faciat,
1415 991 1589 1034 omniaque
1615 1001 1729 1023 neces-

991 1048 1075 1081 saria
1091 1047 1131 1080 ad
1152 1046 1302 1085 culinam,
1320 1046 1435 1078 cellam
1453 1050 1485 1077 et
1501 1055 1559 1089 pro
1576 1044 1729 1077 universa

991 1103 1087 1135 domo
1118 1100 1295 1133 secundum
1325 1101 1523 1133 voluntatem
1558 1098 1729 1132 directoris

992 1153 1131 1187 sollicita
1155 1154 1309 1186 fidelitate
1336 1153 1512 1195 dispenset.

1034 1218 1111 1241 xxu.
1138 1207 1341 1250 singularem
1369 1205 1556 1249 superiores
1581 1205 1614 1237 in
1639 1204 1729 1238 hisce

993 1261 1141 1294 domibus
1167 1259 1369 1292 infirmorum
1396 1269 1503 1292 euram
1528 1264 1657 1301 gerant,
1684 1264 1728 1299 et,

993 1320 1027 1347 ut
1047 1315 1130 1347 idem
1157 1324 1174 1346 a
1200 1313 1386 1345 domesticis
1411 1312 1476 1352 fiat,
1499 1312 1613 1344 sedulo
1638 1322 1731 1344 cura-

993 1368 1084 1399 bunt.
1110 1367 1145 1399 ln
1171 1367 1258 1398 hunc
1289 1365 1385 1398 finem
1412 1365 1632 1398 informentur
1657 1375 1732 1407 qua-

994 1420 1070 1453 liter
1094 1418 1232 1452 infirmis
1258 1418 1290 1450 in
1316 1417 1483 1456 charitate,
1509 1417 1733 1449 mansuetudi-

995 1483 1033 1505 ne
1049 1477 1080 1504 et
1096 1471 1252 1514 patientia
1271 1470 1456 1509 inserviant,
1471 1476 1503 1501 et
1516 1469 1732 1502 ministerium

996 1525 1137 1557 Marthae
1170 1524 1339 1566 impleant.
1366 1521 1465 1555 Nemo
1499 1522 1609 1561 verbo,
1637 1523 1730 1562 facto,

997 1583 1050 1610 aut
1084 1578 1174 1609 vultu
1213 1581 1302 1609 torvo
1339 1575 1418 1614 illis,
1445 1580 1522 1607 uta
1555 1585 1651 1607 manu
1676 1575 1732 1607 Dei

998 1630 1088 1663 tactis
1123 1634 1155 1662 et
1190 1628 1329 1668 afflictis,
1356 1629 1490 1660 alteram
1526 1628 1621 1660 addat
1654 1628 1735 1660 afssi-

998 1684 1148 1716 ctionem.
1182 1681 1383 1714 Defectuosis
1416 1685 1448 1713 et
1479 1680 1613 1713 infirmis
1645 1682 1735 1713 cibus

999 1747 1034 1769 ac
1068 1741 1165 1778 potus
1199 1733 1335 1775 singulis
1373 1733 1600 1775 dispensetur,
1639 1739 1736 1776 prout

999 1788 1134 1822 consilio
1151 1787 1269 1819 medici
1286 1787 1408 1818 bonum
1428 1791 1460 1818 et
1476 1786 1618 1818 salutare
1636 1785 1737 1818 omni-

999 1843 1057 1874 bus
1077 1841 1181 1872 visum
1208 1839 1313 1872 fuerit.
1335 1838 1391 1877 Qui
1414 1838 1520 1871 animo
1545 1844 1576 1871 et
1596 1850 1735 1882 corpore

1000 1895 1141 1926 valentes
1167 1892 1204 1924 ad
1229 1892 1439 1924 refectorium
1464 1891 1620 1924 accedere
1646 1898 1738 1934 potc-

1002 1952 1087 1983 runt,
1124 1948 1188 1977 una
1224 1944 1389 1976 communi
1426 1946 1538 1976 mensa
1574 1944 1734 1976 fruantur.

1002 1997 1204 2032 Defectuosis
1229 1996 1410 2029 necessaria
1427 1996 1466 2028 ad
1482 1996 1738 2039 uniuscuiusque

1004 2051 1186 2085 cubiculum
1211 2049 1378 2092 proprium
1403 2049 1625 2091 porrigantur,

1047 2113 1135 2136 xxiii.
1155 2102 1228 2133 Tam
1247 2101 1463 2133 ministerium
1488 2101 1625 2140 culinae,
1643 2112 1739 2143 quam

1005 2155 1149 2197 reliquae
1169 2154 1292 2192 domus,
1311 2153 1439 2186 idoneis
1461 2152 1589 2185 famulis
1610 2153 1651 2195 (si
1669 2153 1740 2186 fieri

1006 2207 1108 2251 possit
1132 2207 1171 2238 iis
1197 2205 1251 2248 qui
1274 2205 1312 2237 ad
1334 2205 1401 2237 dies
1421 2205 1503 2237 vitae
1521 2205 1554 2237 in
1578 2205 1739 2238 coelibatu

1007 2271 1077 2292 cum
1112 2259 1201 2291 hisce
1234 2257 1360 2290 clericis
1394 2257 1497 2289 vivere
1531 2256 1750 2295 desiderantl'

1008 2312 1249 2350 committatur,
1276 2310 1348 2342 talis
1364 2320 1439 2342 vero
1458 2309 1619 2342 ordinatio
1638 2310 1743 2342 dome-

1009 2365 1172 2402 sticorum,
1191 2369 1254 2395 tam
1279 2373 1339 2405 pro
1363 2362 1469 2395 culina
1494 2373 1588 2405 quam
1606 2373 1665 2406 pro
1684 2364 1743 2396 mi-

1010 2417 1144 2449 nisterio
1170 2416 1292 2453 domus,
1312 2421 1344 2447 et
1363 2414 1618 2447 defectuosorum
1644 2415 1744 2448 famu-

1011 2471 1088 2503 latio
1112 2469 1181 2501 sieri
1208 2469 1314 2505 debet,
1340 2469 1469 2511 qualem
1484 2468 1627 2511 prudens
1649 2478 1745 2510 supe-

239 2532 258 2554 a
280 2521 429 2563 praeside
453 2522 591 2563 suscepti
625 2526 718 2561 sunt,
750 2526 785 2553 ut
816 2521 848 2553 in
873 2522 970 2555 rebus
1012 2523 1131 2555 riorum
1149 2521 1303 2553 iudicium
1322 2520 1557 2552 necessarium¹
1577 2520 1743 2553 iudicabit.

276 2585 287 2608 1
311 2582 402 2608 Potius
420 2582 477 2614 toga
497 2591 554 2616 qua
573 2589 608 2608 tn.
625 2582 673 2614 τ.).

344 2636 423 2664 Bali..
443 2637 518 2664 Rom.
535 2651 570 2656 —
590 2637 648 2662 Vol.
666 2635 739 2663 XIX.
885 2637 918 2663 '33

1049 2585 1057 2608 1
1083 2581 1175 2616 Aptius
1195 2581 1252 2615 tege
1272 2581 1461 2608 necessariam
1482 2582 1517 2615 (u.
1539 2581 1586 2614 τ.).

1621 198 1681 227 {2'17
1730 204 1778 229 Au.
1800 203 1828 230 C.
1848 203 1914 230 1084
