2111 3157
133 203 222 233 Au.C
254 204 322 232 1676
369 197 411 230 ΞΕ.)

167 1374 312 1398 Areliicpisro-

129 1406 166 1425 pu-
185 1401 313 1420 Βικκὴυμη-

128 1434 156 1445 sv-
169 1427 272 1447 :ww-ralis
284 1433 311 1445 in-

129 1456 217 1478 quisiti-r
231 1459 242 1472 a
259 1454 312 1472 Pun-

129 1482 183 1499 imre
204 1481 303 1499 cunstitui

327 256 493 298 pensionis
525 257 563 290 ab
589 259 742 291 exercitio
774 258 1010 301 pontificalium
1037 265 1067 292 et

328 308 492 342 interdicti
518 310 556 342 ab
582 311 731 353 ingressu
758 311 919 344 ecclesiae
945 317 976 344 et
1000 312 1066 355 pri-

327 361 463 394 vationis
488 364 630 396 muneris
663 364 864 407 inquisitoris
891 365 1063 406 generalis,

329 415 444 458 reliqui
476 427 551 449 vero
586 417 795 459 inquisitores
828 418 976 460 praefati,
1011 428 1065 451 eo-

328 478 462 511 rumque
490 470 668 512 respective
695 470 885 509 consiliarii,
913 481 1066 513 procura-

330 527 414 553 tores
441 521 581 560 fiscales,
608 523 843 562 commissarii,
868 533 1063 562 assessores,

328 573 461 612 notarii,
487 575 649 617 ceterique
676 575 831 608 officiales
856 581 888 608 et
914 576 1061 616 ministri,

328 626 673 659 excommunicationis
702 629 783 660 latae
812 628 1003 667 sentcntiae,
1029 639 1064 660 ac

328 678 517 720 privationis
547 680 725 712 officiorum
759 680 1062 723 ‹⁷1uomodocumque

328 731 467 763 tribunal
504 732 534 763 S.
570 732 670 765 Officii
697 734 913 776 spectantium
944 744 1062 780 poenas

327 783 398 825 ipso
436 784 518 817 sacto
555 791 586 817 et
622 786 741 828 absque
774 787 840 818 ulla
872 786 1063 820 declaratio-

327 845 366 867 ne
393 846 425 868 se
459 838 636 879 respective.
666 839 831 871 novissent
859 839 1060 879 incursuros,

327 899 343 920 a
369 889 483 931 quibus
519 891 759 924 absolutionem
796 892 882 925 idem
914 892 1061 926 Clemens

326 942 559 983 praedecessor
588 944 647 976 sibi
680 951 710 977 et
742 945 846 978 dictae
878 945 952 979 Sedi
979 947 1063 990 Apo-

325 994 458 1027 stolirac
485 996 672 1038 specialiter
696 999 890 1038 reservavit,
915 1004 947 1031 et
971 1000 1062 1039 alias,

325 1052 419 1087 prout
441 1046 473 1079 in
491 1048 591 1090 ipsius
610 1049 784 1082 Clementis
801 1051 1063 1093 praedecessoris

325 1099 440 1132 litteris
473 1101 614 1144 desuper
648 1103 679 1134 in
705 1103 801 1135 simili
826 1104 930 1136 forma
954 1105 1062 1137 Brevis

326 1151 376 1183 die
395 1163 431 1185 111
453 1154 596 1187 octobris
620 1165 781 1188 MDCLXXIV
799 1156 967 1199 expeditis,
986 1168 1062 1200 qua-

325 1214 394 1237 rum
422 1212 565 1239 tenorem
584 1208 811 1250 praesentibus
834 1219 893 1251 pro
913 1210 1009 1252 plene
1030 1215 1062 1243 et

324 1257 521 1291 sufficienter
557 1271 711 1303 expresso
737 1266 770 1293 et
794 1261 916 1295 inserto
948 1263 1061 1295 haberi

324 1311 492 1351 volumus,
524 1313 656 1346 uberius
685 1314 882 1346 continetur.

368 1364 382 1406 ξ
408 1363 438 1396 Q.
466 1364 542 1397 Cum
567 1372 674 1398 autem
701 1377 759 1399 nos
781 1367 893 1406 hodie,
921 1378 978 1400 seu
1004 1379 1061 1400 nu-

325 1426 390 1457 per,
406 1418 624 1450 venerabilem
641 1419 772 1451 fratrem
787 1420 993 1452 Verissimum
1011 1431 1061 1452 ar-

325 1467 569 1512 chiepiscopum
596 1471 852 1504 Bracharensem
876 1472 1060 1505 haereticae

325 1525 356 1552 et
381 1523 577 1564 apostaticae
603 1524 771 1567 pravitatiS
802 1525 987 1559 huiusmodi
1013 1525 1060 1557 in-

325 1573 511 1614 quisitorem
530 1579 715 1618 generalem
733 1578 765 1609 iu
790 1577 1008 1621 Portugalliac
1030 1584 1061 1610 et

323 1626 549 1668 Algarbiorum
577 1631 684 1671 regnis
705 1632 899 1673 supradictis
918 1642 987 1664 cum
1013 1643 1060 1665 so-

322 1679 386 1711 litis
413 1680 615 1714 facultatibus
641 1683 671 1714 iu
698 1684 804 1716 locum
823 1686 956 1727 praefati
976 1687 1057 1718 Petri

322 1733 562 1777 archicpiscopi
589 1735 731 1767 defuncti
756 1747 813 1779 per
834 1738 912 1770 alias
931 1744 1057 1771 nostras

322 1784 353 1816 in
380 1786 474 1819 simili
502 1787 604 1820 forma
631 1788 738 1821 Brevis
764 1789 896 1829 litteras,
923 1802 1056 1834 quarum

323 1843 468 1871 tenorem
490 1841 715 1882 praesentibus
741 1842 852 1874 itidem
878 1853 936 1885 pro
962 1845 1056 1886 plene

322 1896 354 1922 ct
377 1892 577 1925 sufficienter
610 1905 765 1936 expresso
800 1901 831 1927 ct
855 1895 975 1929 inserto
1002 1898 1059 1930 ha-

321 1943 389 1975 beri
415 1946 570 1985 volumus,
598 1947 681 1979 dicta
716 1948 907 1981 auctoritate
938 1951 1059 1982 consti-

321 1997 475 2030 tuerimus
502 2004 532 2030 et
553 1999 832 2041 deputaverimus,
861 2012 954 2034 causa
981 2014 1056 2035 vero

321 2059 375 2081 seu
400 2061 513 2083 causac
540 2053 702 2094 praefatae
724 2053 756 2084 in
777 2055 964 2096 supradicta
989 2067 1058 2088 car-

322 2101 477 2135 dinalium
493 2105 748 2147 congregatione
763 2107 869 2139 adhuc
881 2109 1055 2149 pendeant:

321 2154 396 2186 lzinc
422 2162 468 2187 cst
492 2158 579 2198 quod
606 2169 675 2196 nos,
702 2159 838 2191 decretis
863 2160 1056 2202 quibusdam

321 2207 593 2248 provisionalibus
623 2212 661 2243 ab
694 2212 807 2244 eadem
841 2213 1055 2246 cardinalium

321 2259 576 2303 Congrcgatione
603 2263 633 2295 in
653 2266 746 2296 causa
770 2275 922 2297 recursus
948 2266 1056 2298 huius-

320 2313 407 2344 modi
445 2315 584 2347 antehac
617 2317 772 2348 cmauatis
802 2323 833 2349 ct
867 2328 884 2349 a
909 2319 1054 2360 praefato

320 2364 486 2398 Clemente
522 2368 775 2410 praedecessore
801 2370 998 2413 approbatis,
1037 2383 1054 2404 a

320 2418 440 2460 quibus
466 2421 619 2452 recedere
657 2423 746 2454 nullo
782 2423 880 2455 modo
916 2423 1056 2456 intendi-

320 2464 398 2511 mus,
435 2472 655 2512 inhaerentes,
683 2474 817 2517 ipsaque
850 2477 978 2509 decreta
1003 2487 1054 2509 re-

300 2512 484 2565 'novantcs‚
506 2531 554 2563 et,
579 2527 683 2560 donec
707 2538 756 2567 ea,
780 2538 861 2571 quae
881 2540 980 2573 super
998 2531 1054 2564 du—

318 2576 382 2611 biis
411 2577 589 2621 propositis
622 2579 828 2615 decernenda
858 2582 952 2615 nobis
987 2583 1052 2618 visa

908 211 1088 235 mittamini
1113 212 1263 238 nonaxon

1849 215 1899 245 An.
1916 215 1945 246 C.
1967 217 2037 246 1676

1111 260 1245 301 suerint,
1273 262 1484 303 statuamus¹,
1515 264 1647 298 omnino
1673 264 1840 299 observari

1109 314 1366 357 praecipientes,

1152 367 1165 409 ἓ
1189 367 1221 400 3.
1241 367 1283 399 De
1302 368 1517 410 praefatorum
1534 370 1745 404 cardinalium
1765 382 1841 405 con·
1895 384 2035 406 nominamur

1108 419 1198 459 silio,
1226 421 1416 453 fraternitati
1453 427 1527 455 tuae
1559 433 1619 466 per
1653 413 2035 466 praesentes{2'L''ili1.iii‘l.‘2‚'i‚l'3j

1107 473 1338 506 committimus
1370 479 1402 506 et
1426 475 1627 515 mandamus,
1657 482 1693 508 ut
1722 476 1843 509 inhibi-

1108 524 1241 565 tionem,
1270 537 1286 558 a
1311 532 1492 559 memorato
1517 527 1681 561 Clemente
1706 529 1843 571 praede-

1107 587 1236 610 cessore
1261 589 1319 621 per
1343 590 1415 611 suas
1441 580 1562 612 litteras
1579 581 1736 623 praefatas
1761 581 1843 613 sicut

1106 630 1321 672 praemittitur
1357 632 1491 671 saetam,
1519 632 1549 664 in
1587 633 1737 665 omnibus
1775 634 1842 666 eius

1106 683 1248 724 partibus
1263 684 1452 717 auctoritate
1471 687 1582 717 nostra
1601 685 1778 728 apostolica
1798 686 1842 718 ita

1107 736 1282 769 modereris
1307 743 1339 769 et
1362 737 1529 777 reformes,
1556 743 1590 770 ut
1607 738 1780 771 verissimo
1797 749 1843 771 ar-

1106 788 1315 832 chiepiscopo
1340 791 1481 832 generali
1507 802 1524 822 a
1546 791 1640 823 nobis
1665 791 1839 834 deputato,

1106 847 1137 874 ct
1150 844 1285 885 reliquis
1303 844 1550 886 inquisitoribus
1569 844 1753 887 praedietis
1769 855 1841 878 con-

1107 901 1153 928 tra
1179 896 1383 938 supradictos
1407 896 1608 929 Christianos
1632 896 1737 930 Novos
1761 908 1842 930 nun-

1105 953 1237 991 cupatos
1261 949 1293 981 in
1315 949 1408 982 dictis
1429 950 1612 982 carceribus
1646 955 1679 981 ut
1698 950 1841 992 praefer-

1106 1005 1158 1032 tur
1182 1002 1343 1041 detentos‚
1377 1007 1501 1034 servato
1531 1002 1610 1034 iuris
1643 1001 1771 1042 ordine,
1804 1013 1840 1035 ac

1105 1052 1192 1085 iuxta
1216 1054 1385 1096 aequitatis
1412 1060 1442 1087 ct
1466 1055 1609 1089 iustitiae
1635 1057 1776 1098 regulas,
1804 1056 1840 1088 li-

1105 1112 1174 1139 ceat
1197 1108 1371 1149 procedere
1389 1108 1428 1139 ad
1453 1118 1574 1150 poenas
1596 1114 1627 1141 et
1643 1108 1840 1141 animadver-

1104 1159 1213 1191 siones
1239 1159 1374 1198 debitas,
1395 1165 1618 1202 praeterquam
1643 1160 1746 1192 ultimi
1766 1171 1841 1203 sup-

1104 1212 1205 1254 plicii,
1233 1213 1412 1245 triremium
1436 1219 1683 1256 perpetuarum,
1709 1217 1741 1246 et
1764 1223 1838 1245 con-

1103 1264 1278 1297 fiscationis
1309 1266 1482 1305 bonorum,
1517 1276 1534 1298 a
1565 1266 1683 1308 quibus
1716 1276 1772 1298 eos
1809 1270 1841 1299 et

1104 1328 1217 1349 eorum
1238 1318 1423 1360 quemlibet,
1443 1319 1547 1351 donec
1572 1324 1604 1350 et
1629 1328 1796 1361 quousque
1821 1329 1838 1350 a

1104 1371 1198 1402 nobis
1225 1376 1256 1403 et
1280 1371 1362 1403 Sede
1399 1372 1542 1414 praefata
1575 1371 1668 1404 aliter
1703 1371 1839 1414 disposi-

1104 1429 1168 1455 tum
1195 1424 1300 1463 suerit,
1329 1424 1461 1456 omnino
1486 1424 1652 1457 abstinere
1677 1425 1835 1457 volumus.

1146 1475 1216 1517 §4
1252 1476 1295 1507 Ac
1331 1476 1466 1518 proinde
1504 1476 1626 1509 eisdem
1661 1476 1836 1509 Verissimo
1874 1486 1932 1507 Nava
1953 1487 2032 1508 iulum-

1102 1528 1361 1571 archiepiscopo,
1388 1529 1542 1570 generali,
1570 1535 1601 1561 et
1625 1529 1758 1572 reliquis
1790 1516 1885 1563 in-¹'⁰'

1103 1580 1328 1622 quisitoribus‚
1370 1581 1565 1624 illorumque
1601 1587 1632 1615 et
1666 1582 1838 1615 cuiuslibet

1102 1643 1212 1664 eorum
1248 1634 1429 1676 respective
1460 1633 1703 1673 commissariis‚
1735 1635 1837 1668 consi-

1101 1685 1211 1726 liariis,
1238 1687 1503 1729 procuratoribus
1536 1685 1707 1727 fiscalibus,
1734 1698 1837 1720 asses-

1101 1739 1235 1779 soribus,
1275 1740 1418 1779 notariis,
1456 1740 1615 1779 actuariis,
1653 1739 1835 1783 ceterisque

1100 1792 1288 1825 officialibus
1307 1797 1338 1825 et
1358 1792 1524 1831 ministris,
1546 1793 1630 1825 dicta
1647 1792 1836 1825 auctoritate

1101 1845 1267 1883 districte,
1294 1850 1325 1877 et
1349 1846 1405 1877 sub
1437 1846 1549 1887 poenis
1574 1856 1655 1887 quae
1681 1845 1712 1877 in
1744 1855 1836 1888 prae-

1101 1898 1171 1930 satis
1208 1898 1381 1930 Clementis
1417 1897 1678 1939 praedecessoris
1718 1897 1834 1930 litteris

1100 1960 1270 1993 expressae
1289 1956 1370 1989 sunt,
1389 1950 1495 1982 denuo
1513 1949 1675 1989 inhibeaS,
1695 1960 1734 1982 ne
1759 1960 1835 1982 con-

1101 2008 1147 2035 tra
1164 2003 1295 2035 eosdem
1316 2002 1514 2034 Christianos
1539 2002 1644 2035 Novos
1669 2003 1702 2034 in
1727 2013 1835 2035 carce-

1101 2056 1188 2086 ribus
1223 2054 1409 2086 huiusmodi
1442 2055 1610 2091 detentos.
1640 2060 1692 2086 aut
1722 2065 1834 2087 eurum

1100 2107 1253 2150 aliquem,
1281 2107 1406 2139 interea
1431 2108 1469 2139 ad
1490 2107 1594 2140 ultimi
1617 2107 1768 2150 supplicii
1786 2108 1834 2140 vel

1101 2160 1278 2192 triremium
1304 2166 1534 2202 perpetuarum
1559 2165 1612 2192 aut
1632 2159 1834 2193 confiscatio-

1100 2213 1148 2244 nis
1172 2212 1333 2244 bouorum
1359 2212 1540 2244 huiusmodi
1567 2223 1688 2254 poenas
1719 2223 1834 2255 proce-

1099 2266 1174 2297 dere
1202 2265 1343 2297 audeant
1374 2265 1485 2307 quovis
1516 2266 1626 2304 modo,
1660 2275 1715 2297 seu
1740 2275 1833 2308 prae-

1098 2323 1236 2350 sumant.

1141 2370 1155 2413 ἓ
1180 2370 1210 2402 5.
1238 2370 1407 2402 Praeterea
1430 2370 1486 2402 tibi
1513 2371 1693 2403 facultatem
1720 2370 1831 2404 harum
1870 2378 2026 2400 ramnum-

1842 2412 1909 2426 cessa.

1097 2423 1179 2456 serie
1206 2423 1375 2456 nilminms
1411 2424 1522 2456 eadem
1547 2424 1736 2456 auctoritate
1761 2432 1832 2465 per-

1096 2476 1244 2510 mittendi
1262 2476 1432 2509 Verissimo
1453 2476 1711 2520 archiepiscopo,
1737 2485 1835 2520 gene-

1132 2593 1141 2620 1
1165 2591 1235 2620 Edit,
1257 2592 1338 2620 stain.
1358 2592 1422 2629 legit
1441 2593 1594 2621 statuimus
1614 2593 1650 2628 (a.
1667 2592 1716 2628 T.)-
