2111 3157
166 220 215 247 Λη.
237 219 264 246 C.
285 218 350 247 1088

397 209 460 244 808

403 278 533 301 xxxviii.
560 268 748 300 Yisitatores
776 266 902 298 sortiter
920 267 1094 309 reprelien-

359 327 436 354 uant
460 320 598 363 priores,
631 320 683 362 qui
724 320 761 352 de
803 319 887 352 sacili
922 319 1092 351 monachis

359 374 433 406 dant
465 374 631 405 materiam
665 372 819 414 evagandi
854 371 1092 415 frequentando

357 427 568 470 spatiamenta
604 431 692 458 extra
732 426 846 458 domos
886 427 1015 469 quando
1052 427 1090 459 ad

356 480 451 512 aliam
489 479 618 511 domum
643 478 824 517 mittuntur,
858 478 1090 523 imponantque

356 532 476 564 eisdem
502 531 663 574 prioribus
688 542 748 574 pro
776 530 961 564 huiusmodi
987 534 1091 575 culpis

356 583 554 627 disciplinas,
582 589 612 616 et
637 584 833 626 prohibeant
858 585 1025 617 monachis
1052 597 1089 618 ne

354 643 518 679 praetextu
544 637 685 670 cuiusvis
717 638 961 671 consuetudinis
987 639 1018 671 in
1046 645 1090 672 ta-

353 691 439 724 libus
463 692 683 735 spatiamentis
715 697 803 725 extra
834 693 1000 726 clausuras
1036 694 1090 726 do-

353 754 480 778 morum
506 756 634 779 suarum
660 746 832 779 comedere
859 753 1086 788 praesumant,

351 798 412 831 sub
437 802 544 842 poena
582 808 679 842 supra
700 798 842 842 capitulo
859 808 896 832 xv
926 803 1086 842 expressa.

393 861 498 885 xxxix.
525 851 563 884 Ut
587 851 781 895 periculosis
799 862 1012 894 personarum
1034 852 1088 886 Or-

350 903 434 936 dinis
461 904 560 937 nostri
580 905 802 947 vagationibus
822 904 998 944 obviemus,
1017 906 1086 948 qui-

348 957 410 989 bus
436 958 545 1001 (quod
571 958 718 991 dolentes
749 957 940 1000 referimus)
965 959 1084 991 anima-

348 1019 419 1041 rum
447 1010 580 1042 maxima
607 1010 790 1053 dispendia,
815 1010 978 1043 notabiles
1003 1012 1084 1043 inl'a-

347 1062 426 1094 mias
453 1068 483 1095 et
507 1063 658 1096 scaudala
684 1063 825 1105 plurima
842 1063 990 1096 novimus
1012 1075 1083 1097 eve-

346 1116 454 1155 nisse,
487 1121 516 1148 et
540 1121 573 1148 ut
598 1116 664 1155 illi,
692 1116 744 1159 qui
776 1126 930 1158 personas
961 1117 1082 1150 incom-

345 1169 467 1211 positas
499 1175 531 1202 et
566 1180 734 1212 perversas
769 1170 808 1202 ad
843 1170 1080 1213 professionem

344 1222 492 1265 recipere
518 1233 581 1256 non
607 1227 769 1261 verentur,
796 1222 829 1254 in
855 1233 911 1262 eo,
938 1233 1001 1265 quo
1027 1223 1081 1256 de-

341 1274 504 1318 linquunt,
529 1275 761 1318 puniantur,et.
784 1286 820 1308 ex
840 1285 953 1308 eorum
975 1277 1079 1319 culpis

341 1327 394 1359 alii
422 1338 486 1360 non
512 1334 703 1370 graventur,
730 1334 848 1361 statuto
867 1334 1027 1372 perpetuo
1049 1336 1080 1362 et

339 1380 554 1423 irrefragabili
574 1382 768 1421 ordinamus,
788 1382 888 1425 quod,
907 1382 1077 1416 occasione

340 1434 575 1478 cuiuscumque
601 1435 744 1467 criminis
770 1436 818 1468 vel
845 1436 962 1474 delicti,
989 1437 1076 1469 nulla

338 1496 481 1529 persona
518 1487 556 1519 de
594 1488 691 1520 domo
732 1488 864 1531 propria
900 1489 1073 1527 emittatur,

338 1541 395 1572 sed
422 1540 564 1580 ibidem,
597 1541 622 1573 si
649 1540 717 1573 sieri
745 1547 868 1584 potest,
895 1553 953 1585 pro
979 1544 1075 1576 modo

338 1594 454 1636 culpae
481 1593 624 1635 legitime
652 1594 816 1636 puniatur.
843 1595 873 1627 Si
900 1596 972 1639 quis
998 1607 1074 1629 vero

336 1646 434 1678 suerit
459 1652 521 1679 tam
547 1657 729 1689 perversus,
749 1648 844 1690 quod,
871 1649 1010 1681 conlisus
1034 1650 1073 1682 de

335 1699 528 1742 parentibus
553 1700 602 1732 vel
628 1700 749 1739 amicis,
771 1700 802 1732 in
821 1701 918 1734 domo
943 1702 1073 1746 propria

335 1751 451 1794 corrigi
478 1763 543 1784 non
564 1754 668 1785 valeat
688 1753 797 1786 debite
815 1755 862 1787 vel
881 1755 1001 1797 puniri,
1021 1762 1073 1788 aut

334 1806 358 1837 si
385 1806 417 1838 in
444 1806 555 1839 eadem
582 1806 677 1839 domo
695 1809 751 1839 sual
774 1807 927 1850 capitales
953 1809 1072 1842 habeat

333 1858 496 1897 inimicos,
516 1858 781 1892 etvisitatoribus
806 1860 972 1894 evidenter
997 1873 1072 1894 con-

333 1912 453 1945 stiterit
478 1913 516 1945 de
542 1913 736 1956 praemissis,
761 1919 847 1952 tunc,
873 1922 904 1947 et
929 1925 994 1947 non
1016 1915 1071 1947 ali-

332 1970 390 2005 ter,
404 1965 595 2004 visitatores,
614 1966 712 1999 Deum
731 1977 808 2009 prae
828 1968 929 2000 oculis
949 1968 1071 2001 haben-

333 2023 388 2057 tes,
417 2020 512 2051 talem
538 2030 711 2061 personam
736 2020 775 2052 de
802 2021 897 2053 domo
923 2022 982 2053 sua
1021 2033 1071 2054 va-

331 2071 418 2103 leant
444 2072 601 2111 emittere,
617 2078 649 2104 et
674 2073 705 2104 in
731 2073 793 2105 alia
812 2074 908 2106 domo
929 2085 1005 2107 suae
1026 2074 1070 2107 vi-

330 2124 490 2157 sitationis
512 2125 656 2158 subiecta
674 2126 732 2158 sub
751 2126 867 2159 debitis
888 2127 1069 2171 disciplinis

330 2178 504 2210 collocare.
526 2178 569 2210 Ita
583 2179 758 2219 dumtaxat,
775 2180 860 2223 quod
879 2180 968 2223 prior
982 2191 1068 2220 suus,

331 2231 471 2273 propriis
497 2232 656 2274 expensis,
687 2243 723 2264 ac
756 2244 828 2265 cum
864 2233 1066 2266 visitatorum

328 2283 443 2315 litteris
469 2284 565 2317 fidem
591 2285 629 2317 ‹le
649 2286 836 2328 praemissis
859 2286 1065 2323 facientibus.

329 2335 432 2378 ipsum
458 2338 496 2369 ad
522 2338 652 2370 domum
677 2349 736 2381 per
770 2339 952 2372 visitatores
979 2339 1066 2372 ordi-

328 2394 435 2421 natam
461 2395 527 2423 tuto
553 2391 649 2424 saciat
674 2392 802 2432 deduci,
827 2393 992 2425 soluturus
1018 2393 1065 2425 ni-

327 2441 504 2475 hilominus
525 2444 570 2476 illi
590 2445 697 2477 domui
716 2456 873 2488 expensas
892 2446 931 2479 de
949 2446 1063 2479 ordine

327 2500 541 2537 praetaxatas,
568 2498 722 2539 quamdiu
747 2499 868 2532 ibidem
894 2499 989 2532 suerit
1010 2499 1063 2532 ho·

326 2548 475 2590 spitatus.
503 2548 643 2582 Emissus
664 2562 741 2583 vero
761 2552 840 2592 talis,
866 2557 996 2595 praeter
1017 2552 1063 2585 di-

324 2601 477 2644 sciplinas
495 2612 512 2634 a
530 2602 749 2637 visitatoribus
771 2604 950 2648 impositas,
965 2606 1061 2639 collo-

938 218 1119 243 BULLffilUM
1144 218 1295 244 ROMANUM

1138 267 1222 310 quiis
1237 267 1369 308 carebit,
1388 269 1542 310 quamdiu
1560 269 1680 302 ibidem
1696 271 1792 303 suerit
1812 270 1870 304 ho-

1136 320 1285 363 spitatus,
1323 331 1362 354 ne
1388 321 1469 354 sorte
1494 322 1658 364 perversis
1682 323 1789 356 verbis
1817 328 1872 357 aut

1135 374 1280 406 moribus
1305 378 1433 407 ceteros
1463 374 1584 407 inficiat
1616 375 1664 408 vel
1687 376 1869 418 perturbet.

1136 427 1283 460 Districte
1309 438 1384 460 vero
1409 428 1583 470 praedictis
1603 428 1821 462 visitatoribus
1839 435 1871 463 et

1134 480 1298 522 prioribus
1322 481 1520 524 iniungimus
1535 509 1542 522 ‚
1573 487 1607 514 ut
1637 482 1811 525 praemissa
1835 492 1870 515 ο-

1134 533 1219 566 mnia
1235 539 1353 567 statuta
1371 534 1556 567 observent.
1583 535 1613 568 Si
1632 535 1685 578 qui
1704 535 1800 568 etiam
1817 546 1870 569 re·

1133 585 1216 629 perti
1242 587 1364 619 suerint
1389 593 1451 620 tarn
1476 588 1684 628 contentiosi,
1710 593 1746 621 ut
1763 588 1870 622 verisi-

1134 639 1208 672 mile
1233 639 1281 679 sit‚
1308 640 1392 683 quod
1419 641 1497 683 ipsis
1517 640 1636 673 ibidem
1654 641 1867 675 existentibus

1132 691 1248 724 domus
1272 693 1325 726 illa
1350 703 1460 736 pacem
1479 704 1543 726 non
1565 693 1714 733 habebit,
1739 704 1799 737 per
1815 694 1869 727 do-

1131 754 1199 777 mos
1224 745 1367 778 eiusdem
1392 746 1577 788 provinciae
1595 746 1798 780 visitatorum
1817 757 1867 780 ar-

1129 798 1227 832 bitrio
1248 799 1444 832 dividantur.

1173 861 1221 884 xL.
1264 851 1331 885 Non
1366 857 1506 895 possunt
1539 858 1646 886 autem
1682 852 1865 888 visitatores

1128 903 1249 947 absque
1267 904 1397 938 licentia
1415 906 1546 948 capituli
1564 906 1727 948 generalis
1744 908 1794 940 vel
1815 917 1864 941 re-

1127 957 1258 989 verendi
1283 957 1383 1000 patris
1399 958 1528 991 mittere
1546 959 1671 1002 aliquos
1689 965 1777 993 extra
1792 970 1864 1003 pro·

1127 1009 1260 1042 vinciam
1287 1021 1364 1043 suae
1389 1011 1562 1044 visitationi
1584 1011 1775 1052 subiectam,
1801 1022 1862 1046 nec

1127 1062 1247 1104 priores
1272 1062 1338 1103 alii,
1366 1063 1389 1096 si
1417 1063 1611 1107 quandoque
1636 1064 1805 1097 mittantur
1821 1065 1860 1099 ad

1125 1121 1303 1148 conventus
1333 1116 1544 1156 dividendos,
1571 1116 1634 1149 nisi
1664 1126 1719 1150 eos
1754 1117 1862 1150 mitte·

1125 1173 1195 1200 rent
1215 1168 1246 1201 in
1265 1169 1472 1211 provinciam,
1487 1169 1518 1201 in
1535 1180 1598 1213 qua
1613 1175 1688 1202 sunt
1707 1169 1859 1213 protessi,

1125 1231 1182 1253 nec
1202 1222 1331 1254 mittant
1348 1222 1490 1265 aliquem
1511 1222 1566 1254 ubi
1584 1222 1690 1255 sciunt
1710 1222 1858 1266 hospites

1124 1280 1187 1307 tres
1209 1280 1283 1307 tunc
1311 1285 1394 1308 esse.

1164 1337 1228 1360 xm.
1255 1327 1322 1361 Non
1350 1328 1426 1361 dent
1450 1329 1572 1372 pariter
1603 1329 1765 1362 licentiam
1789 1340 1858 1364 mo-

1122 1381 1234 1413 nachis
1258 1392 1290 1413 se
1318 1381 1530 1414 transPerendi
1561 1382 1599 1414 ad
1631 1382 1710 1415 alias
1743 1383 1858 1416 domos

1120 1443 1196 1466 suae
1233 1434 1440 1477 provinciae,
1470 1434 1529 1467 nisi
1567 1435 1599 1467 in
1632 1436 1759 1469 casibus
1794 1435 1856 1469 iam

1119 1487 1303 1529 expressis,
1330 1493 1383 1520 aut
1415 1488 1446 1520 in
1473 1498 1548 1521 casu
1576 1488 1744 1531 urgentis,
1772 1499 1854 1532 quae

1118 1542 1286 1574 commode
1312 1541 1489 1584 capitulum
1507 1547 1678 1584 exceptare
1700 1552 1766 1574 non
1784 1552 1856 1585 pos-

1117 1594 1167 1628 sit.
1192 1594 1411 1627 necessitatis:
1437 1605 1497 1627 nec
1514 1605 1684 1637 gravamen
1702 1594 1853 1637 alleganti

1116 1647 1259 1686 credant,
1286 1647 1346 1679 nisi
1373 1647 1412 1680 de
1438 1658 1476 1680 eo
1502 1647 1611 1680 debito
1637 1647 1754 1680 suerint
1785 1657 1854 1680 cer-

1117 1700 1238 1733 titicati.

1158 1763 1232 1786 xLu.
1259 1753 1371 1786 Nullus
1396 1759 1504 1787 tamen
1529 1755 1622 1798 prior
1640 1756 1779 1790 refutare
1797 1768 1852 1790 au-

1114 1807 1188 1839 deat
1205 1817 1359 1849 personas
1377 1807 1436 1840 sibi
1454 1818 1514 1850 per
1530 1808 1713 1842 visitatores
1726 1811 1850 1852 missas,

1114 1860 1169 1893 sed
1188 1871 1242 1892 eas
1258 1862 1372 1893 saltem
1393 1871 1496 1903 usque
1518 1861 1556 1893 ad
1578 1862 1755 1904 capitulum
1775 1868 1851 1897 tunc

1114 1923 1253 1956 sequens
1279 1913 1429 1953 retineat,
1449 1913 1527 1946 alias
1549 1914 1590 1946 sit
1604 1925 1662 1957 per
1679 1920 1743 1948 tres
1760 1926 1850 1949 men-

1112 1976 1162 1998 ses
1188 1972 1276 1998 extra
1301 1967 1411 1999 sedem
1444 1977 1533 1999 suam
1559 1967 1591 1999 in
1618 1973 1786 2008 conventu,
1812 1969 1850 2003 li-

1112 2020 1232 2052 centias
1257 2030 1357 2063 super
1383 2020 1445 2053 hoc
1470 2019 1630 2063 aliquibus
1657 2021 1736 2054 sorte
1772 2032 1848 2055 con-

1111 2082 1217 2105 cessas
1241 2073 1438 2106 revocando.

1154 2137 1241 2159 mu.
1276 2126 1431 2158 Volumus
1463 2130 1496 2159 ut
1526 2127 1704 2160 secundum
1738 2127 1849 2161 lauda-

1109 2180 1207 2212 bilem
1234 2185 1362 2223 patrum
1380 2185 1566 2212 nostrorum
1582 2180 1848 2223 praecedentium

1109 2244 1201 2265 usum
1227 2239 1258 2266 et
1282 2233 1553 2266 consuetudinem
1579 2233 1608 2265 in
1636 2233 1780 2276 qualibet
1807 2233 1848 2266 vi-

1108 2285 1259 2319 sitatione
1278 2287 1369 2329 prior
1386 2291 1418 2319 et
1446 2286 1546 2319 ceteri
1564 2286 1716 2319 officiales
1734 2286 1847 2319 domus

1108 2350 1189 2382 quac
1211 2339 1366 2380 visitatur,
1387 2350 1495 2372 coram
1515 2339 1593 2383 ipsis
1614 2339 1844 2379 visitatoribus,

1107 2397 1277 2435 praesente
1303 2397 1463 2426 conventu
1482 2392 1739 2426 misericordiam
1758 2397 1788 2426 et
1806 2391 1845 2425 ab

1106 2445 1220 2479 officiis
1253 2446 1317 2478 suis
1349 2446 1587 2479 absolutionem
1620 2447 1785 2489 postulent
1814 2451 1846 2479 et

1106 2499 1283 2542 requirant.

1147 2562 1231 2585 κων.
1259 2552 1427 2586 Neminem
1455 2559 1562 2586 tamen
1589 2553 1771 2586 visitatores
1792 2551 1843 2585 ab·

1103 2606 1227 2638 solvant
1258 2606 1298 2639 ab
1329 2606 1434 2639 officio
1460 2607 1620 2649 prioratus
1638 2633 1645 2647 ‚
1679 2606 1775 2639 ctiam
1801 2605 1842 2637 ad

1877 224 1930 250 An.
1951 222 1980 252 C.
1996 225 2061 254 1688
