2111 3157
53 197 101 226 Λη.
122 197 151 226 C.
171 197 237 224 1684

241 245 347 279 dando
379 245 539 288 principia
570 246 602 278 in
627 245 716 288 praxi
748 244 970 283 observanda,

241 299 420 333 ordinando
452 297 591 341 qualiter
614 297 800 330 sacerdotes
825 301 974 329 recenter

241 351 391 388 ordinati,
410 351 458 384 vel
483 350 548 389 alii,
569 350 623 394 qui
646 348 841 383 beneficium
858 348 971 381 stabile

241 404 376 438 necdum
395 403 563 443 obtinent,
582 402 737 446 applicari
760 401 919 440 debeant,
938 405 972 432 ut

241 457 313 500 ipse
330 465 462 500 praeses
479 455 689 488 dioecesanus
705 458 819 497 postea
839 453 970 486 eosdem

241 508 512 543 reverendissimo
544 507 713 541 Ordinario
745 506 969 546 commendet,

242 568 274 596 et
297 562 534 605 promotionem
552 560 583 593 in
608 560 745 602 singulis
768 559 894 592 casibus
912 559 973 591 hu-

241 615 375 649 milibus
399 614 549 658 preeibus
573 613 738 656 impetret.

285 677 387 702 cmuv,
406 667 441 700 ln
458 666 639 699 visitatione
660 666 716 698 sua
736 665 822 698 idem
842 674 971 708 praeses

241 726 401 764 perpetuo
418 720 482 752 hoc
498 718 694 756 observabit,
711 722 747 750 ut
763 722 836 750 ante
855 717 970 756 omnia,

240 772 428 814 ingrediens
445 771 619 804 dioecesim
637 770 723 803 illius
745 770 907 802 districtus
923 779 973 801 ar-

241 824 492 868 chiepiscopalis
507 850 514 863 ‚
538 822 846 857 reverendissimum
858 822 973 855 'domi-

241 888 316 912 num
330 877 534 911 Ordinarium
551 876 637 910 illius
651 876 714 909 loci
732 876 834 915 adeat,
850 880 881 908 et
902 885 973 908 cum

240 930 425 964 omnimoda
438 930 655 963 submissione
673 929 857 962 facultatem
872 938 907 961 ac
923 928 974 961 be-

240 983 473 1023 nedictionem,
498 983 634 1016 clericos
658 982 754 1015 huius
780 981 917 1014 instituti
941 981 973 1014 in

241 1036 353 1070 eadem
378 1035 521 1069 dioecesi
546 1035 741 1072 habitantes,
761 1034 793 1067 in
817 1034 873 1074 iis,
894 1044 974 1076 quae

241 1089 481 1124 oeconomicam
499 1088 595 1121 huius
612 1088 746 1120 instituti
762 1087 974 1121 directionem

242 1147 408 1186 spectant,
425 1141 587 1181 visitandi,
606 1140 796 1174 humillimis
821 1139 974 1183 precibus

240 1200 340 1238 petat,
363 1194 498 1238 eiusque
522 1193 660 1237 imperio
678 1193 710 1226 in
729 1193 878 1226 omnibus
896 1194 975 1225 obe-

242 1247 317 1287 diat,
335 1253 367 1280 et
386 1252 462 1280 tunc
486 1247 617 1280 demum
640 1246 858 1280 visitationem
883 1256 973 1278 suam

242 1300 276 1333 in
299 1299 434 1333 Domino
466 1299 642 1333 salubriter
675 1298 840 1342 perficiat,
873 1300 974 1341 eaque

243 1352 348 1393 finita,
377 1352 519 1385 debitam
544 1352 735 1385 relationem
759 1352 901 1394 desuper
925 1361 976 1384 re-

242 1405 474 1438 verendissimo
507 1404 638 1438 domino
670 1404 841 1438 Ordinario
866 1403 971 1437 saciet.

241 1457 334 1496 Quod
357 1457 441 1491 idem
465 1462 617 1501 respectu
636 1457 897 1490 reverendissimi
919 1458 976 1491 do-

242 1510 321 1544 mini
345 1510 586 1554 archiepiscopi
619 1510 665 1543 sui
691 1510 891 1550 observabit,
918 1511 976 1544 hu-

242 1562 376 1597 millime
407 1573 513 1596 veram
539 1569 570 1596 et
593 1564 751 1597 sinceram
783 1563 975 1596 relationem

244 1616 284 1650 de
308 1615 453 1650 omnium
484 1616 580 1649 huius
613 1616 750 1649 instituti
781 1615 974 1649 clericorum

243 1667 307 1701 vita
323 1668 484 1707 faciendo,
497 1678 533 1701 ac
552 1668 710 1701 mandatis
726 1668 903 1711 superioris
923 1678 976 1711 po-

244 1720 366 1754 testatis
389 1720 423 1754 in
448 1720 598 1754 omnibus
619 1720 885 1764 obtemperando.

287 1783 377 1808 οων.
413 1773 532 1807 Domus
566 1773 770 1817 superiorum
794 1773 844 1806 sui
870 1773 977 1806 distri-

244 1833 313 1861 ctus
330 1826 503 1870 diligenter
519 1826 672 1867 visitabit,
692 1832 788 1870 atque
809 1837 846 1860 ex
866 1829 978 1860 mutua

243 1880 402 1913 relatione
428 1880 609 1923 prudenter
637 1879 828 1923 explorabit,
853 1879 885 1912 in
914 1889 977 1922 quo

244 1937 327 1966 statu
351 1932 478 1976 singula
512 1934 584 1966 loca
617 1932 757 1965 instituti
785 1937 977 1966 versantur:

244 1984 278 2018 in
301 1985 485 2019 visitatione
520 1987 575 2018 sua
608 1995 804 2019 oeconomos
839 1996 899 2029 pro
931 1985 977 2018 rei

245 2038 408 2082 exigentia
426 2038 573 2077 mutabit,
587 2044 657 2078 aut,
677 2044 776 2082 prout
791 2038 893 2071 visum
912 2039 979 2071 fue-

244 2092 305 2131 rit,
320 2091 542 2125 confirmabit:
560 2092 703 2135 praesidi
722 2101 850 2135 quoque
867 2102 979 2135 supre-

244 2154 297 2178 mo
322 2144 417 2177 huius
448 2143 588 2178 instituti
620 2144 777 2177 sinceram
807 2145 846 2178 de
870 2150 977 2184 statu,

245 2196 279 2230 in
297 2206 359 2240 quo
380 2196 491 2230 clerici
517 2196 614 2229 huius
639 2196 775 2229 instituti
800 2197 833 2230 in
858 2207 917 2230 suo
934 2197 980 2230 di-

247 2249 359 2282 strictu
384 2259 444 2292 pro
469 2253 614 2292 tempore
639 2249 768 2289 suerint,
787 2250 980 2283 relationem

246 2301 280 2335 in
297 2301 428 2345 scripto,
447 2302 508 2342 vel,
528 2301 553 2334 si
570 2301 639 2335 fieri
658 2302 773 2345 possit,
792 2303 823 2335 in
840 2305 981 2346 persona

247 2354 382 2398 propria
404 2354 507 2395 saciet,
534 2355 695 2398 simulque
724 2355 822 2388 etiarn
847 2366 982 2398 genera·

247 2408 311 2441 lem
335 2407 484 2441 notitiam
518 2407 623 2441 eidem
647 2408 686 2441 de
711 2412 796 2440 statu
821 2414 982 2452 tempora—

248 2460 326 2494 lium
349 2471 459 2494 rerum
489 2460 584 2494 huius
620 2460 758 2493 instituti
790 2461 978 2502 exhibebit,

251 2513 300 2547 cui
325 2513 421 2547 etiam
445 2514 513 2547 sine
530 2514 596 2547 ullo
621 2513 857 2547 iurisdictionis
881 2514 981 2559 publi-

251 2575 305 2600 eae
329 2566 527 2610 praeiudicio
551 2567 584 2600 in
608 2567 758 2600 omnibus
783 2567 924 2608 obediet,
951 2574 982 2601 et

339 2628 418 2658 Bau.
438 2630 523 2658 Rom.
540 2645 573 2651 --
592 2630 651 2659 Vol.
673 2630 748 2659 XJX.
893 2629 925 2657 72

825 195 1038 221 INNOCENTIUS
1060 196 1091 218 XI
1116 195 1164 219 1⁵1³.

1649 182 1712 215 5139

1016 242 1047 274 in
1068 242 1165 276 rebus
1190 242 1320 275 maioris
1338 241 1492 274 momenti
1510 240 1548 273 ad
1566 240 1654 273 illius
1673 250 1751 272 con-

1015 296 1087 328 silia
1107 300 1137 328 et
1161 296 1361 328 voluntatem
1382 300 1537 334 recurret,
1552 294 1584 326 in
1602 304 1750 337 quacum-

1014 359 1076 390 que
1102 353 1193 390 parte
1218 348 1331 380 mundi
1357 348 1482 381 existat.

1059 410 1162 445 evai.
1188 401 1360 434 Praeterea
1377 401 1550 443 specialem
1570 410 1678 433 curam
1696 400 1750 433 do-

1014 462 1124 484 muum
1148 452 1324 485 iuventutis
1348 452 1564 485 instituendae
1585 457 1617 485 et
1635 452 1750 485 emeri-

1015 508 1119 536 torum
1145 514 1273 546 gerens,
1291 504 1428 547 singulis
1453 504 1545 537 annis
1569 504 1619 537 bis
1642 504 1750 537 visita-

1014 556 1071 596 bit,
1091 557 1330 600 diligenterque
1349 568 1459 591 earum
1484 557 1751 592 constitutionem

1015 610 1224 643 domesticam
1248 615 1312 643 tam
1342 610 1374 643 in
1405 611 1628 654 spiritualibus
1654 621 1750 654 quam

1015 663 1247 706 temporalibus
1271 662 1459 703 inspiciens,
1475 668 1590 696 cuncta
1619 674 1751 706 semper

1015 716 1053 748 ad
1068 716 1216 748 instituto
1234 717 1434 749 conlb‘rrnem
1451 721 1570 749 statum
1591 717 1750 750 reducere

1016 774 1048 801 et
1071 778 1263 801 conservare
1289 768 1443 801 studebit.
1470 769 1568 802 Dictis
1600 769 1749 802 domibus

1015 821 1201 865 superiores
1226 822 1459 865 magistrosque
1491 822 1570 855 alios
1595 828 1658 855 tarn
1688 828 1751 855 stu-

1016 874 1143 907 diorum
1161 884 1258 917 quam
1275 874 1428 906 virtutum
1444 874 1621 918 praeficiet,
1640 879 1671 907 et
1691 886 1749 908 suo

1017 932 1163 971 tempore
1180 938 1240 971 pro
1258 927 1396 961 utilitate
1422 934 1455 961 et
1477 928 1667 961 necessitate
1686 939 1751 961 mu·

1016 979 1104 1013 tabit.
1123 979 1157 1012 In
1182 979 1365 1013 seminariis
1389 990 1466 1013 vero
1489 980 1747 1021 ordinariorum,

1017 1038 1049 1065 et
1073 1032 1210 1066 aliorum
1235 1040 1465 1076 patronorum,
1492 1033 1676 1076 praedictos
1700 1043 1751 1066 su-

1017 1086 1162 1129 periores
1190 1085 1469 1119 reverendissimis
1495 1085 1635 1118 dominis
1659 1085 1751 1118 Ordi-

1018 1139 1116 1171 nariis
1140 1139 1381 1183 commendabit
1398 1144 1429 1171 et
1453 1138 1645 1178 nominabit,
1664 1139 1749 1171 utab

1017 1190 1096 1234 ipsis
1120 1196 1342 1234 acceptentur.

1062 1253 1178 1278 etxvn.
1201 1245 1380 1277 Mediorum
1398 1249 1570 1287 praeterea
1588 1249 1751 1287 tempora-

1017 1298 1093 1331 lium
1118 1298 1277 1330 dictarum
1295 1298 1464 1331 domorum
1488 1298 1689 1341 dispensatio
1714 1308 1751 1331 ae

1017 1360 1094 1382 cura
1118 1360 1220 1392 penes
1241 1350 1347 1392 ipsum
1364 1350 1471 1390 stabit,
1492 1360 1573 1393 quae
1591 1350 1698 1382 omnia
1719 1356 1752 1383 et

1017 1403 1143 1444 singula
1167 1403 1329 1436 mediante
1354 1413 1533 1436 oeconomo
1558 1402 1619 1435 sibi
1643 1403 1752 1436 adiun-

1017 1461 1068 1489 cto
1080 1456 1118 1488 ad
1128 1455 1255 1488 illarum
1274 1456 1494 1488 emolumenta
1507 1455 1749 1498 impendantur.

1018 1509 1119 1542 Porro
1144 1508 1272 1551 singula
1295 1508 1479 1548 seminaria,
1505 1519 1588 1551 quae
1609 1519 1626 1541 a
1651 1518 1753 1541 sacer-

1018 1562 1147 1595 dotibus
1172 1562 1268 1594 huius
1293 1561 1430 1594 instituti
1455 1562 1657 1603 diriguntur,
1679 1572 1752 1604 par-

1019 1614 1169 1647 ticulares
1192 1624 1304 1657 capsas
1324 1614 1482 1653 habeant,
1501 1624 1599 1657 super
1613 1623 1754 1656 quorum

1018 1668 1112 1701 bonis
1134 1667 1288 1711 specialia
1313 1677 1441 1710 quoque
1470 1667 1548 1699 fiant
1572 1666 1751 1699 ratiocinia.

1018 1721 1103 1753 ldem
1128 1720 1368 1753 observandum
1391 1719 1476 1752 circa
1501 1720 1614 1752 domus
1639 1720 1755 1752 emeri-

1020 1780 1136 1807 torum.
1164 1773 1265 1806 Porro
1297 1779 1359 1805 tam
1384 1772 1628 1806 seminariorurn
1659 1783 1754 1815 quam

1020 1827 1172 1860 domuum
1197 1825 1406 1859 emeritorum
1430 1825 1599 1858 ratiocinia
1629 1824 1756 1857 statutis

1021 1878 1221 1922 temporibus
1241 1889 1258 1911 a
1277 1878 1501 1921 superioribus
1518 1876 1690 1919 diligenter
1707 1886 1756 1909 re-

1020 1933 1208 1965 videantur:
1235 1931 1260 1964 si
1285 1931 1341 1974 qui
1367 1930 1511 1964 desectus
1537 1929 1754 1968 inveniantur,

1021 1985 1234 2028 corrigantur.

1065 2047 1193 2071 ctxvm.
1227 2037 1305 2070 Cum
1337 2036 1498 2080 praescitu
1530 2040 1562 2069 et
1594 2044 1755 2069 consensu

1021 2091 1198 2134 superioris
1234 2090 1402 2132 potestatis
1434 2089 1571 2131 singulis
1606 2088 1756 2122 trienniis

1022 2149 1197 2177 conventus
1221 2153 1280 2186 pro
1301 2142 1447 2175 districtu
1472 2141 1759 2175 archidioecesano

1022 2196 1055 2229 in
1080 2196 1204 2229 civitate
1229 2194 1500 2238 archiepiscopali
1524 2193 1632 2226 velnin
1664 2192 1759 2227 domo

1025 2249 1235 2283 emeritorum
1253 2247 1450 2286 instituetur,
1473 2246 1513 2279 ad
1531 2255 1628 2289 quem
1646 2256 1761 2279 omnes

1023 2302 1187 2345 praesides
1213 2299 1406 2338 dioecesani,
1433 2299 1466 2331 in
1491 2298 1628 2342 quadarn
1654 2298 1761 2331 archi-

1024 2355 1166 2388 dioecesi
1181 2352 1486 2395 correspondentes,
1505 2361 1578 2384 cum
1598 2361 1761 2384 consensu

1024 2406 1371 2442 reverendissimorum
1397 2405 1601 2438 dominorum
1626 2401 1762 2438 Ordina-

1023 2461 1148 2494 riorum
1172 2457 1409 2502 comparebunt
1437 2459 1501 2490 una
1525 2466 1596 2489 cum
1621 2467 1763 2490 oecono-

1024 2514 1083 2547 mis
1116 2512 1201 2551 suis,
1228 2512 1279 2545 cui
1312 2521 1444 2554 praeses
1474 2510 1561 2543 illius
1594 2509 1761 2543 districtus

1025 2564 1303 2601 arcliidioecesani
1333 2564 1497 2611 praeerit,
1523 2563 1634 2609 ibique
1658 2563 1762 2608 primo

1758 192 1796 217 An
1828 190 1855 218 C.
1876 191 1940 218 1034

1767 2034 1797 2058 De
1806 2039 1908 2059 conventu
1917 2043 1951 2059 ar-

1778 2065 1942 2086 chidnoecesauo

1768 2091 1854 2117 siugulis
1889 2092 1952 2112 irlan-

1768 2118 1808 2139 1iis
1823 2117 1931 2141 habendo.
