2111 3157
65 219 113 247 An.
129 218 157 247 C.
180 220 246 247 1634

85 2497 116 2519 ne
131 2499 200 2520 officio
221 2501 242 2520 et

57 2523 175 2546 oinct-nne
181 2531 243 2551 sup·-

59 2552 139 2574 mmm
158 2552 179 2573 in
197 2557 243 2579 ερε-
253 2547 312 2581 tuti
335 2557 472 2591 sequens
498 2546 720 2580 subordinatio
751 2546 909 2587 statuitur,
934 2546 981 2580 uti

830 227 1040 252 mNOCENTtUs
1061 229 1090 252 X!
1117 228 1165 253 1³1³.

255 270 417 306 dinatione
442 272 600 306 debentur
625 273 663 307 ad
688 273 759 307 iura
783 275 984 318 parochialia
1027 276 1229 319 superiorum
1255 277 1434 311 directione
1459 285 1565 310 rerum
1596 281 1757 321 tempora-

254 326 492 359 manutenenda
507 327 670 369 postulare
690 332 844 370 poterunt
861 333 892 361 et
912 328 985 361 sub·
1025 328 1102 362 lium
1127 341 1236 363 curam
1269 335 1399 373 gerunt,
1432 335 1467 362 ut
1491 330 1535 363 ita
1569 330 1609 363 ab
1645 329 1755 363 infimo

252 374 327 409 inde
344 377 520 411 debebunt.

295 438 351 463 (211.
377 429 605 474 Unusquisque
637 432 788 468 sacerdos
811 431 983 465 beneficia-

252 487 301 514 tus
319 482 359 515 ad
377 483 634 517 distribuendum
645 485 844 527 pauperibus
857 483 980 527 aliquid

249 534 376 576 habeat,
401 540 436 568 ut
455 546 514 579 pro
539 536 653 569 iisdem
677 536 910 569 convenienter
927 546 979 568 ex-

249 588 419 630 pendatur.
446 588 633 621 Ordinariae
665 594 771 621 tamen
804 589 979 631 eleemosy-

246 650 361 673 narum
376 641 584 683 elargitiones
600 651 665 673 non
681 640 721 673 ab
739 640 887 673 omnibus
908 652 977 683 pas-

246 693 307 726 sim
329 693 416 733 fiant,
435 694 490 727 sed
511 694 550 726 ab
575 703 765 733 oeconomo,
784 698 840 726 ant
856 693 919 727 alio
936 695 975 727 ab

245 756 284 780 eo
307 745 474 789 deputato.

287 807 355 833 (2111.
382 799 469 832 quta
486 799 750 832 constitutionem
767 810 805 832 xx
829 800 976 832 sacerdo-

243 858 309 885 tum
333 863 431 896 super
454 852 634 886 redditibus
659 852 809 885 omnihus
826 858 888 885 tam
906 853 974 885 fixis

242 915 337 948 quarn
362 905 632 945 accidentalibus,
661 905 707 938 uti
732 910 763 937 et
792 915 890 948 super
921 916 974 938 ex-

241 958 351 1002 pensis
382 964 447 992 tam
478 958 651 992 ordinariis
680 969 775 1002 quam
800 958 974 992 extraordi-

240 1011 358 1051 nariis,
391 1011 492 1044 iustus
525 1017 556 1045 et
587 1017 717 1045 exactus
753 1012 897 1045 calculus
933 1011 972 1043 ab

241 1065 393 1098 omnibus
417 1065 604 1099 oeconomis
629 1065 662 1098 in
686 1065 828 1098 manuali
856 1064 922 1097 sive
939 1064 973 1097 li-

239 1117 327 1151 bello
351 1118 491 1162 quodam
515 1118 638 1161 ubique
663 1123 821 1158 teneatur,
847 1118 972 1151 ordina-

241 1177 371 1215 tumque
396 1172 556 1215 quoddam
570 1171 774 1205 ratiocinium
799 1170 970 1214 quotannis

240 1224 280 1257 ab
312 1233 509 1267 unoquoque
540 1234 719 1258 oeconomo
752 1224 792 1258 de
823 1223 971 1257 omnibus

240 1277 382 1320 acceptis
400 1282 432 1310 et
449 1277 597 1320 expensis
615 1277 814 1317 conficiatur,
833 1287 869 1310 ac
882 1282 970 1309 certo

240 1330 313 1363 loco
337 1340 375 1363 ac
406 1335 552 1373 tempore
584 1330 788 1373 praescripto
817 1330 971 1364 exhibea-

240 1391 301 1415 tur.
328 1382 369 1416 Ut
393 1393 468 1417 vero
493 1383 674 1418 ordinatius
706 1383 739 1417 in
764 1384 825 1418 hoc
849 1390 970 1427 puncto

239 1435 442 1478 procedatur,
456 1435 666 1479 particularia
683 1436 853 1471 ratiocinia
869 1447 972 1469 asser-

238 1493 353 1521 ventur
374 1488 410 1521 in
433 1488 544 1531 quovis
568 1489 640 1523 Ioco
663 1489 860 1532 particulari,
879 1489 972 1522 deca-

239 1541 326 1574 nalia
349 1540 382 1574 in
407 1542 479 1574 loco
498 1541 652 1582 decanali,
671 1547 829 1575 extractus
846 1552 971 1575 eorum-

241 1594 314 1627 dem
335 1594 422 1637 apud
445 1603 574 1637 capsam
599 1594 834 1633 dioecesanam,
859 1595 970 1638 sieque

240 1657 345 1691 usque
368 1647 407 1680 ad
432 1648 590 1691 calculum
617 1649 800 1691 generalem
825 1648 970 1680 omnium

241 1711 350 1734 rerum
374 1701 470 1733 huius
494 1700 628 1732 instituti
655 1701 874 1743 procedendo,
896 1711 972 1744 qua-

241 1761 332 1789 tenus
355 1754 577 1798 superioribus
601 1753 806 1787 convenienti
825 1758 971 1797 tempore

241 1809 363 1852 ubique
384 1806 532 1840 exhiberi
556 1806 696 1850 possint.

281 1871 347 1895 (ην.
374 1860 562 1894 Archivium
588 1859 782 1902 particulare
801 1860 833 1892 in
859 1860 970 1903 quovis

240 1917 323 1954 loco,
342 1920 374 1948 et
393 1914 479 1947 aliud
504 1912 536 1945 in
560 1914 633 1946 loco
650 1913 809 1952 decanali,
827 1913 871 1945 uti
892 1918 921 1946 et
939 1913 971 1945 in

241 1967 351 2012 quavis
377 1966 517 2000 dioecesi
543 1971 574 1999 et
593 1965 850 2004 archidioecesi,
875 1975 972 2008 gene-

241 2022 309 2055 rale
326 2020 465 2063 denique
483 2028 541 2062 pro
564 2023 631 2052 toto
652 2018 810 2059 instituto,
827 2019 972 2052 ordinari

242 2074 354 2113 debet3
372 2073 452 2108 itaut
469 2072 501 2105 in
514 2072 762 2115 particularibus
780 2072 973 2105 documenta

242 2126 454 2172 parochialia,
478 2123 672 2168 specificatio
698 2125 900 2165 reddituum,
926 2124 974 2157 in-

243 2179 387 2214 ventaria
410 2188 519 2212 rerum
545 2177 804 2217 domesticarum,
824 2180 887 2210 una
903 2188 974 2210 cum

244 2231 434 2267 inventariis
459 2231 616 2265 librorum
648 2235 680 2263 et
703 2230 839 2270 similia;
866 2230 900 2263 in
925 2241 977 2274 ge-

246 2284 410 2319 neralibus
434 2293 509 2316 vero
527 2282 678 2315 archiviis
694 2283 858 2325 generalia
879 2283 977 2315 docu-

247 2342 356 2372 menta
379 2341 585 2370 asserventur
607 2345 646 2368 eo
671 2335 786 2368 ordine
812 2341 844 2369 et
867 2336 975 2377 modo,

249 2396 284 2423 ut
306 2400 370 2434 pro⁴
391 2389 502 2434 quavis
528 2387 700 2422 occasione
717 2388 826 2421 statim
851 2389 888 2421 ad
915 2399 980 2422 ma·

249 2453 325 2476 num
348 2441 461 2475 haberi
486 2440 626 2484 possint.

295 2503 344 2528 cv.
370 2494 577 2538 Superiorurn
604 2493 699 2526 huius
717 2493 874 2527 clericalis
893 2493 982 2527 insti-

255 2605 287 2635 et
316 2610 587 2639 oeconomorum,
614 2599 670 2642 qui
706 2599 930 2644 dependenter
965 2610 982 2632 a

1023 391 1124 424 usque
1141 383 1180 415 ad
1195 393 1357 416 summum
1376 388 1439 417 tam
1455 383 1642 426 superiores
1659 393 1753 426 quam

1023 435 1192 467 oeconomi
1217 435 1302 468 inter
1326 446 1359 468 se
1384 435 1620 469 connexionem
1645 440 1677 468 et
1700 435 1755 468 de-

1021 485 1120 519 bitam
1147 488 1394 530 dependentium
1410 488 1562 528 hebeant,
1577 488 1753 532 ultimaque

1021 538 1191 581 dispositio
1218 540 1313 573 huius
1338 541 1474 573 instituti
1499 551 1516 573 a
1540 540 1688 583 praeside
1708 551 1754 573 su-

1020 600 1132 633 premo
1157 593 1330 632 derivetur,
1356 598 1392 625 ut
1415 593 1460 626 sic
1485 598 1594 626 mutuo
1618 593 1752 627 consilio

1020 648 1052 675 et
1076 645 1254 678 directione
1278 646 1392 679 ordine
1417 657 1476 679 suo
1501 651 1698 689 peragantur
1717 656 1754 680 ac

1018 696 1260 738 dispensentur.

1061 758 1122 781 cvi.
1151 749 1230 782 Tota
1254 761 1328 783 vero
1353 751 1580 785 subordinatio
1604 756 1667 786 tam
1698 762 1750 785 su-

1017 801 1178 842 periorum
1214 813 1310 845 quam
1336 813 1590 837 oeconomorum
1607 804 1640 836 in
1661 805 1751 847 quin-

1016 864 1077 895 que
1103 854 1255 896 gradibus
1286 865 1500 898 personarum
1531 856 1690 889 consistit.
1716 857 1750 889 In

1015 905 1120 947 primo
1150 913 1224 939 sunt
1247 908 1399 950 superior
1419 907 1575 951 cuiusque
1595 908 1658 941 loci
1675 917 1749 952 par-

1016 958 1161 991 ticularis
1187 956 1221 990 1'11
1261 961 1405 993 secundo
1430 960 1582 1004 superior
1611 961 1748 994 alicuius

1015 1011 1186 1044 districtus
1205 1013 1368 1046 decanalis
1401 1018 1434 1046 et
1463 1021 1679 1053 oeconomus;
1716 1014 1749 1046 in

1015 1063 1109 1096 tertio
1137 1072 1271 1107 praeses
1301 1070 1333 1097 et
1356 1075 1554 1098 oeconomus
1585 1065 1748 1099 dioecesa-

1014 1126 1090 1155 nus;
1116 1116 1148 1148 in
1173 1122 1305 1159 quarto,
1324 1118 1379 1150 ubi
1398 1118 1564 1151 dioeceses
1590 1120 1748 1162 quaedam

1013 1170 1337 1212 correspondentiam
1350 1171 1482 1210 habent,
1494 1181 1627 1214 praeses
1645 1172 1747 1205 archi-

1013 1221 1228 1256 dioecesanus
1253 1228 1285 1256 et
1315 1232 1533 1263 oeconomus;
1567 1224 1600 1257 in
1635 1225 1749 1268 quinto

1013 1275 1151 1318 denique
1176 1285 1347 1318 supremus
1377 1277 1474 1309 totius
1497 1277 1636 1310 instituti
1657 1288 1749 1321 prae-

1013 1338 1062 1360 ses
1094 1338 1167 1360 cum
1203 1338 1262 1361 suo
1303 1339 1503 1362 oeconomo:
1530 1330 1586 1372 qui
1609 1340 1723 1363 omnes
1741 1357 1748 1370 ‚

1013 1385 1173 1422 quatenus
1197 1391 1215 1414 a
1240 1381 1522 1414 reverendissimis
1538 1382 1677 1415 dominis
1692 1382 1748 1415 Or-

1014 1433 1148 1468 dinariis
1174 1433 1239 1466 suis
1258 1434 1474 1476 dependeant,
1494 1435 1632 1467 habetur
1651 1445 1749 1478 supra

1013 1496 1101 1519 num.
1128 1495 1251 1525 Lxxxv1,
1276 1486 1356 1519 etin
1381 1487 1593 1530 sequentibus
1627 1488 1746 1521 clarius

1014 1539 1197 1582 exponitur.

1058 1602 1133 1626 cv11.
1159 1592 1238 1630 Quia
1261 1592 1373 1626 cleriei
1391 1598 1422 1626 et
1439 1593 1624 1627 sacerdotes
1649 1593 1747 1628 huius
1784 1612 1939 1639 nemmem„

1758 1641 1779 1659 et
1788 1645 1889 1665 cutibquc
1900 1640 1940 1660 loci

1758 1666 1891 1691 pantu-utaris
1910 1666 1940 1686 di-

1759 1695 1860 1713 rectione.

1013 1645 1151 1678 instituti
1168 1656 1227 1688 per
1242 1655 1343 1689 pagos
1361 1651 1393 1679 et
1407 1646 1545 1689 oppida,
1562 1647 1595 1680 in
1611 1648 1746 1681 salutem

1014 1698 1126 1742 populi
1152 1698 1302 1741 dispersi,
1332 1699 1410 1739 hini,
1441 1699 1524 1731 terni
1556 1700 1605 1733 vel
1637 1701 1746 1743 plures

1014 1751 1204 1784 colmbitare
1234 1752 1353 1791 solent,
1389 1751 1514 1785 divisim
1545 1752 1578 1785 in
1613 1752 1749 1796 singulis

1014 1805 1092 1838 locis
1117 1804 1332 1847 superioritas
1356 1809 1388 1837 et
1411 1804 1610 1838 interioritas
1633 1806 1749 1840 eonsti-

1014 1861 1124 1890 tuatur
1148 1866 1278 1889 necesse
1303 1862 1361 1896 est,
1385 1862 1421 1888 ut
1444 1856 1636 1900 disciplinae
1661 1858 1750 1891 debi-

1014 1915 1080 1943 tum
1094 1909 1330 1942 observationis
1338 1909 1483 1943 effectum
1493 1909 1655 1951 sortiatur,
1672 1910 1748 1944 dum

1015 1973 1127 1996 omncs
1156 1962 1212 1995 uni
1250 1962 1283 1995 in
1316 1962 1430 2005 quovis
1466 1962 1650 2005 particulari
1678 1963 1749 1997 loco

1015 2016 1189 2056 obediunt;
1215 2025 1311 2059 quam
1340 2015 1578 2058 superioritatis
1601 2015 1751 2050 directio-

1015 2080 1090 2103 nem
1114 2073 1274 2112 perpetuo
1292 2068 1318 2100 is
1335 2067 1488 2108 habebit,
1508 2067 1562 2111 qui
1582 2069 1749 2111 parochus

1017 2123 1081 2156 sive
1096 2121 1283 2166 principalis
1292 2119 1503 2153 beneficiatus
1522 2120 1750 2165 cuiuscumque

1017 2176 1082 2209 loci
1102 2186 1161 2219 pro
1182 2179 1329 2217 tempore
1347 2174 1503 2207 extiterit.

1063 2227 1231 2262 cv111.Cui
1264 2226 1404 2271 proinde
1442 2236 1509 2259 non
1544 2227 1648 2260 solum
1684 2231 1751 2261 tota

1018 2281 1149 2320 familia,
1173 2290 1286 2313 verum
1311 2279 1413 2322 magis
1432 2278 1542 2312 clerici
1565 2280 1750 2313 cohabitan-

1020 2340 1066 2367 tes
1081 2361 1088 2374 ‚
1111 2334 1145 2366 in
1169 2332 1320 2367 omnibus
1345 2342 1425 2375 quae
1456 2331 1662 2365 rationabilia
1700 2343 1751 2366 se-

1020 2388 1163 2421 cundum
1186 2387 1288 2420 Deum
1313 2385 1444 2425 suerint,
1461 2389 1526 2418 tam
1550 2385 1583 2418 in
1604 2385 1752 2429 spiritua-

1022 2441 1105 2474 libus
1140 2449 1234 2483 quam
1276 2437 1508 2482 temporalibus
1529 2464 1537 2478 ,
1575 2439 1752 2472 secundum

1022 2492 1220 2538 praescripta
1236 2491 1332 2524 huius
1348 2490 1508 2524 clericalis
1524 2491 1663 2524 instituti
1681 2492 1753 2525 obe-

1023 2546 1124 2579 dient.
1150 2544 1208 2583 Qui
1236 2549 1346 2578 tamen
1378 2554 1444 2576 non
1479 2543 1585 2577 omnia
1620 2545 1752 2587 proprio

1023 2604 1111 2631 motu
1136 2597 1295 2642 disponet,
1328 2597 1386 2630 sed
1418 2606 1552 2630 suorum
1581 2595 1754 2631 consilium

1655 218 1719 254 559
1765 229 1813 256 An.
1831 231 1859 257 C.
1885 232 1946 259 tosa
