2111 3157
191 216 241 246 An.
257 215 288 246 C.
311 215 380 246 ¹675
423 207 466 242 Μ-

221 2447 304 2467 tir-»cuo
321 2449 342 2467 ut
359 2452 378 2466 in

193 2475 288 2497 rubrica.

385 278 509 309 sanam,
532 268 687 311 oppidum
712 267 911 311 praedictum
935 267 972 298 de
993 266 1119 304 Olinda,

386 332 458 354 cum
484 322 539 354 sua
566 321 705 354 dioecesi
732 330 767 352 ac
792 320 886 351 etiam
905 320 991 351 clero
1010 322 1040 350 et
1064 328 1122 361 po-

386 376 485 418 pulo,
512 375 551 407 ab
577 373 813 417 archiepiscopi
840 372 933 404 etiam
959 381 1020 414 pro
1042 376 1123 403 tem-

386 439 468 472 pore
494 427 682 467 existentis,
711 426 838 468 capituli
869 436 906 457 ac
939 424 1122 467 praedictae

388 481 545 514 ecclesiae
570 481 600 513 S.
628 479 800 512 Salvatoris
832 478 951 510 Bahiae
977 477 1124 520 superio-

387 534 494 571 ritate‚
514 532 748 571 iurisdictione,
763 535 934 574 potestate,
950 529 1124 562 subiectio-

387 597 446 625 ne,
473 586 654 618 visitatione
680 590 712 617 et
736 584 950 622 correctione,
976 582 1122 616 moderni

387 639 585 672 venerabilis
611 639 707 671 etiam
739 638 845 670 fratris
871 637 972 670 nostri
999 636 1124 669 archie-

388 693 514 736 piscopi
532 692 792 736 Ulyssiponensis
808 692 847 724 ad
866 692 928 723 hoc
949 690 1122 723 accedente

389 756 569 784 consensu,
594 755 726 788 prorsus
756 744 930 776 exemimus
956 748 987 775 et
1010 742 1125 774 libera-

390 799 512 838 vimus,
540 808 665 831 necnon
694 797 862 830 ecclesiam
896 796 926 829 S.
954 794 1124 828 Salvatoris

389 851 521 890 Bahiae,
548 856 636 883 certo
662 855 737 882 tunc
762 860 917 892 expresso
946 849 1042 881 modo
1072 858 1125 890 pa-

389 905 486 937 storis
512 905 628 937 solatio
654 904 850 943 destitutam,
878 904 909 935 in
934 901 1123 944 metropoli-

391 963 506 997 tanam,
522 962 553 990 et
566 957 676 990 sedem
690 956 908 1000 episcopalem
924 956 954 987 in
969 953 1125 997 archiepi-

390 1012 566 1053 scopalem,
584 1008 936 1051 archiepiscopalisque
963 1012 995 1039 et
1012 1011 1126 1039 metro-

390 1064 555 1107 politanae
582 1063 738 1096 ecclesiae
754 1063 863 1094 sedem
885 1067 917 1094 et
941 1060 1124 1103 provinciae

390 1122 497 1160 caput,
526 1127 586 1159 pro
611 1126 673 1148 uno
699 1115 946 1157 archiepiscopo
967 1114 997 1146 S.
1017 1114 1125 1146 Salva-

392 1170 470 1202 toris
495 1169 613 1201 Bahiae
631 1168 860 1210 nuncupando,
879 1177 1005 1199 necnon
1032 1166 1125 1209 oppi-

391 1223 466 1255 dum
488 1222 526 1254 de
545 1221 660 1253 Olinda
685 1219 887 1263 praedictum
913 1220 944 1251 in
963 1219 1122 1251 civitatem

390 1280 422 1307 et
446 1274 617 1307 ecclesiam
644 1273 702 1305 sub
728 1272 930 1304 invocatione
960 1272 991 1304 S.
1019 1272 1125 1304 Salva-

390 1327 468 1360 toris
493 1326 637 1359 eiusdem
663 1325 774 1368 oppidi
801 1325 839 1357 de
865 1324 980 1357 Olinda
1015 1324 1047 1356 in
1073 1335 1124 1357 ca-

392 1381 579 1419 thedralem,
605 1389 665 1422 pro
683 1389 748 1410 uno
772 1378 926 1420 episcopo
953 1378 991 1409 de
1009 1377 1124 1410 Olinda

389 1432 618 1475 nuncupando,
632 1432 685 1474 qui
703 1431 953 1473 archiepiscopo
970 1430 1001 1463 S.
1017 1430 1124 1463 Salva-

391 1486 468 1518 toris
487 1485 605 1517 Bahiae
630 1495 689 1527 pro
715 1488 862 1526 tempore
887 1483 1034 1516 existenti
1059 1494 1125 1517 me-

392 1538 577 1581 tropolitico
595 1537 664 1569 iure
683 1536 793 1575 subsit,
810 1537 971 1568 ereximus
985 1541 1015 1568 et
1036 1536 1125 1568 insti-

391 1592 527 1632 tuimus3
554 1601 681 1623 necnon
705 1590 734 1623 S.
759 1589 931 1622 Salvatoris
954 1591 993 1622 de
1011 1589 1124 1622 Olinda

390 1645 546 1678 ecclesiae
556 1643 573 1685 ¹,
593 1644 638 1677 sic
656 1644 688 1676 in
714 1644 936 1676 cathedralem
957 1643 1123 1676 ecclesiam

391 1703 514 1731 erectae
525 1697 544 1737 ⁴²,
560 1697 716 1740 oppidum
731 1697 770 1729 de
784 1696 898 1729 Olinda
911 1696 1124 1739 praedictum,

391 1751 436 1782 sic
453 1750 486 1783 in
504 1750 662 1783 civitatem
681 1755 839 1789 erectum,
864 1761 922 1792 pro
940 1750 1074 1790 civitate,
1094 1756 1125 1782 et
1145 1772 1146 1776 ,

390 1803 452 1836 alia
477 1803 606 1846 oppida,
636 1808 746 1839 castra,
775 1803 879 1842 villas,
905 1802 1069 1836 territoria
1094 1808 1124 1835 ct

391 1857 555 1890 districtus
577 1856 680 1889 dictae
705 1856 889 1899 provinciae
911 1857 949 1889 de
975 1856 1124 1889 Pernam-

390 1912 472 1943 buco
498 1910 535 1942 ab
560 1911 640 1942 Arce
666 1910 763 1942 Seara
786 1909 941 1942 inclusive
960 1921 1017 1952 per
1034 1921 1123 1943 oram

389 1963 584 1995 maritimam
620 1968 651 1994 et
682 1967 800 1994 terram
832 1962 917 1994 intus
951 1973 1052 2005 usque
1085 1963 1122 1995 ad

389 2015 507 2047 flumen
533 2015 564 2047 S.
586 2014 759 2055 Francisci,
780 2015 867 2057 quod
889 2015 1043 2047 inserviet
1064 2026 1124 2058 pro

391 2068 528 2101 termino
557 2068 642 2100 inter
675 2067 851 2100 dioecesim
884 2068 923 2100 de
955 2067 1069 2101 Olinda
1093 2074 1125 2101 et

392 2121 566 2154 dioecesim
583 2121 614 2154 S.
631 2121 803 2154 Salvatoris
821 2121 859 2153 de
874 2121 982 2161 Bahia,
997 2132 1056 2164 pro
1070 2124 1124 2154 sua

391 2174 546 2213 dioecesi,
565 2179 596 2206 et
612 2173 699 2206 illins
716 2175 850 2213 clerum,
877 2174 1010 2214 incolas,
1038 2175 1125 2207 habi-

390 2232 511 2259 tatores
533 2231 563 2259 et
579 2228 734 2269 populum
752 2237 811 2270 pro
829 2227 894 2259 suis
915 2228 1002 2260 clero
1021 2233 1053 2260 et
1070 2239 1125 2271 po-

390 2281 467 2323 pulo
485 2279 699 2312 concessimus
717 2284 749 2312 et
765 2280 1007 2322 assignavimus,
1029 2286 1124 2323 prout

390 2332 487 2364 etiam
505 2331 536 2363 in
555 2331 686 2364 diversis
711 2332 806 2365 etiam
831 2333 988 2365 consectis
1009 2333 1124 2365 litteris

390 2384 519 2428 plenius
544 2385 749 2425 continetur;

433 2438 448 2481 g
473 2437 505 2470 3.
532 2437 658 2470 Dictum
697 2438 852 2481 oppidum
884 2439 915 2472 S.
942 2439 1122 2472 Sebastiani

426 2519 435 2544 ¹l
456 2518 532 2551 Male,
548 2522 577 2545 ut
593 2521 665 2554 patet
679 2527 711 2546 ex
727 2527 814 2554 seqq.‚
830 2519 894 2546 edit.
911 2520 993 2547 Main.
1009 2520 1071 2555 legit
1084 2529 1123 2547 ec-

387 2563 473 2590 clesia
489 2571 537 2597 pro
552 2564 684 2590 ecclesiae
697 2564 741 2597 ,(n.
758 2564 807 2597 τ.).

423 2608 439 2634 2
455 2607 519 2634 ltem
536 2607 605 2634 male
622 2607 715 2634 eadem
731 2608 795 2635 edit.
812 2608 875 2643 legit
891 2612 981 2636 erecta
998 2609 1038 2645 (u.
1054 2610 1103 2645 T.).

959 217 1031 241 ΒΓΗ
1043 217 1138 240 antrat
1163 217 1225 240 nott
1232 217 1315 240 ANUM

1164 266 1340 308 episcopali
1357 270 1388 298 et
1405 264 1541 298 civitatis
1563 266 1830 299 denominatione
1852 265 1904 299 ⁴et

1166 319 1258 352 titulo
1277 319 1411 361 dignum
1436 319 1627 359 iudicantes,
1650 319 1689 352 de
1711 320 1902 352 eorumdem

1167 373 1298 405 fratrum
1316 378 1500 405 nostrorum
1525 371 1556 404 S.
1575 371 1612 404 R.
1632 371 1666 404 E.
1690 373 1901 405 cardinalium

1166 426 1301 458 consilio
1316 431 1346 458 et
1366 435 1499 457 assensu
1520 424 1690 463 similibus,
1707 435 1743 457 ac
1764 425 1802 457 de
1825 436 1903 468 apo-

1166 479 1298 511 stolieae
1313 477 1483 521 potestatis
1497 477 1712 520 plenitudine,
1727 487 1762 509 ac
1777 477 1903 520 praedi-

1167 538 1216 564 cto
1233 532 1324 564 Petro
1339 531 1485 574 principe
1507 535 1539 563 et
1563 531 1782 572 gubernatore
1797 530 1903 563 humi-

1168 586 1243 617 liter
1267 584 1481 627 supplicante,
1498 583 1654 626 oppidum
1671 583 1702 616 S.
1722 583 1903 616 Sebastiani

1168 638 1377 681 praedictum,
1399 647 1469 669 cum
1488 637 1582 669 certis
1600 636 1748 672 terminis
1766 636 1903 670 inferius

1168 690 1390 734 specifiraudis
1416 696 1447 723 et
1477 690 1573 722 certis
1599 689 1756 722 limitibus
1781 690 1900 723 distin.-

1169 745 1315 786 guendis,
1333 744 1371 776 ab
1390 744 1501 776 eadem
1519 743 1661 776 dioecesi
1682 743 1712 776 S.
1732 743 1903 776 Salvatoris

1170 798 1298 837 Bahiae,
1317 798 1361 830 ita
1378 797 1460 840 quod
1481 796 1617 839 posthac
1634 802 1699 829 tres
1717 796 1798 830 inibi
1814 796 1904 829 dioe-

1168 861 1258 883 ceses
1272 850 1417 889 existant,
1433 849 1623 881 auctoritate
1642 848 1819 892 apostolica
1830 859 1904 892 per-

1168 909 1264 946 petuo
1289 913 1505 945 segregamus,
1533 902 1703 935 dividimus
1724 906 1755 934 et
1772 912 1901 944 separa-

1169 967 1238 988 mus
1254 983 1261 997 ,
1300 956 1420 998 illaque
1462 955 1571 987 omnia
1607 966 1623 987 a
1658 965 1718 998 pro
1755 960 1902 998 tempore

1168 1009 1333 1041 existentis
1370 1008 1606 1051 archiepiscopi
1643 1014 1675 1041 et
1708 1008 1840 1052 capituli
1866 1017 1903 1041 ao

1167 1062 1350 1104 praedictae
1368 1061 1525 1094 ecclesiae
1543 1061 1811 1104 Ulyssiponensis,
1830 1071 1904 1095 nec-

1168 1124 1245 1150 non,
1272 1114 1378 1156 quoad
1403 1115 1509 1155 legem
1534 1114 1769 1155 dioecesanam,
1794 1114 1825 1147 S.
1848 1114 1903 1147 Se-

1167 1167 1305 1199 bastiani
1332 1166 1486 1209 oppidum
1511 1166 1729 1209 praedictum,
1756 1177 1827 1199 cum
1852 1167 1902 1199 in-

1168 1220 1334 1263 frascripta
1362 1222 1419 1252 sua
1448 1219 1591 1252 dioecesi
1617 1230 1653 1252 ac
1686 1219 1782 1252 etiam
1813 1220 1900 1252 clero

1167 1278 1198 1306 et
1223 1274 1358 1316 populo,
1383 1274 1421 1305 ab
1443 1272 1684 1316 archiepiscopi
1700 1271 1710 1288 ³
1737 1283 1797 1315 pro
1823 1277 1902 1305 tern-

1166 1337 1244 1369 pore
1281 1326 1449 1358 existentis
1484 1336 1521 1358 ac
1545 1325 1675 1368 capituli
1708 1335 1745 1357 ac
1778 1325 1903 1368 pariter

1166 1380 1321 1412 ecclesiae
1347 1379 1377 1411 S.
1405 1379 1577 1411 Salvatoris
1603 1378 1722 1411 Bahiae
1753 1378 1902 1421 superio-

1166 1433 1269 1473 ritate,
1296 1432 1530 1472 iurisdictione,
1555 1436 1716 1475 potestate
1741 1437 1773 1464 et
1796 1441 1903 1464 corre-

1166 1485 1282 1525 ctione,
1308 1489 1431 1518 attento
1457 1495 1614 1518 consensu
1639 1485 1716 1518 dicti
1751 1484 1901 1517 moderni

1166 1539 1403 1581 archiepiscopi
1442 1538 1701 1581 Ulyssiponensis
1717 1564 1724 1578 ‚
1765 1548 1899 1581 prorsus

1166 1591 1336 1624 eximimus
1349 1597 1381 1623 et
1394 1591 1582 1631 liberamus3
1601 1601 1730 1624 necnon
1745 1591 1900 1634 oppidum

1166 1645 1363 1688 praedictum
1382 1645 1412 1677 S.
1432 1644 1608 1677 Sebastiam
1627 1644 1659 1677 in
1678 1643 1851 1685 civitatem,
1869 1649 1901 1677 et

1165 1698 1386 1741 parochialem
1399 1697 1568 1730 ecclesiam
1582 1697 1612 1729 S.
1629 1696 1803 1729 Salvatoris
1821 1697 1902 1729 eius·

1165 1751 1238 1783 dem
1262 1749 1293 1782 S.
1320 1749 1501 1782 Sebastiani
1537 1748 1693 1792 praedicti
1723 1748 1836 1792 oppidi
1867 1749 1901 1781 in

1166 1803 1404 1842 cathedralem,
1431 1813 1489 1845 pro
1513 1812 1579 1834 uno
1605 1801 1762 1845 episcopo
1787 1801 1819 1834 S.
1846 1801 1901 1835 Se-

1165 1857 1303 1889 bastiani
1328 1855 1556 1899 nuncupando,
1576 1855 1632 1898 qui
1652 1854 1698 1887 illi
1716 1854 1901 1898 praesideat

1165 1915 1198 1942 et
1220 1909 1306 1941 illius
1332 1914 1506 1941 structuras
1531 1913 1563 1940 et
1587 1907 1733 1940 aedificia
1753 1908 1900 1950 ampliari

1165 1967 1196 1995 et
1220 1963 1258 1994 ad
1277 1962 1412 1994 sormam
1429 1961 1664 1993 cathedralium
1688 1961 1901 1994 ecclesiarum

1164 2015 1267 2057 redigi
1292 2014 1396 2054 saciat,
1422 2019 1453 2046 et
1472 2013 1505 2045 in
1523 2013 1627 2046 dicta⁸
1644 2008 1780 2046 ecclesia
1797 2012 1828 2046 S.
1848 2013 1902 2046 Se—

1164 2068 1302 2101 bastiani
1325 2075 1357 2101 et
1379 2067 1505 2100 civitate
1535 2068 1667 2110 eiusque
1693 2067 1836 2100 dioecesi
1854 2072 1901 2100 tot

1166 2123 1358 2165 dignitates,
1383 2121 1589 2154 canonicatus
1613 2126 1645 2154 et
1674 2121 1878 2164 praebendas
1893 2147 1900 2161 ,

1166 2176 1292 2218 aliaque
1310 2174 1468 2208 beneficia
1482 2174 1713 2215 ecclesiastica,
1730 2185 1803 2207 cum
1824 2176 1901 2207 cura

1166 2235 1197 2261 et
1221 2229 1289 2261 sine
1310 2229 1396 2269 cura,
1415 2233 1494 2270 quot
1512 2228 1543 2259 in
1561 2227 1607 2260 eis
1626 2238 1686 2271 pro
1706 2227 1814 2260 divino
1836 2228 1901 2260 cul-

1168 2287 1199 2314 tu
1224 2287 1256 2314 et
1280 2281 1382 2314 dictae
1401 2280 1558 2313 ecclesiae
1576 2280 1606 2313 S.
1627 2280 1809 2313 Sebastiani
1830 2290 1901 2313 ser-

1164 2336 1241 2368 vitio
1272 2340 1303 2367 et
1333 2334 1542 2367 ecclesiastici
1580 2333 1658 2367 cleri
1688 2334 1805 2367 decore
1837 2333 1900 2377 ipsi

1165 2388 1318 2431 episcopo
1343 2387 1373 2420 S.
1397 2386 1575 2420 Sebastiani
1601 2386 1799 2420 videbuntur
1822 2396 1901 2419 con-

1200 2476 1211 2502 1
1234 2475 1353 2502 Pessime
1378 2475 1473 2502 eadem
1496 2474 1560 2502 edit.
1584 2474 1648 2510 legit
1668 2474 1824 2501 donatione
1850 2481 1900 2509 pro

1164 2520 1399 2548 denominatione
1418 2520 1455 2555 (n.
1471 2520 1521 2554 T.).

1199 2565 1215 2591 Ξ
1235 2564 1375 2592 Coniunct.
1397 2567 1422 2592 et
1442 2564 1503 2591 hinc
1523 2564 1663 2592 abiicimus
1682 2565 1722 2599 (R.
1739 2564 1787 2598 T.).

1199 2610 1215 2637 3
1230 2610 1316 2645 Supra
1332 2610 1357 2635 in
1375 2610 1432 2637 loro
1448 2609 1575 2645 parallelo
1592 2609 1688 2644 legitur
1703 2609 1787 2638 (lictis
1801 2607 1898 2644 (uxta).

1910 214 1959 243 An.
1976 215 2006 244 C.
2029 215 2098 244 10¹7ss
