2111 3157
51 197 100 227 An.
115 196 144 226 C.
167 198 233 226 1686

75 311 162 333 Decreta
177 312 230 332 refe-

49 341 122 359 runtur
158 344 229 358 sacra·

47 370 91 385 rum
111 364 228 391 eongx-ega-

48 391 134 412 tionum.

818 204 1028 228 INNtitcENTtL'S
1050 205 1079 228 Xl
1105 206 1171 230 PP.·

240 249 317 282 lium
343 249 507 283 decretum
533 251 653 284 tenoris
679 252 855 295 sequentis,
878 252 968 285 vide-

240 303 328 337 licet.
360 316 374 335 (ι
398 304 493 337 Sacra
518 304 726 347 Congregatio
759 305 972 338 eminentissi-

238 368 363 391 morum
388 357 419 390 S.
440 358 475 390 R.
495 358 528 390 E.
553 357 765 391 cardinalium
778 359 916 400 negotiis
941 364 972 390 et

237 413 527 446 consultationibus
549 412 774 455 episcoporum
799 418 830 445 et
850 413 971 453 regula-

236 465 321 498 rium
344 465 540 508 praeposita,
566 467 686 497 attenta
717 465 906 498 remissione
933 464 970 497 li-

234 517 314 551 belli
346 528 404 561 per
439 517 676 551 sanctissimum
714 518 880 550 dominum
913 528 969 550 no-

233 578 334 605 strum
374 572 478 611 facta,
511 572 671 604 referente
711 572 967 605 eminentissimo

232 624 423 663 Norfolclie,
455 624 581 658 censuit
612 624 717 657 danda
746 634 816 657 esse
848 625 965 657 oratori

233 679 363 711 decreta
387 675 462 711 alias
488 678 582 716 edita,
610 687 726 719 nempe
755 688 853 721 super
872 689 966 721 prae-

231 731 337 764 missis
367 731 556 764 servandam
587 740 657 762 esse
690 730 866 772 praefatam
891 741 965 764 con-

231 784 431 817 stitutionem
463 788 592 816 sanctae
623 783 797 816 memoriae
820 783 964 817 Clemen-

183 826 186 829 “
230 837 270 870 tis
293 836 354 876 Vll,
378 842 473 879 prout
496 836 678 879 praesentis
704 836 827 869 decreti
854 843 963 870 tenore

229 889 359 923 omnino
387 888 506 921 servari
534 889 662 921 mandat
679 895 711 922 et
735 889 904 932 praecipit.
920 911 963 914 —

228 942 347 976 Romae
364 952 461 975 xxviu
478 942 581 974 martii
600 952 832 975 nnetxxxw—
845 942 879 975 G.
900 953 962 975 car-

229 995 345 1029 dinalis
371 995 558 1028 CARP1NEL'S.
579 995 612 1028 B.
633 995 842 1029 Psiscimcrs
858 1006 962 1029 secre-

227 1048 326 1081 tarius
350 1060 381 1080 ».
409 1048 519 1087 Porro,
540 1058 611 1080 cum
637 1048 740 1082 dictus
773 1048 960 1081 Franciscus

226 1101 323 1134 Maria
346 1106 534 1144 procurator
558 1101 719 1143 generalis
754 1108 961 1144 praenarrata

226 1154 348 1196 pariter
372 1153 575 1197 exposuisset
599 1153 847 1196 Congregationi
872 1164 960 1187 vene-

224 1207 375 1240 rabilium
399 1206 494 1239 etiam
519 1207 651 1239 fratrum
670 1211 854 1240 nostrorum
879 1208 960 1240 eius-

225 1259 298 1292 dem
322 1259 353 1292 S.
372 1259 410 1292 R.
428 1260 463 1292 E.
490 1259 699 1292 cardinalium
731 1270 829 1302 super
848 1260 959 1293 immu-

224 1312 322 1345 nitate
355 1312 572 1344 ecclesiastica
598 1317 629 1344 et
653 1312 879 1345 controversiis
911 1313 958 1345 iu-

222 1364 496 1398 risdictionalibus
519 1365 760 1408 deputatorum,
785 1365 865 1398 haec
882 1365 956 1399 Con-

221 1418 365 1460 gregatio
399 1418 535 1458 censuit,
574 1418 680 1451 danda
719 1429 788 1451 esse
826 1419 956 1452 decreta

221 1471 384 1504 anteriora
419 1472 538 1505 tenoris
574 1472 628 1515 qui
661 1471 818 1515 sequitur,
842 1473 956 1506 videli-

219 1529 282 1556 cet:
314 1536 327 1555 «
352 1524 447 1557 Sacra
471 1524 686 1567 congregatio
711 1535 809 1568 super
840 1525 955 1559 immu-

219 1577 318 1611 nitate
343 1582 373 1610 et
396 1578 621 1610 controversiis
645 1578 953 1612 iurisdictionalibus

217 1630 329 1663 habita
353 1631 412 1663 sub
431 1630 481 1664 die
500 1641 568 1664 xxvi
593 1631 697 1664 martii
718 1631 950 1672 unctxxxvluss

217 1683 301 1717 circa
325 1684 470 1726 exposita
494 1683 525 1716 in
547 1685 709 1727 praesenti
731 1685 852 1725 libello,
875 1686 953 1719 dixit

176 1726 179 1727 ⁷
217 1735 322 1768 danda
347 1746 418 1769 esse
443 1736 582 1776 decreta,
608 1742 642 1769 ut
672 1737 766 1777 infra,
794 1738 844 1770 die
881 1749 950 1772 xxxl

214 1788 289 1821 maii
303 1795 471 1822 Mnexxxix.
490 1789 662 1822 Fanensis:
678 1796 721 1833 pr,
737 1791 879 1824 vincialis
893 1792 950 1824 fra-

214 1847 299 1875 trum
315 1842 470 1875 Minorum
488 1842 713 1876 observantiae
732 1844 832 1877 sancti
853 1845 950 1878 Fran-

214 1895 308 1936 cisci·‚
324 1906 423 1935 sacra,
445 1901 518 1935 etc„
536 1896 661 1929 censuit
683 1897 948 1939 respondendum

214 1949 378 1992 episcopo,
403 1954 446 1988 ut,
473 1949 578 1991 quoad
603 1950 839 1992 exemptionem
875 1961 948 1994 syn-

213 2001 276 2036 dici
300 2002 434 2035 fratrum
458 2002 614 2035 Minorum
639 2002 868 2038 Observantiae
885 2004 946 2037 loci

213 2057 252 2091 de
275 2056 465 2095 Cortocetto‚
492 2056 664 2089 observare
696 2056 789 2089 faciat
824 2058 945 2090 Bullam

211 2110 383 2144 Clementis
408 2109 467 2147 vlt,
494 2109 519 2141 si
544 2109 577 2141 in
602 2119 640 2142 eo
665 2116 859 2142 concurrant
896 2121 945 2144 rc-

211 2163 328 2208 quisita
352 2162 496 2195 eiusdem
521 2162 647 2202 Bullae;
667 2163 717 2195 dic
734 2172 798 2195 xvu
816 2173 945 2196 novem-

209 2217 276 2250 bris
310 2226 453 2251 mncxxu.
481 2215 660 2248 Perusina:
688 2215 803 2248 fratres
840 2217 942 2249 sancti

209 2269 369 2304 Francisci
394 2269 551 2302 Minorum
576 2268 615 2300 de
640 2267 866 2308 Observantia;
898 2279 964 2302 sa-i

209 2334 271 2363 cra,
289 2328 362 2362 etc„
380 2321 505 2355 censuit
528 2321 717 2354 servandam
736 2331 806 2354 esse
821 2321 942 2356 Bullam

209 2376 380 2411 Clementis
405 2375 454 2408 vtt
490 2375 574 2408 circa
598 2374 802 2417 privilegium
827 2375 885 2408 fori
911 2381 943 2409 et

208 2420 428 2473 exemptiones
452 2428 656 2471 syndicorum
687 2433 719 2460 et
754 2433 942 2470 procurato-

206 2492 279 2516 rum
301 2481 430 2515 Ordinis
453 2481 610 2514 Minorum
644 2480 745 2513 sancti
780 2481 941 2515 Francisci

1014 253 1168 287 Fanensis
1187 253 1375 298 episcopus:
1390 266 1428 288 an
1450 256 1600 300 syndicus
1615 257 1746 292 fratrum

1015 306 1169 340 Minorum
1194 308 1233 341 de
1262 305 1470 342 Observantia
1498 310 1598 343 sancti
1620 311 1747 344 Franci-

1014 359 1059 391 sci
1084 361 1224 402 gaudere
1251 362 1367 395 debeat
1394 363 1563 406 privilegio
1588 364 1668 404 f0ri3
1695 375 1745 398 sa-

1012 422 1084 451 cra,
1111 418 1185 453 etc.,
1209 415 1333 447 censuit
1368 416 1553 450 huiusmodi
1578 419 1745 462 syndicum

1011 466 1151 506 gaudere
1182 467 1352 510 privilegio
1385 469 1444 502 fori
1480 469 1566 503 iuxta
1591 473 1745 506 constitu-

1012 518 1130 553 tionem
1165 520 1335 555 Clementis
1369 523 1439 562 VH,
1473 524 1524 557 die
1559 537 1635 560 xxm
1668 528 1743 561 maii

1009 582 1140 605 tumxw.
1174 574 1342 607 Romana:
1373 582 1466 619 pater
1503 579 1742 614 commissarius

1009 626 1169 665 generalis
1194 626 1306 660 Curiae
1333 630 1472 671 quaerit,
1498 641 1536 663 an
1562 634 1686 675 syndici
1711 640 1743 667 et

1008 684 1232 719 procuratores
1253 681 1420 722 apostolici
1438 690 1651 718 conventuum
1664 697 1741 720 suae

1007 730 1172 772 religionis
1190 733 1351 773 gaudeant
1368 734 1536 777 privilegio
1554 738 1627 776 fori,
1647 740 1741 774 etiam

1006 782 1038 815 in
1069 784 1172 816 causis
1207 789 1269 816 tani
1302 785 1449 819 civilibus
1483 794 1514 820 et
1544 790 1650 823 mixtis
1676 803 1741 826 mo-

1008 836 1045 868 tis
1070 842 1143 869 ante
1162 837 1398 871 institutionem
1423 840 1604 877 officiorum
1624 844 1741 879 virtute

1006 889 1114 922 Bullae
1148 889 1319 923 Clementis
1361 892 1462 925 felicis
1508 897 1741 931 recordationis

1004 942 1106 984 Papae
1130 943 1199 983 Vtt;
1226 954 1314 976 sacra
1338 943 1568 989 Congregatio,
1593 955 1665 989 etc.,
1692 961 1741 984 re-

1004 996 1155 1038 spondit,
1188 997 1338 1039 syndicos
1374 1005 1586 1034 conventuum
1611 1002 1740 1037 Ordinis

1004 1048 1138 1080 fratrum
1163 1049 1321 1082 Minorum
1347 1050 1385 1083 de
1403 1050 1610 1086 Observantia
1635 1057 1738 1089 sancti

1003 1100 1162 1133 Francisci
1189 1112 1224 1134 ex
1251 1103 1342 1135 Bulla
1373 1104 1476 1137 felicis
1500 1108 1737 1142 recordationis

1002 1153 1174 1187 Clementis
1214 1155 1262 1187 VII
1294 1156 1435 1198 gaudere
1471 1158 1638 1202 privilegio
1678 1161 1738 1195 fori

1002 1211 1064 1239 tarn
1089 1207 1121 1239 in
1146 1207 1249 1240 causis
1274 1208 1421 1242 civilibus
1458 1222 1554 1254 quam
1590 1213 1738 1248 crimina-

1001 1260 1084 1293 libus
1111 1266 1142 1294 et
1165 1261 1271 1294 mixtis
1297 1263 1394 1295 etiam
1414 1264 1507 1297 motis
1526 1271 1598 1299 ante
1623 1278 1736 1302 eorum

1000 1313 1243 1356 deputationem
1267 1324 1323 1348 seu
1348 1316 1583 1351 institutionem
1607 1320 1646 1353 ad
1673 1321 1737 1353 offi-

999 1366 1082 1399 cium
1100 1368 1360 1410 syndicatus3die
1379 1380 1417 1402 xv
1435 1370 1732 1407 februariinuchV.

998 1419 1247 1453 Recanatensis:
1285 1431 1325 1453 an
1362 1422 1511 1465 syndicus
1543 1425 1734 1460 monialium

998 1478 1127 1506 sanctae
1153 1473 1261 1507 Clarae
1286 1475 1426 1516 gaudeat
1454 1476 1626 1519 privilegio
1659 1479 1732 1520 fori,

996 1531 1093 1568 prout
1117 1527 1259 1569 gaudent
1283 1528 1405 1571 syndici
1426 1528 1557 1562 fratrum
1575 1531 1733 1566 Minorum

995 1580 1034 1612 de
1070 1579 1297 1621 Observantia‘,
1338 1592 1436 1622 sacra,
1477 1588 1553 1623 etc.‚
1595 1586 1730 1626 censuit,

995 1632 1180 1665 huiusmodi
1221 1633 1388 1677 syndicum
1428 1636 1569 1677 gaudere
1610 1638 1730 1672 debere

993 1685 1163 1728 privilegio
1195 1686 1267 1718 fori.
1296 1686 1329 1719 In
1363 1696 1499 1730 quorum
1530 1689 1637 1729 fidem,
1665 1696 1727 1724 etc.

992 1730 1104 1771 Datum
1140 1739 1272 1779 Romae,
1299 1739 1357 1772 sub
1384 1740 1444 1773 hac
1480 1741 1531 1774 die
1556 1753 1593 1775 xx
1617 1744 1728 1786 aprilis

992 1801 1178 1825 MDCLxxxvt.
1206 1792 1290 1825 Loco
1316 1795 1337 1833 †
1362 1793 1473 1836 sigilli.
1497 1815 1540 1819 —
1557 1795 1579 1828 I.
1596 1796 1728 1839 patriar-

992 1844 1052 1877 cha
1074 1844 1295 1878 Antiocheuus
1321 1846 1517 1880 secretarius
1535 1860 1566 1880 ι).

1034 1898 1048 1939 g
1075 1897 1104 1929 9.
1132 1897 1209 1930 Cum
1234 1903 1351 1937 autem,
1377 1898 1461 1932 sicut
1484 1900 1570 1934 idem
1595 1901 1726 1936 Franci-

990 2015 1095 2047 nuper
1119 2005 1236 2047 exponi
1262 2005 1348 2045 fecit,
1375 2005 1444 2048 ipse
1463 2007 1592 2040 decreta
1617 2009 1723 2044 huius-

988 2058 1083 2097 modi,
1110 2068 1173 2101 quo
1199 2057 1317 2091 firmius
1343 2059 1521 2092 subsistant
1545 2066 1577 2093 et
1596 2071 1725 2096 serven-

988 2117 1039 2143 tur
1063 2111 1216 2151 exactius,
1242 2111 1442 2154 apostolicae
1468 2113 1723 2150 confirmationis

987 2169 1116 2197 nostrae
1140 2164 1320 2207 patrocinio
1340 2166 1531 2198 communiri
1548 2168 1723 2209 plurimum

987 2217 1168 2249 desideret:
1194 2227 1265 2257 nos,
1284 2217 1385 2261 ipsius
1414 2219 1577 2252 Francisci
1603 2221 1721 2255 Mariae

986 2270 1202 2312 procuratoris
1238 2271 1399 2311 generalis
1424 2272 1506 2304 votis
1531 2272 1591 2306 hac
1617 2274 1649 2306 in
1675 2285 1719 2316 re,

985 2327 1139 2366 quantum
1156 2333 1228 2354 cum
1245 2322 1380 2355 Domino
1397 2334 1576 2366 possumus,
1601 2325 1721 2360 favora-

984 2374 1094 2407 biliter
1125 2380 1320 2415 annuentes,
1360 2386 1497 2419 eumque
1523 2378 1719 2421 specialibus

983 2427 1143 2461 favoribus
1175 2433 1203 2460 et
1237 2428 1349 2470 gratiis
1375 2430 1527 2473 prosequi
1553 2432 1716 2473 volentes,

983 2485 1013 2513 et
1038 2492 1054 2512 a
1080 2480 1245 2523 quibusvis
1275 2482 1628 2524 excommunicationis,
1649 2494 1718 2518 sus-

209 2535 248 2569 de
272 2534 498 2574 observantia,
525 2533 575 2566 die
601 2544 630 2566 iv
655 2534 781 2576 augusti
807 2543 938 2568 iiocttv.
981 2534 1149 2577 pensionis
1183 2539 1214 2566 et
1243 2534 1420 2575 interdicti,
1449 2535 1586 2579 aliisque
1619 2538 1717 2571 eccle-

244 2597 256 2629 1
279 2595 377 2623 Forsan
400 2596 476 2629 1658,
498 2595 538 2622 vet
558 2595 590 2622 ad
606 2595 938 2632 sununu1n16861a.r.).
982 2587 1117 2620 siasticis
1141 2587 1328 2629 sententiis
1364 2591 1510 2622 censuris
1534 2595 1566 2623 et
1589 2590 1715 2638 poenis,

1644 198 1708 233 087
1753 209 1801 237 An.
1820 210 1848 238 c.
1873 209 1939 239 thG

1787 1907 1921 1931 Confirmatio

1738 1935 1851 1957 relatorum
1884 1938 1921 1959 de.

990 1961 1061 1983 scus
1087 1951 1183 1983 Maria
1218 1957 1414 1994 procurator
1445 1954 1606 1995 generalis
1631 1956 1849 1990 nobiscretorum-
