2111 3157
20 219 66 247 Λυ.
81 217 108 245 C.
131 216 196 244 ¹683

782 218 919 241 INNociisv·
931 218 994 242 ΗΚΒ
1018 220 1044 242 Nl
1073 219 1118 242 ΓΡ.

510 265 627 299 cxxtt.

204 334 396 368 Declaratur
412 335 579 367 cessionem
605 334 666 367 loci
690 335 934 378 exprovinciali-

246 387 302 420 bus
321 387 421 420 debiti
436 388 472 419 in
488 388 629 430 capitulo
651 387 847 430 provinciali
863 398 933 419 san-
951 412 952 415 η

245 440 288 472 cli
311 439 466 472 Ludorici
488 440 524 471 in
550 439 661 473 Gallia
680 438 814 472 Ordinis
831 440 930 472 Prae·
950 453 952 486 ,ι

243 492 426 525 dicatorum
450 492 628 525 Slrz'ctz'oris
648 491 873 525 Observantiae
884 492 929 534 fa-

243 548 339 584 ctam,
365 554 429 577 non
453 554 516 576 esse
540 543 776 576 adminendam
789 542 809 576 ¹.
838 585 844 589 *A

388 623 580 650 Innocentius
600 623 679 656 Papa
698 623 744 655 XI,

333 669 368 694 ad
390 667 522 694 futuram
544 666 590 693 roi
609 667 791 693 memoriam.

976 268 1099 299 nullum
1122 266 1239 299 liabent
1259 265 1474 298 distinctivum
1493 256 1561 308 quo*
1581 266 1708 308 possint

974 319 1121 351 ordinata
1146 330 1204 361 pro
1230 319 1294 351 vita
1317 319 1457 360 regulari
1491 318 1617 351 sortiter
1641 330 1706 351 ma-

974 376 1138 409 nutenere,
1155 378 1184 404 et
1201 372 1336 404 insultus
1356 372 1556 414 dyscolorum
1575 372 1704 404 evitare.

974 423 1009 454 Et.
1034 429 1169 465 propter
1194 425 1250 456 lias
1276 425 1433 465 rationes,
1460 435 1496 457 ae
1520 423 1598 457 alias
1624 435 1704 467 quae

973 476 1141 507 conserunt
1173 477 1210 508 ad
1244 477 1478 509 observantiam
1511 478 1711 519 regularem,³

972 526 1002 557 in
1033 527 1171 569 capitulo
1209 529 1352 569 generali
1383 529 1510 562 Ordinis
1546 531 1703 572 praedicti

972 578 1045 610 anni
1071 589 1127 612 um
1152 579 1272 612 Romae
1290 581 1463 620 celebrato,
1482 582 1547 620 illi,
1570 583 1623 624 qui
1644 583 1702 615 sub

971 631 1077 672 specie
1095 632 1231 672 quadam
1251 632 1449 671 humilitatis,
1469 643 1582 676 parum
1601 640 1704 667 atten-

1605 208 1666 241 si87
1713 204 1760 245 iz.
1778 204 1805 244 e.
1831 216 1895 244 εαξη

971 682 1082 714 dentes
1108 683 1147 715 ad
1172 684 1291 715 bonum
1317 695 1487 716 commune
1523 686 1700 728 religionis,

971 735 1042 766 loco
1068 735 1361 777 expi‘ovincialilms
1394 737 1502 770 debito
1535 739 1707 779 1·enuncia-‚

969 792 1090 826 verant,
1116 788 1306 829 reprehensi
1333 789 1460 820 fuerunt
1480 800 1539 831 per
1563 791 1702 824 declara-

970 839 1088 872 tionem
1113 841 1197 882 quod
1230 841 1413 873 constitutio
1443 841 1586 874 eiusdem
1611 843 1702 875 Ordi-

969 892 1017 923 nis
1049 893 1134 924 circa
1166 894 1282 931 locuni,
1309 903 1403 935 quem
1437 899 1547 925 tencre
1582 896 1703 927 debent

969 946 1082 978 fratres
1103 946 1155 988 qui
1179 946 1307 978 suerunt
1324 947 1549 989 provinciales,
1568 948 1700 981 omnino

969 999 1105 1031 deberet
1130 999 1302 1036 observari,
1329 999 1417 1037 itaut,
1438 999 1462 1030 si
1486 1000 1600 1031 alieubi
1626 1012 1701 1042 pro-

969 1056 1041 1092 pter
1064 1052 1195 1083 abusum
1222 1061 1284 1083 non
1311 1052 1547 1090 observaretur,
1570 1053 1700 1085 omnino

968 1103 1121 1145 deinceps
1157 1103 1338 1136 executioni
1375 1104 1599 1143 mandaretur,
1633 1116 1698 1137 nou

967 1156 1167 1188 obstantibus
1204 1156 1495 1188 consuetudinilms
1530 1153 1706 1199 particula-¹

967 1208 1055 1239 ribus
1082 1207 1113 1239 in
1137 1208 1321 1249 oppositum
1346 1208 1556 1247 introductis,
1584 1206 1707 1251 quibus

967 1269 1005 1291 eo
1037 1264 1155 1291 statuto
1187 1260 1378 1301 derogatum
1405 1260 1473 1291 suit.
1508 1261 1561 1292 His
1593 1266 1698 1293 autem

966 1318 1133 1354 promotus
1155 1322 1235 1343 unus
1261 1322 1297 1343 ex
1323 1312 1461 1351 duobus,
1487 1312 1540 1354 qui
1574 1313 1635 1345 soli
1668 1314 1699 1345 in

966 1365 1148 1406 supradicta
1169 1363 1335 1406 provincia
1353 1364 1400 1395 ius
1418 1365 1456 1396 ad
1474 1365 1580 1396 locum
1606 1365 1697 1397 illum

967 1417 1141 1456 habebant,
1162 1416 1235 1448 huic
1260 1416 1401 1449 cessioni
1427 1426 1459 1449 se
1486 1417 1647 1459 opposuit,
1668 1424 1709 1450 et³

966 1469 1101 1502 dilectus
1126 1468 1211 1501 filius
1237 1469 1394 1501 Antonius
1419 1469 1457 1501 de
1481 1469 1610 1512 Monroy
1635 1472 1709 1502 nia-3

966 1522 1066 1563 gister
1087 1522 1245 1564 generalis
1267 1521 1341 1553 dicti
1359 1521 1487 1553 Ordinis
1507 1532 1574 1554 eam
1596 1522 1699 1554 noluit

965 1575 1156 1617 approbare,
1176 1584 1247 1606 cum
1267 1578 1352 1607 esset
1369 1579 1481 1607 eontra
1497 1574 1698 1607 constitutio-

966 1637 1022 1659 nes
1039 1627 1182 1659 eiusdem
1202 1626 1342 1665 Ordinis,
1365 1631 1396 1659 et
1415 1627 1557 1666 eederet,
1577 1631 1613 1658 ut
1629 1618 1711 1659 eon-2

966 1685 1026 1712 stat
1050 1680 1258 1722 experientia,
1278 1679 1307 1711 in
1326 1679 1563 1721 praeiudicium
1588 1680 1699 1712 obser-

965 1731 1088 1764 vantiae
1109 1732 1278 1773 regularis.
1298 1731 1401 1768 Quare
1426 1732 1590 1774 praefatus
1616 1732 1699 1765 Iose-

965 1785 1068 1827 plius,
1088 1785 1161 1827 qui,
1183 1790 1217 1816 ut
1241 1784 1368 1821 asserit,
1391 1785 1429 1816 ad
1451 1795 1586 1827 eaquae
1609 1785 1697 1827 pacis

965 1843 1039 1869 sunt
1059 1837 1199 1870 eiusdem
1225 1836 1411 1879 provinciae
1427 1842 1457 1868 et
1475 1837 1697 1869 observantiae

965 1890 1121 1931 regularis
1135 1890 1325 1932 postulanda
1340 1890 1452 1921 missus
1465 1890 1502 1921 ad
1522 1890 1697 1922 Romanam

964 1942 1087 1975 Curiam
1106 1941 1207 1980 venit,
1230 1947 1265 1973 ut
1287 1941 1399 1974 eadem
1413 1942 1618 1974 observantia
1633 1953 1698 1973 ma-

965 1996 1012 2035 gis
1038 2000 1160 2027 crescat
1185 1999 1216 2025 et
1241 1994 1462 2033 confirmetur,
1488 2005 1523 2025 :ie
1547 1995 1579 2026 in
1605 2005 1698 2037 prae-

966 2048 1028 2080 suta
1045 2047 1209 2090 provincia
1228 2047 1315 2079 nulla
1339 2046 1378 2078 sit
1403 2046 1435 2078 in
1460 2052 1622 2089 posterum
1648 2058 1699 2080 oe-

965 2099 1052 2132 casio
1077 2099 1241 2141 litigandi,
1267 2098 1360 2131 nobis
1386 2099 1552 2131 humiliter
1577 2100 1700 2142 suppli-

965 2154 1028 2185 cari
1060 2152 1135 2185 feeit
1165 2158 1199 2184 ut
1236 2151 1514 2184 renunciationem
1554 2153 1698 2185 omnium

965 2205 1100 2244 iurium,
1140 2204 1400 2247 privilegiorum,
1442 2204 1698 2244 immunitatum,
1722 2220 1724 2222 v

964 2257 1137 2299 gratiarum
1163 2261 1194 2289 et
1219 2255 1459 2298 exemptionum
1489 2257 1595 2299 quoad
1629 2268 1701 2299 gra-

964 2310 1032 2349 dus,
1052 2319 1147 2352 quam
1169 2313 1284 2351 sponte
1302 2313 1334 2340 et
1353 2308 1483 2340 nemine
1502 2309 1698 2341 reclamante

964 2362 1037 2394 fecit
1054 2362 1085 2393 in
1100 2361 1107 2377 ¹
1124 2361 1266 2404 praefata
1280 2360 1445 2403 provincia
1458 2360 1487 2392 S.
1502 2360 1650 2393 Ludoviei
1666 2362 1698 2393 in

964 2415 1104 2447 savorem
1129 2413 1354 2446 observantiae
1379 2413 1549 2454 regularis,
1575 2418 1698 2455 gratam

964 2471 995 2499 et
1018 2471 1117 2498 ratam
1140 2465 1283 2503 habere3
1306 2464 1392 2497 circa
1416 2465 1522 2498 locum
1545 2475 1621 2498 vero
1647 2476 1699 2497 ex-

964 2517 1214 2562 provineialibus
1239 2516 1390 2557 debitum,
1412 2527 1484 2549 cum
1509 2527 1620 2550 eorum
1645 2528 1699 2550 nu-

1000 2580 1009 2606 t
1036 2579 1182 2615 Praeposit.
1204 2579 1236 2606 in
1256 2586 1304 2606 nos
1324 2577 1446 2605 addimus
1466 2578 1503 2615 (n.
1523 2578 1574 2614 Τ.).

240 737 255 780 5
275 737 306 769 1.
328 736 451 779 Exponi
472 746 576 778 nuper
590 736 664 768 feeit
685 736 819 768 dilectus
843 735 926 768 filius

196 789 351 831 losephus
382 789 512 828 Martel,
538 788 629 830 prior
658 793 833 821 conventus
865 788 927 821 Ro-

196 840 418 883 thomagensis
442 840 624 883 provinciae
652 841 683 873 S.
714 840 862 873 Ludoviei
895 841 925 873 in

194 893 295 926 Gallia
329 893 503 925 Strictioris
537 892 765 925 observantiae
799 892 926 925 Ordinis

194 946 326 978 fratrum
343 945 615 983 praedicatorum,
636 946 722 988 quod
741 944 802 977 iam
822 955 839 976 a
856 946 927 988 plu·

194 997 281 1030 ribus
308 997 399 1030 annis
424 997 506 1030 dieta
523 998 687 1040 provincia
708 997 840 1035 iuribus,
861 997 926 1039 pri-

193 1050 333 1091 vilegiis,
353 1049 620 1091 exemptionibus,
640 1049 749 1090 gratiis
768 1054 797 1081 et
814 1049 927 1080 immu-
945 1082 946 1086 ,

194 1101 359 1140 nitatibus,
384 1101 500 1143 quibus
525 1101 556 1132 in
582 1101 652 1134 aliis
678 1101 854 1143 provinciis
879 1101 924 1132 uti

194 1155 302 1187 solent
325 1154 472 1197 graduati
496 1159 549 1186 aut
574 1154 664 1187 titulo
693 1155 925 1197 praedicatoris

193 1207 355 1248 generalis
391 1206 548 1248 insigniti,
579 1212 694 1250 sponte
726 1206 926 1239 renunciavit

192 1259 224 1291 in
257 1259 397 1292 savorem
437 1259 661 1292 observantiae
693 1259 866 1301 regularis,
894 1265 926 1292 ct

192 1311 384 1351 novissime,
402 1310 434 1343 in
459 1310 601 1353 capituto
627 1311 813 1353 provinciali
839 1321 923 1343 anno

190 1373 376 1397 iiDCLxxvm
402 1363 592 1396 Cathalauni
619 1363 800 1403 celebrato,
826 1364 922 1396 etiam

192 1415 433 1457 praerogativae
467 1415 528 1448 loci
561 1416 645 1448 iuxta
673 1416 922 1448 constitutiones

191 1468 268 1500 dicti
286 1467 413 1500 Ordinis
430 1468 722 1510 exprovineialibus
739 1468 840 1500 debiti
857 1479 924 1501 ces—

190 1520 242 1552 sit.
268 1519 330 1552 Sed
356 1520 436 1551 baec
458 1520 570 1553 ultima
588 1521 703 1557 cessio,
724 1521 799 1553 lieet
819 1521 923 1553 videa-

191 1577 242 1604 tur
276 1581 345 1604 esse
381 1572 512 1605 maioris
550 1573 751 1611 humilitatis,
788 1574 922 1605 multum

191 1631 297 1661 tamen
312 1624 411 1657 officit
424 1625 648 1657 observantiae
664 1625 816 1667 regulari,
832 1626 923 1658 euius

191 1677 460 1719 exprovinciales,
480 1679 542 1708 unffi
567 1687 638 1709 enm
664 1678 771 1720 priore
796 1679 924 1720 provin-

189 1728 278 1769 o'iali,
305 1729 425 1762 debent
448 1739 516 1761 esse
541 1735 744 1771 promotores
764 1735 795 1762 et
814 1735 924 1772 prote-

190 1787 309 1815 ctores.
338 1781 415 1814 Cum
441 1782 526 1814 enim
552 1782 584 1814 in
610 1782 654 1815 eis
681 1783 800 1815 nullam
826 1793 923 1824 agno-

191 1839 286 1867 scunt
311 1834 426 1867 fratres
458 1834 599 1877 specIem
634 1835 844 1874 auctoritatis,
870 1845 923 1877 pa-

189 1897 262 1921 rum
286 1892 339 1919 aut
362 1887 444 1920 nihil
471 1893 585 1919 curant
610 1888 647 1919 de
674 1888 802 1921 illorum
821 1888 923 1919 moni-

191 1939 348 1979 tionibus,
367 1944 398 1972 et
413 1939 587 1972 maximum
607 1940 784 1982 periculum
803 1946 863 1978 est,
884 1950 922 1972 ne

191 1997 336 2034 tempore
363 1991 614 2034 provincialatus
645 1992 785 2025 molliter
816 2002 848 2024 se
875 2002 943 2033 get

190 2049 262 2076 rant
285 2044 317 2077 in
334 2044 532 2087 corrigendis
551 2044 732 2077 excessibus
755 2044 816 2087 ipsi
838 2044 924 2086 prio-

191 2106 243 2129 res
279 2096 513 2139 provinciales,
540 2096 611 2138 qui,
638 2096 750 2130 eodem
783 2097 923 2138 expleto,

33 751 117 778 smnio·
130 752 186 773 sacti.

226 2186 238 2211 ¹
260 2183 299 2211 Ad
314 2184 444 2211 maiorem
461 2183 540 2210 huius
554 2183 754 2211 Constitutionis
769 2184 922 2217 intelligen-

190 2229 274 2263 tiam,
303 2228 363 2255 vide
387 2227 508 2262 Gregorii
537 2227 592 2254 Xlll
612 2232 696 2254 const.
727 2228 769 2254 ed.
791 2235 921 2261 uocxxrv,

190 2272 233 2300 die
247 2272 264 2299 6
279 2272 376 2305 martii,
386 2275 504 2307 pont.1v‚
514 2271 558 2298 ubi
574 2271 770 2306 quamplurima
790 2271 923 2299 habentur

190 2319 305 2349 statuta·,
320 2319 347 2342 et
365 2315 406 2342 Pii
421 2316 444 2342 V
457 2319 542 2342 const.
555 2315 596 2342 ed*
610 2322 730 2348 uotxvn,
742 2315 785 2342 die
804 2317 834 2342 16
848 2317 922 2350 maii,

191 2364 264 2396 pont.
284 2367 312 2394 ιι,
326 2359 602 2395 Deprivileyiz's;ab
618 2359 722 2387 Urbano
742 2359 799 2386 Vnt
818 2360 922 2387 irritum

190 2404 356 2432 declaratum
382 2404 433 2430 fuit
460 2403 596 2439 quoddam
625 2403 771 2438 capitulum
795 2404 921 2438 generale

192 2452 275 2475 const.
289 2448 331 2475 ed.
343 2454 504 2480 nncxxxxm,
514 2448 558 2475 die
573 2448 587 2475 8
599 2448 700 2483 aprilis,
710 2451 783 2483 pont.
793 2456 835 2481 xx;
851 2452 877 2475 et
887 2449 920 2476 ab

192 2491 339 2518 Alexandro
356 2491 424 2525 Vlll,
441 2496 525 2519 const.
545 2492 588 2519 ed.
600 2497 698 2523 Mncxc,
710 2491 752 2518 die
764 2492 778 2518 7
796 2491 921 2526 ianuarii,

192 2539 265 2570 pont.
277 2541 295 2566 ι,
307 2535 477 2561 confirmatae
489 2535 597 2562 suerunt
613 2535 760 2562 nonnullae
775 2535 921 2562 ordinatio-

192 2587 242 2606 nes
260 2579 392 2614 generalis
411 2578 519 2607 Ordinis
540 2579 610 2606 eirca
629 2579 758 2616 quosdam
777 2579 886 2607 abusus.
