<?xml version="1.0" encoding="UTF-8"?>
<!DOCTYPE html PUBLIC "-//W3C//DTD XHTML 1.0 Transitional//EN"
    "http://www.w3.org/TR/xhtml1/DTD/xhtml1-transitional.dtd">
<html xmlns="http://www.w3.org/1999/xhtml" xml:lang="en" lang="en">
 <head>
  <title>
</title>
<meta http-equiv="Content-Type" content="text/html;charset=utf-8" />
  <meta name='ocr-system' content='tesseract 3.04.00' />
  <meta name='ocr-capabilities' content='ocr_page ocr_carea ocr_par ocr_line ocrx_word'/>
</head>
<body>
  <div class='ocr_page' id='page_1' title='image "./bullarumdiplomat19cath_0748.png"; bbox 0 0 2111 3157; ppageno 0'>
   <div class='ocr_carea' id='block_1_1' title="bbox 196 208 1124 1053">
    <p class='ocr_par' dir='ltr' id='par_1_1' title="bbox 196 208 1124 564">
     <span class='ocr_line' id='line_1_1' title="bbox 196 208 712 253; baseline -0.006 -8"><span class='ocrx_word' id='word_1_1' title='bbox 196 219 245 246; x_wconf 79' lang='lat' dir='ltr'>Au.</span> <span class='ocrx_word' id='word_1_2' title='bbox 265 216 293 247; x_wconf 81' lang='lat' dir='ltr'>c.</span> <span class='ocrx_word' id='word_1_3' title='bbox 318 218 385 246; x_wconf 73' lang='lat' dir='ltr'>iaso</span> <span class='ocrx_word' id='word_1_4' title='bbox 430 208 494 244; x_wconf 67' lang='lat'>712</span> <span class='ocrx_word' id='word_1_5' title='bbox 709 252 712 253; x_wconf 19' lang='lat'><em>⁷</em></span> 
     </span>
     <span class='ocr_line' id='line_1_2' title="bbox 388 264 1122 308; baseline -0.007 -7"><span class='ocrx_word' id='word_1_6' title='bbox 388 267 572 301; x_wconf 83' lang='lat' dir='ltr'>ordinarios</span> <span class='ocrx_word' id='word_1_7' title='bbox 591 271 621 300; x_wconf 87' lang='lat' dir='ltr'>et</span> <span class='ocrx_word' id='word_1_8' title='bbox 641 266 817 308; x_wconf 76' lang='lat' dir='ltr'>delegatos,</span> <span class='ocrx_word' id='word_1_9' title='bbox 833 264 929 297; x_wconf 88' lang='lat' dir='ltr'>etiam</span> <span class='ocrx_word' id='word_1_10' title='bbox 953 274 1122 297; x_wconf 85' lang='lat' dir='ltr'>causarum</span> 
     </span>
     <span class='ocr_line' id='line_1_3' title="bbox 388 316 1124 363; baseline -0.007 -10"><span class='ocrx_word' id='word_1_11' title='bbox 388 320 500 363; x_wconf 87' lang='lat' dir='ltr'>palatii</span> <span class='ocrx_word' id='word_1_12' title='bbox 525 319 695 363; x_wconf 86' lang='lat' dir='ltr'>apostolici</span> <span class='ocrx_word' id='word_1_13' title='bbox 721 318 907 359; x_wconf 70' lang='lat' dir='ltr'>auditores,</span> <span class='ocrx_word' id='word_1_14' title='bbox 932 316 1067 350; x_wconf 86' lang='lat' dir='ltr'>iudicari</span> <span class='ocrx_word' id='word_1_15' title='bbox 1093 322 1124 349; x_wconf 88' lang='lat' dir='ltr'>et</span> 
     </span>
     <span class='ocr_line' id='line_1_4' title="bbox 389 368 1123 411; baseline -0.004 -6"><span class='ocrx_word' id='word_1_16' title='bbox 389 372 515 406; x_wconf 78' lang='lat' dir='ltr'>definiri</span> <span class='ocrx_word' id='word_1_17' title='bbox 548 372 667 404; x_wconf 84' lang='lat' dir='ltr'>debere</span> <span class='ocrx_word' id='word_1_18' title='bbox 683 398 690 411; x_wconf 94' lang='lat'>‚</span> <span class='ocrx_word' id='word_1_19' title='bbox 711 381 747 404; x_wconf 87' lang='lat' dir='ltr'>ac</span> <span class='ocrx_word' id='word_1_20' title='bbox 772 371 897 403; x_wconf 87' lang='lat' dir='ltr'>irritum</span> <span class='ocrx_word' id='word_1_21' title='bbox 923 376 954 403; x_wconf 86' lang='lat' dir='ltr'>et</span> <span class='ocrx_word' id='word_1_22' title='bbox 977 370 1073 403; x_wconf 89' lang='lat' dir='ltr'>inane</span> <span class='ocrx_word' id='word_1_23' title='bbox 1098 368 1123 402; x_wconf 91' lang='lat' dir='ltr'>si</span> 
     </span>
     <span class='ocr_line' id='line_1_5' title="bbox 388 423 1121 468; baseline -0.004 -10"><span class='ocrx_word' id='word_1_24' title='bbox 388 436 478 459; x_wconf 84' lang='lat' dir='ltr'>secus</span> <span class='ocrx_word' id='word_1_25' title='bbox 510 436 526 458; x_wconf 87' lang='lat' dir='ltr'>a</span> <span class='ocrx_word' id='word_1_26' title='bbox 559 435 741 468; x_wconf 86' lang='lat' dir='ltr'>quoquam,</span> <span class='ocrx_word' id='word_1_27' title='bbox 776 423 887 467; x_wconf 85' lang='lat' dir='ltr'>quavis</span> <span class='ocrx_word' id='word_1_28' title='bbox 911 423 1121 463; x_wconf 88' lang='lat' dir='ltr'>auctoritate,</span> 
     </span>
     <span class='ocr_line' id='line_1_6' title="bbox 388 477 1124 521; baseline -0.003 -10"><span class='ocrx_word' id='word_1_29' title='bbox 388 479 529 511; x_wconf 73' lang='lat' dir='ltr'>scienter</span> <span class='ocrx_word' id='word_1_30' title='bbox 561 479 609 511; x_wconf 88' lang='lat' dir='ltr'>vel</span> <span class='ocrx_word' id='word_1_31' title='bbox 642 478 851 521; x_wconf 74' lang='lat' dir='ltr'>ignoranter,</span> <span class='ocrx_word' id='word_1_32' title='bbox 878 477 1051 520; x_wconf 83' lang='lat' dir='ltr'>contigerit</span> <span class='ocrx_word' id='word_1_33' title='bbox 1079 482 1124 509; x_wconf 84' lang='lat' dir='ltr'>at-</span> 
     </span>
     <span class='ocr_line' id='line_1_7' title="bbox 388 531 517 564; baseline 0 0"><span class='ocrx_word' id='word_1_34' title='bbox 388 531 517 564; x_wconf 86' lang='lat' dir='ltr'>tentari.</span> 
     </span>
    </p>

    <p class='ocr_par' dir='ltr' id='par_1_2' title="bbox 386 583 1124 734">
     <span class='ocr_line' id='line_1_8' title="bbox 430 583 1124 630; baseline -0.001 -13"><span class='ocrx_word' id='word_1_35' title='bbox 430 586 444 630; x_wconf 64' lang='lat' dir='ltr'>g</span> <span class='ocrx_word' id='word_1_36' title='bbox 469 585 499 617; x_wconf 79' lang='lat'>4.</span> <span class='ocrx_word' id='word_1_37' title='bbox 525 584 594 617; x_wconf 87' lang='lat' dir='ltr'>Non</span> <span class='ocrx_word' id='word_1_38' title='bbox 616 584 820 617; x_wconf 70' lang='lat' dir='ltr'>obstantibus</span> <span class='ocrx_word' id='word_1_39' title='bbox 840 583 1124 617; x_wconf 74' lang='lat' dir='ltr'>constitutionibus</span> 
     </span>
     <span class='ocr_line' id='line_1_9' title="bbox 386 637 1122 681; baseline -0.004 -10"><span class='ocrx_word' id='word_1_40' title='bbox 386 644 417 671; x_wconf 90' lang='lat' dir='ltr'>et</span> <span class='ocrx_word' id='word_1_41' title='bbox 441 637 702 671; x_wconf 75' lang='lat' dir='ltr'>ordinationibus</span> <span class='ocrx_word' id='word_1_42' title='bbox 721 637 921 681; x_wconf 84' lang='lat' dir='ltr'>apostolicis,</span> <span class='ocrx_word' id='word_1_43' title='bbox 940 637 1122 680; x_wconf 86' lang='lat' dir='ltr'>ceterisque</span> 
     </span>
     <span class='ocr_line' id='line_1_10' title="bbox 387 691 857 734; baseline -0.004 -10"><span class='ocrx_word' id='word_1_44' title='bbox 387 691 559 724; x_wconf 81' lang='lat' dir='ltr'>contrariis</span> <span class='ocrx_word' id='word_1_45' title='bbox 586 691 857 734; x_wconf 87' lang='lat' dir='ltr'>quibuscumque.</span> 
     </span>
    </p>

    <p class='ocr_par' dir='ltr' id='par_1_3' title="bbox 385 744 1123 1053">
     <span class='ocr_line' id='line_1_11' title="bbox 430 744 1122 788; baseline -0.001 -11"><span class='ocrx_word' id='word_1_46' title='bbox 430 745 444 788; x_wconf 64' lang='grc' dir='ltr'><strong>ἓ</strong></span> <span class='ocrx_word' id='word_1_47' title='bbox 475 744 506 777; x_wconf 85' lang='grc'>5.</span> <span class='ocrx_word' id='word_1_48' title='bbox 534 745 686 778; x_wconf 69' lang='lat' dir='ltr'>Volumus</span> <span class='ocrx_word' id='word_1_49' title='bbox 720 748 827 777; x_wconf 90' lang='lat' dir='ltr'>autem</span> <span class='ocrx_word' id='word_1_50' title='bbox 865 749 899 776; x_wconf 94' lang='lat' dir='ltr'>ut</span> <span class='ocrx_word' id='word_1_51' title='bbox 933 744 1122 777; x_wconf 84' lang='lat' dir='ltr'>earumdem</span> 
     </span>
     <span class='ocr_line' id='line_1_12' title="bbox 385 797 1122 841; baseline -0.001 -12"><span class='ocrx_word' id='word_1_52' title='bbox 385 798 607 841; x_wconf 84' lang='lat' dir='ltr'>praesentium</span> <span class='ocrx_word' id='word_1_53' title='bbox 628 797 809 830; x_wconf 86' lang='lat' dir='ltr'>litterarum</span> <span class='ocrx_word' id='word_1_54' title='bbox 827 797 1047 840; x_wconf 79' lang='lat' dir='ltr'>transumptis,</span> <span class='ocrx_word' id='word_1_55' title='bbox 1065 807 1122 829; x_wconf 89' lang='lat' dir='ltr'>seu</span> 
     </span>
     <span class='ocr_line' id='line_1_13' title="bbox 385 850 1123 894; baseline -0.005 -9"><span class='ocrx_word' id='word_1_56' title='bbox 385 851 552 894; x_wconf 87' lang='lat' dir='ltr'>exemplis,</span> <span class='ocrx_word' id='word_1_57' title='bbox 579 851 675 883; x_wconf 90' lang='lat' dir='ltr'>etiam</span> <span class='ocrx_word' id='word_1_58' title='bbox 699 850 877 893; x_wconf 80' lang='lat' dir='ltr'>impressis,</span> <span class='ocrx_word' id='word_1_59' title='bbox 901 861 998 882; x_wconf 89' lang='lat' dir='ltr'>manu</span> <span class='ocrx_word' id='word_1_60' title='bbox 1025 850 1123 883; x_wconf 88' lang='lat' dir='ltr'>alicu-</span> 
     </span>
     <span class='ocr_line' id='line_1_14' title="bbox 385 903 1123 947; baseline -0.001 -10"><span class='ocrx_word' id='word_1_61' title='bbox 385 905 433 937; x_wconf 91' lang='lat' dir='ltr'>ius</span> <span class='ocrx_word' id='word_1_62' title='bbox 458 904 577 937; x_wconf 86' lang='lat' dir='ltr'>notarii</span> <span class='ocrx_word' id='word_1_63' title='bbox 602 903 723 947; x_wconf 83' lang='lat' dir='ltr'>publici</span> <span class='ocrx_word' id='word_1_64' title='bbox 749 903 938 946; x_wconf 78' lang='lat' dir='ltr'>subscriptis</span> <span class='ocrx_word' id='word_1_65' title='bbox 964 908 995 936; x_wconf 85' lang='lat' dir='ltr'>et</span> <span class='ocrx_word' id='word_1_66' title='bbox 1016 903 1123 946; x_wconf 82' lang='lat' dir='ltr'>sigillo</span> 
     </span>
     <span class='ocr_line' id='line_1_15' title="bbox 385 956 1123 1002; baseline -0.003 -11"><span class='ocrx_word' id='word_1_67' title='bbox 385 968 547 1002; x_wconf 82' lang='lat' dir='ltr'>personae</span> <span class='ocrx_word' id='word_1_68' title='bbox 572 957 605 989; x_wconf 91' lang='lat' dir='ltr'>in</span> <span class='ocrx_word' id='word_1_69' title='bbox 631 957 849 990; x_wconf 81' lang='lat' dir='ltr'>ecclesiastica</span> <span class='ocrx_word' id='word_1_70' title='bbox 875 956 1030 999; x_wconf 85' lang='lat' dir='ltr'>dignitate</span> <span class='ocrx_word' id='word_1_71' title='bbox 1049 967 1123 990; x_wconf 90' lang='lat' dir='ltr'>con-</span> 
     </span>
     <span class='ocr_line' id='line_1_16' title="bbox 385 1009 1123 1053; baseline -0.001 -9"><span class='ocrx_word' id='word_1_72' title='bbox 385 1012 516 1045; x_wconf 83' lang='lat' dir='ltr'>stitutae</span> <span class='ocrx_word' id='word_1_73' title='bbox 549 1010 698 1050; x_wconf 89' lang='lat' dir='ltr'>munitis,</span> <span class='ocrx_word' id='word_1_74' title='bbox 734 1011 847 1043; x_wconf 89' lang='lat' dir='ltr'>eadem</span> <span class='ocrx_word' id='word_1_75' title='bbox 879 1020 1012 1053; x_wconf 88' lang='lat' dir='ltr'>prorsus</span> <span class='ocrx_word' id='word_1_76' title='bbox 1044 1009 1123 1043; x_wconf 82' lang='lat' dir='ltr'>fides</span> 
     </span>
    </p>
   </div>
   <div class='ocr_carea' id='block_1_2' title="bbox 384 1063 1123 1156">
    <p class='ocr_par' dir='ltr' id='par_1_4' title="bbox 384 1063 1123 1156">
     <span class='ocr_line' id='line_1_17' title="bbox 384 1063 1123 1107; baseline -0.001 -9"><span class='ocrx_word' id='word_1_77' title='bbox 384 1071 449 1098; x_wconf 89' lang='lat' dir='ltr'>tam</span> <span class='ocrx_word' id='word_1_78' title='bbox 474 1065 506 1098; x_wconf 91' lang='lat' dir='ltr'>in</span> <span class='ocrx_word' id='word_1_79' title='bbox 532 1065 651 1097; x_wconf 89' lang='lat' dir='ltr'>iudicio</span> <span class='ocrx_word' id='word_1_80' title='bbox 676 1075 770 1107; x_wconf 86' lang='lat' dir='ltr'>quam</span> <span class='ocrx_word' id='word_1_81' title='bbox 796 1069 883 1096; x_wconf 81' lang='lat' dir='ltr'>extra</span> <span class='ocrx_word' id='word_1_82' title='bbox 907 1063 985 1096; x_wconf 90' lang='lat' dir='ltr'>illud</span> <span class='ocrx_word' id='word_1_83' title='bbox 1004 1063 1123 1106; x_wconf 87' lang='lat' dir='ltr'>ubique</span> 
     </span>
     <span class='ocr_line' id='line_1_18' title="bbox 385 1111 1123 1156; baseline -0.004 -8"><span class='ocrx_word' id='word_1_84' title='bbox 385 1117 531 1148; x_wconf 87' lang='lat' dir='ltr'>locorum</span> <span class='ocrx_word' id='word_1_85' title='bbox 557 1113 724 1153; x_wconf 79' lang='lat' dir='ltr'>habeatur,</span> <span class='ocrx_word' id='word_1_86' title='bbox 754 1123 836 1155; x_wconf 89' lang='lat' dir='ltr'>quae</span> <span class='ocrx_word' id='word_1_87' title='bbox 863 1111 941 1156; x_wconf 84' lang='lat' dir='ltr'>ipsis</span> <span class='ocrx_word' id='word_1_88' title='bbox 966 1123 1123 1155; x_wconf 85' lang='lat' dir='ltr'>praesen-</span> 
     </span>
    </p>
   </div>
   <div class='ocr_carea' id='block_1_3' title="bbox 383 1166 1124 1526">
    <p class='ocr_par' dir='ltr' id='par_1_5' title="bbox 384 1166 1123 1250">
     <span class='ocr_line' id='line_1_19' title="bbox 384 1166 1123 1201; baseline 0 -1"><span class='ocrx_word' id='word_1_89' title='bbox 384 1168 470 1201; x_wconf 88' lang='lat' dir='ltr'>tibus</span> <span class='ocrx_word' id='word_1_90' title='bbox 495 1167 669 1200; x_wconf 81' lang='lat' dir='ltr'>haberetur</span> <span class='ocrx_word' id='word_1_91' title='bbox 694 1166 718 1200; x_wconf 87' lang='lat' dir='ltr'>si</span> <span class='ocrx_word' id='word_1_92' title='bbox 745 1167 852 1199; x_wconf 85' lang='lat' dir='ltr'>forent</span> <span class='ocrx_word' id='word_1_93' title='bbox 884 1166 1048 1199; x_wconf 79' lang='lat' dir='ltr'>exhibitae</span> <span class='ocrx_word' id='word_1_94' title='bbox 1074 1168 1123 1200; x_wconf 91' lang='lat' dir='ltr'>vel</span> 
     </span>
     <span class='ocr_line' id='line_1_20' title="bbox 385 1221 548 1250; baseline -0.012 0"><span class='ocrx_word' id='word_1_95' title='bbox 385 1221 548 1250; x_wconf 86' lang='lat' dir='ltr'>ostensae.</span> 
     </span>
    </p>

    <p class='ocr_par' dir='ltr' id='par_1_6' title="bbox 383 1269 1124 1463">
     <span class='ocr_line' id='line_1_21' title="bbox 428 1269 1123 1312; baseline 0 -10"><span class='ocrx_word' id='word_1_96' title='bbox 428 1270 543 1303; x_wconf 84' lang='lat' dir='ltr'>Datum</span> <span class='ocrx_word' id='word_1_97' title='bbox 568 1269 707 1311; x_wconf 84' lang='lat' dir='ltr'>Romae,</span> <span class='ocrx_word' id='word_1_98' title='bbox 734 1269 820 1312; x_wconf 86' lang='lat' dir='ltr'>apud</span> <span class='ocrx_word' id='word_1_99' title='bbox 846 1269 876 1302; x_wconf 82' lang='lat' dir='ltr'>S.</span> <span class='ocrx_word' id='word_1_100' title='bbox 905 1270 1034 1302; x_wconf 85' lang='lat' dir='ltr'>Mariam</span> <span class='ocrx_word' id='word_1_101' title='bbox 1061 1269 1123 1302; x_wconf 89' lang='lat' dir='ltr'>Ma-</span> 
     </span>
     <span class='ocr_line' id='line_1_22' title="bbox 385 1323 1124 1363; baseline -0.001 -6"><span class='ocrx_word' id='word_1_102' title='bbox 385 1325 486 1357; x_wconf 81' lang='lat' dir='ltr'>iorem</span> <span class='ocrx_word' id='word_1_103' title='bbox 513 1324 573 1356; x_wconf 88' lang='lat' dir='ltr'>sub</span> <span class='ocrx_word' id='word_1_104' title='bbox 587 1324 706 1356; x_wconf 89' lang='lat' dir='ltr'>annulo</span> <span class='ocrx_word' id='word_1_105' title='bbox 725 1323 908 1363; x_wconf 78' lang='lat' dir='ltr'>piscatoris,</span> <span class='ocrx_word' id='word_1_106' title='bbox 928 1323 979 1356; x_wconf 92' lang='lat' dir='ltr'>die</span> <span class='ocrx_word' id='word_1_107' title='bbox 1001 1334 1018 1356; x_wconf 83' lang='lat' dir='ltr'>x</span> <span class='ocrx_word' id='word_1_108' title='bbox 1037 1329 1124 1356; x_wconf 87' lang='lat' dir='ltr'>octo-</span> 
     </span>
     <span class='ocr_line' id='line_1_23' title="bbox 383 1376 1123 1419; baseline -0.001 -10"><span class='ocrx_word' id='word_1_109' title='bbox 383 1376 449 1409; x_wconf 82' lang='lat' dir='ltr'>bris</span> <span class='ocrx_word' id='word_1_110' title='bbox 473 1385 669 1415; x_wconf 72' lang='lat' dir='ltr'>Mnctxxxw,</span> <span class='ocrx_word' id='word_1_111' title='bbox 695 1376 901 1419; x_wconf 81' lang='lat' dir='ltr'>pontificatus</span> <span class='ocrx_word' id='word_1_112' title='bbox 934 1376 1035 1409; x_wconf 89' lang='lat' dir='ltr'>nostri</span> <span class='ocrx_word' id='word_1_113' title='bbox 1068 1386 1123 1408; x_wconf 90' lang='lat' dir='ltr'>an-</span> 
     </span>
     <span class='ocr_line' id='line_1_24' title="bbox 385 1440 495 1463; baseline -0.009 -1"><span class='ocrx_word' id='word_1_114' title='bbox 385 1440 428 1462; x_wconf 90' lang='lat' dir='ltr'>no</span> <span class='ocrx_word' id='word_1_115' title='bbox 453 1440 495 1463; x_wconf 67' lang='lat' dir='ltr'>xr</span> 
     </span>
    </p>

    <p class='ocr_par' dir='ltr' id='par_1_7' title="bbox 419 1491 1071 1526">
     <span class='ocr_line' id='line_1_25' title="bbox 419 1491 1071 1526; baseline -0.002 -7"><span class='ocrx_word' id='word_1_116' title='bbox 419 1492 477 1519; x_wconf 82' lang='lat' dir='ltr'>Dat.</span> <span class='ocrx_word' id='word_1_117' title='bbox 495 1491 539 1519; x_wconf 85' lang='lat' dir='ltr'>die</span> <span class='ocrx_word' id='word_1_118' title='bbox 557 1491 589 1520; x_wconf 89' lang='grc'>10</span> <span class='ocrx_word' id='word_1_119' title='bbox 603 1492 719 1519; x_wconf 82' lang='lat' dir='ltr'>octobris</span> <span class='ocrx_word' id='word_1_120' title='bbox 738 1491 812 1526; x_wconf 79' lang='lat'>1686,</span> <span class='ocrx_word' id='word_1_121' title='bbox 829 1492 927 1526; x_wconf 80' lang='lat' dir='ltr'>pontif.</span> <span class='ocrx_word' id='word_1_122' title='bbox 945 1500 1016 1520; x_wconf 85' lang='lat' dir='ltr'>anno</span> <span class='ocrx_word' id='word_1_123' title='bbox 1037 1499 1071 1520; x_wconf 79' lang='lat' dir='ltr'>xi.</span> 
     </span>
    </p>
   </div>
   <div class='ocr_carea' id='block_1_4' title="bbox 194 597 374 645">
    <p class='ocr_par' dir='ltr' id='par_1_8' title="bbox 194 597 374 645">
     <span class='ocr_line' id='line_1_26' title="bbox 262 597 374 622; baseline 0.018 -7"><span class='ocrx_word' id='word_1_124' title='bbox 262 597 374 622; x_wconf 69' lang='lat' dir='ltr'>llerogatio</span> 
     </span>
     <span class='ocr_line' id='line_1_27' title="bbox 194 626 351 645; baseline -0.006 -1"><span class='ocrx_word' id='word_1_125' title='bbox 194 626 351 645; x_wconf 70' lang='lat' dir='ltr'>contrariorum.</span> 
     </span>
    </p>
   </div>
   <div class='ocr_carea' id='block_1_5' title="bbox 193 758 374 811">
    <p class='ocr_par' dir='ltr' id='par_1_9' title="bbox 193 758 374 811">
     <span class='ocr_line' id='line_1_28' title="bbox 232 758 374 779; baseline 0.014 -2"><span class='ocrx_word' id='word_1_126' title='bbox 232 758 294 778; x_wconf 69' lang='lat' dir='ltr'>Fides</span> <span class='ocrx_word' id='word_1_127' title='bbox 320 760 374 779; x_wconf 76' lang='lat' dir='ltr'>trau-</span> 
     </span>
     <span class='ocr_line' id='line_1_29' title="bbox 193 788 328 811; baseline 0.022 -7"><span class='ocrx_word' id='word_1_128' title='bbox 193 788 328 811; x_wconf 68' lang='lat' dir='ltr'>sumptorum.</span> 
     </span>
    </p>
   </div>
   <div class='ocr_carea' id='block_1_6' title="bbox 676 1635 827 1668">
    <p class='ocr_par' dir='ltr' id='par_1_10' title="bbox 676 1635 827 1668">
     <span class='ocr_line' id='line_1_30' title="bbox 676 1635 827 1668; baseline -0.007 0"><span class='ocrx_word' id='word_1_129' title='bbox 676 1635 827 1668; x_wconf 71' lang='lat' dir='ltr'>CLXXVI.</span> 
     </span>
    </p>
   </div>
   <div class='ocr_carea' id='block_1_7' title="bbox 384 1717 1122 2025">
    <p class='ocr_par' dir='ltr' id='par_1_11' title="bbox 384 1717 1122 2025">
     <span class='ocr_line' id='line_1_31' title="bbox 384 1717 1122 1759; baseline -0.001 -9"><span class='ocrx_word' id='word_1_130' title='bbox 384 1718 628 1759; x_wconf 73' lang='lat' dir='ltr'>Confirmantur</span> <span class='ocrx_word' id='word_1_131' title='bbox 658 1717 838 1748; x_wconf 65' lang='lat' dir='ltr'>semime-ia</span> <span class='ocrx_word' id='word_1_132' title='bbox 865 1727 922 1759; x_wconf 80' lang='lat' dir='ltr'>pro</span> <span class='ocrx_word' id='word_1_133' title='bbox 953 1717 1122 1749; x_wconf 66' lang='lat' dir='ltr'>missionu-</span> 
     </span>
     <span class='ocr_line' id='line_1_32' title="bbox 426 1769 1122 1803; baseline -0.001 -1"><span class='ocrx_word' id='word_1_134' title='bbox 426 1772 486 1803; x_wconf 80' lang='lat' dir='ltr'>rz&#39;is</span> <span class='ocrx_word' id='word_1_135' title='bbox 517 1770 623 1802; x_wconf 73' lang='lat' dir='ltr'>sancti</span> <span class='ocrx_word' id='word_1_136' title='bbox 646 1769 817 1802; x_wconf 75' lang='lat' dir='ltr'>Francz&#39;sci</span> <span class='ocrx_word' id='word_1_137' title='bbox 848 1769 885 1801; x_wconf 81' lang='lat' dir='ltr'>(Ie</span> <span class='ocrx_word' id='word_1_138' title='bbox 911 1769 1122 1803; x_wconf 74' lang='lat' dir='ltr'>Obserrnutici</span> 
     </span>
     <span class='ocr_line' id='line_1_33' title="bbox 425 1822 1122 1866; baseline -0.001 -10"><span class='ocrx_word' id='word_1_139' title='bbox 425 1826 457 1856; x_wconf 77' lang='lat' dir='ltr'>in</span> <span class='ocrx_word' id='word_1_140' title='bbox 484 1824 645 1866; x_wconf 64' lang='lat' dir='ltr'>Hispania</span> <span class='ocrx_word' id='word_1_141' title='bbox 674 1827 701 1855; x_wconf 81' lang='lat' dir='ltr'>el</span> <span class='ocrx_word' id='word_1_142' title='bbox 727 1823 834 1855; x_wconf 72' lang='lat' dir='ltr'>Incliis</span> <span class='ocrx_word' id='word_1_143' title='bbox 861 1822 1122 1856; x_wconf 70' lang='lat' dir='ltr'>occidentalibus</span> 
     </span>
     <span class='ocr_line' id='line_1_34' title="bbox 425 1875 1122 1918; baseline -0.001 -9"><span class='ocrx_word' id='word_1_144' title='bbox 425 1881 549 1915; x_wconf 78' lang='lat' dir='ltr'>erecta,</span> <span class='ocrx_word' id='word_1_145' title='bbox 577 1887 612 1908; x_wconf 81' lang='lat' dir='ltr'>ac</span> <span class='ocrx_word' id='word_1_146' title='bbox 636 1876 783 1908; x_wconf 75' lang='lat' dir='ltr'>ministri</span> <span class='ocrx_word' id='word_1_147' title='bbox 806 1875 968 1918; x_wconf 68' lang='lat' dir='ltr'>yeneralis</span> <span class='ocrx_word' id='word_1_148' title='bbox 1000 1880 1122 1908; x_wconf 77' lang='lat' dir='ltr'>slaluta</span> 
     </span>
     <span class='ocr_line' id='line_1_35' title="bbox 422 1929 1122 1972; baseline 0 -11"><span class='ocrx_word' id='word_1_149' title='bbox 422 1940 481 1972; x_wconf 83' lang='lat' dir='ltr'>pro</span> <span class='ocrx_word' id='word_1_150' title='bbox 507 1929 642 1961; x_wconf 78' lang='lat' dir='ltr'>illorum</span> <span class='ocrx_word' id='word_1_151' title='bbox 674 1929 849 1970; x_wconf 65' lang='lat' dir='ltr'>reyz&#39;mz&#39;ne,</span> <span class='ocrx_word' id='word_1_152' title='bbox 874 1930 939 1960; x_wconf 68' lang='lat' dir='ltr'>anri</span> <span class='ocrx_word' id='word_1_153' title='bbox 972 1939 1043 1960; x_wconf 81' lang='lat' dir='ltr'>cum</span> <span class='ocrx_word' id='word_1_154' title='bbox 1076 1930 1122 1971; x_wconf 82' lang='lat' dir='ltr'>sa-</span> 
     </span>
     <span class='ocr_line' id='line_1_36' title="bbox 425 1981 1050 2025; baseline -0.002 -10"><span class='ocrx_word' id='word_1_155' title='bbox 425 1982 544 2015; x_wconf 73' lang='lat' dir='ltr'>calcate</span> <span class='ocrx_word' id='word_1_156' title='bbox 567 1981 714 2025; x_wconf 62' lang='lat' dir='ltr'>erz&#39;gycmli</span> <span class='ocrx_word' id='word_1_157' title='bbox 738 1982 808 2013; x_wconf 81' lang='lat' dir='ltr'>alia</span> <span class='ocrx_word' id='word_1_158' title='bbox 839 1981 1050 2014; x_wconf 40' lang='lat' dir='ltr'>seminaria&amp;</span> 
     </span>
    </p>
   </div>
   <div class='ocr_carea' id='block_1_8' title="bbox 505 2062 1002 2141">
    <p class='ocr_par' dir='ltr' id='par_1_12' title="bbox 505 2062 1002 2141">
     <span class='ocr_line' id='line_1_37' title="bbox 572 2062 934 2095; baseline 0 -7"><span class='ocrx_word' id='word_1_159' title='bbox 572 2062 766 2089; x_wconf 84' lang='lat' dir='ltr'>Innocentius</span> <span class='ocrx_word' id='word_1_160' title='bbox 787 2062 866 2095; x_wconf 80' lang='lat' dir='ltr'>Papa</span> <span class='ocrx_word' id='word_1_161' title='bbox 886 2062 934 2095; x_wconf 84' lang='lat' dir='ltr'>xl,</span> 
     </span>
     <span class='ocr_line' id='line_1_38' title="bbox 505 2106 1002 2141; baseline -0.002 -8"><span class='ocrx_word' id='word_1_162' title='bbox 505 2108 540 2133; x_wconf 79' lang='lat' dir='ltr'>ad</span> <span class='ocrx_word' id='word_1_163' title='bbox 561 2110 736 2141; x_wconf 85' lang='lat' dir='ltr'>perpetuam</span> <span class='ocrx_word' id='word_1_164' title='bbox 756 2106 800 2133; x_wconf 82' lang='lat' dir='ltr'>rei</span> <span class='ocrx_word' id='word_1_165' title='bbox 820 2107 1002 2134; x_wconf 79' lang='lat' dir='ltr'>memoriam.</span> 
     </span>
    </p>
   </div>
   <div class='ocr_carea' id='block_1_9' title="bbox 215 2178 1120 2221">
    <p class='ocr_par' dir='ltr' id='par_1_13' title="bbox 215 2178 1120 2221">
     <span class='ocr_line' id='line_1_39' title="bbox 215 2178 1120 2221; baseline 0.002 -13"><span class='ocrx_word' id='word_1_166' title='bbox 215 2186 333 2208; x_wconf 72' lang='lat' dir='ltr'>Exordium.</span> <span class='ocrx_word' id='word_1_167' title='bbox 425 2178 587 2212; x_wconf 79' lang='lat' dir='ltr'>Ecclesiae</span> <span class='ocrx_word' id='word_1_168' title='bbox 624 2179 804 2212; x_wconf 84' lang='lat' dir='ltr'>catholicae</span> <span class='ocrx_word' id='word_1_169' title='bbox 841 2189 898 2221; x_wconf 91' lang='lat' dir='ltr'>per</span> <span class='ocrx_word' id='word_1_170' title='bbox 936 2179 1120 2211; x_wconf 87' lang='lat' dir='ltr'>universum</span> 
     </span>
    </p>
   </div>
   <div class='ocr_carea' id='block_1_10' title="bbox 382 2232 1122 2489">
    <p class='ocr_par' dir='ltr' id='par_1_14' title="bbox 382 2232 1122 2489">
     <span class='ocr_line' id='line_1_40' title="bbox 382 2232 1121 2274; baseline -0.001 -8"><span class='ocrx_word' id='word_1_171' title='bbox 382 2238 541 2266; x_wconf 86' lang='lat' dir='ltr'>terrarum</span> <span class='ocrx_word' id='word_1_172' title='bbox 567 2232 680 2265; x_wconf 91' lang='lat' dir='ltr'>orbem</span> <span class='ocrx_word' id='word_1_173' title='bbox 705 2232 837 2265; x_wconf 82' lang='lat' dir='ltr'>ditl‘usae</span> <span class='ocrx_word' id='word_1_174' title='bbox 863 2232 1028 2274; x_wconf 81' lang='lat' dir='ltr'>regimini,</span> <span class='ocrx_word' id='word_1_175' title='bbox 1055 2242 1121 2265; x_wconf 87' lang='lat' dir='ltr'>me-</span> 
     </span>
     <span class='ocr_line' id='line_1_41' title="bbox 382 2286 1120 2329; baseline 0.001 -11"><span class='ocrx_word' id='word_1_176' title='bbox 382 2286 451 2318; x_wconf 88' lang='lat' dir='ltr'>ritis</span> <span class='ocrx_word' id='word_1_177' title='bbox 476 2286 552 2319; x_wconf 87' lang='lat' dir='ltr'>licet</span> <span class='ocrx_word' id='word_1_178' title='bbox 576 2286 763 2329; x_wconf 80' lang='lat' dir='ltr'>imparibus,</span> <span class='ocrx_word' id='word_1_179' title='bbox 779 2286 885 2318; x_wconf 69' lang='lat' dir='ltr'>dirina</span> <span class='ocrx_word' id='word_1_180' title='bbox 908 2286 1120 2328; x_wconf 85' lang='lat' dir='ltr'>dispositione</span> 
     </span>
     <span class='ocr_line' id='line_1_42' title="bbox 382 2339 1121 2382; baseline 0 -12"><span class='ocrx_word' id='word_1_181' title='bbox 382 2339 625 2382; x_wconf 80' lang='lat' dir='ltr'>praesidentes,</span> <span class='ocrx_word' id='word_1_182' title='bbox 653 2350 711 2379; x_wconf 82' lang='lat' dir='ltr'>ea,</span> <span class='ocrx_word' id='word_1_183' title='bbox 738 2350 819 2382; x_wconf 81' lang='lat' dir='ltr'>quae</span> <span class='ocrx_word' id='word_1_184' title='bbox 856 2351 872 2371; x_wconf 85' lang='lat' dir='ltr'>a</span> <span class='ocrx_word' id='word_1_185' title='bbox 897 2339 1121 2382; x_wconf 81' lang='lat' dir='ltr'>superioribus</span> 
     </span>
     <span class='ocr_line' id='line_1_43' title="bbox 382 2392 1120 2435; baseline 0.001 -11"><span class='ocrx_word' id='word_1_186' title='bbox 382 2392 585 2434; x_wconf 80' lang='lat' dir='ltr'>regularibus</span> <span class='ocrx_word' id='word_1_187' title='bbox 619 2403 677 2435; x_wconf 85' lang='lat' dir='ltr'>pro</span> <span class='ocrx_word' id='word_1_188' title='bbox 721 2392 918 2425; x_wconf 81' lang='lat' dir='ltr'>christianae</span> <span class='ocrx_word' id='word_1_189' title='bbox 952 2392 1120 2435; x_wconf 78' lang='lat' dir='ltr'>religionis</span> 
     </span>
     <span class='ocr_line' id='line_1_44' title="bbox 384 2446 1122 2489; baseline 0.001 -12"><span class='ocrx_word' id='word_1_190' title='bbox 384 2446 630 2488; x_wconf 80' lang='lat' dir='ltr'>catholicaeque</span> <span class='ocrx_word' id='word_1_191' title='bbox 657 2446 729 2478; x_wconf 81' lang='lat' dir='ltr'>fidei</span> <span class='ocrx_word' id='word_1_192' title='bbox 757 2446 1001 2489; x_wconf 78' lang='lat' dir='ltr'>propagatione,</span> <span class='ocrx_word' id='word_1_193' title='bbox 1021 2448 1122 2479; x_wconf 76' lang='lat' dir='ltr'>recta-</span> 
     </span>
    </p>
   </div>
   <div class='ocr_carea' id='block_1_11' title="bbox 420 2525 1143 2552">
    <p class='ocr_par' dir='ltr' id='par_1_15' title="bbox 420 2525 1143 2552">
     <span class='ocr_line' id='line_1_45' title="bbox 420 2525 1143 2552; baseline 0.001 -2"><span class='ocrx_word' id='word_1_194' title='bbox 420 2526 429 2550; x_wconf 85' lang='lat'>1</span> <span class='ocrx_word' id='word_1_195' title='bbox 455 2525 490 2550; x_wconf 84' lang='lat' dir='ltr'>De</span> <span class='ocrx_word' id='word_1_196' title='bbox 510 2526 645 2552; x_wconf 77' lang='lat' dir='ltr'>erectione</span> <span class='ocrx_word' id='word_1_197' title='bbox 665 2529 690 2551; x_wconf 77' lang='lat' dir='ltr'>et</span> <span class='ocrx_word' id='word_1_198' title='bbox 715 2526 820 2551; x_wconf 78' lang='lat' dir='ltr'>statu&#39;is</span> <span class='ocrx_word' id='word_1_199' title='bbox 843 2525 936 2552; x_wconf 85' lang='lat' dir='ltr'>horuui</span> <span class='ocrx_word' id='word_1_200' title='bbox 964 2527 1122 2552; x_wconf 60' lang='lat' dir='ltr'>seminario·</span> <span class='ocrx_word' id='word_1_201' title='bbox 1141 2537 1143 2541; x_wconf 94' lang='lat'>·</span> 
     </span>
    </p>
   </div>
   <div class='ocr_carea' id='block_1_12' title="bbox 383 2569 1121 2648">
    <p class='ocr_par' dir='ltr' id='par_1_16' title="bbox 383 2569 1121 2648">
     <span class='ocr_line' id='line_1_46' title="bbox 383 2569 1121 2603; baseline 0.001 -7"><span class='ocrx_word' id='word_1_202' title='bbox 383 2578 442 2596; x_wconf 78' lang='lat' dir='ltr'>runi</span> <span class='ocrx_word' id='word_1_203' title='bbox 471 2569 529 2595; x_wconf 67' lang='lat' dir='ltr'>vide</span> <span class='ocrx_word' id='word_1_204' title='bbox 554 2575 638 2596; x_wconf 76' lang='lat' dir='ltr'>coust.</span> <span class='ocrx_word' id='word_1_205' title='bbox 667 2570 710 2596; x_wconf 89' lang='lat' dir='ltr'>ed.</span> <span class='ocrx_word' id='word_1_206' title='bbox 733 2577 895 2603; x_wconf 59' lang='lat' dir='ltr'>uncrxxivi,</span> <span class='ocrx_word' id='word_1_207' title='bbox 917 2571 960 2597; x_wconf 88' lang='lat' dir='ltr'>die</span> <span class='ocrx_word' id='word_1_208' title='bbox 986 2572 1018 2597; x_wconf 66' lang='lat'>28</span> <span class='ocrx_word' id='word_1_209' title='bbox 1039 2571 1121 2603; x_wconf 82' lang='lat' dir='ltr'>iunii,</span> 
     </span>
     <span class='ocr_line' id='line_1_47' title="bbox 384 2614 520 2648; baseline -0.007 -8"><span class='ocrx_word' id='word_1_210' title='bbox 384 2614 477 2648; x_wconf 82' lang='lat' dir='ltr'>pontis.</span> <span class='ocrx_word' id='word_1_211' title='bbox 495 2621 520 2639; x_wconf 82' lang='lat' dir='ltr'>x.</span> 
     </span>
    </p>
   </div>
   <div class='ocr_carea' id='block_1_13' title="bbox 973 215 1326 240">
    <p class='ocr_par' dir='ltr' id='par_1_17' title="bbox 973 215 1326 240">
     <span class='ocr_line' id='line_1_48' title="bbox 973 215 1326 240; baseline 0.003 -1"><span class='ocrx_word' id='word_1_212' title='bbox 973 215 1152 240; x_wconf 64' lang='lat' dir='ltr'>nummum</span> <span class='ocrx_word' id='word_1_213' title='bbox 1176 215 1326 240; x_wconf 65' lang='lat' dir='ltr'>ROMANUM</span> 
     </span>
    </p>
   </div>
   <div class='ocr_carea' id='block_1_14' title="bbox 1142 216 2096 2650">
    <p class='ocr_par' dir='ltr' id='par_1_18' title="bbox 1164 216 2090 1148">
     <span class='ocr_line' id='line_1_49' title="bbox 1910 216 2090 247; baseline 0.017 -3"><span class='ocrx_word' id='word_1_214' title='bbox 1910 216 1959 244; x_wconf 81' lang='lat' dir='ltr'>An.</span> <span class='ocrx_word' id='word_1_215' title='bbox 1976 216 2003 245; x_wconf 87' lang='lat' dir='ltr'>C.</span> <span class='ocrx_word' id='word_1_216' title='bbox 2026 218 2090 247; x_wconf 78' lang='lat'><strong>1686</strong></span> 
     </span>
     <span class='ocr_line' id='line_1_50' title="bbox 1164 263 1902 307; baseline 0.005 -11"><span class='ocrx_word' id='word_1_217' title='bbox 1164 274 1225 307; x_wconf 83' lang='lat' dir='ltr'>que</span> <span class='ocrx_word' id='word_1_218' title='bbox 1250 263 1508 297; x_wconf 85' lang='lat' dir='ltr'>christifidelium</span> <span class='ocrx_word' id='word_1_219' title='bbox 1532 265 1743 299; x_wconf 78' lang='lat' dir='ltr'>instructione</span> <span class='ocrx_word' id='word_1_220' title='bbox 1775 276 1810 299; x_wconf 85' lang='lat' dir='ltr'>ac</span> <span class='ocrx_word' id='word_1_221' title='bbox 1833 276 1902 300; x_wconf 90' lang='lat' dir='ltr'>mo—</span> 
     </span>
     <span class='ocr_line' id='line_1_51' title="bbox 1165 317 1901 353; baseline 0.005 -4"><span class='ocrx_word' id='word_1_222' title='bbox 1165 328 1235 350; x_wconf 89' lang='lat' dir='ltr'>rum</span> <span class='ocrx_word' id='word_1_223' title='bbox 1261 317 1492 351; x_wconf 76' lang='lat' dir='ltr'>reformatione</span> <span class='ocrx_word' id='word_1_224' title='bbox 1524 322 1557 351; x_wconf 87' lang='lat' dir='ltr'>et</span> <span class='ocrx_word' id='word_1_225' title='bbox 1591 318 1768 352; x_wconf 86' lang='lat' dir='ltr'>animarum</span> <span class='ocrx_word' id='word_1_226' title='bbox 1800 321 1901 353; x_wconf 89' lang='lat' dir='ltr'>salute</span> 
     </span>
     <span class='ocr_line' id='line_1_52' title="bbox 1164 370 1902 416; baseline 0.005 -14"><span class='ocrx_word' id='word_1_227' title='bbox 1164 370 1284 414; x_wconf 87' lang='lat' dir='ltr'>ubique</span> <span class='ocrx_word' id='word_1_228' title='bbox 1298 372 1444 404; x_wconf 90' lang='lat' dir='ltr'>locorum</span> <span class='ocrx_word' id='word_1_229' title='bbox 1458 371 1611 414; x_wconf 84' lang='lat' dir='ltr'>congruis</span> <span class='ocrx_word' id='word_1_230' title='bbox 1628 372 1811 405; x_wconf 87' lang='lat' dir='ltr'>rationibus</span> <span class='ocrx_word' id='word_1_231' title='bbox 1828 383 1902 416; x_wconf 89' lang='lat' dir='ltr'>pro-</span> 
     </span>
     <span class='ocr_line' id='line_1_53' title="bbox 1166 423 1902 469; baseline 0.004 -13"><span class='ocrx_word' id='word_1_232' title='bbox 1166 424 1316 464; x_wconf 74' lang='lat' dir='ltr'>curanda,</span> <span class='ocrx_word' id='word_1_233' title='bbox 1332 423 1384 467; x_wconf 92' lang='lat' dir='ltr'>pie</span> <span class='ocrx_word' id='word_1_234' title='bbox 1405 425 1648 468; x_wconf 87' lang='lat' dir='ltr'>prudenterque</span> <span class='ocrx_word' id='word_1_235' title='bbox 1674 430 1790 459; x_wconf 87' lang='lat' dir='ltr'>statuta</span> <span class='ocrx_word' id='word_1_236' title='bbox 1807 431 1902 469; x_wconf 80' lang='lat' dir='ltr'>atque</span> 
     </span>
     <span class='ocr_line' id='line_1_54' title="bbox 1167 476 1904 518; baseline 0.004 -9"><span class='ocrx_word' id='word_1_237' title='bbox 1167 476 1314 509; x_wconf 88' lang='lat' dir='ltr'>ordinata</span> <span class='ocrx_word' id='word_1_238' title='bbox 1339 487 1411 510; x_wconf 87' lang='lat' dir='ltr'>esse</span> <span class='ocrx_word' id='word_1_239' title='bbox 1436 482 1628 518; x_wconf 87' lang='lat' dir='ltr'>noscuntur,</span> <span class='ocrx_word' id='word_1_240' title='bbox 1647 483 1681 511; x_wconf 92' lang='lat' dir='ltr'>ut</span> <span class='ocrx_word' id='word_1_241' title='bbox 1705 478 1799 511; x_wconf 85' lang='lat' dir='ltr'>firma</span> <span class='ocrx_word' id='word_1_242' title='bbox 1826 489 1904 512; x_wconf 89' lang='lat' dir='ltr'>sem-</span> 
     </span>
     <span class='ocr_line' id='line_1_55' title="bbox 1166 529 1904 574; baseline 0.003 -12"><span class='ocrx_word' id='word_1_243' title='bbox 1166 540 1224 573; x_wconf 92' lang='lat' dir='ltr'>per</span> <span class='ocrx_word' id='word_1_244' title='bbox 1249 534 1280 562; x_wconf 89' lang='lat' dir='ltr'>et</span> <span class='ocrx_word' id='word_1_245' title='bbox 1304 529 1427 563; x_wconf 83' lang='lat' dir='ltr'>illibata</span> <span class='ocrx_word' id='word_1_246' title='bbox 1450 530 1643 574; x_wconf 86' lang='lat' dir='ltr'>persistant,</span> <span class='ocrx_word' id='word_1_247' title='bbox 1671 536 1703 564; x_wconf 94' lang='lat' dir='ltr'>et</span> <span class='ocrx_word' id='word_1_248' title='bbox 1726 531 1825 574; x_wconf 88' lang='lat' dir='ltr'>optati</span> <span class='ocrx_word' id='word_1_249' title='bbox 1851 542 1904 564; x_wconf 83' lang='lat' dir='ltr'>ex-</span> 
     </span>
     <span class='ocr_line' id='line_1_56' title="bbox 1165 582 1902 626; baseline 0.004 -11"><span class='ocrx_word' id='word_1_250' title='bbox 1165 582 1239 615; x_wconf 88' lang='lat' dir='ltr'>inde</span> <span class='ocrx_word' id='word_1_251' title='bbox 1265 583 1427 616; x_wconf 89' lang='lat' dir='ltr'>bonorum</span> <span class='ocrx_word' id='word_1_252' title='bbox 1463 593 1597 626; x_wconf 90' lang='lat' dir='ltr'>operum</span> <span class='ocrx_word' id='word_1_253' title='bbox 1628 584 1750 617; x_wconf 81' lang='lat' dir='ltr'>fructus</span> <span class='ocrx_word' id='word_1_254' title='bbox 1783 585 1823 618; x_wconf 91' lang='lat' dir='ltr'>ad</span> <span class='ocrx_word' id='word_1_255' title='bbox 1847 584 1902 618; x_wconf 92' lang='lat' dir='ltr'>Dei</span> 
     </span>
     <span class='ocr_line' id='line_1_57' title="bbox 1166 635 1904 680; baseline 0.004 -12"><span class='ocrx_word' id='word_1_256' title='bbox 1166 635 1303 678; x_wconf 75' lang='lat' dir='ltr'>gloriam</span> <span class='ocrx_word' id='word_1_257' title='bbox 1329 641 1361 669; x_wconf 91' lang='lat' dir='ltr'>et</span> <span class='ocrx_word' id='word_1_258' title='bbox 1385 636 1554 669; x_wconf 88' lang='lat' dir='ltr'>christiani</span> <span class='ocrx_word' id='word_1_259' title='bbox 1579 637 1692 680; x_wconf 90' lang='lat' dir='ltr'>populi</span> <span class='ocrx_word' id='word_1_260' title='bbox 1710 637 1904 672; x_wconf 85' lang='lat' dir='ltr'>aedificatio·</span> 
     </span>
     <span class='ocr_line' id='line_1_58' title="bbox 1166 690 1901 735; baseline 0.003 -13"><span class='ocrx_word' id='word_1_261' title='bbox 1166 700 1248 731; x_wconf 87' lang='lat' dir='ltr'>nem,</span> <span class='ocrx_word' id='word_1_262' title='bbox 1259 690 1474 724; x_wconf 85' lang='lat' dir='ltr'>benedicente</span> <span class='ocrx_word' id='word_1_263' title='bbox 1484 691 1631 730; x_wconf 91' lang='lat' dir='ltr'>Domino,</span> <span class='ocrx_word' id='word_1_264' title='bbox 1646 697 1901 735; x_wconf 83' lang='lat' dir='ltr'>consequantur,</span> 
     </span>
     <span class='ocr_line' id='line_1_59' title="bbox 1164 744 1905 788; baseline 0.004 -13"><span class='ocrx_word' id='word_1_265' title='bbox 1164 744 1334 786; x_wconf 88' lang='lat' dir='ltr'>apostolici</span> <span class='ocrx_word' id='word_1_266' title='bbox 1363 744 1550 777; x_wconf 88' lang='lat' dir='ltr'>muniminis</span> <span class='ocrx_word' id='word_1_267' title='bbox 1583 744 1684 778; x_wconf 90' lang='lat' dir='ltr'>nostri</span> <span class='ocrx_word' id='word_1_268' title='bbox 1722 745 1905 788; x_wconf 87' lang='lat' dir='ltr'>praesidio,</span> 
     </span>
     <span class='ocr_line' id='line_1_60' title="bbox 1164 796 1906 840; baseline 0.004 -12"><span class='ocrx_word' id='word_1_269' title='bbox 1164 806 1235 828; x_wconf 90' lang='lat' dir='ltr'>cum</span> <span class='ocrx_word' id='word_1_270' title='bbox 1259 796 1291 830; x_wconf 92' lang='lat' dir='ltr'>id</span> <span class='ocrx_word' id='word_1_271' title='bbox 1318 807 1334 829; x_wconf 91' lang='lat' dir='ltr'>a</span> <span class='ocrx_word' id='word_1_272' title='bbox 1359 797 1452 830; x_wconf 87' lang='lat' dir='ltr'>nobis</span> <span class='ocrx_word' id='word_1_273' title='bbox 1469 798 1602 840; x_wconf 90' lang='lat' dir='ltr'>petitur,</span> <span class='ocrx_word' id='word_1_274' title='bbox 1622 797 1765 831; x_wconf 84' lang='lat' dir='ltr'>libenter</span> <span class='ocrx_word' id='word_1_275' title='bbox 1781 803 1906 831; x_wconf 83' lang='lat' dir='ltr'>consta-</span> 
     </span>
     <span class='ocr_line' id='line_1_61' title="bbox 1164 849 1904 893; baseline 0.003 -12"><span class='ocrx_word' id='word_1_276' title='bbox 1164 849 1306 890; x_wconf 88' lang='lat' dir='ltr'>bilimus,</span> <span class='ocrx_word' id='word_1_277' title='bbox 1335 854 1368 882; x_wconf 92' lang='lat' dir='ltr'>et</span> <span class='ocrx_word' id='word_1_278' title='bbox 1392 850 1470 882; x_wconf 87' lang='lat' dir='ltr'>alias</span> <span class='ocrx_word' id='word_1_279' title='bbox 1487 850 1657 893; x_wconf 87' lang='lat' dir='ltr'>pastoralis</span> <span class='ocrx_word' id='word_1_280' title='bbox 1677 850 1774 884; x_wconf 80' lang='lat' dir='ltr'>officii</span> <span class='ocrx_word' id='word_1_281' title='bbox 1800 851 1904 885; x_wconf 86' lang='lat' dir='ltr'>nostri</span> 
     </span>
     <span class='ocr_line' id='line_1_62' title="bbox 1164 904 1903 947; baseline 0.003 -12"><span class='ocrx_word' id='word_1_282' title='bbox 1164 908 1273 946; x_wconf 86' lang='lat' dir='ltr'>partes</span> <span class='ocrx_word' id='word_1_283' title='bbox 1299 909 1481 946; x_wconf 83' lang='lat' dir='ltr'>opportune</span> <span class='ocrx_word' id='word_1_284' title='bbox 1496 904 1637 947; x_wconf 90' lang='lat' dir='ltr'>desuper</span> <span class='ocrx_word' id='word_1_285' title='bbox 1655 904 1903 947; x_wconf 85' lang='lat' dir='ltr'>interponimus,</span> 
     </span>
     <span class='ocr_line' id='line_1_63' title="bbox 1165 958 1905 999; baseline 0.004 -12"><span class='ocrx_word' id='word_1_286' title='bbox 1165 961 1274 999; x_wconf 78' lang='lat' dir='ltr'>prout,</span> <span class='ocrx_word' id='word_1_287' title='bbox 1294 965 1413 996; x_wconf 89' lang='lat' dir='ltr'>rerum,</span> <span class='ocrx_word' id='word_1_288' title='bbox 1437 967 1668 999; x_wconf 89' lang='lat' dir='ltr'>personarum,</span> <span class='ocrx_word' id='word_1_289' title='bbox 1692 958 1840 991; x_wconf 88' lang='lat' dir='ltr'>locorum</span> <span class='ocrx_word' id='word_1_290' title='bbox 1873 963 1905 991; x_wconf 91' lang='lat' dir='ltr'>et</span> 
     </span>
     <span class='ocr_line' id='line_1_64' title="bbox 1167 1010 1903 1054; baseline 0.005 -14"><span class='ocrx_word' id='word_1_291' title='bbox 1167 1014 1346 1052; x_wconf 85' lang='lat' dir='ltr'>temporum</span> <span class='ocrx_word' id='word_1_292' title='bbox 1357 1010 1564 1052; x_wconf 86' lang='lat' dir='ltr'>qualitatibus</span> <span class='ocrx_word' id='word_1_293' title='bbox 1581 1015 1705 1043; x_wconf 89' lang='lat' dir='ltr'>mature</span> <span class='ocrx_word' id='word_1_294' title='bbox 1718 1011 1903 1054; x_wconf 86' lang='lat' dir='ltr'>perpensis,</span> 
     </span>
     <span class='ocr_line' id='line_1_65' title="bbox 1166 1062 1905 1106; baseline 0.004 -12"><span class='ocrx_word' id='word_1_295' title='bbox 1166 1062 1341 1095; x_wconf 82' lang='lat' dir='ltr'>salubriter</span> <span class='ocrx_word' id='word_1_296' title='bbox 1365 1062 1397 1094; x_wconf 90' lang='lat' dir='ltr'>in</span> <span class='ocrx_word' id='word_1_297' title='bbox 1422 1062 1557 1096; x_wconf 90' lang='lat' dir='ltr'>Domino</span> <span class='ocrx_word' id='word_1_298' title='bbox 1592 1063 1746 1106; x_wconf 76' lang='lat' dir='ltr'>expedire</span> <span class='ocrx_word' id='word_1_299' title='bbox 1771 1063 1905 1097; x_wconf 86' lang='lat' dir='ltr'>arbitra-</span> 
     </span>
     <span class='ocr_line' id='line_1_66' title="bbox 1166 1126 1248 1148; baseline -0.012 0"><span class='ocrx_word' id='word_1_300' title='bbox 1166 1126 1248 1148; x_wconf 89' lang='lat' dir='ltr'>mur.</span> 
     </span>
    </p>

    <p class='ocr_par' dir='ltr' id='par_1_19' title="bbox 1142 1168 2096 2650">
     <span class='ocr_line' id='line_1_67' title="bbox 1202 1168 2095 1215; baseline 0.008 -15"><span class='ocrx_word' id='word_1_301' title='bbox 1202 1168 1261 1211; x_wconf 65' lang='lat' dir='ltr'>gl.</span> <span class='ocrx_word' id='word_1_302' title='bbox 1279 1168 1402 1212; x_wconf 79' lang='lat' dir='ltr'>Exponi</span> <span class='ocrx_word' id='word_1_303' title='bbox 1417 1169 1579 1212; x_wconf 86' lang='lat' dir='ltr'>siquidem</span> <span class='ocrx_word' id='word_1_304' title='bbox 1596 1169 1690 1202; x_wconf 88' lang='lat' dir='ltr'>nobis</span> <span class='ocrx_word' id='word_1_305' title='bbox 1708 1179 1812 1213; x_wconf 90' lang='lat' dir='ltr'>nuper</span> <span class='ocrx_word' id='word_1_306' title='bbox 1829 1170 1904 1204; x_wconf 85' lang='lat' dir='ltr'>fecit</span> <span class='ocrx_word' id='word_1_307' title='bbox 1941 1184 2038 1215; x_wconf 49' lang='lat' dir='ltr'>racanas</span> <span class='ocrx_word' id='word_1_308' title='bbox 2057 1185 2095 1207; x_wconf 62' lang='lat' dir='ltr'>or:-</span> 
     </span>
     <span class='ocr_line' id='line_1_68' title="bbox 1166 1212 2096 1259; baseline 0.006 -6"><span class='ocrx_word' id='word_1_309' title='bbox 1166 1221 1302 1254; x_wconf 89' lang='lat' dir='ltr'>dilectus</span> <span class='ocrx_word' id='word_1_310' title='bbox 1328 1221 1412 1254; x_wconf 80' lang='lat' dir='ltr'>filius</span> <span class='ocrx_word' id='word_1_311' title='bbox 1438 1222 1625 1255; x_wconf 84' lang='lat' dir='ltr'>Franciscus</span> <span class='ocrx_word' id='word_1_312' title='bbox 1650 1222 1724 1255; x_wconf 85' lang='lat' dir='ltr'>Diaz</span> <span class='ocrx_word' id='word_1_313' title='bbox 1755 1234 1772 1256; x_wconf 88' lang='lat' dir='ltr'>a</span> <span class='ocrx_word' id='word_1_314' title='bbox 1797 1223 1828 1257; x_wconf 91' lang='lat' dir='ltr'>S.</span> <span class='ocrx_word' id='word_1_315' title='bbox 1848 1212 1976 1259; x_wconf 57' lang='lat' dir='ltr'>Bo-ffifd&#39;</span> <span class='ocrx_word' id='word_1_316' title='bbox 2010 1213 2096 1233; x_wconf 41' lang='grc' dir='ltr'>ΜΝ</span> 
     </span>
     <span class='ocr_line' id='line_1_69' title="bbox 1166 1276 1906 1318; baseline 0.005 -12"><span class='ocrx_word' id='word_1_317' title='bbox 1166 1280 1341 1307; x_wconf 80' lang='lat' dir='ltr'>naventura</span> <span class='ocrx_word' id='word_1_318' title='bbox 1361 1285 1420 1318; x_wconf 86' lang='lat' dir='ltr'>pro</span> <span class='ocrx_word' id='word_1_319' title='bbox 1444 1276 1684 1308; x_wconf 71' lang='lat' dir='ltr'>ultramontana</span> <span class='ocrx_word' id='word_1_320' title='bbox 1708 1276 1831 1310; x_wconf 78' lang='lat' dir='ltr'>familia</span> <span class='ocrx_word' id='word_1_321' title='bbox 1848 1277 1906 1310; x_wconf 75' lang='lat' dir='ltr'>i&#39;ra-</span> 
     </span>
     <span class='ocr_line' id='line_1_70' title="bbox 1167 1327 1906 1362; baseline 0.004 -3"><span class='ocrx_word' id='word_1_322' title='bbox 1167 1333 1246 1359; x_wconf 88' lang='lat' dir='ltr'>trum</span> <span class='ocrx_word' id='word_1_323' title='bbox 1262 1327 1422 1360; x_wconf 84' lang='lat' dir='ltr'>Minorum</span> <span class='ocrx_word' id='word_1_324' title='bbox 1439 1328 1540 1360; x_wconf 81' lang='lat' dir='ltr'>sancti</span> <span class='ocrx_word' id='word_1_325' title='bbox 1559 1328 1720 1361; x_wconf 85' lang='lat' dir='ltr'>Francisci</span> <span class='ocrx_word' id='word_1_326' title='bbox 1738 1329 1776 1362; x_wconf 90' lang='lat' dir='ltr'>de</span> <span class='ocrx_word' id='word_1_327' title='bbox 1790 1328 1906 1362; x_wconf 91' lang='lat' dir='ltr'>Obser-</span> 
     </span>
     <span class='ocr_line' id='line_1_71' title="bbox 1166 1379 1906 1424; baseline 0.003 -11"><span class='ocrx_word' id='word_1_328' title='bbox 1166 1379 1271 1413; x_wconf 74' lang='lat' dir='ltr'>vantia</span> <span class='ocrx_word' id='word_1_329' title='bbox 1297 1386 1560 1424; x_wconf 85' lang='lat' dir='ltr'>nuncupatorum</span> <span class='ocrx_word' id='word_1_330' title='bbox 1585 1381 1616 1413; x_wconf 91' lang='lat' dir='ltr'>in</span> <span class='ocrx_word' id='word_1_331' title='bbox 1644 1381 1787 1414; x_wconf 71' lang='lat' dir='ltr'>Romana</span> <span class='ocrx_word' id='word_1_332' title='bbox 1811 1382 1906 1415; x_wconf 77' lang='lat' dir='ltr'>Curia</span> 
     </span>
     <span class='ocr_line' id='line_1_72' title="bbox 1165 1436 1906 1478; baseline 0.003 -10"><span class='ocrx_word' id='word_1_333' title='bbox 1165 1436 1406 1469; x_wconf 84' lang='lat' dir='ltr'>commissarius</span> <span class='ocrx_word' id='word_1_334' title='bbox 1433 1436 1612 1478; x_wconf 73' lang='lat' dir='ltr'>generalis,</span> <span class='ocrx_word' id='word_1_335' title='bbox 1636 1436 1741 1478; x_wconf 86' lang='lat' dir='ltr'>quod,</span> <span class='ocrx_word' id='word_1_336' title='bbox 1764 1448 1834 1469; x_wconf 89' lang='lat' dir='ltr'>cum</span> <span class='ocrx_word' id='word_1_337' title='bbox 1860 1437 1906 1470; x_wconf 88' lang='lat' dir='ltr'>di-</span> 
     </span>
     <span class='ocr_line' id='line_1_73' title="bbox 1164 1489 1904 1532; baseline -0.001 -10"><span class='ocrx_word' id='word_1_338' title='bbox 1164 1491 1264 1522; x_wconf 79' lang='lat' dir='ltr'>lectus</span> <span class='ocrx_word' id='word_1_339' title='bbox 1297 1489 1417 1532; x_wconf 86' lang='lat' dir='ltr'>pariter</span> <span class='ocrx_word' id='word_1_340' title='bbox 1440 1489 1523 1521; x_wconf 79' lang='lat' dir='ltr'>silius</span> <span class='ocrx_word' id='word_1_341' title='bbox 1556 1489 1713 1522; x_wconf 80' lang='lat' dir='ltr'>Antonius</span> <span class='ocrx_word' id='word_1_342' title='bbox 1745 1490 1784 1522; x_wconf 88' lang='lat' dir='ltr'>de</span> <span class='ocrx_word' id='word_1_343' title='bbox 1810 1489 1904 1522; x_wconf 87' lang='lat' dir='ltr'>Linaz</span> 
     </span>
     <span class='ocr_line' id='line_1_74' title="bbox 1165 1543 1904 1587; baseline -0.001 -11"><span class='ocrx_word' id='word_1_344' title='bbox 1165 1544 1240 1576; x_wconf 81' lang='lat' dir='ltr'>dicti</span> <span class='ocrx_word' id='word_1_345' title='bbox 1265 1543 1392 1575; x_wconf 85' lang='lat' dir='ltr'>Ordinis</span> <span class='ocrx_word' id='word_1_346' title='bbox 1416 1543 1590 1586; x_wconf 83' lang='lat' dir='ltr'>professor,</span> <span class='ocrx_word' id='word_1_347' title='bbox 1617 1553 1652 1575; x_wconf 88' lang='lat' dir='ltr'>ac</span> <span class='ocrx_word' id='word_1_348' title='bbox 1677 1543 1709 1575; x_wconf 91' lang='lat' dir='ltr'>in</span> <span class='ocrx_word' id='word_1_349' title='bbox 1734 1543 1832 1576; x_wconf 87' lang='lat' dir='ltr'>Indiis</span> <span class='ocrx_word' id='word_1_350' title='bbox 1847 1543 1904 1587; x_wconf 86' lang='lat' dir='ltr'>Qe-</span> 
     </span>
     <span class='ocr_line' id='line_1_75' title="bbox 1165 1595 1903 1639; baseline 0.001 -11"><span class='ocrx_word' id='word_1_351' title='bbox 1165 1596 1377 1629; x_wconf 85' lang='lat' dir='ltr'>cidentalibus</span> <span class='ocrx_word' id='word_1_352' title='bbox 1412 1595 1603 1628; x_wconf 88' lang='lat' dir='ltr'>missionum</span> <span class='ocrx_word' id='word_1_353' title='bbox 1635 1596 1837 1639; x_wconf 81' lang='lat' dir='ltr'>praefectus,</span> <span class='ocrx_word' id='word_1_354' title='bbox 1865 1596 1903 1630; x_wconf 84' lang='lat' dir='ltr'>ad</span> 
     </span>
     <span class='ocr_line' id='line_1_76' title="bbox 1166 1648 1903 1692; baseline 0.003 -12"><span class='ocrx_word' id='word_1_355' title='bbox 1166 1649 1238 1682; x_wconf 81' lang='lat' dir='ltr'>fidei</span> <span class='ocrx_word' id='word_1_356' title='bbox 1263 1648 1530 1692; x_wconf 82' lang='lat' dir='ltr'>propagationem</span> <span class='ocrx_word' id='word_1_357' title='bbox 1550 1654 1582 1681; x_wconf 90' lang='lat' dir='ltr'>et</span> <span class='ocrx_word' id='word_1_358' title='bbox 1601 1659 1726 1681; x_wconf 88' lang='lat' dir='ltr'>morum</span> <span class='ocrx_word' id='word_1_359' title='bbox 1750 1648 1782 1681; x_wconf 91' lang='lat' dir='ltr'>in</span> <span class='ocrx_word' id='word_1_360' title='bbox 1808 1649 1903 1682; x_wconf 90' lang='lat' dir='ltr'>terris</span> 
     </span>
     <span class='ocr_line' id='line_1_77' title="bbox 1165 1701 1904 1741; baseline -0.001 -6"><span class='ocrx_word' id='word_1_361' title='bbox 1165 1702 1309 1735; x_wconf 75' lang='lat' dir='ltr'>fidelium</span> <span class='ocrx_word' id='word_1_362' title='bbox 1334 1701 1620 1741; x_wconf 75' lang='lat' dir='ltr'>reformationem,</span> <span class='ocrx_word' id='word_1_363' title='bbox 1646 1701 1741 1734; x_wconf 91' lang='lat' dir='ltr'>unius</span> <span class='ocrx_word' id='word_1_364' title='bbox 1767 1711 1904 1734; x_wconf 84' lang='lat' dir='ltr'>conven-</span> 
     </span>
     <span class='ocr_line' id='line_1_78' title="bbox 1166 1754 1905 1788; baseline -0.001 0"><span class='ocrx_word' id='word_1_365' title='bbox 1166 1761 1214 1788; x_wconf 91' lang='lat' dir='ltr'>tus</span> <span class='ocrx_word' id='word_1_366' title='bbox 1240 1757 1289 1788; x_wconf 85' lang='lat' dir='ltr'>vel</span> <span class='ocrx_word' id='word_1_367' title='bbox 1315 1755 1453 1788; x_wconf 79' lang='lat' dir='ltr'>(luorum</span> <span class='ocrx_word' id='word_1_368' title='bbox 1478 1765 1514 1787; x_wconf 86' lang='lat' dir='ltr'>ex</span> <span class='ocrx_word' id='word_1_369' title='bbox 1539 1754 1601 1787; x_wconf 84' lang='lat' dir='ltr'>iarn</span> <span class='ocrx_word' id='word_1_370' title='bbox 1619 1754 1758 1788; x_wconf 82' lang='lat' dir='ltr'>fundatis</span> <span class='ocrx_word' id='word_1_371' title='bbox 1773 1754 1805 1787; x_wconf 94' lang='lat' dir='ltr'>in</span> <span class='ocrx_word' id='word_1_372' title='bbox 1826 1757 1905 1787; x_wconf 74' lang='lat' dir='ltr'>una-</span> 
     </span>
     <span class='ocr_line' id='line_1_79' title="bbox 1165 1807 1901 1853; baseline -0.001 -11"><span class='ocrx_word' id='word_1_373' title='bbox 1165 1820 1290 1853; x_wconf 80' lang='lat' dir='ltr'>quaque</span> <span class='ocrx_word' id='word_1_374' title='bbox 1315 1820 1352 1842; x_wconf 86' lang='lat' dir='ltr'>ex</span> <span class='ocrx_word' id='word_1_375' title='bbox 1377 1808 1552 1852; x_wconf 83' lang='lat' dir='ltr'>provinciis</span> <span class='ocrx_word' id='word_1_376' title='bbox 1584 1807 1712 1840; x_wconf 88' lang='lat' dir='ltr'>Ordinis</span> <span class='ocrx_word' id='word_1_377' title='bbox 1743 1809 1901 1851; x_wconf 86' lang='lat' dir='ltr'>praedicti</span> 
     </span>
     <span class='ocr_line' id='line_1_80' title="bbox 1164 1860 1902 1895; baseline -0.003 0"><span class='ocrx_word' id='word_1_378' title='bbox 1164 1864 1196 1895; x_wconf 93' lang='lat' dir='ltr'>in</span> <span class='ocrx_word' id='word_1_379' title='bbox 1223 1861 1401 1894; x_wconf 88' lang='lat' dir='ltr'>ditionibus</span> <span class='ocrx_word' id='word_1_380' title='bbox 1428 1860 1584 1893; x_wconf 84' lang='lat' dir='ltr'>carissimi</span> <span class='ocrx_word' id='word_1_381' title='bbox 1618 1860 1650 1892; x_wconf 88' lang='lat' dir='ltr'>in</span> <span class='ocrx_word' id='word_1_382' title='bbox 1683 1860 1812 1893; x_wconf 88' lang='lat' dir='ltr'>Christo</span> <span class='ocrx_word' id='word_1_383' title='bbox 1844 1861 1902 1894; x_wconf 83' lang='lat' dir='ltr'>filii</span> 
     </span>
     <span class='ocr_line' id='line_1_81' title="bbox 1165 1913 1902 1956; baseline -0.003 -8"><span class='ocrx_word' id='word_1_384' title='bbox 1165 1915 1267 1948; x_wconf 90' lang='lat' dir='ltr'>nostri</span> <span class='ocrx_word' id='word_1_385' title='bbox 1293 1914 1396 1947; x_wconf 86' lang='lat' dir='ltr'>Caroli</span> <span class='ocrx_word' id='word_1_386' title='bbox 1423 1913 1649 1956; x_wconf 83' lang='lat' dir='ltr'>Hispaniarum</span> <span class='ocrx_word' id='word_1_387' title='bbox 1676 1913 1762 1956; x_wconf 83' lang='lat' dir='ltr'>regis</span> <span class='ocrx_word' id='word_1_388' title='bbox 1789 1914 1902 1947; x_wconf 89' lang='lat' dir='ltr'>catho-</span> 
     </span>
     <span class='ocr_line' id='line_1_82' title="bbox 1164 1966 1901 2010; baseline 0 -10"><span class='ocrx_word' id='word_1_389' title='bbox 1164 1968 1236 2007; x_wconf 85' lang='lat' dir='ltr'>lici,</span> <span class='ocrx_word' id='word_1_390' title='bbox 1271 1973 1333 2000; x_wconf 90' lang='lat' dir='ltr'>tam</span> <span class='ocrx_word' id='word_1_391' title='bbox 1358 1967 1444 2010; x_wconf 88' lang='lat' dir='ltr'>apud</span> <span class='ocrx_word' id='word_1_392' title='bbox 1478 1966 1667 2009; x_wconf 83' lang='lat' dir='ltr'>Hispaniam</span> <span class='ocrx_word' id='word_1_393' title='bbox 1696 1977 1792 2009; x_wconf 88' lang='lat' dir='ltr'>quarn</span> <span class='ocrx_word' id='word_1_394' title='bbox 1817 1968 1901 2010; x_wconf 87' lang='lat' dir='ltr'>apud</span> 
     </span>
     <span class='ocr_line' id='line_1_83' title="bbox 1164 2019 1902 2064; baseline -0.001 -11"><span class='ocrx_word' id='word_1_395' title='bbox 1164 2021 1396 2064; x_wconf 83' lang='lat' dir='ltr'>Philippinaas,</span> <span class='ocrx_word' id='word_1_396' title='bbox 1412 2019 1600 2059; x_wconf 76' lang='lat' dir='ltr'>Mexicanas,</span> <span class='ocrx_word' id='word_1_397' title='bbox 1618 2019 1782 2052; x_wconf 86' lang='lat' dir='ltr'>Peruanas</span> <span class='ocrx_word' id='word_1_398' title='bbox 1800 2025 1831 2052; x_wconf 88' lang='lat' dir='ltr'>et</span> <span class='ocrx_word' id='word_1_399' title='bbox 1851 2030 1902 2052; x_wconf 90' lang='lat' dir='ltr'>ce-</span> 
     </span>
     <span class='ocr_line' id='line_1_84' title="bbox 1165 2072 1901 2113; baseline -0.001 -7"><span class='ocrx_word' id='word_1_400' title='bbox 1165 2079 1248 2106; x_wconf 80' lang='lat' dir='ltr'>teras</span> <span class='ocrx_word' id='word_1_401' title='bbox 1288 2073 1511 2106; x_wconf 85' lang='lat' dir='ltr'>Occidentales</span> <span class='ocrx_word' id='word_1_402' title='bbox 1547 2072 1652 2105; x_wconf 88' lang='lat' dir='ltr'>Indias</span> <span class='ocrx_word' id='word_1_403' title='bbox 1678 2072 1901 2113; x_wconf 87' lang='lat' dir='ltr'>existentibus,</span> 
     </span>
     <span class='ocr_line' id='line_1_85' title="bbox 1164 2125 1902 2170; baseline 0 -10"><span class='ocrx_word' id='word_1_404' title='bbox 1164 2127 1361 2160; x_wconf 88' lang='lat' dir='ltr'>erectionem</span> <span class='ocrx_word' id='word_1_405' title='bbox 1391 2126 1424 2158; x_wconf 91' lang='lat' dir='ltr'>in</span> <span class='ocrx_word' id='word_1_406' title='bbox 1459 2125 1635 2159; x_wconf 83' lang='lat' dir='ltr'>seminaria</span> <span class='ocrx_word' id='word_1_407' title='bbox 1674 2137 1731 2159; x_wconf 91' lang='lat' dir='ltr'>seu</span> <span class='ocrx_word' id='word_1_408' title='bbox 1764 2127 1902 2170; x_wconf 83' lang='lat' dir='ltr'>collegia</span> 
     </span>
     <span class='ocr_line' id='line_1_86' title="bbox 1163 2179 1903 2223; baseline 0.001 -11"><span class='ocrx_word' id='word_1_409' title='bbox 1163 2190 1221 2223; x_wconf 87' lang='lat' dir='ltr'>pro</span> <span class='ocrx_word' id='word_1_410' title='bbox 1246 2179 1458 2212; x_wconf 86' lang='lat' dir='ltr'>missionariis</span> <span class='ocrx_word' id='word_1_411' title='bbox 1484 2179 1633 2212; x_wconf 84' lang='lat' dir='ltr'>fratribus</span> <span class='ocrx_word' id='word_1_412' title='bbox 1660 2179 1836 2213; x_wconf 87' lang='lat' dir='ltr'>educandis</span> <span class='ocrx_word' id='word_1_413' title='bbox 1866 2190 1903 2213; x_wconf 88' lang='lat' dir='ltr'>ac</span> 
     </span>
     <span class='ocr_line' id='line_1_87' title="bbox 1164 2233 1901 2276; baseline 0 -10"><span class='ocrx_word' id='word_1_414' title='bbox 1164 2233 1361 2272; x_wconf 83' lang='lat' dir='ltr'>instruendis</span> <span class='ocrx_word' id='word_1_415' title='bbox 1393 2244 1410 2265; x_wconf 88' lang='lat' dir='ltr'>a</span> <span class='ocrx_word' id='word_1_416' title='bbox 1442 2233 1508 2265; x_wconf 89' lang='lat' dir='ltr'>suis</span> <span class='ocrx_word' id='word_1_417' title='bbox 1541 2233 1763 2275; x_wconf 88' lang='lat' dir='ltr'>superioribus</span> <span class='ocrx_word' id='word_1_418' title='bbox 1789 2233 1901 2276; x_wconf 88' lang='lat' dir='ltr'>petiis-</span> 
     </span>
     <span class='ocr_line' id='line_1_88' title="bbox 1163 2286 1900 2327; baseline 0.001 -8"><span class='ocrx_word' id='word_1_419' title='bbox 1163 2292 1223 2327; x_wconf 87' lang='lat' dir='ltr'>set,</span> <span class='ocrx_word' id='word_1_420' title='bbox 1251 2286 1389 2319; x_wconf 86' lang='lat' dir='ltr'>dilectus</span> <span class='ocrx_word' id='word_1_421' title='bbox 1414 2286 1510 2319; x_wconf 90' lang='lat' dir='ltr'>etiam</span> <span class='ocrx_word' id='word_1_422' title='bbox 1530 2286 1614 2319; x_wconf 83' lang='lat' dir='ltr'>filius</span> <span class='ocrx_word' id='word_1_423' title='bbox 1629 2286 1741 2319; x_wconf 87' lang='lat' dir='ltr'>Petrus</span> <span class='ocrx_word' id='word_1_424' title='bbox 1762 2286 1900 2320; x_wconf 88' lang='lat' dir='ltr'>Marinus</span> 
     </span>
     <span class='ocr_line' id='line_1_89' title="bbox 1163 2340 1901 2381; baseline 0.003 -9"><span class='ocrx_word' id='word_1_425' title='bbox 1163 2340 1346 2380; x_wconf 84' lang='lat' dir='ltr'>Sorinanus,</span> <span class='ocrx_word' id='word_1_426' title='bbox 1372 2340 1519 2373; x_wconf 88' lang='lat' dir='ltr'>minister</span> <span class='ocrx_word' id='word_1_427' title='bbox 1558 2340 1718 2381; x_wconf 76' lang='lat' dir='ltr'>generalis</span> <span class='ocrx_word' id='word_1_428' title='bbox 1754 2341 1901 2374; x_wconf 85' lang='lat' dir='ltr'>eiusdem</span> 
     </span>
     <span class='ocr_line' id='line_1_90' title="bbox 1163 2393 1900 2433; baseline 0.003 -7"><span class='ocrx_word' id='word_1_429' title='bbox 1163 2394 1302 2433; x_wconf 84' lang='lat' dir='ltr'>Ordinis,</span> <span class='ocrx_word' id='word_1_430' title='bbox 1317 2393 1498 2426; x_wconf 89' lang='lat' dir='ltr'>erectiones</span> <span class='ocrx_word' id='word_1_431' title='bbox 1509 2393 1755 2426; x_wconf 89' lang='lat' dir='ltr'>seminariorum</span> <span class='ocrx_word' id='word_1_432' title='bbox 1770 2405 1825 2427; x_wconf 91' lang='lat' dir='ltr'>seu</span> <span class='ocrx_word' id='word_1_433' title='bbox 1839 2396 1900 2428; x_wconf 91' lang='lat' dir='ltr'>col-</span> 
     </span>
     <span class='ocr_line' id='line_1_91' title="bbox 1164 2447 1902 2490; baseline 0 -10"><span class='ocrx_word' id='word_1_434' title='bbox 1164 2447 1321 2489; x_wconf 67' lang='lat' dir='ltr'>legiorum</span> <span class='ocrx_word' id='word_1_435' title='bbox 1347 2447 1750 2486; x_wconf 84' lang='lat' dir='ltr'>huiusmodi,consensum</span> <span class='ocrx_word' id='word_1_436' title='bbox 1775 2448 1902 2490; x_wconf 90' lang='lat' dir='ltr'>provin-</span> 
     </span>
     <span class='ocr_line' id='line_1_92' title="bbox 1165 2498 1897 2543; baseline 0.001 -11"><span class='ocrx_word' id='word_1_437' title='bbox 1165 2501 1286 2532; x_wconf 79' lang='lat' dir='ltr'>ciarum</span> <span class='ocrx_word' id='word_1_438' title='bbox 1313 2500 1502 2532; x_wconf 85' lang='lat' dir='ltr'>auctoritate</span> <span class='ocrx_word' id='word_1_439' title='bbox 1520 2499 1567 2531; x_wconf 87' lang='lat' dir='ltr'>sui</span> <span class='ocrx_word' id='word_1_440' title='bbox 1593 2498 1687 2532; x_wconf 79' lang='lat' dir='ltr'>officii</span> <span class='ocrx_word' id='word_1_441' title='bbox 1706 2500 1897 2543; x_wconf 90' lang='lat' dir='ltr'>supplendo,</span> 
     </span>
     <span class='ocr_line' id='line_1_93' title="bbox 1166 2552 1900 2586; baseline 0.003 -2"><span class='ocrx_word' id='word_1_442' title='bbox 1166 2553 1232 2586; x_wconf 70' lang='lat' dir='ltr'>lieri</span> <span class='ocrx_word' id='word_1_443' title='bbox 1260 2553 1317 2585; x_wconf 74' lang='lat' dir='ltr'>sub</span> <span class='ocrx_word' id='word_1_444' title='bbox 1343 2554 1446 2586; x_wconf 78' lang='lat' dir='ltr'>forma</span> <span class='ocrx_word' id='word_1_445' title='bbox 1467 2552 1497 2585; x_wconf 91' lang='lat' dir='ltr'>in</span> <span class='ocrx_word' id='word_1_446' title='bbox 1520 2553 1586 2585; x_wconf 90' lang='lat' dir='ltr'>suis</span> <span class='ocrx_word' id='word_1_447' title='bbox 1611 2552 1724 2585; x_wconf 86' lang='lat' dir='ltr'>litteris</span> <span class='ocrx_word' id='word_1_448' title='bbox 1747 2556 1900 2586; x_wconf 72' lang='lat' dir='ltr'>contenta</span> 
     </span>
     <span class='ocr_line' id='line_1_94' title="bbox 1142 2604 1901 2650; baseline 0.003 -12"><span class='ocrx_word' id='word_1_449' title='bbox 1142 2604 1144 2623; x_wconf 58' lang='lat' dir='ltr'>l</span> <span class='ocrx_word' id='word_1_450' title='bbox 1166 2606 1316 2646; x_wconf 65' lang='lat' dir='ltr'>decrerit,</span> <span class='ocrx_word' id='word_1_451' title='bbox 1342 2606 1458 2645; x_wconf 56' lang='lat' dir='ltr'>uasat)</span> <span class='ocrx_word' id='word_1_452' title='bbox 1483 2606 1598 2649; x_wconf 86' lang='lat' dir='ltr'>poenis</span> <span class='ocrx_word' id='word_1_453' title='bbox 1622 2616 1681 2650; x_wconf 87' lang='lat' dir='ltr'>per</span> <span class='ocrx_word' id='word_1_454' title='bbox 1705 2607 1901 2640; x_wconf 87' lang='lat' dir='ltr'>casdcmlit-</span> 
     </span>
    </p>
   </div>
   <div class='ocr_carea' id='block_1_15' title="bbox 1143 273 1146 2013">
    <p class='ocr_par' dir='ltr' id='par_1_20' title="bbox 1143 273 1146 2013">
     <span class='ocr_line' id='line_1_95' title="bbox 1143 273 1146 2013; baseline 0 0"><span class='ocrx_word' id='word_1_455' title='bbox 1143 273 1146 2013; x_wconf 95' lang='lat' dir='ltr'> </span> 
     </span>
    </p>
   </div>
   <div class='ocr_carea' id='block_1_16' title="bbox 1142 1682 1146 2647">
    <p class='ocr_par' dir='ltr' id='par_1_21' title="bbox 1142 1682 1146 2647">
     <span class='ocr_line' id='line_1_96' title="bbox 1142 1682 1146 2647; baseline 0 0"><span class='ocrx_word' id='word_1_456' title='bbox 1142 1682 1146 2647; x_wconf 95' lang='lat' dir='ltr'> </span> 
     </span>
    </p>
   </div>
  </div>
 </body>
</html>
