2111 3157
125 170 128 172 ’
156 187 249 215 An.C.
274 187 340 214 1534
386 177 450 213 {308

300 494 301 497 Ἴ
345 457 444 494 prout
468 450 565 483 latius
590 449 622 482 in
650 449 737 482 dicto
763 448 860 487 libro,
890 452 951 480 etc.

934 183 1112 208 nummum

393 237 563 270 Decretum
589 246 653 269 non
681 235 795 274 solum,
814 239 891 274 etc,
913 233 970 266 sed
990 233 1087 271 omni,

350 298 426 330 cuz,
453 290 648 334 supplendo,
675 294 734 321 etc.

392 344 426 377 G.
456 344 542 376 card.
566 342 743 375 clamans
767 340 904 374 vicarius
929 344 961 372 et
985 339 1039 372 im.

392 397 539 430 Harimiit
565 396 754 428 Fsssnssr‘rrs
778 394 984 435 secretarius,
1008 399 1084 434 etc,

390 503 437 535 Ad
464 513 571 546 quem,
596 508 656 535 etc.
684 502 717 534 In
744 512 891 545 quorum,
918 505 980 533 etc.

388 557 499 589 Datum
519 556 639 589 Romae
662 555 721 588 bac
740 555 792 588 die
817 564 869 588 xvi
887 553 1084 597 septembris

344 619 533 642 noetxxxiv.

386 663 437 695 Ila
457 667 512 695 esti
536 662 572 695 R.
596 662 797 702 FAnnETTrs,
824 665 954 701 secret„
972 665 1032 693 etc.
1051 673 1080 692 n.

386 716 400 757 ἓ
425 715 458 748 3.
478 715 553 748 Cum
581 721 698 755 autem,
714 715 797 748 sicut
822 714 935 750 eadem
956 714 1084 757 exposi-
1104 704 1105 742 i

343 769 387 802 tio
431 769 666 811 subiungebat,
707 768 840 811 praefati
882 773 1082 811 exponentes

341 821 535 865 praemissa,
552 832 615 864 quo
635 821 757 854 firmius
775 821 951 853 subsistant
969 826 1001 853 et
1017 830 1082 853 ser-

342 880 458 907 ventur
475 875 629 912 exactius,
645 873 845 917 apostolicae
864 878 993 906 nostrae
1012 883 1082 906 con-

342 928 535 960 firmationis
561 927 742 970 patrocinio
776 926 968 960 communiri
1000 937 1081 958 surn-

340 991 471 1024 mopere
498 981 704 1013 desiderent:
725 988 791 1019 nos,
810 979 984 1022 specialem
1003 979 1080 1022 ipsis

339 1034 574 1077 exponentibus
611 1033 747 1075 gratiam
779 1034 885 1066 facere
922 1021 1102 1084 volentes}

339 1093 367 1118 vt
395 1097 507 1120 eorum
533 1086 713 1129 singulares
739 1096 897 1129 personas
915 1096 932 1118 a
953 1085 1081 1129 quibus-

340 1141 385 1172 vis
411 1139 773 1179 excommunicationis,
800 1138 1024 1182 suspensionis
1050 1144 1101 1171 etr

340 1193 511 1232 interdicti,
537 1192 674 1236 aliisque
700 1192 928 1225 ecclesiasticis
953 1196 1080 1225 senten-

340 1246 400 1285 tiis,
427 1245 574 1279 censuris
606 1252 637 1278 et
668 1246 796 1289 poenis,
824 1256 840 1278 a
865 1245 934 1278 iure
959 1246 1010 1278 vel
1039 1245 1078 1278 ab

339 1299 482 1340 bomine,
508 1299 618 1342 quavis
641 1299 811 1332 occasione
836 1299 887 1332 vel
913 1300 1008 1331 causa
1034 1299 1078 1331 la-

339 1352 386 1390 tis,
420 1352 445 1384 si
478 1352 597 1395 quibus
630 1352 877 1395 quomodolibet
902 1351 1077 1384 innodatae

338 1405 493 1445 existunt,
513 1406 552 1438 ad
571 1404 719 1438 effectum
738 1405 959 1448 praesentium
987 1405 1077 1437 dnm-

339 1465 421 1492 taxat
447 1459 722 1502 consequendum,
759 1459 873 1491 barum
906 1458 987 1491 serie
1023 1459 1078 1490 ab·

338 1513 502 1545 solventes
529 1517 560 1545 et
593 1512 757 1544 absolutas
794 1512 862 1544 sore
896 1516 1098 1556 censentes,⁴

338 1565 629 1608 supplicationibus
667 1575 781 1597 eorum
818 1564 948 1597 nomine
982 1564 1097 1597 nobis*

337 1628 436 1661 super
461 1617 523 1651 hoc
550 1618 716 1651 humiliter
740 1618 900 1661 porrectis
919 1617 1075 1656 inclinati,

337 1671 575 1704 restrictionem
601 1676 632 1703 et
650 1671 870 1704 reductionem
889 1670 1076 1714 praedictae

337 1726 606 1767 (Jongregationis
633 1725 663 1757 S.
701 1725 832 1767 loseplii
874 1735 933 1768 pro
969 1724 1098 1757 couvi-2

335 1779 483 1811 ventibus
510 1784 541 1811 et
570 1789 635 1811 non
669 1778 914 1811 conviventibus
947 1783 1098 1829 erectae¹

337 1832 368 1864 in
394 1832 684 1874 Congrcgalioncm
721 1843 780 1875 pro
812 1832 1013 1875 presbyteris
1046 1837 1099 1883 et¹

336 1885 461 1918 clericis
494 1891 616 1917 tantum
649 1886 680 1917 in
717 1885 786 1928 ipsa
820 1884 1075 1923 conviventibus,

336 1938 503 1982 ipsiusque
528 1948 629 1970 novae
650 1937 919 1980 Congregationis
945 1937 1078 1970 erectio-

336 2002 409 2024 nem
436 1998 467 2024 et
491 1992 749 2031 institutionem,
777 2002 813 2027 ac
839 1991 916 2024 dicti
942 1991 1098 2026 oratorii,

336 2057 395 2089 pro
432 2056 498 2079 non
530 2045 773 2078 conviventibus
810 2037 1097 2087 assignationem}

337 2109 465 2132 necnon
506 2099 763 2141 supradictarum
809 2097 1098 2131 constitutionumi

338 2152 607 2195 approbationem
633 2157 664 2184 et
695 2151 975 2185 confirmationem
991 2178 998 2191 ,
1026 2161 1098 2189 (ιθ-ἰ

341 2210 473 2248 [eraque
499 2216 516 2238 a
542 2211 722 2239 memorato
748 2205 890 2249 Gaspare
922 2204 1078 2237 cardinali

339 2265 371 2292 et.
391 2259 509 2292 vicario
537 2260 617 2291 l'acta
642 2264 673 2292 ct
698 2259 847 2292 ordinata
881 2264 916 2290 ut
940 2258 1078 2301 praeser-

341 2317 402 2352 tur,
439 2312 692 2355 expeditumque
733 2313 872 2355 desuper
911 2311 1100 2344 decretum*

340 2365 536 2406 huiusmodi,
562 2377 597 2398 ac
621 2376 734 2400 omnes
768 2372 800 2399 et
832 2365 974 2407 singulas
1004 2375 1079 2398 con-

341 2418 526 2452 stitutiones
547 2420 772 2462 praeinsertas,
788 2419 979 2452 auctoritate
1007 2427 1080 2460 apo-

342 2472 464 2510 stolica,
481 2478 592 2504 tenore
612 2472 1079 2514 praesentium,confirmamus

343 2530 373 2556 et
399 2525 626 2567 approbamus,
644 2526 771 2567 illisque
791 2524 984 2558 inviolabilis
1010 2533 1080 2566 apo-

342 2577 474 2610 stolicae
507 2576 665 2610 firmitatis
698 2578 799 2611 robur
830 2578 1010 2617 adiiciinus,
1045 2587 1103 2613 ac,

1137 185 1287 209 nomam!

1132 243 1244 265 omnes
1279 238 1311 265 et
1342 233 1490 276 singulos
1514 233 1594 267 iuris
1626 240 1657 268 et
1686 235 1761 268 sacti
1787 236 1869 269 dese-

1131 291 1209 325 ctus,
1237 286 1261 318 si
1287 285 1340 329 qui
1366 286 1507 337 desuper
1539 289 1789 331 quomodolibet
1819 289 1868 323 in-

1130 339 1341 380 tervenerint,
1367 341 1567 383 supplemus.

1172 392 1186 435 ἓ
1211 392 1242 424 4.
1271 393 1490 427 Decernentes
1521 396 1650 428 easdem
1675 402 1867 439 praesentes

1128 445 1266 486 litteras,
1290 456 1419 489 semper
1442 447 1560 489 firmas,
1584 449 1706 482 validas
1738 455 1770 483 et
1802 451 1868 484 effi-

1128 510 1218 531 caces
1253 499 1393 532 existere
1423 505 1454 533 et
1483 501 1563 542 sore,
1589 512 1731 546 suosque
1758 504 1868 546 plena-

1128 552 1191 585 rios
1218 558 1248 585 ct
1268 553 1413 596 integros
1438 553 1571 588 eii'ectus
1597 555 1704 588 sortiri
1730 561 1761 589 et
1785 557 1867 590 obti-

1127 616 1215 645 nerc‚
1243 617 1277 639 ac
1303 606 1380 647 illis,
1407 607 1447 640 ad
1473 619 1554 651 quos
1587 615 1711 652 spectat
1741 615 1772 644 et
1803 621 1864 653 pro

1127 664 1272 704 tempore
1309 661 1578 705 quandocumque
1614 663 1799 706 spectabit,
1831 664 1866 698 in

1125 714 1276 747 omnibus
1301 719 1332 746 et
1356 724 1414 757 per
1437 715 1546 748 onmia
1579 716 1768 759 plenissime
1801 718 1866 750 sus-

1125 766 1253 808 sragari,
1274 772 1304 800 et
1329 768 1369 800 ab
1394 767 1439 800 eis
1465 768 1644 812 respective
1669 769 1865 804 inviolabili-

1126 825 1173 852 ter
1198 820 1379 860 observari,
1407 821 1518 864 sicque
1544 821 1576 854 in
1601 822 1789 865 praemissis
1806 833 1865 866 per

1125 883 1346 915 quoscumque
1365 873 1489 906 iudices
1514 873 1695 908 ordinarios
1721 880 1753 908 et
1778 875 1864 909 dele-

1123 931 1224 967 gatos,
1243 926 1338 960 etiam
1364 937 1532 959 causarum
1558 927 1668 970 palatii
1693 929 1864 971 apostolici

1123 978 1301 1019 auditores,
1328 979 1464 1012 iudicari
1494 986 1526 1012 et
1557 980 1685 1013 definiri
1716 981 1860 1022 debere,

1122 1041 1157 1063 ae
1182 1030 1307 1065 irritum
1331 1037 1363 1065 et
1386 1032 1482 1065 inane
1508 1033 1533 1066 si
1559 1043 1652 1066 secus
1686 1044 1785 1077 super
1810 1035 1861 1067 his

1122 1094 1138 1116 a
1164 1087 1337 1127 quoquam,
1351 1085 1464 1128 quavis
1490 1086 1694 1126 auctoritate,
1720 1087 1862 1120 scienter

1121 1137 1170 1169 vel
1196 1137 1394 1179 ignoranter,
1421 1138 1592 1180 contigerit
1616 1140 1780 1172 attentari.

1163 1190 1178 1233 g
1203 1190 1232 1222 [1.
1261 1190 1331 1223 Non
1363 1191 1564 1224 obstantibus
1598 1192 1798 1235 praemissis,
1824 1204 1861 1227 ac

1120 1244 1407 1277 constitutionibus
1440 1250 1471 1278 et
1501 1245 1759 1279 ordinationibus
1784 1257 1861 1290 apo-

1121 1296 1253 1337 stolicis
1273 1307 1408 1337 necnon,
1428 1303 1587 1340 quatenus
1600 1308 1681 1341 opus
1692 1299 1743 1339 sit,
1757 1298 1860 1332 dictae

1119 1349 1385 1392 Congregationis
1404 1350 1434 1383 S.
1463 1351 1603 1394 losephi‚
1629 1356 1660 1384 et
1688 1352 1759 1385 aliis
1790 1352 1860 1395 qui-

1119 1403 1239 1442 busvis,
1265 1403 1361 1436 etiam
1387 1403 1587 1444 iuramento,
1615 1404 1858 1438 confirmatione

1119 1456 1308 1498 apostoliea,
1336 1457 1386 1489 vel
1408 1456 1519 1498 quavis
1545 1456 1695 1490 firmitate
1721 1457 1784 1490 alia
1809 1468 1860 1490 ro-

1118 1509 1249 1549 boratis,
1272 1509 1400 1541 statutis
1425 1514 1456 1542 et
1473 1510 1775 1550 consuetudinibus,
1793 1510 1859 1554 pri-

1118 1562 1241 1604 vilegiis
1267 1573 1408 1606 quoque,
1431 1563 1564 1596 indultis
1584 1569 1615 1596 et
1639 1564 1756 1596 litteris
1782 1574 1859 1607 apo-

1118 1615 1240 1648 stolicis
1287 1615 1320 1647 in
1366 1616 1565 1649 contrarium
1604 1616 1859 1659 praemissorum

1119 1669 1364 1711 quomodolibet
1395 1670 1575 1709 concessis,
1602 1670 1798 1703 confirmatis
1828 1676 1861 1703 et

1119 1722 1297 1763 innovatis;
1332 1723 1449 1766 quibus
1476 1723 1627 1756 omnibus
1653 1728 1685 1756 et
1711 1723 1858 1766 singulis,

1120 1775 1248 1809 illorum
1274 1781 1402 1809 tenores
1423 1775 1651 1818 praesentibus
1675 1786 1734 1818 pro
1760 1777 1859 1819 plene

1118 1834 1148 1860 ct
1165 1828 1367 1861 sufficienter
1387 1827 1552 1871 expressis
1581 1840 1618 1862 ac
1635 1829 1674 1862 de
1692 1829 1792 1862 verbo
1820 1830 1859 1862 ad

1118 1882 1250 1914 verbum
1276 1881 1406 1914 insertis
1433 1882 1602 1922 habentes,
1633 1881 1697 1915 illis
1719 1879 1797 1915 alias
1827 1883 1860 1915 in

1118 1944 1175 1967 suo
1200 1935 1318 1967 robore
1343 1934 1573 1977 permansuris,
1600 1934 1640 1967 ad
1665 1934 1861 1977 praemisso·

1118 1998 1188 2020 rum
1214 1987 1373 2027 effectum,
1404 1988 1466 2020 hae
1491 1988 1557 2021 vice
1585 1988 1763 2028 dumtaxat,
1789 1998 1860 2031 spe-

1118 2042 1243 2075 cialiter
1273 2047 1305 2074 et
1337 2050 1490 2085 expresse
1525 2042 1746 2085 derogamus;
1773 2046 1860 2075 cete-

1118 2097 1228 2139 risque
1253 2095 1425 2129 contrariis
1450 2096 1715 2140 quibuscumque.

1163 2149 1234 2192 §5
1272 2149 1426 2182 Volumus
1458 2155 1566 2183 autem
1601 2155 1636 2182 ut
1671 2149 1859 2183 earumdem

1119 2203 1339 2246 praesentium
1356 2202 1539 2236 litterarum
1556 2202 1775 2246 transumptis,
1801 2212 1859 2235 scu

1121 2257 1287 2299 exemplis,
1314 2255 1409 2289 etiam
1434 2255 1612 2298 impressis,
1640 2265 1737 2289 manu
1762 2254 1860 2289 alieu-

1121 2310 1169 2341 ius
1193 2309 1313 2342 notarii
1330 2309 1453 2352 publici
1479 2309 1682 2353 subscriptis,
1700 2314 1733 2342 et
1751 2308 1859 2352 sigillo

1121 2372 1281 2404 personae
1307 2361 1340 2394 in
1366 2362 1586 2395 ecclesiastica
1610 2361 1768 2404 dignitate
1785 2371 1860 2394 con-

1122 2415 1251 2448 stitutae
1291 2415 1435 2456 munitis,
1461 2415 1575 2448 eadem
1612 2424 1743 2457 prorsus
1778 2413 1859 2447 fides

1123 2474 1186 2500 tam
1211 2468 1243 2500 in
1268 2468 1390 2501 iudicio
1417 2478 1514 2511 quam
1538 2472 1627 2500 extra
1643 2467 1725 2500 illud
1741 2466 1861 2499 habea-

1125 2527 1195 2559 tur,
1217 2533 1298 2564 quae
1324 2521 1402 2565 ipsis
1428 2521 1655 2564 praesentibus
1683 2521 1861 2554 haberetur

1125 2576 1149 2608 si
1177 2575 1280 2608 [orent
1307 2574 1471 2608 exhibitae
1490 2574 1541 2607 vel
1561 2578 1725 2607 ostensae.

1871 187 1922 214 An.
1943 186 1973 214 C.
1992 188 2056 217 ¹684

1905 407 2026 430 clausulae.

1939 1199 1968 1229 De
1972 1201 2054 1226 rogatio

1871 1228 2031 1248 contrariorum.

1905 2152 2052 2180 'transumpto-

1870 2185 1916 2201 rum
1930 2179 1990 2201 (ides.
