2111 3157
0 285 41 311 ln.
61 283 91 310 C.
109 283 176 309 ¹086

180 330 336 363 bitionem
363 331 448 364 iuxta
474 332 608 364 formam
634 332 811 365 litterarum
840 343 911 374 apo-

179 384 362 416 stolicarum
389 394 485 427 super
510 385 668 417 consimili
694 385 831 427 negocio
853 395 909 427 pro

178 435 436 478 congregatione
475 437 505 468 S.
540 437 637 469 Mauri
674 437 909 469 monachorum

179 488 307 520 Ordinis
330 489 360 520 S.
386 489 548 521 Benedicti
575 489 653 521 alias
678 489 710 521 in
736 489 832 521 simili
851 489 912 521 for-

179 543 228 573 ma
253 541 360 573 Brevis
385 542 622 584 expeditarum,
650 542 811 585 praefatae
835 541 911 574 Con·

178 594 358 636 gregationi
384 595 535 634 Fuliensi‚
563 596 751 627 auctoritate
783 599 911 637 aposto-

177 645 249 685 lica,
281 652 392 679 tenore
418 647 652 689 praesentium,
678 647 908 685 concedimus·‚

177 699 357 740 praefatum
394 709 470 731 vero
506 699 655 731 Iacobum
681 699 838 732 Mauclerc
871 699 909 731 ad

178 750 378 782 redeundum
423 751 461 782 ad
501 750 639 793 primum
681 750 909 783 monasterium

179 802 322 836 eiusdem
359 802 624 844 Congregationis
657 802 817 835 Fuliensis
852 813 912 845 per

176 847 327 887 censuras
369 846 602 887 ecclesiasticas
649 855 910 897 compellendum

177 917 258 947 esse,
283 907 395 940 eadem
431 907 621 940 auctoritate
656 908 856 940 decernimus
880 913 911 940 et

177 960 375 993 ordinamus.

221 1012 288 1056 53.
318 1013 535 1046 Decernentes
565 1013 693 1047 easdem
722 1019 911 1057 praesentes

176 1065 300 1099 litteras
318 1076 446 1109 semper
467 1065 583 1105 firmas,
602 1067 724 1099 validas
750 1072 782 1099 et
807 1068 911 1099 effica-

178 1129 231 1151 ces
255 1118 394 1151 existere
419 1124 451 1151 et
475 1119 558 1159 fore,
585 1130 725 1162 suosque
750 1119 912 1162 plenarios

177 1176 209 1203 et
233 1171 375 1214 integros
400 1171 529 1204 ell'ectus
556 1172 662 1204 sortiri
688 1177 719 1205 et
736 1173 909 1212 obtinei‘e3

170 1235 212 1267 ¹ac
236 1225 310 1264 illis,
329 1224 368 1257 ad
394 1235 473 1267 quos
490 1231 617 1268 spectat
637 1231 669 1258 et
686 1236 746 1268 pro
765 1231 909 1269 tempore

168 1278 350 1323 spectabit,
388 1277 418 1309 in
456 1278 606 1310 omnibus
644 1284 675 1311 et
711 1288 769 1321 per
804 1279 911 1311 omnia

176 1331 364 1373 plenissime
386 1330 564 1373 suffragari,
585 1337 617 1364 et
653 1331 691 1363 ab
729 1332 774 1364 eis
805 1342 913 1374 respe—

172 1383 260 1421 ctive
278 1383 512 1416 inviolabiliter
538 1384 700 1416 observari
718 1411 725 1424 ,
753 1384 863 1426 sicque
880 1385 910 1416 in

170 1429 367 1479 ¹praemissis
390 1446 450 1479 per
475 1447 696 1479 quoscumque
723 1437 844 1469 iudices
865 1447 913 1469 or-

181 1488 323 1521 dinarios
349 1494 380 1521 et
405 1489 582 1530 delegatos,
616 1490 710 1520 ctiam
742 1500 911 1521 causarum

172 1534 289 1583 ¹palatii
322 1540 491 1583 apostolici
526 1541 699 1580 auditores,
727 1541 860 1573 iudicari
883 1547 914 1574 et

181 1592 307 1625 definiri
328 1593 447 1625 debere
463 1620 470 1633 ‚
498 1604 533 1625 ac
559 1594 684 1625 irritum
706 1595 743 1626 ed
764 1594 858 1626 inane
887 1594 912 1626 si

180 1656 271 1678 secus
296 1656 394 1688 super
421 1646 470 1678 bis
495 1657 510 1678 a
537 1657 710 1690 quoquam,
726 1648 835 1690 quavis
860 1659 915 1679 au-

181 1699 345 1738 ctoritate,
372 1699 514 1731 scienter
537 1700 585 1732 vel
610 1700 815 1742 ignoranter,
842 1711 915 1733 con-

148 1786 153 1795 ,-
181 1751 291 1794 tigerit
311 1752 474 1784 attentari.

0 1805 169 1859 „ffssssssssffm'm
224 1805 239 1847 g
259 1804 290 1836 4.
311 1804 378 1837 Non
404 1804 606 1837 obstantibus
630 1806 914 1839 constitutionibus

182 1861 215 1889 et
241 1857 502 1889 ordinationibus
529 1859 731 1900 apostolicis,
758 1869 792 1890 ac
817 1860 916 1891 omni-

181 1910 241 1942 bus
267 1916 299 1943 et
323 1910 457 1951 singulis
482 1910 556 1949 illis,
583 1922 663 1953 quae
696 1914 727 1943 in
764 1913 915 1955 praefatis

181 1962 310 2002 litteris,
333 1963 371 1994 ad
399 1963 537 1995 favorem
562 1963 663 1996 dietae
689 1964 916 2007 Congregatio-

181 2015 231 2047 nis
249 2014 280 2047 S.
293 2014 389 2047 Mauri
409 2015 575 2055 emanans,
588 2026 740 2049 concessa
757 2023 833 2049 sunt
850 2028 913 2049 non

182 2068 326 2108 obstare,
360 2067 541 2111 ceterisque
582 2070 751 2102 contrariis
784 2070 915 2113 quibus-

158 2120 161 2121 ’
183 2131 332 2164 cumque.

0 2173 174 2228 .1m¹}‚³=‘3‚‡2m⁸.‘²¹’'
227 2174 297 2216 ἐξ).
333 2173 487 2207 Volumus
525 2179 631 2207 autem
664 2181 699 2207 ut
731 2176 913 2209 earumdem

184 2227 405 2270 praesentium
427 2227 606 2260 litterarum
625 2229 843 2271 transumptis,
858 2240 913 2262 seu

183 2280 348 2322 exemplis,
367 2281 462 2313 etiam
481 2281 657 2323 impressis,
670 2292 764 2313 manu
784 2282 915 2315 alicuius

183 2331 300 2365 notarii
338 2332 459 2375 publici
496 2333 706 2375 subscriptis,
744 2339 776 2366 et
811 2334 915 2376 sigillo

183 2395 339 2428 personae
365 2384 396 2417 in
423 2385 641 2418 ecclesiastica
668 2386 823 2428 dignitate
845 2397 917 2419 con-

184 2438 313 2471 stitutae
350 2438 490 2478 munitis,
518 2439 629 2471 eadem
666 2449 799 2481 prorsus
836 2438 915 2472 fides

178 2495 246 2541 ¹'tam
282 2491 313 2523 in
347 2491 468 2524 iudicio
501 2502 595 2534 quam
630 2497 718 2523 extra
750 2492 828 2525 illud
861 2493 914 2525 ba·

178 2542 306 2583 (beatur,
325 2555 407 2587 quae
432 2544 511 2587 ipsis
537 2544 761 2586 praesentibus
784 2545 917 2578 babere-

180 2600 235 2637 *tur
259 2596 283 2628 si
306 2597 412 2629 forent
433 2597 595 2629 exbibitae
621 2599 668 2630 vel
698 2603 858 2631 ostensae.

201 2644 339 2687 'Datum
364 2649 493 2696 Romae,
524 2651 607 2694 apud
642 2650 673 2684 S.
701 2650 830 2697 Mariam
855 2651 917 2695 Ma-

15 1004 131 1043 Clausulaei
139 1002 142 1006 ·

757 285 968 309 {NNOCENTIIYS
992 286 1022 309 XI
1048 286 1096 309 PP-

1578 272 1639 305 ¹701

953 332 1063 373 iorem,
1089 333 1147 365 sub
1168 333 1288 364 annulo
1309 331 1493 369 Piscatoris,
1514 330 1564 363 die
1590 341 1606 361 v
1631 341 1684 362 au-

953 385 1032 426 gusti
1058 395 1247 424 MDCLXXXVI,
1275 384 1480 428 pontificatus
1504 383 1607 416 nostri
1632 393 1684 415 an-

953 448 994 470 no
1019 448 1047 470 x.

1691 282 1738 309 An.
1761 274 1788 309 c.
1809 283 1874 309 msc

988 498 1047 525 Dat.
1068 498 1112 525 die
1131 499 1148 525 5
1167 498 1271 533 augusti
1295 499 1370 533 1085,
1392 498 1489 534 pontif.
1510 505 1579 525 anno
1595 505 1621 524 x.

1247 640 1388 673 CLXXII.

954 712 1197 755 Confirmantur
1221 715 1378 757 quaedam
1405 715 1529 748 decreta
1548 715 1687 758 capituli

996 766 1184 799 intermedii
1218 768 1364 809 fratrum
1402 769 1439 800 B.
1464 769 1599 801 Ioannis
1628 769 1688 801 Dei

996 827 1170 860 regnorum
1195 819 1376 861 Hispaniae
1401 825 1428 852 et
1453 818 1662 853 Inffarum‘.

1134 898 1331 924 Innocentius
1352 899 1430 931 Papa
1450 899 1502 932 XI,

1072 941 1108 968 ad
1127 945 1301 975 perpetuam
1321 943 1365 969 rei
1384 944 1567 970 memoriam.

997 1011 1038 1044 Ex
1065 1012 1209 1046 iniuncto
1235 1014 1329 1046 nobis
1355 1014 1508 1047 divinitus
1537 1015 1688 1057 apostoli-

954 1075 1009 1097 cae
1035 1065 1197 1098 servitutis
1222 1076 1357 1099 munere
1383 1068 1581 1110 peculiarem
1602 1067 1688 1100 cbri-

955 1116 1155 1157 stifidelium,
1194 1119 1247 1161 qui
1273 1129 1289 1151 e
1315 1119 1462 1152 fluctibus
1499 1121 1618 1153 saeculi
1655 1121 1687 1153 in

955 1175 1084 1213 portum
1123 1172 1203 1204 vitae
1243 1172 1415 1214 religiosae
1456 1174 1685 1216 confugerunt,

955 1223 1135 1265 uberesque
1160 1223 1319 1256 honorum
1347 1235 1483 1267 operum
1508 1226 1629 1258 fructus
1655 1226 1687 1258 in

955 1275 1094 1308 Ecclesia
1115 1276 1169 1308 Dei
1195 1277 1323 1310 assidue
1355 1278 1502 1320 proferre
1527 1283 1697 1321 satagunt,'

955 1328 1205 1362 sollicitudinem
1227 1335 1387 1371 gerentes,
1419 1330 1493 1371 illis,
1514 1341 1596 1374 quae
1629 1342 1688 1374 pro

956 1381 1040 1413 felici
1072 1392 1296 1425 prosperoque
1327 1393 1439 1416 eorum
1474 1385 1632 1426 regimine
1658 1391 1690 1418 et

956 1434 1112 1475 gubernio
1137 1435 1270 1478 provide
1305 1436 1547 1479 prudenterque
1572 1438 1691 1470 consti-

957 1493 1023 1519 tuta
1058 1497 1129 1519 esse
1165 1494 1352 1528 noscuntur,
1376 1495 1410 1521 ut
1436 1488 1526 1522 firma
1559 1500 1690 1533 semper

956 1545 1050 1582 atque
1069 1540 1193 1573 illibata
1218 1542 1407 1584 persistant,
1431 1543 1600 1586 apostolici
1624 1553 1693 1576 mu-⁴

958 1593 1098 1633 niminis,
1124 1604 1194 1626 cum
1220 1594 1251 1626 id
1276 1606 1294 1627 a
1318 1595 1411 1628 nobis
1436 1596 1567 1638 petitur,
1592 1597 1691 1630 liben·

957 1650 1006 1678 ter
1027 1646 1231 1688 adiungimus
1257 1646 1454 1681 firmitatem.

1001 1699 1069 1741 gi.
1097 1699 1217 1742 Exponi
1255 1699 1415 1743 siquidem
1452 1701 1545 1734 nobis
1584 1712 1692 1746 nuper
1717 1711 1884 1743 vneemiam,-

959 1751 1033 1783 feeit
1065 1752 1200 1784 dilectus
1236 1752 1319 1785 silius
1344 1753 1480 1787 loannes
1504 1738 1884 1788 Emmanuel1⁶=iiss³÷nlssr152ll'0'

959 1805 996 1837 tle
1016 1805 1162 1846 llerrera,
1180 1812 1373 1848 procurator
1390 1808 1552 1849 generalis
1563 1808 1691 1841 Ordinis
1703 1797 1885 1838 ggffituncmxm

960 1858 1088 1889 fratrum
1110 1859 1143 1890 B.
1168 1858 1295 1891 loannis
1312 1860 1366 1892 Dei
1385 1871 1561 1902 regnorum
1579 1862 1694 1904 Hispa-

959 1911 1029 1942 niae
1056 1916 1087 1943 et
1112 1911 1285 1951 indiarum,
1310 1914 1408 1955 quod,
1436 1924 1507 1946 eum
1532 1925 1592 1957 per
1618 1925 1694 1947 con-

958 1963 1139 1996 stitutiones
1165 1964 1239 1996 dicti
1264 1964 1390 1998 Ordinis
1415 1977 1431 1998 a
1454 1966 1555 1999 felicis
1584 1978 1692 2000 recor-

959 2016 1097 2048 dationis
1122 2017 1251 2050 Urbano
1273 2018 1330 2050 PP.
1351 2019 1413 2051 wll
1438 2020 1690 2062 praedecessore

959 2074 1068 2102 nostro
1087 2071 1301 2112 confirmatas,
1317 2082 1387 2114 cap.
1405 2081 1456 2111 cn,
1473 2073 1622 2115 capitulis
1640 2084 1693 2115 ge-

958 2123 1122 2155 neralibus
1148 2128 1179 2155 et
1203 2123 1404 2156 intermediis
1438 2124 1537 2167 ipsius
1562 2125 1691 2158 Ordinis

958 2175 1209 2207 constitutiones
1235 2175 1320 2218 ipsas
1345 2177 1489 2209 mutandi
1514 2178 1563 2210 vel
1590 2178 1692 2210 decla-

958 2227 1059 2267 randi,
1079 2237 1242 2270 novasque
1261 2228 1357 2260 etiam
1375 2229 1584 2271 adiungendi,
1598 2236 1692 2273 prout

958 2281 1035 2313 recti
1072 2281 1219 2323 gubernii
1253 2282 1334 2314 ratio
1367 2283 1521 2324 exegerit,
1558 2283 1692 2316 facultas

960 2334 1138 2366 tribuatur:
1172 2334 1244 2366 ideo
1270 2334 1303 2366 in
1329 2334 1470 2377 capitulo
1495 2335 1703 2369 intermedio

1724 1027 1844 1050 Exordium.

1013 2440 1021 2466 1
1047 2439 1124 2465 Extat
1142 2439 1278 2466 revocatio
1303 2439 1441 2466 cuiusdam
1461 2440 1561 2467 decreti
1581 2439 1692 2477 capituli

959 2483 984 2508 in
996 2483 1099 2510 Urbani
1110 2482 1168 2509 VIlI
1181 2487 1266 2510 const.
1284 2483 1326 2511 ed.
1343 2491 1486 2518 noenum,
1497 2485 1540 2512 die
1555 2485 1571 2512 8
1587 2485 1690 2520 aprilis,

960 2528 1053 2561 pontif.
1075 2533 1104 2560 v;
1118 2531 1143 2554 et
1161 2527 1186 2553 in
1200 2527 1340 2554 Alexandri
1362 2528 1417 2555 Vlll
1434 2533 1519 2556 const.
1536 2529 1578 2556 ed.
1592 2536 1690 2561 innexo,

958 2572 1001 2597 die
1017 2572 1030 2598 7
1047 2572 1174 2605 octobris,
1192 2572 1284 2607 pontis.
1301 2579 1318 2605 ι,
1333 2572 1447 2600 babetur
1462 2574 1629 2601 confirmatio
1644 2574 1691 2600 de-

958 2616 1022 2642 creti
1039 2615 1181 2643 cardinalis
1202 2617 1361 2651 protectoris
1376 2617 1408 2645 de
1418 2618 1482 2659 sede
1501 2619 1644 2659 generalis.
1665 2622 1692 2658 et

950 2661 1146 2703 ,convocatione
1163 2661 1280 2697 capituli.
