2111 3157
847 191 943 214 uvnnx
967 191 1072 215 nestun
1618 185 1676 218 971

190 240 398 283 Congregatio
422 241 451 272 S.
476 240 600 273 Ioannis
624 241 852 284 Evangelistae,
870 242 943 275 vide
965 242 1112 276 Canonici
1126 243 1290 286 regulares
1310 243 1570 287 Congregationis
1595 244 1623 277 S.
1642 246 1727 278 Ioan-

277 292 325 325 nis
348 292 576 334 Evangelistae.

189 344 399 388 Congregatio
423 345 733 387 Bethlehemitarum,
758 347 820 380 vid.
845 346 1089 381 Confraternitas
1113 347 1426 382 Bethlehemitarum.

188 397 397 440 Congregatio
421 397 667 440 Brigittanorum
685 400 946 440 Novissimorum‚
963 399 1028 433 420
1048 411 1085 440 a;
1110 401 1270 433 decretum
1293 401 1451 445 quoddam
1468 402 1725 444 Congregationis

275 450 476 494 particularis
500 450 717 491 cardinalium,
735 463 798 495 quo
821 452 1012 485 declaratum
1042 453 1099 485 fuit
1126 454 1320 496 praedictam
1347 454 1630 497 Congregationem
1657 465 1726 488 esse

274 513 380 537 veram
405 503 592 546 religionem
617 504 773 537 diversam
797 505 837 537 ab
858 506 895 538 ea
919 505 969 539 SS.
995 506 1174 545 Salvatoris,
1194 516 1249 539 seu
1273 507 1302 540 S.
1328 507 1488 549 Brigittae,
1506 508 1724 547 confirmatur,

273 555 338 589 4⁹20
355 556 372 588 b
393 562 423 589 et
445 567 526 600 seq.;
551 557 811 600 Congregationis
825 558 965 591 eiusdem
983 559 1137 601 originem
1162 559 1267 600 refert,
1286 558 1350 593 498
1367 571 1387 592 α
1409 566 1438 592 et
1458 560 1492 599 b,
1517 560 1602 593 illius
1622 560 1724 592 varias

273 608 358 641 vices
383 613 412 642 et
436 609 652 642 contentiones
677 610 758 642 inter
782 610 881 653 ipsam
918 617 948 643 et
979 611 1168 653 Brigittanos
1200 613 1326 655 priores
1359 616 1481 646 exortas
1514 618 1639 653 narrat,
1659 613 1724 646 499

273 671 293 693 a
316 666 347 693 et
370 661 404 701 b,
430 662 671 704 Congregationi
695 663 853 706 praefatae
873 663 935 696 duo
955 663 1080 696 decreta
1094 664 1351 707 Congregationis
1376 665 1506 699 Concilii
1523 666 1724 699 decernentia

272 714 484 756 professiones
508 714 755 757 Brigittanorum
792 716 1042 749 Novissimorum
1074 726 1141 749 esse
1165 717 1303 757 validas,
1328 727 1444 761 eosque
1475 718 1724 752 denominandos

273 777 341 800 esse
365 768 565 810 Brigittanos,
591 768 837 809 confirmantur,
864 769 928 802 500
952 781 972 801 a.
997 775 1027 802 et
1051 770 1077 801 b.

183 820 392 863 Congregatio
417 821 582 861 Missionis,
606 821 677 854 vide
701 822 962 866 presbyterorum
988 822 1142 855 Missionis
1166 823 1385 865 congregatio.

184 872 394 915 Congregatio
418 873 678 917 presbyterorum
710 878 740 908 et
759 875 948 908 clericorum
973 874 1002 907 S.
1027 875 1168 918 losephi,
1188 874 1252 908 596
1277 886 1313 915 a,
1339 876 1437 919 ipsius
1461 877 1584 910 initium
1606 904 1612 917 ,
1643 878 1722 912 tituli

271 926 476 959 mutationem
503 932 533 959 et
556 927 618 960 loci
646 925 884 960 translationem
908 927 1025 969 refert,
1057 927 1121 960 596
1145 928 1183 968 b3
1219 928 1458 962 constitutiones
1489 930 1642 973 quaedam
1675 931 1723 963 in-

271 984 374 1012 sertae
398 979 526 1013 decreto
551 980 718 1014 cardinalis
738 981 846 1013 vicarii
871 981 996 1014 easdem
1020 980 1225 1024 approbantis
1249 986 1362 1021 extant,
1388 982 1450 1014 597
1466 983 1483 1015 b
1500 988 1530 1016 et
1547 993 1627 1026 δαίμ
1653 994 1723 1017 con-

273 1032 467 1074 gregationis
502 1032 642 1066 eiusdem
677 1034 890 1073 erectionem,
926 1043 1048 1067 necnon
1082 1033 1237 1077 praefatas
1266 1034 1522 1075 constitutiones,
1555 1037 1618 1068 una
1649 1047 1722 1069 cum

269 1083 398 1117 decreto
423 1084 590 1118 cardinalis
613 1085 723 1118 vicarii
747 1086 816 1119 illas
847 1086 1003 1119 referente
1019 1114 1026 1127 ,
1050 1086 1235 1130 approbavit
1266 1093 1296 1120 et
1332 1088 1530 1121 confirmavit
1555 1088 1718 1127 Pontifex,

271 1137 336 1171 608
362 1149 392 1170 α.

180 1189 391 1233 Congregatio
415 1191 675 1235 Presbyterorum
701 1192 917 1225 Saecularium
931 1192 963 1224 B.
989 1192 1026 1224 M.
1043 1192 1076 1224 V.
1099 1193 1296 1236 Assumptae,
1317 1192 1389 1225 vide
1407 1193 1583 1237 Presbyteri
1609 1195 1722 1228 Saecu-

269 1243 352 1275 lares
376 1243 637 1286 Congregationis
662 1244 694 1277 B.
719 1245 756 1277 M.
782 1245 816 1277 V.
834 1246 1031 1288 Assumptae.

179 1295 447 1339 Congregationes
472 1297 692 1337 cardinalium,
715 1299 783 1330 vide
805 1298 984 1331 Decretum.

179 1347 444 1391 Congregationes
468 1349 593 1383 Ordinis
617 1350 646 1383 S.
672 1350 841 1391 Benedicti,
865 1352 936 1384 vide
960 1351 1104 1384 Monachi
1128 1350 1254 1384 Ordinis
1279 1352 1307 1384 S.
1330 1351 1498 1385 Benedicti.
1722 1388 1727 1392 ⁴

179 1400 307 1434 Consilii
339 1402 417 1444 regii
441 1402 592 1435 Castellae
616 1403 648 1434 in
680 1403 837 1446 Hispaniis
871 1407 939 1437 acta
963 1409 1073 1437 contra
1103 1404 1256 1437 nuncium
1292 1405 1501 1448 apostolicum
1533 1406 1720 1449 irritantur,

266 1453 326 1487 131
356 1455 373 1486 b
398 1460 428 1487 et
450 1465 514 1498 seq.

177 1506 421 1541 Constitutiones
453 1507 644 1541 clericorum
676 1508 886 1541 saecularium
916 1509 948 1540 in
980 1509 1140 1542 communi
1178 1509 1349 1542 viventium
1390 1511 1616 1552 confirmatae,
1650 1513 1721 1546 vide

264 1560 459 1594 Clericorum
484 1561 694 1594 saecularium
719 1561 751 1593 in
775 1561 935 1594 communi
960 1561 1132 1594 viventium
1156 1562 1345 1594 institutum.

176 1612 419 1647 Constitutiones
435 1614 603 1657 Hospitalis
617 1614 647 1647 S.
662 1614 789 1647 Antonii
807 1614 1029 1647 Lusitanorum
1047 1614 1263 1655 confirmatae,
1279 1616 1351 1649 vide
1368 1615 1529 1659 Hospitale
1549 1617 1578 1650 S.
1592 1618 1719 1651 Antonii

266 1667 501 1700 Lusitanorum.

176 1719 356 1754 Conventus
381 1720 547 1753 Maioricae
571 1721 714 1763 erigendi
738 1721 917 1754 facultatem
943 1721 1127 1764 Capuccinis
1158 1720 1301 1763 indulget
1330 1721 1490 1761 Pontifex,
1514 1722 1530 1754 1
1560 1723 1576 1754 b
1601 1727 1631 1756 et
1653 1734 1714 1767 seq.

176 1772 354 1807 Conventus
379 1783 477 1807 novos
499 1774 641 1817 erigendi
666 1784 776 1807 causas
800 1779 952 1815 recenset,
984 1773 1044 1805 101
1073 1784 1122 1812 α.;
1153 1779 1184 1806 et
1216 1779 1387 1807 conventus
1419 1775 1492 1807 novi
1525 1775 1717 1809 erectionem

265 1826 298 1858 in
323 1826 447 1859 civitate
472 1827 655 1860 Malacitana
679 1827 852 1860 Minoribus
876 1826 1076 1859 Discalceatis
1105 1827 1275 1868 concessit,
1304 1827 1369 1860 10⁶2
1401 1837 1438 1866 a;
1471 1827 1555 1860 circa
1586 1838 1720 1862 conven-

264 1884 354 1911 tuum
378 1889 536 1912 novorum
561 1880 772 1921 erectionem,
798 1885 833 1912 ut
856 1880 888 1912 in
911 1880 1021 1922 Belgio
1045 1886 1225 1913 servaretur
1247 1881 1429 1914 constitutio
1459 1881 1627 1915 Clementis
1653 1882 1718 1914 VllI

263 1942 323 1975 pro
347 1932 497 1966 fratribus
522 1933 697 1966 Minoribus
721 1932 890 1973 mandavit,
916 1932 980 1965 5⁶23
1006 1933 1033 1965 b.

174 1983 412 2024 Conventuales,
436 1985 507 2017 ride
530 1985 665 2018 Minores
689 1985 925 2018 Conventuales.

175 2036 307 2070 Criollos
330 2038 503 2081 nuncupati
527 2038 642 2071 fratres
666 2038 803 2071 Minores
827 2038 856 2071 S.
882 2038 1041 2071 Francisci
1065 2038 1104 2070 de
1128 2038 1332 2072 Observantia
1357 2039 1388 2071 in
1412 2039 1507 2072 Indiis
1532 2039 1716 2073 Occidenta-

263 2090 363 2131 libus,
388 2090 430 2122 47
455 2101 497 2130 a,
523 2090 587 2124 505
612 2102 651 2127 a:
680 2091 742 2124 517
769 2103 788 2124 a
814 2096 844 2124 et
873 2102 946 2134 seq.;
981 2091 1054 2124 item
1081 2090 1206 2124 Ordinis
1240 2091 1443 2124 eremitarum
1477 2092 1505 2124 S.
1531 2092 1714 2135 Augustini,

266 2142 307 2176 73
332 2155 351 2176 α
377 2149 408 2176 et
431 2155 493 2187 seq.

174 2455 348 2500 Dapiseris,
373 2455 426 2499 qui
452 2456 483 2487 in
507 2455 647 2488 conclavi
671 2465 746 2488 suae
775 2457 998 2500 assumptionis
1029 2457 1241 2491 cardinalibus
1269 2459 1499 2500 inservierunt,
1524 2461 1710 2504 privilegia,

263 2508 478 2551 exemptiones
502 2514 533 2541 et
555 2507 675 2540 indulta
699 2509 852 2542 concessit
875 2509 1074 2543 Innocentius
1097 2510 1153 2550 XI,
1176 2510 1220 2544 34
1243 2523 1281 2551 α;
1307 2512 1449 2555 ipsorum
1474 2513 1612 2554 nomina,
1632 2514 1709 2547 ibid.

263 2567 294 2595 et
315 2572 380 2604 seq.
