2111 3157
7 195 57 223 An.
77 192 109 220 C.
129 187 195 219 1679

34 726 95 755 Fides
115 726 181 752 publi·

0 755 96 773 cationis.

23 1984 142 2006 uxoratum.

196 240 281 278 nota,
302 247 432 272 necnon
456 248 475 271 a
497 236 750 281 quibuscumque
775 236 927 270 conviciis

196 297 308 324 contra
340 302 393 324 eas
424 291 684 335 propositioneS,
714 300 795 333 quae
820 289 927 321 adhuc

195 345 279 377 inter
295 344 474 377 catholicos
496 344 571 375 hine
588 343 662 375 inde
686 346 927 374 controvertun—

196 403 265 437 tur,
295 398 400 430 donec
423 407 441 429 a
465 396 495 429 S.
523 396 604 429 Sede
630 395 806 437 recognita,
831 404 926 436 super

195 449 309 482 iisdem
333 449 608 493 propositionibus
640 447 792 480 iudicium
816 447 926 490 prose-

195 508 295 535 ratur.

261 555 453 588 FRANCISCL'S
483 553 666 586 Riccfflncs
701 552 862 584 Romanae
894 556 926 583 et

193 606 382 639 universalis
406 605 626 648 Inquisitionis
650 604 807 637 notarius.

302 659 386 691 Loco
410 659 434 700 †
459 657 568 699 sigilli.

234 712 331 744 Anno
348 722 368 743 α
381 711 559 743 Nativitate
576 710 709 743 Domini
724 709 835 741 Nostri
852 708 923 741 Iesu

193 763 316 797 Christi
331 773 497 802 iinctxxix,
524 762 699 794 indictione
724 773 761 799 11,
786 761 836 793 die
854 771 924 793 vero

192 825 223 849 ιν
253 817 370 848 mensis
400 815 515 847 martii
533 841 540 854 ,
573 814 781 857 pontificatus
816 818 923 845 autem

190 868 389 900 sanctissimi
413 868 448 899 in
463 867 589 901 Christo
601 867 705 909 patris
722 870 750 898 el
767 866 802 898 D.
819 866 859 898 N.
876 866 923 897 do-

189 921 274 953 mini
293 920 476 953 Innocentii
503 920 617 951 divina
640 919 845 962 providentia*
861 919 924 952 Pa-

187 984 248 1016 pae
265 973 312 1006 XI
325 983 412 1005 anno
438 983 472 1006 111
488 999 495 1011 ‚
515 972 736 1015 supradictum
763 971 920 1003 decretum

188 1026 325 1067 asliacum
339 1030 367 1057 et
379 1025 579 1068 publication
591 1025 655 1066 fuit
669 1024 711 1056 ad
725 1024 833 1056 valvas
845 1024 923 1055 busi-

189 1077 270 1109 licoe
289 1078 456 1120 P*·2·ncz·pis
480 1077 729 1119 Apostolorum,
758 1076 923 1108 Camella-

187 1130 257 1161 rioe
280 1129 493 1172 Apostolicae‚
522 1129 603 1160 etin
627 1130 694 1160 acie
713 1129 827 1170 Campi
852 1128 922 1160 Flo-

187 1191 253 1221 rae,
273 1192 309 1213 ac
328 1182 360 1213 in
383 1181 460 1213 aliis
481 1181 557 1213 locis
581 1181 687 1212 solitis
711 1185 739 1212 et
764 1180 922 1212 consuetis

190 1234 293 1273 Urbis,
309 1245 366 1277 per
383 1245 430 1266 me
444 1234 473 1266 F
474 1234 653 1266 raweiscum
668 1233 827 1265 Perinum
845 1233 922 1264 eius-

187 1285 255 1319 dem
281 1287 480 1318 sanctissimi
508 1286 547 1318 D.
575 1285 615 1317 N.
644 1286 757 1327 Paliae
788 1288 817 1316 et
840 1294 918 1316 scm-

188 1339 348 1370 ctissimae
366 1338 593 1381 Inquisitionis
614 1347 788 1369 cursorem.

222 1398 282 1426 Dat.
303 1398 346 1426 die
362 1400 377 1426 4
393 1399 479 1426 martii
494 1398 573 1431 1679,
591 1397 685 1433 pontif.
703 1405 772 1424 auno
787 1402 826 1424 111.

524 1541 583 1574 LV.

189 1622 430 1664 Confirmantur
445 1620 570 1653 decreta
594 1620 702 1653 omnia
725 1630 745 1651 a
768 1618 923 1661 mayistro

231 1673 378 1718 yenerali
402 1675 543 1716 fratrum
560 1673 769 1705 eremitarum
788 1670 923 1705 Ordinis

232 1728 339 1760 sancti
372 1727 555 1769 Auyztstim'
577 1736 635 1769 pro
665 1735 743 1768 poce
766 1725 923 1757 servanda

233 1780 270 1813 in
290 1780 460 1823 provincie
482 1779 631 1818 Quitensc'
655 1776 775 1810 edita¹.

372 1858 573 1886 Innocentius
593 1858 671 1891 Papa
690 1857 738 1890 XI,

337 1903 374 1930 ad
393 1903 525 1930 futuram
544 1902 589 1929 rei
609 1901 790 1928 memoriam.

232 1974 267 2008 In
291 1983 443 2017 supremo
469 1972 638 2005 militantis
662 1972 822 2005 Ecclesiae
840 1972 923 2005 solio

189 2038 247 2071 per
271 2025 468 2059 ineffabilem
493 2025 620 2058 divinae
646 2025 801 2057 bonitatis
825 2025 925 2057 abun-

191 2079 332 2113 dantiam
357 2079 447 2111 nullo
476 2077 551 2110 lieet
585 2077 774 2110 meritorum
800 2083 925 2110 nostro-

189 2143 261 2165 rum
286 2130 436 2173 suffragio
461 2130 636 2169 constituti,
655 2140 701 2170 ea,
727 2140 809 2172 quac
835 2141 852 2163 a
881 2140 926 2162 re-

190 2185 385 2228 ligiosorum
418 2183 573 2216 Ordinum
608 2182 832 2225 superioribus
863 2193 924 2226 pro

191 2237 313 2272 salubri
338 2247 466 2277 eorum,
497 2237 552 2279 qui
578 2235 729 2269 Altissimi
762 2236 925 2279 obsequiis

192 2291 249 2324 sub
265 2290 354 2324 suavi
372 2290 539 2333 religionis
556 2289 633 2332 iugo
651 2289 825 2333 mancipati
843 2294 925 2329 sunt,

192 2343 372 2377 directione
397 2353 432 2376 ac
457 2342 541 2376 felici
573 2341 751 2393 quernio,
782 2352 925 2385 paceque

192 2396 345 2440 religiosa
372 2406 409 2429 ac
428 2396 569 2428 fraterna
589 2395 771 2428 animorum
791 2406 927 2429 concor-

228 2477 239 2502 1
262 2476 300 2502 De
320 2475 479 2502 alternative
498 2475 650 2502 officiorum
667 2474 692 2500 in
709 2474 758 2501 hac
777 2475 925 2510 provincia,

192 2520 254 2547 vide
273 2519 352 2546 huius
372 2519 509 2546 Pontificis
533 2519 644 2546 Constit.
667 2528 725 2552 xxx,
745 2527 815 2555 quae
834 2519 927 2556 incipit

190 2564 250 2593 Pro
266 2567 351 2599 parce
369 2564 523 2599 carissimi,
543 2572 634 2600 supra,
655 2572 717 2599 pag.
739 2563 784 2592 73.

777 187 871 213 lNNOC
877 187 987 212 EN‘rtt'S
1009 188 1040 212 XI
1065 186 1116 212 PP-

970 236 1022 268 dia
1045 235 1131 268 inter
1161 245 1215 268 eos
1247 234 1441 268 stabilienda
1472 238 1503 267 ct
1524 234 1704 274 solidanda,

969 289 1101 330 provide
1126 288 1371 331 prudenterque
1407 287 1581 320 constituta
1605 292 1701 327 sunt,

969 346 1002 372 ut
1027 340 1117 373 tii-ma
1149 351 1281 384 semper
1304 346 1399 383 atque
1425 339 1576 372 inviolata
1601 339 1704 382 persi-

968 398 1061 432 stant,
1088 393 1254 436 apostolici
1274 393 1378 426 nostri
1404 392 1590 425 muniminis
1615 403 1703 434 prae-

968 446 1062 485 sidio,
1083 457 1154 478 cum
1182 446 1213 479 id
1248 457 1265 478 a
1289 446 1382 479 nobis
1407 445 1537 489 petitur,
1563 445 1703 478 libenter

967 499 1167 531 roboramus.

1602 176 1665 209 149
1712 183 1895 213 An.c.1579

1011 550 1025 592 ἓ
1052 550 1080 582 1.
1108 550 1231 593 Ex'poni
1267 550 1429 593 siquidem
1466 550 1560 584 nobis
1598 559 1702 593 nuper
1731 562 1895 583 cimae-iocre-

969 602 1041 634 fecit
1066 603 1200 635 dilectus
1235 602 1317 635 tilius
1342 603 1530 635 Franciscus
1556 603 1700 635 Montavo

968 655 1064 687 frater
1088 665 1239 697 expresse
1264 656 1428 698 professus
1456 667 1491 688 ac
1510 661 1702 698 procurator

968 708 1152 750 provinciae
1182 708 1340 745 Quitensis
1366 708 1398 740 in
1424 708 1521 741 Indiis
1548 708 1703 741 Occiden-

968 760 1084 792 talibus
1109 760 1235 793 Ordinis
1255 761 1387 792 fratrum
1405 761 1612 793 eremitarum
1631 771 1703 793 san-

967 813 1007 844 cti
1025 813 1191 855 Augustini
1210 813 1241 845 in
1255 815 1343 845 sacra
1359 813 1525 855 theologia
1538 813 1700 855 magister,

967 867 1054 908 quod
1086 867 1171 908 (cum
1206 867 1399 899 venerabilis
1434 868 1532 899 frater
1556 866 1702 899 Nicolaus

966 918 1054 951 Oliva
1079 919 1252 961 episcopus
1278 919 1486 951 Cortonensis
1512 918 1598 957 alia-²,
1625 919 1701 950 dum

966 971 997 1002 in
1041 970 1222 1003 minoribus
1266 971 1455 1003 constitutus
1497 972 1701 1013 generalatus

966 1022 1040 1054 dicti
1065 1022 1191 1054 Ordinis
1217 1033 1349 1056 munere
1371 1024 1572 1065 fungebatur,
1591 1022 1700 1054 litibus

965 1080 997 1107 et
1021 1075 1175 1114 dissidiis,
1205 1076 1320 1118 quibus
1346 1076 1513 1118 provincia
1538 1075 1701 1118 praedicta

966 1127 1147 1166 vexabatur,
1167 1127 1264 1160 finem
1290 1128 1469 1170 imponere,
1495 1127 1622 1170 illisque
1645 1138 1701 1159 an-

965 1191 1031 1212 sam
1046 1181 1077 1212 iu
1096 1181 1236 1212 futurum
1257 1181 1447 1223 praecidere
1463 1181 1606 1222 cupiens,
1625 1190 1701 1212 cau-

966 1232 1008 1264 sis
1033 1238 1064 1265 et
1084 1233 1317 1271 instrumentis,
1337 1243 1418 1275 quae
1438 1234 1551 1265 eadem
1570 1233 1700 1275 provin-

965 1284 1012 1316 cia
1036 1285 1074 1316 ad
1100 1284 1206 1327 ipsum
1235 1285 1421 1324 remiserat,
1447 1285 1559 1317 sedulo
1584 1285 1701 1316 exami-

965 1336 1057 1375 natis,
1082 1346 1209 1368 necnon
1242 1336 1328 1368 dicto
1361 1336 1531 1369 Francisco
1564 1336 1696 1379 provin-

964 1389 1030 1421 ciae
1049 1394 1257 1432 procuratore
1279 1400 1315 1422 ac
1339 1390 1464 1423 dilectis
1484 1390 1606 1433 pariter
1624 1389 1698 1422 siliis

966 1442 1143 1483 Augustino
1169 1442 1209 1474 de
1234 1442 1357 1475 Montes
1388 1442 1471 1475 Doea
1503 1448 1534 1475 et
1558 1443 1699 1484 loseplio

965 1495 1003 1527 de
1028 1496 1056 1527 la
1076 1495 1205 1528 Concha
1230 1496 1375 1528 eiusdem
1392 1496 1519 1528 Ordinis
1537 1496 1700 1539 professo-

965 1547 1062 1585 ribus,
1081 1547 1112 1579 in
1131 1550 1219 1580 sacra
1238 1548 1402 1591 theologia
1416 1549 1512 1580 etiam
1527 1548 1698 1589 magistris,

964 1599 995 1631 in
1021 1600 1175 1633 iudicium
1200 1602 1484 1634 contradictorium
1510 1612 1574 1633 non
1600 1601 1699 1633 semel

964 1654 1094 1693 vocatis,
1114 1655 1309 1698 saepiusque
1327 1655 1422 1688 etiam
1446 1656 1592 1699 privatim
1611 1655 1702 1688 audi-

966 1707 1014 1746 tis,
1034 1708 1072 1740 de
1091 1708 1243 1750 prudenti
1262 1709 1398 1741 consilio
1416 1709 1632 1742 assistentium
1649 1710 1701 1741 Or·

966 1759 1049 1791 dinis
1060 1760 1230 1802 praedicti,
1245 1771 1303 1803 pro
1321 1762 1502 1794 antedictae
1514 1762 1700 1805 provinciae

965 1812 1126 1850 Quitensis
1148 1813 1380 1847 reformatione
1394 1820 1426 1847 et
1438 1815 1525 1848 bono
1541 1815 1700 1857 regimine

967 1867 1122 1899 nonnulla
1147 1866 1287 1907 decreta,
1315 1872 1443 1908 statuta,
1477 1869 1700 1902 ordinationes

966 1925 997 1952 et
1010 1919 1244 1952 declarationes
1259 1920 1308 1953 die
1322 1930 1360 1953 xx
1373 1922 1515 1954 octobris
1530 1932 1701 1956 iinctxxvn

965 1973 1180 2011 condidisset,
1210 1973 1329 2016 illaque
1353 1975 1412 2006 sub
1438 1974 1701 2008 interminatione

966 2026 1063 2058 divini
1088 2025 1198 2058 iudicii
1224 2031 1257 2058 et
1280 2027 1339 2058 sub
1367 2027 1560 2068 quibusdam
1586 2029 1700 2070 poenis

966 2090 1024 2122 per
1049 2085 1306 2121 transgressores
1340 2079 1544 2112 incurrendis
1571 2081 1704 2115 inviola-

966 2133 1074 2165 biliter
1103 2132 1266 2165 observari
1298 2134 1539 2175 praecepisset)
1566 2134 1701 2168 dilectus

967 2185 1062 2217 etiam
1088 2184 1171 2217 tilius
1190 2184 1374 2217 Dominicus
1393 2185 1592 2219 Valvasorius
1620 2187 1703 2220 vica-

967 2237 1034 2269 rius
1059 2238 1221 2279 generalis
1248 2237 1323 2270 dicti
1349 2237 1487 2278 Ordinis,
1516 2244 1552 2271 ut
1573 2239 1646 2272 lites
1671 2245 1704 2273 et

967 2291 1204 2330 contentiones,
1219 2301 1300 2333 quae
1316 2301 1379 2323 non
1394 2290 1625 2334 infrequenter,
1637 2299 1702 2326 tum

968 2344 1000 2376 in
1025 2343 1245 2377 celebratione
1278 2344 1493 2386 capitulorum
1524 2346 1705 2388 provincia·

969 2397 1059 2437 lium,
1079 2402 1143 2428 tum
1164 2396 1234 2428 aliis
1260 2396 1292 2428 in
1318 2397 1544 2430 occasionibus
1570 2399 1706 2441 religio·

968 2460 1074 2483 sorum
1100 2449 1202 2481 dictae
1228 2449 1412 2491 provinciae
1438 2461 1549 2492 pacem
1574 2451 1704 2485 turbare

969 2509 1128 2546 poteraut,
1148 2503 1275 2544 longius
1300 2502 1554 2542 eliminarentur,
1577 2505 1628 2537 die
1646 2514 1707 2539 xxx

970 2556 1039 2590 iulii
1064 2565 1258 2597 iimccxxvui,
1284 2556 1322 2590 de
1348 2556 1483 2590 consilio
1515 2568 1590 2591 suae
1623 2558 1706 2592 Con-

1711 592 1788 610 torum.
