2111 3157
45 171 94 199 An,
110 171 140 198 C.
165 171 231 199 ¹678

234 221 396 255 Ecclesiae
417 224 566 256 consueta
586 223 841 256 misericorditer
859 224 890 256 in
908 225 967 256 Do-

234 274 322 306 mino
347 276 541 308 relax-amus.
563 277 767 309 Praesentem
793 282 900 308 autem
919 277 967 308 in-

235 325 469 366 dulgentiarum
495 329 748 368 concessionem,
775 339 830 361 seu
856 329 967 370 poeni-

235 378 407 411 tentiarum
429 381 666 418 relaxationem,
685 391 750 413 non
771 381 967 413 cumulative

235 436 306 462 cum
325 431 395 463 aliis
413 431 583 472 similibus,
604 443 683 475 quae
702 433 881 475 praemissa
898 443 968 475 per-

235 483 406 524 agentibus
424 484 573 523 antehac,
597 490 627 517 et
652 486 841 527 praesertim
871 495 887 517 a
918 496 968 517 re·

235 536 389 568 colendae
414 536 589 569 memoriae
614 537 779 570 Clemente
804 538 889 580 Papa
904 536 967 569 vlit

234 587 483 630 praedecessore
509 588 632 630 pariter
652 595 762 622 nostro
794 599 967 622 concessae

234 639 450 681 reperiantur,
477 641 532 673 sed
559 641 713 683 privative
737 642 777 674 ad
802 642 883 681 illas,
898 641 968 673 uni-

233 691 350 734 cuique
375 691 518 725 fidelium
544 694 764 736 praefatorum
800 693 965 736 suffragari

232 754 326 787 posse
351 749 383 777 et
407 745 528 778 debere
554 746 768 780 declaramus.

826 176 878 200 INN
884 176 1036 200 GCENTtt'S
1059 177 1088 200 XI
1114 176 1162 199 PP-

1054 224 1164 256 Datum
1189 224 1319 263 Romae,
1339 224 1423 267 apud
1445 223 1475 256 SV
1495 223 1625 257 Mariam
1651 224 1745 256 Maio-

1009 287 1084 317 rem,
1098 278 1155 309 sub
1169 278 1288 310 annulo
1304 277 1482 317 piscatoris
1495 275 1587 310 die1¹
1603 276 1745 309 octobris

1009 339 1202 367 unctxxvui,
1225 330 1432 373 pontificatus
1451 329 1554 362 nostri
1574 339 1659 362 anno
1689 327 1743 362 11².

1045 388 1103 415 Dat.
1124 389 1168 416 die
1190 391 1200 416 1
1224 390 1344 416 octobris
1369 390 1444 423 ¹678,
1469 390 1558 425 pontif
1581 398 1652 418 anno
1672 396 1710 417 ιιι.

1323 507 1426 539 XLIII.

1012 575 1110 607 Tassa
1126 575 1367 608 Innocenziann
1384 587 1441 619 per
1455 578 1480 609 il
1493 578 1576 610 Foro
1602 578 1746 612 ecclesia-

1052 628 1140 668 stico,
1158 639 1268 660 ovvero
1284 629 1526 663 clichiurazioni
1548 642 1605 674 per
1625 632 1650 664 li
1667 643 1746 664 enro-

1053 679 1193 713 Iumenlz'
1216 681 1271 712 che
1304 686 1408 714 (ναν-νο
1436 684 1465 714 si
1494 694 1628 725 possono
1660 685 1746 717 dalle

1052 743 1145 764 cause
1174 743 1188 765 e
1218 734 1352 767 materie
1381 735 1614 769 ecclesiasticae
1639 748 1655 769 ο
1679 739 1745 781 spi-

1636 164 1701 199 105
1747 173 1796 202 An.
1816 175 1844 201 e.
1868 173 1937 201 ms

65 805 185 827 Clausulae.
1052 783 1172 816 rituali
1183 784 1204 817 ⁸.

276 796 291 839 ἓ
314 796 346 830 4.
373 797 590 832 Decernentes
616 800 673 832 has
702 804 892 842 praesentes
916 798 967 831 lit-

233 853 317 882 teras
341 860 467 893 semper
490 850 596 884 firmas
621 857 653 885 et
676 853 795 885 validas
812 857 844 884 et
861 851 966 883 cilica-

233 911 285 935 ces
310 903 446 936 existere
473 909 504 937 et
528 905 609 944 sore,
634 916 774 949 suosque
799 905 965 948 plenarios

1051 852 1225 886 Essendosi
1250 854 1373 887 ricorso
1399 856 1461 888 alla
1482 856 1603 889 Santita
1630 857 1659 890 di
1685 858 1746 890 No·
1809 863 1896 886 Castori
1919 863 1940 884 ‘³1

1812 893 1815 906 1
1854 892 1910 908 [mna
1928 895 1939 908 n

1009 908 1073 936 stro
1109 904 1247 946 Signore
1284 906 1465 941 Innocenzo
1493 909 1531 941 XI
1559 920 1619 952 per
1653 895 1916 943 inoltiffii‘iissazwm·

87 1858 219 1879 Obstauttum

36 1887 132 1906 remotio.

86 2120 149 2140 Iti-tos
165 2122 220 2140 tran·

37 2149 174 2172 sumpturum.

233 959 264 988 et
288 955 432 999 integros
458 957 589 991 effectus
614 959 721 992 sortiri
747 964 779 992 et
802 958 963 997 obtinere,

233 1017 270 1040 ac
292 1008 369 1048 illis,
382 1010 421 1042 ad
443 1021 523 1053 quos
548 1017 672 1054 spectat
689 1017 720 1044 et
736 1022 796 1055 pro
817 1017 963 1053 tempore

232 1062 504 1106 quandocumque
541 1065 712 1107 spectabit,
748 1066 780 1097 in
814 1065 963 1098 omnibus

233 1119 265 1145 et
289 1124 349 1155 per
373 1116 483 1148 omnia
501 1117 692 1159 plenissime
710 1117 889 1160 suffragari,
908 1117 963 1149 sic-

232 1176 295 1209 que
321 1167 353 1199 in
379 1169 566 1210 praemissis
592 1181 652 1213 per
676 1181 898 1214 quoscumque
918 1170 965 1203 iu-

232 1218 320 1251 dices
336 1220 521 1253 ordinarios
539 1227 570 1253 et
589 1223 764 1264 delegatos,
784 1223 879 1255 etiam
897 1233 965 1255 cau-

231 1280 337 1302 sarum
374 1272 482 1314 palatii
521 1274 693 1315 apostolici
730 1275 903 1314 auditores,
928 1285 964 1307 ac

231 1322 377 1356 eiusdem
403 1323 433 1356 S.
462 1324 498 1356 R.
527 1325 560 1357 E.
582 1326 775 1366 cardinales,
803 1327 898 1359 etiam
924 1327 963 1359 de

230 1375 330 1408 latere
355 1377 479 1419 legatos
498 1383 528 1418 et
545 1379 752 1421 Apostolicae
768 1379 859 1412 Sedis
884 1390 965 1412 nun-

230 1426 307 1467 cios,
325 1429 443 1461 aliosve
462 1431 626 1472 quoslibet
643 1442 844 1474 quacumque
859 1442 966 1475 praee-

229 1480 386 1514 minentia
410 1486 442 1514 et
467 1487 627 1525 potestate
654 1484 825 1526 fungentes
849 1490 880 1517 et
898 1485 964 1517 sun-

229 1537 354 1573 cturos,
380 1534 506 1567 sublata
542 1535 587 1567 eis
623 1541 654 1568 et
688 1546 801 1570 eorum
832 1537 965 1570 cuilibet

230 1586 340 1628 quavis
364 1586 458 1619 aliter
486 1587 649 1621 iudicandi
674 1594 705 1622 et
728 1589 963 1633 interpretandi

230 1637 382 1672 facultate
407 1644 440 1672 et
464 1640 665 1681 auctoritate,
681 1642 818 1674 iudicari
840 1648 872 1675 et
893 1643 965 1675 desi-

229 1690 293 1723 niri
317 1691 439 1725 debere
455 1719 462 1732 ‚
490 1703 525 1725 ac
551 1693 676 1726 irritum
701 1699 733 1727 et
756 1694 851 1727 inane
874 1695 897 1727 si
916 1706 965 1727 se—

229 1753 284 1775 cus
298 1754 316 1776 a
329 1752 502 1788 quoquam,
522 1745 631 1788 quavis
651 1747 852 1785 auctoritate,
868 1748 965 1780 scicn-

229 1800 278 1828 ter
301 1797 350 1829 vel
375 1796 574 1839 ignoranter,
602 1798 777 1841 contigerit
801 1800 961 1832 attentari.

273 1849 288 1891 ἓ
313 1848 344 1882 5.
370 1849 440 1882 Non
465 1849 668 1882 obstantibus
699 1853 810 1883 nostra
835 1852 873 1884 de
899 1862 963 1883 non

230 1901 446 1934 concedendis
471 1902 684 1943 indulgentiis
708 1903 862 1942 adinstar,
880 1904 965 1936 aliis-

230 1963 292 1996 que
318 1954 602 1987 constitutionibus
638 1960 670 1987 et
705 1955 964 1989 ordinationibus

230 2006 439 2049 apostolicis,
476 2007 658 2050 ceterisque
689 2008 861 2041 contrariis
901 2020 965 2042 non

230 2058 446 2091 obstantibus.

274 2112 289 2154 ἓ
312 2111 344 2144 6.
382 2111 534 2145 Volumus
570 2117 674 2145 autem
706 2118 741 2145 ut
776 2114 964 2146 earumdem

229 2164 450 2207 praesentium
468 2164 648 2197 litterarum
667 2166 891 2210 transumptis,
911 2176 966 2198 seu

231 2216 397 2259 exemplis,
413 2217 507 2249 etiam
525 2217 700 2260 impressis,
715 2228 811 2250 manu
829 2218 964 2251 alicuius

230 2269 347 2302 notarii
366 2269 489 2312 publici
508 2269 708 2312 subscriptis,
726 2275 757 2302 et
773 2270 880 2312 sigillo
898 2281 966 2313 pcr-

231 2332 331 2354 sonae
352 2321 385 2354 in
402 2321 619 2354 ecclesiastiea
637 2322 794 2364 dignitate
811 2323 965 2355 constitu-

233 2379 282 2407 tae
307 2373 447 2413 munitis,
475 2374 588 2406 eadem
607 2384 741 2416 prorsus
759 2375 836 2407 sides
854 2380 915 2408 tam
934 2376 964 2407 in

232 2427 350 2460 iudicio
365 2438 460 2470 quam
479 2433 568 2459 extra
585 2427 665 2460 illud
682 2428 803 2471 ubique
821 2430 966 2461 locorum

234 2479 401 2517 habeatur,
423 2490 503 2522 quae
526 2480 700 2512 haberetur
720 2480 798 2523 ipsis
813 2491 966 2524 praesen-

235 2533 320 2566 tibus
343 2531 367 2564 si
393 2532 498 2564 forent
523 2532 686 2564 exhibitae
707 2533 756 2565 vel
780 2538 942 2566 ostensae.

307 2594 384 2622 Bull.
406 2595 486 2622 Rom.
509 2609 537 2615 -
565 2595 625 2622 Vol.
646 2595 720 2622 XIX.
864 2595 897 2621 14

1009 957 1143 996 vescovi,
1182 959 1378 993 arcivescovi
1415 971 1431 993 e
1464 963 1580 1004 prelati
1614 964 1742 1003 zelanti,

1009 1010 1105 1048 accio,
1121 1021 1179 1053 per
1204 1011 1362 1045 sicurezza
1388 1014 1473 1046 della
1491 1015 1560 1048 loro
1578 1016 1746 1049 coscienza

1009 1072 1025 1094 e
1050 1073 1110 1104 per
1129 1064 1266 1104 togliere
1285 1065 1361 1106 ogni
1381 1067 1552 1100 occasione
1573 1068 1603 1100 di
1622 1068 1744 1101 dubbio

1008 1114 1068 1147 che
1094 1121 1222 1157 potesse
1248 1127 1382 1150 nascere
1408 1118 1492 1151 dalle
1518 1119 1644 1153 diverse
1670 1132 1746 1154 con-

1007 1167 1168 1200 suetudini
1194 1169 1279 1202 delle
1305 1170 1440 1209 diocesi,
1465 1172 1504 1204 ed
1530 1173 1633 1206 anche
1655 1174 1744 1207 accio

1007 1229 1071 1251 non
1091 1220 1179 1252 siano
1198 1220 1363 1262 ingannati
1391 1222 1441 1254 da'
1458 1224 1527 1256 loro
1552 1224 1660 1264 vicari,
1675 1238 1746 1258 ran-

1007 1272 1129 1304 ccllieri
1156 1273 1195 1305 ed
1221 1274 1293 1306 altri
1319 1274 1457 1307 ministri
1484 1287 1500 1308 e
1519 1277 1702 1317 samigliari,
1719 1279 1745 1312 si

1007 1324 1172 1357 stabilisca
1195 1336 1258 1357 una
1280 1330 1363 1358 tassa
1389 1329 1543 1369 generale
1569 1330 1608 1362 ed
1626 1330 1746 1364 unifor-

1007 1387 1056 1408 me
1082 1387 1141 1418 per
1165 1378 1186 1410 il
1214 1377 1282 1410 soro
1302 1378 1486 1422 episcopale
1509 1391 1625 1414 ovvero
1644 1383 1746 1415 eccle-

1008 1430 1151 1469 siastico,
1172 1431 1211 1463 ne
1230 1433 1412 1465 mancando
1433 1433 1440 1465 i
1459 1434 1572 1467 ricorsi
1598 1435 1648 1467 de'
1665 1436 1744 1469 cleri

1008 1492 1023 1513 e
1050 1481 1099 1514 de'
1117 1483 1248 1525 popoli3
1272 1484 1314 1516 ha
1339 1484 1450 1526 percio
1477 1486 1506 1518 la
1536 1486 1659 1519 Santita
1683 1488 1745 1521 Sua

1008 1535 1160 1577 deputata
1184 1546 1247 1568 una
1267 1536 1529 1579 Congregazione
1550 1539 1744 1581 particolarc

1009 1587 1039 1619 di
1065 1588 1126 1619 duc
1153 1588 1276 1629 signori
1310 1589 1464 1622 cardinali
1498 1592 1627 1633 presetti
1660 1593 1745 1626 delle

1008 1638 1263 1681 Congregazioni
1283 1640 1332 1673 del
1351 1641 1493 1674 Concilio
1512 1653 1527 1675 e
1546 1642 1744 1685 de'Vescovi,

1009 1702 1024 1723 e
1051 1691 1081 1723 di
1108 1697 1235 1734 quattro
1254 1693 1324 1725 altri
1344 1693 1466 1735 signori
1485 1696 1640 1729 cardinali
1659 1697 1744 1730 delle

1009 1743 1186 1776 medesime
1206 1743 1470 1787 Congregazioni,
1486 1756 1502 1778 e
1525 1747 1555 1779 di
1574 1747 1634 1779 due
1652 1759 1745 1780 mon-

1009 1795 1130 1837 sig-*nori
1152 1797 1219 1828 loro
1237 1797 1402 1836 secretari,
1425 1808 1441 1829 e
1466 1798 1542 1830 delli
1560 1800 1746 1841 monsigno-

1009 1847 1033 1879 ri
1060 1848 1181 1880 datario
1207 1858 1223 1880 e
1249 1848 1398 1882 auditore
1417 1850 1502 1882 della
1527 1850 1649 1884 Santita
1665 1852 1744 1885 Sua:

1009 1911 1025 1931 e
1051 1901 1089 1932 ‹la
1115 1906 1225 1943 questa
1261 1902 1287 1933 si
1314 1903 1329 1934 e
1355 1902 1492 1935 risoluto
1524 1913 1589 1936 non
1620 1905 1743 1947 potcrsi

1009 1954 1094 1985 nclle
1120 1963 1214 1986 cause
1239 1955 1446 1987 conteuziosc
1465 1955 1560 1995 civili,
1582 1957 1743 1991 criminali

1010 2017 1026 2038 e
1054 2005 1148 2039 miste
1173 2007 1282 2039 venire
1316 2008 1378 2040 alla
1403 2008 1553 2041 suddetta
1578 2014 1664 2042 tassa
1688 2020 1745 2052 gc-

1009 2059 1130 2097 neralc,
1145 2069 1242 2091 senza
1259 2060 1289 2092 la
1307 2060 1506 2102 precedente
1525 2061 1642 2094 notizia
1656 2062 1742 2095 delle

1011 2115 1095 2143 tasse
1117 2111 1299 2153 particolari
1326 2111 1355 2144 di
1382 2112 1601 2145 ciascheduna
1622 2113 1743 2147 diocesi

1009 2170 1027 2196 o
1066 2163 1252 2206 provincia,
1293 2164 1434 2206 polcuslo
1475 2164 1742 2205 giuridicamente

1009 2216 1116 2258 quella
1152 2226 1240 2248 esser
1270 2216 1358 2248 varia
1390 2217 1531 2249 secondo
1562 2217 1592 2250 la
1618 2217 1743 2251 diversa

1045 2321 1054 2347 1
1081 2320 1149 2346 Edit.
1170 2320 1250 2347 Maiu.
1272 2320 1353 2347 habet
1376 2321 1407 2348 10
1424 2322 1461 2352 (ιι.
1478 2322 1528 2350 TA.

1043 2364 1058 2390 2
1079 2364 1116 2390 Ab
1137 2364 1268 2391 electione
1287 2372 1356 2391 anno
1376 2373 1404 2393 iu
1423 2366 1461 2399 (a.
1477 2366 1526 2400 τ.).

1043 2409 1059 2434 3
1079 2407 1230 2435 Nell'ltalia
1249 2409 1277 2435 su
1297 2408 1323 2435 di
1344 2417 1430 2436 nuovo
1451 2410 1610 2438 comandata
1630 2411 1745 2439 l'osser-

1010 2460 1089 2478 vanza
1113 2452 1140 2478 di
1165 2456 1259 2487 questa
1286 2456 1355 2479 tassa
1382 2453 1416 2479 da
1436 2451 1582 2481 Beuedetto
1611 2455 1669 2482 Xlll
1701 2456 1743 2483 nel

1010 2496 1126 2523 Concilio
1154 2496 1272 2524 Romano
1298 2497 1322 2524 al
1343 2497 1418 2525 titolo
1447 2499 1488 2525 De
1517 2499 1586 2526 For.
1619 2500 1743 2535 Compel-

1010 2549 1069 2576 cap.
1091 2548 1182 2567 unico.
