2111 3157
171 252 220 278 An.
243 252 271 278 c.
296 251 361 278 1055
409 242 473 275 884

205 1958 272 1977 Cnrr
287 1955 302 1976 l.

178 1984 208 2004 [tc
224 1985 294 2003 :lixum
305 1981 337 2001 nst*

166 2016 198 2030 etr·
211 2011 294 2030 fratrum
311 2010 329 2029 la

166 2043 245 2058 eurum.

366 300 462 331 CAPUT
477 310 518 332 111.
535 300 573 331 De
595 300 748 340 disciplina
771 300 909 338 fratrum,
934 304 962 330 et
984 300 1105 339 quibus-

951 252 1129 276 m'IJAmL'M
1155 252 1235 276 nom
1242 253 1305 276 xt'u

1191 311 1239 334 111.
1266 301 1421 334 Volumus
1452 307 1557 335 autem
1591 302 1678 346 ipsos
1710 302 1809 336 laicos
1835 303 1883 337 sio

566 350 632 379 dam
648 349 682 379 ad
698 349 831 379 divinum
855 349 982 379 Officium
1005 359 1103 379 eorum
1147 355 1286 387 externis
1304 355 1463 389 exercitiis
1480 357 1642 400 occupari,
1660 362 1693 389 ut
1714 357 1808 389 etiam
1829 358 1882 390 de-

563 397 790 437 pertinentibus.

545 446 619 482 Quid
635 446 678 476 eis
699 446 854 476 dicendum
870 446 907 476 sit
930 455 981 485 pro
1002 446 1105 476 defun-

562 494 628 524 ctis.

513 565 519 572 .
543 542 612 577 Quis
627 542 803 582 respondere
817 542 933 579 debeat,
950 547 979 572 et
994 543 1105 582 praesi-

559 591 644 628 dere,
667 596 695 621 et
716 591 860 630 quomodo
883 591 1033 621 silentium
1055 592 1104 621 de-

560 639 629 669 bent
650 640 755 669 fratres
776 640 942 670 observare.

541 687 580 717 De
603 688 773 727 coquinario
795 692 824 718 et
848 688 1060 727 dispensatore.
1084 682 1087 683 ⁷

542 736 580 766 De
603 736 775 775 coquinario
800 736 948 766 inferioris
970 736 1085 766 domus.

542 785 580 815 De
603 785 722 824 pistore.

544 834 583 863 De
606 838 715 863 sutore.

514 905 519 910 .
544 882 582 912 De
605 882 697 912 fabro.

484 939 521 960 Χι,
544 931 582 960 De
604 931 769 961 hortulano.

469 988 519 1009 xn.
543 980 581 1009 De
604 980 800 1019 carpentario.

458 1036 519 1057 xm.
543 1028 581 1057 De
603 1028 781 1066 agricultura
796 1032 825 1058 et
841 1037 978 1068 pecorum
1003 1028 1098 1058 nutri-

556 1082 664 1106 mento.

541 1126 579 1155 De
594 1125 771 1155 abstinentia
786 1130 814 1155 et
828 1126 946 1156 ieiuniis
959 1126 1094 1156 fratrum.

536 1175 575 1204 De
588 1177 688 1204 rasura
701 1179 729 1204 et
740 1174 953 1205 munitionibus
963 1176 1096 1204 fratrum.

538 1224 576 1254 De
599 1224 706 1254 vestitu
727 1225 850 1254 fratrum
872 1230 901 1255 et
923 1225 1097 1255 utensilibus

553 1273 654 1302 cellae.

535 1321 574 1352 De
596 1321 715 1352 novitiis
730 1326 759 1352 et
774 1331 873 1352 eorum
891 1322 1081 1361 professione.

536 1370 574 1400 De
591 1370 729 1400 fratribus
749 1371 799 1410 qui
814 1371 891 1400 foras
908 1371 1074 1400 mittuntur.

538 1418 576 1448 De
615 1419 876 1449 consuetudinibus
909 1418 1095 1457 generalibus

554 1467 687 1496 fratrum.

537 1516 575 1546 De
597 1516 774 1546 criminosis.

538 1564 575 1593 De
598 1564 739 1602 fugitivis.

540 1612 578 1641 De
601 1612 726 1641 donatis.

538 1661 576 1690 De
593 1660 768 1690 monialibus
790 1661 883 1690 nostri
905 1659 1033 1697 Ordinis,
1050 1669 1096 1690 eo—

554 1718 677 1748 rumque
700 1709 817 1738 vicariis
840 1713 868 1738 et
890 1709 1048 1748 priorissis.

483 455 521 476 IV.

480 695 518 717 VI.

469 745 517 766 VII.

460 793 518 815 vnl.

482 843 510 863 lx

375 704 419 1050 11111111

459 1133 516 1155 XIV.

468 1183 514 1204 XV.

456 1233 513 1254 XVI.

444 1330 512 1352 XVII.

436 1378 515 1399 XVIII.

454 1427 513 1448 XIX.

463 1524 511 1545 XX.

454 1573 513 1593 XXI.

446 1621 516 1641 XXII.

374 1675 414 1682 ⁸—
435 1669 514 1690 xxm.

565 1788 659 1809 NOVAE
682 1778 887 1809 COLLECTIONIS

435 1836 630 1858 STATU'I'ORUM
652 1837 767 1858 ORDINIS
789 1837 1016 1859 CARTHUSIENSIS

621 1886 728 1906 TERTIA
751 1886 836 1907 PARS.

402 1954 424 1978 1.
453 1943 539 1982 Quae
557 1944 595 1977 ad
616 1944 794 1977 monachos
811 1944 977 1987 pertinent
997 1943 1098 1987 expli-

333 1988 452 2037 ¹isccttis,
477 2003 578 2030 restat
600 2003 635 2030 ut
659 2008 696 2030 ea
721 2008 801 2040 quae
827 2003 941 2030 statum
967 2008 1099 2030 eonver-

360 2061 479 2090 sorum,
494 2051 698 2090 donatorum,
714 2056 809 2093 atque
823 2051 1015 2083 monialium
1029 2061 1100 2083 con-

360 2111 499 2138 cernunt
522 2105 659 2138 Domino
685 2105 816 2138 iuvante
842 2105 997 2138 dicamus.

405 2169 441 2191 11.
469 2158 582 2191 Laicos
607 2159 639 2190 in
664 2163 808 2191 nostram
833 2159 1021 2191 societatem
1047 2159 1101 2191 ad-

361 2211 506 2244 misimus
532 2212 592 2254 (a),
621 2212 674 2255 qui
699 2212 917 2253 agriculturae
943 2218 973 2245 et
996 2222 1098 2254 peeo-

362 2276 432 2297 rum
451 2266 730 2305 nut1·imento,ubi
750 2266 828 2298 utile
844 2271 875 2298 et
893 2267 1099 2299 commodum

364 2328 432 2350 esse
459 2318 662 2357 iudicabitur,
686 2319 794 2351 habita
826 2319 950 2351 ratione
977 2325 1102 2362 tempo-

365 2382 436 2403 rum
463 2377 494 2403 et
520 2372 689 2410 locorum,
716 2377 747 2403 et
779 2372 849 2404 aliis
876 2371 1102 2414 corporalibus

366 2424 549 2464 exercitiis,
582 2431 678 2468 prout
710 2424 889 2457 iniunctum
915 2425 959 2457 eis
986 2425 1100 2463 suerit,

367 2477 542 2519 diligenter
567 2478 736 2511 intendere
763 2479 894 2511 debent.

403 2557 431 2589 a)
452 2556 517 2583 Vide
545 2557 726 2584 ordinationes
753 2566 883 2585 annorum
914 2565 1046 2585 ,uoumxix
1077 2564 1104 2584 et

368 2607 515 2634 uocxmt,
533 2602 605 2634 Quia
626 2603 655 2629 ιἰι
675 2603 857 2638 quibusdum,
874 2609 937 2635 etc„
958 2604 996 2632 De
1013 2606 1103 2631 carro

369 2652 424 2672 non
448 2646 635 2681 molliuntur,
657 2647 680 2672 iu
701 2649 751 2674 tine
769 2648 845 2674 liuius
860 2648 978 2683 capituli.

1145 408 1219 440 bitis
1244 409 1445 452 temporibus
1469 420 1533 442 non
1560 410 1709 442 omittant
1732 410 1882 452 spiritua-

1145 461 1211 493 lia:
1239 461 1311 494 ideo
1335 461 1471 505 singulis
1504 462 1618 495 diebus
1642 463 1681 495 ad
1707 463 1880 496 matutinas

1145 525 1278 556 surgere
1304 515 1436 548 dehent.
1464 515 1549 548 Hora
1574 521 1692 555 autem,
1719 526 1782 559 qua
1810 527 1881 548 sur-

1145 567 1285 609 gendum
1312 574 1375 607 est,
1402 567 1433 599 in
1460 568 1555 601 domo
1581 568 1727 601 inferiori
1758 568 1806 602 bis
1837 569 1881 602 si-

1145 630 1242 661 gnum
1260 621 1418 663 pulsetur,
1436 631 1533 663 parvo
1551 620 1745 664 interposito
1760 622 1879 665 spatio:

1145 672 1249 715 primo
1275 679 1519 716 praeparentur,
1546 674 1688 707 secundo
1712 674 1751 707 ad
1777 677 1881 708 ecc'e-

1143 725 1221 757 siam
1247 728 1370 759 servata
1395 726 1549 768 gravitate
1574 727 1782 760 conveniant.
1804 727 1880 761 Ora-

1144 778 1246 811 tiones
1272 779 1450 811 dominicas
1482 790 1541 822 pro
1574 780 1708 822 psalmis
1733 780 1877 821 habent,

1143 836 1173 863 et
1198 831 1237 864 de
1263 831 1309 863 eis
1335 842 1449 864 omnes
1477 833 1584 872 horas,
1611 838 1646 865 et
1671 838 1781 874 totum,
1807 833 1879 866 ubi·

1142 894 1280 926 cumque
1306 890 1390 925 sunt,
1411 886 1576 928 complent
1601 885 1753 918 officium.

1185 946 1227 969 iv.
1260 936 1419 969 latrantes
1453 938 1621 977 eclesiam,
1656 938 1738 970 sacia
1769 938 1878 972 debita

1140 989 1361 1029 inclinatione,
1389 990 1515 1023 detecto
1542 990 1645 1033 eapite
1662 1018 1669 1031 ,
1696 991 1729 1023 in
1753 991 1818 1024 suis
1844 1001 1878 1025 se

1140 1042 1270 1074 sedibus
1295 1043 1470 1082 collocent,
1494 1049 1525 1075 et
1550 1043 1773 1087 unusquisque
1798 1049 1880 1077 sata-

1140 1099 1200 1136 gat,
1216 1097 1335 1138 quanta
1352 1100 1461 1138 potest
1479 1095 1661 1135 devotione,
1676 1106 1750 1128 suas
1763 1096 1880 1129 oratio·

1140 1158 1196 1179 nes
1222 1147 1400 1180 dominicas
1429 1158 1488 1190 pro
1513 1148 1679 1181 matutinis
1708 1148 1875 1184 ordinatas

1139 1210 1209 1232 cum
1229 1201 1295 1232 suis
1313 1200 1430 1233 debitis
1448 1201 1658 1234 caeremoniis
1675 1202 1874 1244 persolvere,

1138 1254 1283 1295 quamvis
1304 1254 1424 1286 ibidem
1439 1254 1480 1286 sit
1500 1260 1689 1296 procurator
1710 1264 1876 1298 praesens,

1138 1317 1233 1348 quem
1258 1317 1324 1339 non
1350 1311 1503 1339 tenentur
1521 1307 1552 1339 in
1573 1307 1640 1340 suis
1659 1307 1876 1340 eaeremoniis

1139 1358 1269 1391 imitari.

1180 1422 1211 1444 v.
1238 1411 1296 1449 Qui
1321 1423 1397 1445 vero
1422 1413 1572 1445 habitant
1607 1423 1678 1446 cum
1704 1413 1876 1447 monachis

1138 1465 1168 1496 in
1191 1465 1288 1498 domo
1310 1466 1484 1508 superiori,
1512 1472 1645 1508 surgant
1675 1467 1715 1500 ad
1747 1467 1877 1500 matuti-

1138 1529 1194 1550 nas
1212 1519 1455 1553 monachorum.
1474 1525 1694 1563 maneantque
1719 1520 1751 1552 in
1771 1521 1874 1554 choro

1138 1582 1394 1611 conversorum,
1425 1572 1457 1604 in
1494 1583 1558 1615 quo
1598 1583 1670 1606 suas
1703 1573 1876 1607 matutinas

1138 1626 1344 1667 persolvant,
1375 1631 1406 1658 et
1430 1635 1534 1668 usque
1560 1626 1600 1658 ad
1626 1625 1722 1659 finem
1747 1626 1877 1659 matuti-

1138 1687 1252 1709 narum
1279 1677 1400 1710 ibidem
1425 1685 1648 1720 permaneant,
1668 1678 1728 1711 nisi
1754 1678 1800 1711 eis
1823 1689 1877 1712 su-

1138 1741 1198 1774 per
1223 1731 1283 1763 hoe
1307 1730 1399 1773 prior
1423 1731 1683 1765 misericordiam
1709 1731 1814 1764 faciat.

1181 1795 1223 1817 vr.
1266 1783 1538 1827 Quotiescumque
1576 1789 1683 1818 autem
1724 1785 1876 1819 conversi

1139 1838 1275 1870 audiunt
1298 1838 1439 1870 divinum
1459 1837 1599 1871 officium
1617 1839 1649 1870 in
1670 1838 1766 1872 domo
1783 1849 1878 1882 supe-

1139 1890 1232 1929 riori,
1259 1891 1437 1924 monachos
1462 1890 1629 1923 imitentur
1653 1892 1756 1934 quoad
1781 1901 1878 1934 regu-

1140 1944 1224 1976 lares
1242 1944 1479 1984 caeremonias;
1495 1955 1569 1977 suas
1588 1949 1694 1977 tamen
1710 1944 1876 1977 orationes

1141 1997 1318 2030 dominicas
1343 1997 1472 2030 interim
1499 1998 1697 2040 persolvant.
1715 1996 1779 2030 Nec
1803 1996 1877 2040 ipsi,

1142 2061 1200 2082 nee
1225 2051 1343 2089 donati,
1363 2051 1393 2082 in
1416 2050 1552 2083 ecelesia
1576 2051 1643 2083 ullo
1669 2055 1814 2093 tempore
1840 2050 1879 2082 li-

1141 2105 1217 2137 bros
1243 2110 1393 2144 teneant,
1420 2114 1480 2137 nec
1515 2104 1547 2136 in
1581 2104 1626 2137 eis
1656 2105 1784 2147 legant:
1819 2104 1878 2136 sed

1142 2157 1301 2190 rosarium
1334 2157 1366 2189 in
1397 2157 1545 2190 manibus
1582 2157 1746 2197 habeant,
1777 2162 1809 2189 et
1834 2155 1878 2189 ibi

1142 2221 1198 2242 sua
1216 2209 1324 2243 debita
1335 2210 1534 2254 persolvant.
1552 2210 1598 2242 Ad
1616 2209 1785 2243 ecclesiam
1808 2209 1878 2242 sine

1143 2263 1271 2306 caputio
1297 2268 1328 2297 et
1363 2268 1453 2297 veste
1490 2264 1632 2306 oblonga
1668 2263 1716 2296 vel
1741 2262 1880 2306 pellicea

1143 2327 1208 2349 non
1234 2322 1319 2350 eant.

1186 2380 1243 2403 vu.
1269 2369 1415 2403 Officium
1432 2369 1639 2403 beatissimae
1661 2368 1800 2412 Virginis
1817 2368 1880 2402 Ma-

1144 2423 1221 2462 riae,
1239 2423 1326 2456 iuxta
1344 2424 1480 2456 sormam
1499 2433 1581 2466 quae
1594 2423 1749 2466 sequitur,
1770 2422 1879 2455 dicere

1145 2483 1308 2511 tenentur.
1334 2478 1442 2511 Primo
1460 2477 1498 2510 ad
1523 2478 1665 2520 singulas
1689 2476 1752 2509 diei
1781 2476 1880 2509 horas

1145 2532 1289 2574 singulas
1304 2532 1401 2565 horas
1419 2531 1562 2564 eiusdem
1579 2529 1730 2573 Virginis,
1744 2534 1880 2573 excepto

1145 2584 1362 2627 completorio
1377 2584 1450 2623 diei,
1465 2584 1687 2628 praemittent,
1702 2583 1787 2626 quod
1801 2592 1881 2615 sem·

1146 2649 1205 2682 per
1230 2643 1304 2671 ante
1329 2638 1577 2681 completorium
1603 2636 1641 2669 de
1661 2636 1696 2669 B.
1719 2635 1816 2670 Maria
1832 2640 1886 2685 est?

1892 255 1938 281 An.
1954 255 1982 281 C.
2005 255 2070 287 mea
