2111 3157
180 188 278 219 Aac.
299 189 368 218 1579
412 180 478 215 150

373 239 581 282 gregationis,
601 239 679 272 alias
704 238 878 271 nonnullas
903 247 1001 280 super
1021 247 1111 280 prae-

373 293 478 326 missis
504 293 708 337 provisiones
727 292 811 331 fecit,
826 302 862 324 ac
880 291 1027 331 decreta,
1047 296 1110 324 sta-

373 350 453 385 tuta,
473 345 706 384 ordinationes,
726 344 962 377 declarationes
984 349 1016 377 et
1034 354 1110 387 pro-

373 399 515 431 visiones
540 398 726 431 huiusmodi
751 398 783 430 in
808 409 905 431 unum
927 409 1044 441 corpus
1062 409 1110 431 re-

373 452 458 493 digi,
485 457 516 484 et
540 452 572 484 in
609 452 751 494 capitula
785 462 841 484 seu
867 451 1020 484 articulos
1047 451 1110 483 dis-

373 504 474 546 tingui
500 505 682 545 mandavit,
709 504 831 538 tenoris
862 505 917 548 qui
943 504 1108 547 sequitur,

371 557 544 590 videlicet:

420 621 432 640 «
458 609 495 641 Et
522 620 543 649 1,
571 621 643 642 cum
669 610 870 653 experientia
898 610 1108 643 didicerimus

371 673 407 695 ex
438 663 655 705 capitulorum
687 663 934 706 provincialium
966 663 1107 696 celebra-

369 715 458 748 tione
485 716 556 748 lites
574 727 610 748 ac
627 717 805 749 discordias
824 717 997 759 praecipue
1019 717 1104 754 oriri,

368 769 517 801 volumus
545 769 633 811 quod
652 775 745 811 pater
765 770 955 812 praesidens
974 769 1104 812 capituli

368 821 599 864 provincialis,
626 822 761 854 durante
796 822 900 854 officio
931 822 993 854 sibi
1018 832 1106 855 com-

368 874 482 913 misso,
511 874 709 916 apostolicas
735 879 767 907 et
793 874 962 916 religionis
986 874 1105 906 consti-

367 927 509 959 tutiones
524 934 588 960 tum
608 927 639 958 in
656 925 878 969 spiritualibus
898 932 963 958 tum
981 926 1012 958 in
1033 932 1105 959 tem-

366 978 535 1020 poralibus
562 978 737 1019 diligenter
754 979 793 1010 ab
819 978 968 1011 omnibus
995 979 1105 1010 ctsin-

367 1031 450 1072 gulis
476 1031 639 1063 observari
666 1031 780 1070 saciat,
807 1030 917 1063 omnia
941 1032 1105 1062 conventi-

367 1084 437 1114 cula
463 1087 510 1120 (et
542 1084 733 1125 praesertim
760 1083 798 1115 de
823 1088 930 1122 nocte,
957 1089 1102 1125 tempore

367 1135 510 1177 silentii)
549 1136 654 1167 enitus
669 1141 846 1175 removeat,
867 1136 1105 1178 transgredien-

367 1194 427 1227 tes,
446 1188 686 1227 inobedientes,
707 1188 794 1220 iuxta
819 1188 1003 1220 earumdem
1030 1198 1104 1220 con-

367 1241 572 1273 sittinionum
609 1241 859 1288 praescriptum,
884 1242 1102 1283 corrigendo·,

368 1305 433 1327 non
453 1301 560 1327 tamen
578 1294 679 1337 possit
695 1295 836 1337 aliquem
851 1306 887 1327 ex
907 1295 1110 1327 electoribus·

367 1358 426 1390 per
458 1348 589 1380 modum
621 1348 758 1379 carceris
789 1349 839 1380 vel
873 1348 1038 1380 custodiae
1072 1348 1103 1379 in

367 1400 459 1433 cellis
485 1400 646 1439 claudere,
668 1400 728 1432 nisi
748 1401 828 1432 facto
846 1400 935 1443 prius
951 1410 1103 1443 processu

367 1453 409 1486 ob
435 1453 603 1486 formalem
638 1452 905 1492 inobedientiam,
924 1454 974 1486 vel
1008 1453 1104 1485 alium

367 1516 494 1548 gravem
521 1516 688 1538 excessum
721 1505 774 1549 qui
800 1505 939 1538 similem
965 1516 1104 1548 poenam

367 1565 545 1599 mereatur;
560 1560 645 1592 salva
660 1564 766 1591 tamen
785 1569 913 1601 semper
926 1560 1103 1591 electorum

366 1612 528 1650 libertate,
548 1612 644 1644 etiarn
665 1611 760 1644 circa·
774 1617 924 1644 tractatus
942 1611 1047 1643 licitos
1067 1612 1104 1643 de

367 1665 528 1698 electione
555 1665 725 1705 facienda,
759 1675 886 1697 necnon
918 1665 956 1697 de
982 1665 1104 1697 meritis

368 1718 608 1759 eligendorum.

412 1782 447 1804 11.
469 1772 679 1804 Decernimus
699 1771 784 1814 quod
800 1776 891 1814 pater
904 1771 1104 1814 praesidens„

367 1830 542 1867 antequam
568 1825 691 1857 iudices
725 1835 894 1857 causarum
924 1825 1102 1866 eligantur,

367 1888 473 1921 neque
496 1888 554 1920 per
572 1888 606 1910 se
625 1878 721 1915 solus,
742 1888 849 1920 neque
867 1888 939 1909 cum
955 1877 1034 1915 aliis,
1049 1878 1106 1909 sub

368 1931 571 1972 quibuslibet
595 1930 715 1964 motivo
742 1932 791 1964 vel
811 1937 980 1974 praetextu
1010 1931 1106 1963 etiam

368 1984 577 2027 qualificandi
605 1990 659 2015 aut
691 1984 891 2026 legitimandi
918 1990 1026 2026 patres
1053 1983 1105 2026 qui

367 2035 400 2068 in
434 2036 617 2068 imminenti
655 2036 796 2069 iudicum
832 2046 999 2068 causarum
1035 2037 1104 2068 ele-

369 2089 475 2122 ctione
501 2090 634 2121 activam
662 2090 710 2122 vel
736 2089 892 2131 passivam
918 2099 1028 2121 vocem
1054 2090 1108 2121 ha-

368 2142 446 2174 bere
462 2143 590 2181 debent,
603 2153 639 2175 ex
655 2142 693 2174 iis
709 2143 849 2185 aliquem
862 2145 924 2174 unii
938 2143 987 2175 vel
1005 2143 1108 2175 altera

367 2205 445 2227 voce
470 2195 618 2238 privare,
642 2196 693 2227 vel
718 2205 734 2227 a
756 2195 923 2238 praedicta
948 2195 1107 2227 electione

369 2249 540 2281 excludere
558 2255 612 2281 aut
629 2248 787 2291 privatum
806 2249 854 2281 vel
870 2249 1032 2281 exclusum
1055 2249 1109 2280 de-

369 2301 491 2333 clarare
510 2301 626 2343 possit:
646 2301 921 2344 inhaerentesque
939 2306 1107 2344 praeterea

369 2353 593 2386 constitutioni
618 2355 816 2396 apostolicae
838 2354 926 2387 Pauli
947 2354 970 2386 V
990 2355 1029 2387 de
1055 2354 1106 2386 die

367 2417 420 2439 Xiv
451 2406 519 2439 iulii
555 2416 677 2440 iuncxlv
708 2407 919 2450 incipientem
951 2407 1064 2449 Nuper
1088 2418 1107 2438 a

368 2459 470 2499 nobis,
487 2465 519 2492 et
535 2459 669 2492 decreto
683 2471 793 2493 sacrae
812 2461 1012 2494 visitationis
1029 2461 1108 2503 Apo-

369 2512 504 2546 stolicae
531 2513 570 2545 de
603 2513 654 2537 ’ΠΩ
681 2524 689 2542 ῐ
716 2514 827 2546 aprilis
852 2524 930 2547 iunci
956 2514 1014 2546 sub
1039 2513 1108 2547 Cle-

367 2572 479 2601 mente
493 2565 565 2607 Vlll,
580 2566 676 2600 etiam
702 2567 909 2601 decernimus
929 2573 959 2600 et
976 2568 1107 2600 manda-
1128 2598 1130 2610 ἱ

201 1780 229 1800 De
252 1780 356 1801 electione

173 1806 265 1827 iudicum
283 1813 356 1827 causa·

172 1839 224 1853 rum.

957 187 1138 213 BULLARmM
1162 186 1313 212 ROMANUM

1897 185 1945 214 An.
1962 182 1991 215 C.
2012 185 2078 217 1679

1152 247 1221 269 mus
1241 241 1277 268 ut
1297 235 1540 279 praedictorum
1561 234 1703 268 iudicum
1719 245 1888 268 causarum

1153 289 1269 322 electio
1287 288 1442 322 canonice
1467 299 1504 322 ac
1520 299 1578 332 per
1594 288 1764 321 schedulas
1781 298 1889 322 secre-

1153 347 1214 381 tas,
1247 343 1403 386 nullaque
1429 342 1511 374 sacta
1534 352 1595 384 per
1618 347 1743 384 patrem
1767 341 1889 384 praesi-

1152 395 1281 429 dentem
1297 395 1532 438 propositione,
1547 394 1758 437 imposterum
1771 393 1839 434 fiat3
1856 398 1888 427 et

1152 449 1237 491 quod
1264 449 1295 480 in
1321 448 1504 481 huiusmodi
1524 447 1683 480 electione
1703 452 1795 490 pater
1812 457 1888 489 pro-

1151 501 1305 538 vincialis,
1330 511 1387 533 seu
1411 506 1518 533 rector
1537 499 1737 542 provinciae,
1764 499 1887 542 primus

1151 559 1182 586 et
1205 555 1366 587 secundus
1391 553 1607 593 definitorum,
1627 554 1805 585 interventu
1830 563 1887 595 pa-

1152 607 1208 639 tris
1234 607 1450 650 praesidentis
1477 606 1621 650 capituli,
1641 616 1775 638 munere
1800 616 1888 638 scru-

1151 665 1289 692 tatorum
1312 661 1501 702 fungantur:
1520 659 1595 692 item
1622 659 1707 702 quod
1730 658 1886 701 praedicti

1150 713 1272 746 iudices
1289 724 1456 746 causarum
1482 712 1521 745 de
1546 718 1657 745 cetero
1675 712 1766 744 nullo
1787 711 1886 744 modo

1150 766 1311 809 eligantur
1339 766 1398 799 nisi
1424 776 1460 798 ex
1487 765 1526 798 iis
1551 764 1697 808 patribus
1726 766 1781 808 qui
1811 769 1887 797 sunt

1150 819 1188 851 de
1213 829 1352 862 corpore
1377 818 1520 862 capituli,
1538 828 1617 861 quos
1636 827 1748 851 omnes
1769 823 1800 850 et
1820 817 1885 849 sin-

1149 873 1239 914 gulos
1265 872 1390 905 habiles
1423 877 1454 904 et
1483 871 1620 904 idoneos
1652 870 1691 904 ad
1725 870 1884 903 eiusnodi

1149 924 1289 957 officium
1304 923 1530 957 indifferenter
1557 923 1669 956 haberi
1686 925 1834 956 volum==s
1853 928 1885 956 et

1148 978 1373 1017 declaramus;
1407 978 1438 1010 in
1473 987 1584 1009 eorum
1615 986 1690 1009 vero
1723 976 1883 1009 electione

1148 1030 1336 1073 sull'ragium
1363 1031 1467 1063 serant
1483 1039 1597 1062 omnes
1623 1034 1655 1062 et
1680 1028 1798 1071 singuli
1817 1029 1884 1072 qui,

1148 1084 1257 1125 vigore
1283 1083 1569 1121 constitutionum,
1596 1087 1799 1120 statutorum,
1830 1083 1885 1115 de-

1148 1136 1363 1169 clarationum
1392 1137 1441 1168 vel
1466 1133 1639 1178 privilegii,
1657 1145 1712 1167 seu
1731 1134 1818 1174 alias,
1836 1145 1886 1167 ro-

1148 1200 1216 1222 cem
1242 1189 1375 1222 activam
1402 1189 1440 1221 ad
1465 1187 1673 1231 provincialis
1691 1187 1884 1220 electionem

1149 1242 1294 1285 proxime
1314 1243 1449 1275 suturam
1468 1252 1527 1284 pro
1544 1241 1599 1273 illo
1614 1246 1681 1272 tum
1701 1239 1883 1281 habuerint,

1149 1307 1204 1328 seu
1223 1296 1254 1328 in
1272 1306 1335 1338 qua
1359 1295 1568 1338 possessione
1586 1292 1729 1336 eligendi
1748 1292 1884 1326 suerint:

1148 1349 1274 1380 irritum
1299 1354 1331 1381 et
1354 1348 1450 1380 inane
1480 1348 1551 1391 ipso
1585 1347 1668 1379 sacto
1701 1350 1733 1378 et
1763 1346 1885 1389 absque

1149 1401 1210 1433 alia
1235 1401 1453 1433 declaratione
1486 1401 1702 1433 decernentes
1733 1398 1758 1431 si
1790 1408 1884 1431 secus

1149 1465 1247 1497 super
1272 1454 1322 1486 his
1347 1454 1459 1496 quovis
1485 1453 1580 1486 modo
1605 1452 1675 1485 fieri
1706 1452 1756 1484 vel
1787 1455 1885 1484 atten-

1151 1506 1207 1539 tari
1234 1506 1419 1548 contigerit.

1192 1570 1240 1592 111.
1257 1559 1429 1591 Statuimus
1448 1563 1624 1602 praeterea,
1640 1567 1675 1590 ac
1692 1557 1780 1590 iuxta
1796 1567 1886 1600 prae·
1897 1564 2079 1613 deffingriffiion·

1149 1612 1233 1645 dicta
1257 1612 1387 1644 decreta
1416 1612 1504 1644 Pauli
1529 1612 1552 1643 V
1575 1616 1606 1644 et
1630 1621 1740 1644 sacrae
1772 1610 1887 1643 visita·
2031 1607 2037 1613 ⁹

1150 1665 1246 1698 tionis
1261 1665 1466 1708 Apostolicae
1480 1667 1628 1698 volumus
1643 1670 1674 1697 et
1687 1664 1885 1705 ordinamus,

1150 1724 1184 1750 ut
1201 1719 1318 1751 electio
1333 1724 1469 1761 quatuor
1481 1718 1688 1751 definitorum
1704 1717 1886 1758 actualium,

1150 1782 1213 1803 non
1240 1772 1343 1804 solum
1368 1782 1426 1814 per
1450 1771 1623 1804 schedulas
1650 1775 1805 1812 secretas,
1830 1770 1887 1803 sed

1150 1824 1245 1856 etiam
1273 1824 1428 1856 canonice
1454 1824 1485 1856 in
1512 1829 1677 1867 posterum
1702 1823 1765 1863 fiat,
1785 1834 1820 1856 ac
1840 1823 1889 1855 in-

1151 1887 1251 1920 super
1277 1882 1311 1909 ut
1337 1882 1401 1909 tres
1428 1876 1619 1910 definitores
1645 1876 1755 1915 additi,
1777 1887 1835 1909 seu
1855 1876 1889 1909 in

1151 1932 1421 1973 supplementum,
1443 1931 1482 1962 ab
1503 1930 1654 1962 omnibus
1672 1929 1887 1971 electoribus,

1152 1984 1262 2015 eadem
1289 1983 1384 2015 unica
1408 1982 1661 2025 suffragatione,
1693 1993 1729 2014 ac
1753 1981 1891 2015 eisdem-

1151 2042 1216 2069 met
1241 2036 1407 2069 schedulis
1428 2036 1574 2075 secretis,
1594 2035 1711 2078 quibus
1728 2035 1890 2078 praedicti

1152 2095 1292 2132 quatuor
1327 2089 1512 2122 definitores
1538 2091 1681 2122 actuales
1705 2088 1890 2131 eliguntur,

1152 2143 1190 2174 de
1216 2147 1326 2175 cetero
1351 2142 1525 2184 eligantur.
1553 2141 1584 2174 Si
1610 2147 1718 2174 autem
1735 2141 1888 2181 evenerit,

1152 2195 1239 2238 quod
1266 2199 1328 2227 tam
1354 2195 1521 2238 praedicta
1546 2194 1661 2228 electio
1680 2200 1818 2238 quatuor
1836 2195 1891 2227 de-

1151 2249 1315 2280 finitorum
1342 2248 1515 2281 actualium
1533 2259 1628 2291 quam
1653 2247 1796 2280 iudicum
1816 2257 1894 2280 cau-

1150 2312 1277 2342 sarum,
1308 2302 1406 2345 patris
1434 2302 1654 2345 provincialis,
1689 2301 1890 2335 visitatorum

1151 2354 1335 2397 provinciae
1368 2356 1418 2387 vel
1447 2355 1584 2388 aliorum
1611 2365 1890 2398 quorumcumque

1151 2407 1344 2447 officialium,
1362 2407 1416 2450 qui
1435 2408 1589 2441 canonice
1617 2418 1653 2440 ac
1677 2417 1736 2450 per
1754 2408 1891 2440 schedu-

1151 2462 1196 2493 las
1222 2466 1362 2493 secretas
1397 2466 1473 2493 sunt
1497 2459 1661 2503 eligendi,
1695 2460 1798 2503 prima
1821 2461 1890 2494 vice

1151 2524 1213 2545 non
1233 2514 1498 2556 deprehendatur
1515 2512 1657 2555 legitime
1676 2513 1757 2545 sacta
1775 2518 1806 2546 et
1819 2513 1892 2546 sub·

1150 2572 1296 2610 sequuta‚
1318 2573 1383 2599 tum
1400 2567 1602 2600 declaramus
1618 2571 1650 2599 et
1666 2565 1891 2611 praecipimus
