2111 3157
0 191 46 218 An.
65 189 92 216 C.
113 189 176 216 1678

32 1458 102 1478 Series
126 1458 173 1477 sacti

0 1489 66 1504 inuris·
85 1484 119 1504 Mc
140 1490 173 1504 ex·

0 1516 39 1530 mm
52 1510 123 1533 ιιι-,κού
130 1510 174 1536 plu·

0 1536 52 1556 'ibus
88 1543 106 1556 ιη
141 1542 172 1556 se·

0 1563 63 1589 guenti
79 1562 172 1583 decreto.

759 189 969 214 INNOCENTIUS
991 191 1020 213 XI
1046 191 1093 215 1¹1³.

182 236 361 277 innovatis3
387 237 502 280 quibus
526 237 675 270 omnibus
701 242 732 270 et
756 237 911 279 singulis,

182 289 310 321 illorum
337 294 466 321 tenores
487 289 712 332 praesentibus
735 299 792 331 pro
817 290 913 331 plene

183 347 214 373 et
237 341 432 373 sufficienter
456 341 613 383 expressis
639 352 674 373 ac
698 341 828 373 insertis
858 341 915 372 ha-

182 394 308 433 bentes,
334 394 397 426 illis
416 395 493 426 alias
509 395 541 425 in
559 404 615 426 suo
632 395 748 426 robore
766 404 915 436 perman-

183 446 284 485 suris,
310 446 347 478 ad
377 446 628 488 praemissorum
661 445 829 485 effectum,
856 447 915 478 hac

182 498 250 531 vice
277 499 460 537 dumtaxat,
495 498 679 540 specialiter
702 504 733 530 et
765 509 914 540 expresse

183 553 398 594 derogamus;
434 553 615 595 ceterisque
648 552 816 585 contrariis
847 552 915 594 qui-

182 606 393 647 buscumque.

226 657 340 689 Datum
366 657 493 695 Romae,
519 657 601 699 apud
628 656 658 689 S.
685 657 829 695 Petrum,
856 657 914 688 sub

183 711 305 743 annulo
350 710 544 749 Piscatoris,
594 710 645 743 die
691 720 734 742 vn
778 709 914 742 ianuarii

182 772 376 801 unctxxvm,
409 762 615 806 pontificatus
639 762 741 795 nostri
767 773 851 794 anno
877 773 911 795 11.

218 823 275 851 Dat.
295 823 340 851 die
360 824 373 850 7
390 824 503 850 ianuarii
525 823 602 855 1678,
623 823 720 859 pontis.
741 831 811 851 anno
826 830 854 850 11.

501 938 594 971 XXX.

185 1008 405 1050 Confirmatur
429 1008 588 1041 decretum
610 1009 730 1052 prioris
754 1009 914 1051 generalis

229 1061 364 1094 Ordinis
390 1062 611 1094 Eremz'larum
635 1062 740 1092 seneli
763 1062 916 1103 Auqusli-

226 1115 275 1153 ni,
300 1125 363 1157 quo
387 1115 453 1157 ipse
478 1114 659 1146 moderatus
679 1114 742 1156 fuit
773 1115 916 1146 alterna—

229 1168 325 1199 lr'vam
345 1168 431 1199 inter
445 1168 561 1210 fratres
579 1168 615 1199 in
635 1167 800 1209 Hispania
825 1172 916 1199 mltos

227 1224 255 1251 el
275 1219 357 1251 alios
373 1219 508 1252 Criollos
526 1219 624 1251 dictos
639 1219 824 1261 provinciae
843 1219 916 1259 Qui·

229 1272 325 1304 tensis
348 1272 384 1304 in
407 1271 516 1304 Indii's
542 1270 829 1304 Occz'clentalibus¹.

365 1342 561 1368 Innocentius
582 1342 660 1374 Papa
680 1342 732 1374 XI,

306 1385 342 1412 ad
359 1389 532 1419 perpetuam
551 1385 594 1411 rei
609 1385 788 1412 memoriam.

228 1446 242 1489 ἓ
259 1445 290 1478 1.
310 1446 371 1479 Pro
390 1451 481 1488 parte
499 1446 653 1478 carissimi
672 1446 704 1478 in
718 1446 844 1479 Christo
859 1446 914 1480 filii

184 1498 284 1531 nostri
310 1498 413 1531 Caroli
439 1498 665 1541 Hispaniarum
698 1499 784 1541 regis
807 1499 916 1532 catho-

184 1552 234 1585 lici
260 1551 354 1584 nobis
386 1562 489 1594 nuper
522 1552 639 1593 exponi
671 1552 746 1584 fecit
781 1552 915 1585 dilectus

182 1603 266 1636 silius
291 1603 409 1636 nobilis
426 1604 473 1635 vir
493 1603 616 1646 Gaspar
633 1604 671 1636 de
690 1605 773 1636 Haro
790 1610 821 1637 et
838 1604 916 1637 Guz-

182 1666 254 1688 man
280 1656 426 1688 marchio
452 1656 489 1688 de
510 1655 633 1697 (tarpio,
650 1656 792 1689 eiusdem
810 1656 912 1689 Caroli

182 1708 268 1750 regis
293 1708 377 1750 apud
410 1718 469 1740 nos
501 1713 533 1740 et
556 1708 671 1740 Sedem
697 1709 914 1751 Apostolieani

182 1765 298 1799 orator,
326 1760 423 1802 quod,
442 1770 513 1792 cum
536 1760 615 1793 alias
641 1760 835 1793 venerabilis
861 1762 911 1793 sra-

181 1818 230 1844 ter
254 1811 402 1844 Nicolaus
427 1811 515 1844 Oliva
540 1812 712 1854 episeopus
738 1812 908 1845 Cortonen

181 1865 236 1903 sis,
260 1864 312 1907 qui
339 1869 414 1896 tunc
439 1864 593 1906 temporis
614 1864 734 1907 prioris
750 1866 911 1906 generalis

180 1915 306 1949 Ordinis
322 1916 454 1948 fratrum
470 1916 678 1948 eremitarum
695 1916 912 1958 sanetiAugu-

181 1968 256 2000 stini
274 1978 404 2000 munere
420 1968 619 2010 fungebatur,
642 1969 863 2001 alternativani
881 1975 911 2000 et

180 2021 403 2063 aequalitatem
425 2021 530 2063 quoad
556 2021 805 2063 provincialatus
828 2027 911 2053 eete-

180 2084 277 2116 raque
297 2073 404 2105 omnia
424 2074 527 2106 officia
546 2074 730 2116 provinciae
748 2074 910 2111 Quitensis

178 2127 211 2158 in
240 2125 338 2158 lndiis
373 2125 633 2158 Occidentalihus
669 2126 745 2158 dicti
781 2126 907 2159 Ordinis

178 2179 263 2211 inter
287 2178 435 2210 eiusdem
460 2178 642 2220 provinciae
667 2179 781 2211 fratres
803 2179 834 2210 in
857 2179 909 2211 Ili-

177 2231 290 2274 spania
322 2236 412 2262 natos
437 2235 467 2262 et
498 2230 625 2263 illarum
658 2231 795 2273 partium
826 2231 908 2264 indi-

177 2294 292 2324 genas,
319 2293 396 2324 quos
421 2282 548 2314 criollos
574 2283 747 2325 vulgariter
770 2289 905 2322 vocant,

176 2335 296 2367 servari
322 2335 441 2367 debere
472 2335 649 2374 statuisset,
688 2335 785 2378 idque
811 2336 905 2368 etiam

177 2399 194 2420 a
218 2388 318 2420 felicis
343 2388 576 2420 recordationis
601 2387 762 2421 Clemente
781 2389 863 2432 Papa
882 2389 905 2421 X

212 2467 220 2491 t
250 2466 287 2491 De
313 2465 363 2491 hac
390 2465 548 2491 alter-nativa
571 2449 720 2492 officiorum
751 2466 810 2493 vide
835 2475 904 2501 quae

176 2510 324 2535 noradinus
344 2509 368 2535 in
390 2509 468 2535 huius
490 2509 624 2535 l'ontisicis
645 2513 728 2536 const.
750 2517 813 2543 xvii,
835 2519 903 2546 quae

174 2554 266 2588 incipit
285 2554 364 2580 Illius
383 2554 432 2588 qui
454 2553 552 2588 (supra,
574 2562 632 2588 pag.
654 2554 708 2588 ⁴11).

262 2608 340 2635 Butt.
358 2607 441 2635 Rom.
462 2622 496 2627 —
520 2607 578 2634 Vol.
600 2607 674 2634 XIX.
837 2607 870 2634 10

955 239 1208 279 praedecessore
1233 244 1342 271 nostro
1367 239 1590 272 confirmatum
1613 240 1684 272 suis-

956 295 1021 331 set3
1040 301 1148 323 verum
1166 298 1298 334 propter
1316 293 1446 324 fratrum
1466 293 1682 334 Hispanorum

956 343 987 374 in
1013 343 1096 375 dicta
1121 345 1285 386 provincia
1310 345 1499 387 paucitatem
1525 345 1683 378 eiusmodi

956 396 1146 427 alternativa
1178 401 1209 428 et
1233 398 1409 440 aequalitas
1446 398 1551 440 quoad
1578 398 1685 430 omnia

956 447 1141 489 provinciae
1166 449 1324 490 praefatae
1362 450 1465 482 officia
1490 450 1558 482 sine
1585 451 1685 492 gravi-

956 501 1015 532 bus
1031 501 1244 534 incommodis
1266 503 1383 535 servari
1405 504 1572 545 nequiret:
1598 504 1684 536 idern

957 553 1103 585 Nicolaus
1131 553 1303 596 episcopus
1327 556 1462 588 subinde
1489 562 1564 588 tune
1582 557 1687 588 adhuc

956 606 1045 648 prior
1069 607 1231 648 generalis
1257 608 1383 640 Ordinis
1408 610 1553 651 praefati,
1575 610 1685 651 vigore

958 658 1115 690 facultatis
1148 659 1206 690 sibi
1233 670 1331 701 super
1356 661 1419 693 hoc
1444 672 1460 693 a
1486 662 1579 694 nobis
1611 673 1687 694 con-

956 721 1075 750 cessae,
1103 712 1247 744 eamdem
1273 713 1494 746 alternativam
1521 719 1551 747 et
1571 725 1688 757 aequaa

957 763 1076 795 litatem
1103 764 1145 796 ita
1181 765 1364 797 moderatus
1399 771 1466 805 est⁷
1499 771 1534 798 ut
1558 767 1612 799 illa
1647 767 1686 799 ad

957 817 1206 858 provineialatus
1242 828 1278 849 ac
1313 818 1519 851 definitorum
1550 824 1581 851 et
1613 819 1688 851 visi-

956 873 1092 901 tatorum
1118 870 1301 912 provinciae
1327 870 1485 908 Quitensis
1504 871 1686 913 praedictae

957 921 1060 953 officia
1092 922 1255 954 dumtaxat
1286 923 1435 954 restricta
1465 928 1495 955 et
1524 928 1688 955 coarctata

957 973 1080 1012 existat,
1106 985 1177 1006 cum
1202 974 1338 1006 diversis
1363 974 1636 1006 declarationibus
1657 979 1688 1007 et

957 1026 1226 1064 ordinationibus,
1258 1033 1356 1069 prout
1380 1027 1508 1070 plenius
1541 1028 1688 1059 contine-

959 1084 1008 1111 tur
1033 1079 1065 1111 in
1090 1079 1175 1111 illius
1201 1079 1315 1111 litteris
1341 1079 1524 1122 patentibus
1547 1080 1689 1122 desuper

958 1132 1114 1164 emanatis
1138 1132 1256 1164 tenoris
1277 1132 1329 1174 qui
1348 1131 1503 1174 sequitur,
1517 1131 1685 1164 videlicet:

1007 1197 1019 1215 α
1044 1185 1192 1226 Magister
1216 1185 1314 1217 frater
1344 1184 1493 1217 Nicolaus
1523 1184 1610 1217 Oliva
1634 1184 1688 1217 Se·
1726 1199 1772 1233 01⁷⁰
1786 1199 1817 1211 nm
1864 1198 1871 1210 τ

958 1238 1078 1276 nensis,
1108 1238 1205 1270 totius
1225 1237 1352 1270 Ordinis
1384 1237 1586 1270 eremitarum
1617 1227 1872 1268 sati-i·⁴=}2”⁴r··1··a''

958 1291 997 1323 cti
1016 1290 1185 1331 Augustini
1205 1290 1294 1332 prior
1310 1290 1480 1332 generalis
1501 1290 1688 1322 Provinciae

958 1348 1085 1375 nostrae
1111 1342 1282 1381 Utinensis,
1317 1353 1413 1384 quam
1446 1343 1476 1374 in
1510 1342 1686 1375 visceribus

958 1395 1098 1436 gerimus
1124 1395 1307 1434 charitatis,
1334 1394 1503 1436 religiosae
1529 1393 1627 1436 quieti
1652 1404 1689 1426 ae

959 1447 1181 1489 tranquillitati
1195 1448 1361 1480 consulere
1372 1448 1526 1486 volentes,
1539 1447 1617 1480 alias
1628 1447 1688 1478 sub

959 1500 1008 1533 die
1032 1510 1084 1533 mx
1109 1500 1187 1531 iunii
1212 1509 1356 1532 MDCLxxv
1384 1500 1550 1532 decretum
1578 1499 1689 1531 eondi-

959 1553 1075 1589 dimus,
1095 1563 1157 1594 quo
1183 1553 1268 1585 aliud
1290 1552 1550 1584 reverendissimi
1572 1552 1689 1594 prioris

959 1605 1099 1647 magistri
1126 1604 1312 1647 Hieronymi
1339 1605 1377 1636 de
1403 1604 1528 1637 Gliettis
1555 1604 1689 1646 praede-

958 1657 1093 1689 cessoris
1133 1657 1233 1689 nostri
1271 1657 1435 1689 decretum
1472 1656 1523 1688 die
1558 1667 1587 1689 ix
1620 1656 1687 1689 iulii

957 1719 1079 1741 iincxxv
1117 1713 1319 1748 emanatum,
1346 1719 1384 1741 eo
1411 1709 1496 1751 quod
1527 1713 1581 1740 aut
1606 1719 1687 1742 nun-

957 1772 1049 1803 quam
1074 1761 1106 1793 in
1143 1762 1286 1803 praefata
1318 1761 1482 1803 provincia
1518 1766 1687 1803 receptum

955 1819 1008 1845 aut
1034 1814 1186 1856 temporis
1213 1815 1349 1846 decursu
1371 1814 1524 1846 violatum
1553 1814 1688 1846 oblivio·

955 1865 1052 1907 nique
1079 1866 1184 1898 datum
1203 1865 1430 1904 intelleximusy
1448 1867 1558 1897 nostra
1578 1871 1688 1898 aucto-

955 1918 1046 1949 ritate
1065 1917 1321 1950 confirmavimus
1341 1922 1372 1950 et
1390 1917 1638 1960 approbavimus
1655 1923 1687 1950 et

954 1970 1186 2008 innovavimus,
1207 1969 1390 2012 iterumque
1412 1969 1620 2007 decrevimus,
1642 1976 1684 2008 ut,

954 2033 1018 2054 non
1044 2023 1192 2054 obstante
1219 2022 1364 2064 quolibet
1388 2022 1498 2061 abusu,
1526 2027 1577 2053 aut
1597 2032 1687 2064 prae-

954 2075 1006 2107 fati
1033 2074 1153 2107 decreti
1180 2074 1432 2113 inobservantia,
1455 2074 1486 2105 in
1514 2074 1627 2105 suturis
1652 2075 1685 2106 in

953 2131 1115 2169 posterum
1142 2127 1372 2169 capitularibus
1404 2126 1620 2158 electionibus
1652 2126 1685 2158 iu

952 2180 1065 2211 eadem
1090 2179 1253 2222 provincia
1278 2178 1422 2216 Quitensi
1441 2184 1620 2211 servaretur
1641 2180 1686 2211 al-

952 2231 1106 2263 ternativa
1138 2235 1170 2263 et
1205 2230 1405 2269 vicissitudo,
1432 2230 1474 2262 ita
1499 2235 1532 2262 ut
1556 2230 1589 2262 in
1618 2241 1683 2263 uno

950 2284 1165 2327 quadriennio
1191 2284 1366 2325 eligeretur
1397 2283 1429 2315 in
1455 2283 1683 2325 provincialem

949 2342 1041 2379 pater
1072 2335 1188 2378 aliquis
1216 2336 1391 2378 Hispanus,
1417 2336 1450 2367 iu
1476 2336 1577 2368 altero
1608 2346 1683 2368 vero

949 2387 1163 2430 quadriennio
1203 2388 1379 2429 eligeretur
1418 2393 1509 2429 pater
1543 2387 1681 2419 alterius

948 2440 1101 2480 familiae,
1122 2450 1217 2482 quani
1235 2440 1423 2471 eriollorum
1441 2440 1535 2480 vulgo
1553 2444 1680 2478 voeant;

946 2504 982 2525 ac
996 2493 1130 2536 insuper
1148 2491 1196 2524 in¹
1212 2492 1326 2525 ceteris
1344 2502 1471 2535 quoque
1486 2491 1608 2531 olliciis,
1622 2492 1684 2524 sci-

983 2556 992 2581 1
1018 2554 1165 2590 Praeposit.
1189 2555 1218 2582 in
1239 2562 1287 2582 nos
1309 2553 1430 2581 addimus
1452 2554 1489 2586 (a.
1510 2553 1559 2587 T.).

1606 180 1646 215 73
1692 190 1743 217 An.
1763 189 1790 217 c.
1809 189 1874 216 1678
