2111 3157
16 253 63 281 An.
85 253 113 281 C.
132 253 200 282 1679

41 577 134 608 pentisex
146 577 197 598 illus

15 606 128 624 centn-ruat.

768 252 980 278 INNOCENTIL'S
1005 254 1033 276 xt
1060 254 1107 276 Pr.

206 302 471 346 Congregationis
489 303 619 335 Rituum
640 305 708 334 tuto
734 301 885 339 deveniri‚
903 311 939 333 ac

205 355 334 388 interim
370 355 531 398 indulgeri
564 360 599 387 ut
629 360 832 396 nuncupetur
861 355 939 386 Bea-

205 412 266 447 tus,
287 415 318 441 et
338 410 377 442 de
402 418 440 442 eo
461 413 623 450 tamquam
649 407 837 440 Confessore
858 407 939 438 Pon-

206 460 290 494 tifice
309 461 449 494 officium
465 461 630 499 recitetur,
650 465 681 491 et
700 464 938 491 sacrosanctum

205 513 322 546 missae
347 512 539 545 sacrificium
563 511 762 544 celebretur:

250 566 265 608 ἓ
296 565 326 598 ⁶2.
362 566 442 598 llinc
473 570 521 597 est
552 564 638 607 quod
675 563 736 606 piis
772 563 939 606 enixisque

205 617 357 660 precibus
381 617 535 649 carissimi
560 617 592 648 in
617 616 745 649 Christo
763 615 818 648 filii
837 616 939 649 nostri

206 670 309 702 Caroli
341 669 567 712 Hispaniarum
599 670 684 710 regis
708 669 881 709 catholici,
910 675 942 701 et

206 721 393 754 carissimae
418 721 451 753 in
476 721 603 754 Christo
628 721 711 754 filiae
735 727 866 754 nostrae
884 722 940 754 Ma-

205 774 341 807 riannae
366 774 497 816 reginae
514 774 640 813 viduae,
667 774 736 807 eius
761 775 938 817 genitricis,

206 837 243 859 ac
265 827 497 860 venerabilium
522 827 655 859 fratrum
680 828 942 870 archiepiscopo-

206 889 277 912 rum
302 886 334 912 et
357 881 600 923 episcoporum,
627 881 703 913 cleri
720 907 727 921 ‚
753 881 942 914 univcrsita-

205 937 294 972 turn,
329 933 542 976 collegiorum
579 938 610 966 et
644 935 840 976 populorum
877 939 941 966 tam

205 985 431 1028 Hispaniarum
456 996 551 1028 quam
570 986 661 1028 regni
687 986 823 1019 Peruani
849 987 942 1019 nobis

207 1049 306 1081 super
335 1039 398 1071 hoc
426 1039 593 1071 humiliter
622 1040 781 1082 porrectis
807 1043 942 1082 paterna

207 1090 407 1133 benignitate
432 1097 619 1131 annuentes,
639 1092 677 1124 de
695 1097 941 1125 memoratorum

208 1143 419 1176 cardInalium
443 1144 587 1176 unanimi
606 1144 742 1177 consilio
766 1145 887 1187 pariter
911 1152 942 1178 et

208 1207 353 1237 assensu,
369 1203 400 1229 et
417 1197 605 1230 auctoritate
623 1197 812 1240 apostolica,
831 1203 941 1230 tenore

207 1249 441 1291 praesentium,
461 1249 664 1292 indulgemus
681 1254 715 1281 ut
732 1250 815 1282 idem
834 1260 942 1282 servus

208 1301 264 1334 Dei
289 1302 488 1341 Thurribius,
506 1302 582 1334 olim
608 1301 870 1344 archiepiscopus
894 1302 943 1334 Li-

208 1364 333 1393 manus,
352 1354 385 1386 in
403 1359 566 1396 posterum
590 1354 680 1386 Beati
704 1354 836 1386 nomine
863 1365 944 1386 nuu-

208 1411 354 1449 cupetur‚
381 1406 514 1449 eiusque
539 1416 657 1449 eorpus
677 1411 707 1438 et
724 1406 880 1449 reliquiae
896 1417 942 1439 ve-

207 1458 369 1491 nerationi
402 1457 545 1491 fidelium
571 1459 655 1501 (non
682 1465 790 1491 tamen
815 1459 848 1491 in
873 1470 943 1502 pro-

208 1511 409 1544 cessionibus
436 1511 707 1553 circumserenda)
729 1517 942 1554 exponantur,

207 1564 367 1607 imagines
393 1575 521 1607 quoque
551 1565 650 1597 radiis
680 1575 735 1596 seu
763 1566 944 1607 splendori-

207 1618 267 1650 bus
292 1623 506 1658 exornentur,
533 1623 629 1660 atque
662 1617 701 1649 de
730 1628 768 1650 eo
798 1618 856 1649 sub
880 1618 942 1650 ritu

209 1670 416 1712 semiduplici
452 1670 485 1702 in
521 1671 671 1703 omuibus
705 1670 851 1702 ecelesiis
881 1676 942 1702 tam

209 1722 422 1755 saecularium
438 1733 531 1765 quam
552 1723 750 1765 regularium
771 1723 942 1766 utriusque

210 1785 305 1807 sexus
329 1775 484 1807 recitetur
509 1775 648 1808 officium
682 1781 713 1807 et
737 1775 833 1807 missa
858 1777 944 1807 cclc-

208 1827 321 1859 bretur
345 1828 385 1860 de
409 1827 601 1861 Confessore
626 1828 792 1868 Ponfflice,
809 1828 943 1869 singulis

209 1880 302 1912 annis
318 1907 326 1918 ,
351 1880 438 1913 iuxta
462 1880 605 1912 rubricas
638 1880 791 1912 breviarii
817 1886 849 1913 et
872 1881 944 1913 mis-

209 1933 285 1965 salis
299 1934 434 1973 romani,
456 1933 507 1966 die
524 1943 607 1966 xxvu
626 1933 746 1976 aprilis,
766 1944 827 1976 qua
845 1934 943 1976 ipsius

209 1985 292 2018 servi
318 1986 371 2018 Dei
397 1996 513 2029 corpus
537 1987 746 2026 translatum,
771 1987 854 2019 etin
880 1998 944 2019 me-

209 2038 408 2080 tropolitana
440 2039 575 2071 ecclesia
600 2039 730 2071 Limana
766 2040 943 2082 repositum

210 2091 289 2130 suit,
315 2101 386 2123 curn
416 2091 563 2134 spiritum
588 2091 731 2124 Creatori
765 2093 945 2125 reddiderit

211 2143 264 2176 die
287 2154 364 2176 xxm
389 2143 505 2183 martii,
523 2154 603 2186 quae
629 2144 717 2176 seriis
742 2145 945 2187 quadragesi-

210 2206 282 2228 mae
300 2197 348 2229 vel
370 2196 458 2228 sestis
478 2197 683 2238 paschalibus
702 2197 855 2240 impedita
874 2209 944 2230 ese

210 2249 308 2280 solet.
324 2248 410 2280 Haec
425 2254 541 2287 autem,
556 2248 708 2281 videlicet
721 2250 944 2283 recitationem

210 2300 309 2332 *officii
324 2306 356 2333 et
368 2300 483 2333 missae
501 2302 763 2342 celebrationem,
782 2302 851 2335 fieri
871 2314 946 2335 con-

210 2351 361 2386 cedimus
379 2353 412 2385 in
437 2353 515 2386 loeis
539 2354 702 2386 dumtaxat
721 2355 944 2398 infrascriptis,

211 2413 329 2448 nempe
362 2406 395 2438 in
428 2406 556 2439 civitate
581 2411 612 2438 et
637 2406 778 2440 dioecesi
802 2408 944 2448 Limana,

210 2458 267 2489 ubi
292 2457 382 2498 obiit,
408 2458 441 2491 in
471 2459 598 2491 civitate
623 2459 802 2498 Maioricae,
827 2461 859 2492 iu
885 2472 948 2503 qua

212 2516 306 2542 natus
330 2516 389 2551 est,
416 2517 448 2543 et
470 2511 503 2544 in
528 2512 665 2554 collegio
691 2511 842 2545 Ovetensi
867 2523 948 2545 nun-

212 2568 327 2604 cupato
344 2563 562 2596 universitatis
580 2564 679 2596 studii
705 2565 865 2606 generalis
881 2565 947 2597 Sal-

212 2614 431 2656 manucensis,
449 2615 481 2648 in
502 2626 565 2659 quo
590 2616 740 2649 humanis
765 2616 944 2660 divinisque

1610 238 1668 272 Λ191

981 300 1249 332 litterisimbutus
1269 298 1335 338 suit,
1355 304 1397 333 et,
1417 302 1571 340 quantum
1589 298 1628 330 ad
1646 297 1714 329 niis-

981 364 1030 384 sas
1055 353 1180 391 attinet,
1198 352 1293 384 etiam
1319 362 1336 384 a
1353 351 1574 383 sacerdotibus
1599 350 1716 382 conssu-

982 405 1120 437 entibus.
1139 403 1323 447 Propterca¹
1338 405 1442 447 primo
1457 404 1715 436 dumtaxatanno

981 467 997 488 a
1015 457 1096 507 (latis
1114 457 1203 489 hisce
1224 457 1349 496 litteris,
1369 462 1399 489 et
1421 457 1525 499 quoad
1544 456 1657 493 lndias,
1680 455 1717 487 a‘²

983 509 1043 547 die,
1054 520 1115 552 quo
1130 510 1261 541 eaedem
1276 510 1400 542 litterae
1412 508 1715 551 illucpcrvenerint‚

982 562 1175 598 inchoando,
1188 562 1218 593 in
1236 562 1382 594 ecclesiis
1400 562 1561 594 civitatum
1581 568 1611 594 et
1632 561 1717 594 dioe-

982 614 1061 646 cesis
1089 625 1124 645 ac
1149 615 1277 656 collegii
1304 614 1520 656 praefatorum
1539 615 1716 656 respective

983 666 1140 698 solemnia
1176 666 1420 699 beatificationis
1454 666 1597 699 eiusdem
1634 668 1717 699 servi

982 719 1050 757 Dei,
1076 730 1147 751 curn
1171 719 1275 752 officio
1301 725 1331 751 ct
1362 720 1459 751 missa
1488 720 1546 751 sub
1572 721 1635 752 ritu
1661 721 1718 753 du-

983 771 1057 813 plici
1084 771 1211 810 maiori,
1234 771 1284 804 (lie
1311 772 1348 803 ab
1374 771 1550 804 Ordinariis
1575 773 1717 805 locorum

984 824 1158 866 respective
1185 824 1366 862 constituta,
1391 829 1421 856 et
1446 824 1529 856 iutra
1558 835 1611 856 sex
1629 836 1718 857 men-

984 887 1034 909 ses
1048 877 1290 919 promulganda,
1302 882 1472 919 postquam
1484 882 1589 909 tamen
1606 878 1718 910 eadem

985 930 1143 962 solemnia
1167 929 1199 961 in
1216 929 1348 961 basilica
1366 929 1523 972 Principis
1548 931 1719 973 Apostolo-

984 993 1053 1014 rum
1079 983 1117 1015 de
1144 982 1227 1014 [rbe
1253 983 1417 1015 celebrata
1441 983 1571 1023 suerint,
1597 984 1719 1026 pariter

985 1035 1172 1068 celebrandi
1197 1035 1330 1067 facimus
1356 1040 1562 1078 potestatem.

1029 1090 1043 1132 ἓ
1068 1089 1099 1121 3.
1119 1089 1187 1121 Non
1213 1088 1414 1120 obstantibus
1435 1089 1719 1122 constitutionibus
1756 1095 1876 1117 muffulae.

986 1147 1017 1174 et
1041 1141 1298 1174 ordinationibus
1323 1141 1523 1184 apostolicis,
1548 1152 1584 1174 ac
1609 1143 1720 1175 decre-

986 1195 1024 1227 tis
1049 1195 1087 1227 de
1114 1204 1179 1227 non
1205 1196 1290 1227 cultu
1309 1194 1423 1233 editis;
1451 1194 1630 1238 ceterisque
1646 1206 1721 1228 con-

986 1247 1089 1279 trariis
1110 1247 1376 1289 quibuscumque.

1029 1300 1043 1341 ξ
1073 1299 1104 1331 lt.
1139 1300 1288 1332 Volumus
1322 1304 1426 1331 autem
1465 1305 1500 1331 ut
1533 1301 1719 1334 earumdem

986 1352 1206 1395 praesentium
1231 1352 1410 1384 litterarum
1431 1353 1650 1395 transumptis,
1666 1364 1722 1386 seu

986 1404 1154 1446 exen‘iplis,
1180 1403 1275 1436 etiam
1302 1404 1483 1446 impressis,
1502 1415 1598 1436 manu
1623 1416 1725 1438 secre-

988 1457 1056 1488 tarii
1083 1456 1266 1499 praedictae
1291 1455 1558 1497 Congrcgationis
1583 1458 1726 1498 cardina-

987 1510 1065 1542 lium
1090 1509 1295 1551 subscriptis,
1321 1514 1352 1541 et
1383 1509 1489 1551 sigillo
1515 1510 1668 1552 praefecti
1694 1521 1726 1542 e-

987 1563 1109 1594 iusdem
1134 1561 1401 1603 Congregationis
1426 1562 1583 1602 munitis,
1611 1563 1725 1595 eadem

987 1625 1119 1658 prorsus
1141 1614 1219 1646 tides
1241 1615 1279 1646 ab
1305 1614 1453 1646 omnibus
1472 1620 1504 1646 et
1521 1614 1641 1657 ubique
1662 1621 1724 1647 tam

987 1668 1019 1699 iu
1045 1667 1164 1699 iudicio
1198 1677 1291 1709 quam
1325 1672 1414 1699 extra
1438 1667 1518 1699 illud
1546 1667 1725 1706 habeatur,

988 1731 1067 1762 quae
1087 1720 1162 1761 ipsis
1180 1719 1409 1762 praesentibus
1436 1720 1614 1751 baberetur
1637 1719 1662 1752 si
1681 1721 1726 1752 t'o-

987 1779 1058 1804 rent
1083 1773 1245 1805 exhibitae
1272 1773 1321 1804 vel
1343 1778 1502 1805 ostensae.

1032 1826 1143 1857 Datum
1158 1826 1289 1863 Romae,
1302 1826 1386 1868 apud
1404 1825 1435 1858 S.
1450 1826 1587 1865 Petrum,
1603 1826 1663 1858 sub
1675 1836 1725 1857 an-

988 1880 1064 1911 nulo
1085 1878 1267 1916 l’iscatoris,
1280 1878 1332 1910 die
1350 1888 1445 1910 xxxin
1460 1878 1539 1909 iunii
1555 1888 1724 1917 unctum,

986 1931 1194 1974 pontificatus
1219 1931 1322 1963 nostri
1349 1941 1434 1962 anno
1461 1941 1508 1963 111.

1022 1992 1080 2019 lJal.
1104 1992 1147 2019 dic
1167 1993 1200 2019 28
1221 1993 1287 2018 iunii
1309 1992 1387 2025 1679,
1410 1992 1504 2027 pontif.
1527 1999 1598 2019 anuo
1618 1998 1656 2019 tlt.

1298 2195 1402 2227 LXIX.

988 2302 1181 2334 Declaratur
1204 2301 1405 2343 pioriucium
1431 2300 1462 2334 S.
1487 2301 1579 2333 Petri
1598 2301 1634 2333 cle
1658 2301 1722 2335 Al-

1032 2359 1166 2385 camara
1184 2355 1219 2385 in
1236 2364 1331 2395 refluo
1348 2354 1564 2396 Neapolitano
1580 2356 1725 2396 sralrttm

1033 2407 1199 2440 ,timorum
1224 2406 1499 2438 Discalceatorum
1524 2407 1594 2449 frui
1617 2406 1725 2439 tubere

1031 2460 1179 2491 omuibus
1196 2459 1323 2491 iuribus
1337 2463 1364 2491 el
1379 2459 1565 2502 privo'leyie's
1577 2459 1726 2493 aliarum.

1031 2512 1173 2544 eiusdem
1199 2511 1331 2545 Ordinis
1353 2513 1613 2554 provinciarum.

1026 2583 1033 2607 1
1057 2581 1152 2614 Aptius
1167 2581 1224 2614 lege
1241 2581 1398 2607 Praeterea
1418 2582 1454 2615 (n.
1471 2584 1520 2613 T.).

1023 2625 1040 2651 2
1056 2625 1204 2660 l‘racposit.
1222 2632 1238 2652 a
1254 2633 1302 2651 nos
1318 2625 1441 2652 addimus
1456 2626 1494 2660 (a.
1510 2627 1560 2661 r.)-

1720 250 1767 274 An.
1791 247 1818 274 C.
1840 246 1906 274 1572,

1771 1305 1833 1326 Fides
1859 1308 1914 1326 tran-

1732 1335 1868 1358 sumptorum.
