2111 3157
161 188 209 214 An.
224 187 254 214 C.
274 186 339 214 1688

177 1517 265 1544 Species
276 1517 334 1539 sacti.

386 178 449 211 786

350 236 521 278 exemplis,
545 235 640 268 etiam
671 233 851 277 impressis,
871 243 969 265 manu
991 232 1088 264 alicu-

349 289 400 322 ius
427 290 546 323 notarii
570 287 692 331 publici
713 287 913 330 subscriptis,
931 293 964 318 et
978 286 1086 328 sigillo

348 354 512 387 personae
539 343 572 374 in
597 341 814 374 ecclesiastica
831 341 989 383 dignitate
1012 350 1088 372 con-

349 396 478 428 stitutae
514 394 658 432 munitis,
695 394 807 426 eadem
838 402 973 435 prorsus
1006 392 1086 425 lidos

349 448 470 490 ubique
498 448 644 480 locorum
681 451 745 478 tam
775 446 807 478 in
840 445 959 478 iudicio
990 456 1084 488 quam

349 506 437 533 extra
468 499 548 532 illud
579 499 758 538 habeatur,
778 508 860 541 quae
884 498 965 542 ipsis
991 509 1084 540 prae-

348 553 493 586 sentibus
520 553 701 586 haberetur
725 552 751 585 si
780 552 887 585 forent
918 551 1084 584 exhibitae

346 607 395 639 vel
413 611 577 639 ostensae.

391 659 504 691 Datum
534 659 666 699 Romae,
703 659 790 702 apud
815 659 846 692 S.
865 658 996 691 Mariam
1020 658 1084 691 Ma-

345 712 460 751 iorem,
486 712 545 745 sub
569 713 690 745 annulo
718 712 904 753 piscatoris,
927 711 979 744 die
1000 722 1083 745 xxvu

345 764 481 797 ianuarii
503 774 716 804 nncrxxxviu,
743 763 952 807 pontificatus
978 764 1082 797 nostri

346 829 432 851 anno
457 828 514 851 x11.

381 879 439 907 Dat.
456 879 499 908 die
514 880 546 907 27
564 879 677 910 ianuarii
698 879 774 914 1688,
791 880 888 914 pontif.
905 888 977 907 anno
997 886 1045 907 xit.

653 1021 779 1055 CXCIV.

347 1103 568 1144 Confirmatur
610 1101 771 1134 decretum
816 1103 1083 1145 Conqregyatione's

388 1156 609 1198 episcoporum
626 1159 654 1187 el
671 1154 879 1197 reqularium
900 1165 996 1197 super
1013 1165 1082 1187 eare-

388 1209 516 1241 cutione
533 1208 802 1240 constitutiomcm
826 1209 927 1240 Tertia?
949 1207 1083 1241 Ordinis

387 1261 493 1293 sancti
514 1261 686 1292 Francz'sci
710 1261 818 1303 quoad
841 1262 959 1303 fratres
984 1261 1083 1293 laicos

388 1318 416 1346 el
440 1313 559 1346 oblatos
581 1314 767 1356 provinciae
790 1314 952 1346 Frzmciae
974 1312 995 1346 ¹.

535 1392 729 1419 Innocentius
750 1393 830 1426 Papa
849 1393 896 1426 xl,

481 1439 515 1463 ad
539 1437 671 1463 futuram
694 1437 740 1463 rei
761 1438 943 1464 memoriam.

390 1508 453 1552 fil.
475 1508 570 1547 Alias,
589 1518 648 1550 pro
667 1514 756 1550 parte
783 1508 891 1541 dilecti
909 1507 965 1540 filii
980 1508 1084 1541 Bene-

347 1560 432 1600 dicti,
449 1560 649 1599 Parisiensis,
660 1561 880 1602 procuratoris
896 1561 1082 1603 provinciae

346 1613 501 1647 Franciae
527 1612 624 1645 Tertii
642 1612 770 1645 Ordinis
790 1614 892 1646 sancti
911 1613 1083 1654 Francisci,

347 1667 441 1699 nobis
467 1666 620 1709 exposito,
648 1667 734 1709 quod
768 1667 954 1709 superiores
981 1668 1083 1701 dictae

347 1719 535 1762 provinciae
566 1730 582 1751 a
616 1719 765 1762 pluribus
799 1721 893 1752 annis
928 1720 967 1753 ad
1002 1721 1084 1753 hanc

347 1778 492 1805 sanctam
512 1772 627 1805 Sedem
642 1783 806 1805 recursum
823 1773 943 1815 pluries
960 1774 1083 1806 habue-

346 1831 422 1858 runt
447 1836 506 1868 pro
531 1825 618 1858 bono
644 1826 803 1868 regimine
830 1830 861 1857 et
894 1827 1083 1870 receptione

347 1878 482 1910 fratrum
509 1883 570 1910 tan]
597 1877 751 1910 laicorum
781 1889 875 1920 quam
901 1878 1084 1911 oblatorum

347 1941 401 1962 seu
430 1929 627 1963 serventium
657 1930 731 1962 dieti
756 1929 886 1963 Ordinis
912 1930 945 1963 in
970 1932 1083 1964 eadem

346 1983 519 2026 provincia,
540 1988 571 2015 et
588 1984 699 2025 plures
717 1993 816 2026 super
834 1983 1018 2017 huiusmodi
1034 1995 1085 2016 ne—

348 2036 435 2078 gotio
454 2036 580 2069 litterae
599 2036 795 2078 apostolicae
813 2036 845 2068 in
864 2036 961 2069 simili
986 2037 1086 2070 forma

348 2088 458 2121 Brevis
485 2088 655 2132 expeditae
681 2094 885 2129 emanarunt,
910 2100 1018 2123 veram
1043 2098 1087 2123 ta-

347 2152 420 2174 men
447 2142 562 2174 exinde
588 2151 698 2183 pacem
725 2147 756 2173 et
785 2142 968 2183 religiosam
1000 2148 1087 2175 tran-

349 2194 539 2236 quillitatem
565 2194 650 2226 inter
676 2199 830 2237 utrosque
855 2195 970 2227 fratres
995 2206 1086 2238 prae-

350 2248 431 2279 fatos
469 2247 575 2279 adhuc
611 2247 767 2290 consequi
804 2258 871 2281 non
902 2248 1084 2288 valuerunt,

351 2299 612 2343 quandoquidem
660 2310 697 2332 ex
738 2301 927 2333 eorumdem
952 2301 1085 2333 fratrum

350 2352 508 2385 laieorum
533 2358 565 2385 et
588 2353 771 2386 oblatorum
809 2352 990 2387 differentia
1018 2354 1086 2396 (alii

401 2442 410 2466 1
433 2441 466 2467 lle
483 2441 585 2467 Oblatis
600 2441 660 2467 vide
676 2442 813 2468 constitut.
830 2442 872 2469 ed.
889 2448 1029 2475 mocrxxxl,
1046 2442 1088 2469 die

352 2485 383 2511 27
402 2486 517 2517 augusti,
535 2485 624 2518 pontif⁴
644 2492 668 2510 v.
694 2485 769 2511 Aliud
788 2494 850 2512 vero
867 2486 1005 2512 decretum
1027 2495 1087 2512 cou-

351 2529 516 2563 gregatiouis
537 2530 705 2561 parlirularis
733 2533 805 2555 extat
831 2530 888 2556 Inn.
911 2531 957 2556 ΧΙΙ
980 2529 1087 2557 constit.

352 2572 395 2600 ed.
419 2579 544 2605 nocxcm,
562 2572 603 2599 die
624 2577 651 2599 ia
667 2574 795 2606 octobris,
812 2574 905 2609 pontif.
920 2581 958 2601 ιιι.

928 185 1105 208 Bt'LLxrut‘M
1130 183 1281 208 ROMRNL'M

1130 231 1250 264 etenim
1274 232 1414 276 pileum,
1440 231 1495 265 alii
1519 242 1596 265 vero
1621 232 1784 275 caputium
1810 232 1866 265 de-

1129 285 1249 328 ferunt)
1267 285 1423 319 continua
1439 286 1539 319 ferme
1558 285 1690 318 dissidia
1706 286 1791 319 inter
1807 296 1863 320 eos

1129 339 1340 379 exoriuntur,
1366 339 1507 382 indeque
1526 366 1533 379 ,
1562 339 1695 373 humani
1735 340 1864 381 generis

1128 392 1258 425 inimico
1283 391 1439 425 scissuras
1464 391 1646 425 huiusmodi
1672 403 1864 435 promoven-

1127 450 1167 482 te,
1189 456 1262 478 cum
1287 445 1404 478 minori
1429 447 1498 479 zelo
1523 445 1678 478 exhibent
1697 446 1863 480 Altissimo

1127 498 1340 539 famulatuum
1377 504 1409 532 et
1442 499 1476 531 in
1512 499 1625 532 eadem
1661 500 1863 543 expositione

1126 551 1301 584 subiuncto
1322 552 1408 594 quod
1433 552 1471 584 ad
1490 552 1749 594 perturbationes
1773 563 1865 596 prae-

1126 604 1204 637 fatas
1229 604 1463 648 praecidendas
1488 605 1520 637 in
1544 611 1712 648 postremo
1737 605 1865 648 provin-

1127 657 1198 690 ciali
1224 658 1365 700 capitulo
1392 658 1496 691 dictae
1521 658 1704 701 provinciae
1722 658 1773 691 die
1794 669 1864 692 xxix

1126 711 1200 743 maii
1222 721 1399 745 nnchxxri
1421 711 1586 744 celebrato
1611 712 1776 745 decretum
1796 712 1864 753 fuit,

1126 765 1222 808 idque
1249 765 1287 797 ab
1305 765 1455 797 omnibus
1472 765 1645 803 vocalibus,
1663 765 1793 799 nemine
1811 776 1863 799 re-

1125 818 1277 857 luctante,
1303 817 1537 860 subsignatum,
1576 818 1695 851 iterum
1730 819 1770 851 ad
1803 829 1863 851 nos

1125 882 1306 911 ¹‘ecurrere,
1322 877 1480 914 quatenus
1495 872 1527 904 in
1543 877 1709 914 posterum
1726 871 1759 905 in
1773 882 1865 915 prae-

1125 925 1186 958 fata
1216 925 1379 968 provincia
1409 925 1659 958 constitutiones
1692 931 1723 958 et
1747 930 1865 958 statuta

1126 978 1209 1011 eirca
1227 979 1340 1011 fratres
1356 978 1465 1016 laicos,
1483 984 1545 1010 tarn
1563 983 1751 1020 praesentes
1770 988 1865 1021 quam

1127 1031 1260 1071 futuros,
1287 1031 1392 1074 quoad
1426 1040 1537 1063 eorum
1571 1031 1641 1063 iura
1672 1031 1782 1064 stricte
1808 1031 1865 1064 ob-

1125 1085 1256 1124 servari,
1284 1090 1316 1117 et
1341 1084 1457 1117 fratres
1482 1084 1617 1125 oblatos,
1644 1084 1697 1127 qui
1722 1095 1808 1117 nunc
1833 1084 1864 1117 in

1126 1138 1237 1170 eaden]
1262 1136 1430 1180 provincia
1454 1136 1602 1175 existunt,
1620 1137 1659 1170 ad
1678 1142 1793 1170 statum
1812 1137 1866 1170 lai-

1126 1191 1228 1222 calem
1254 1189 1381 1229 assumi,
1408 1199 1480 1221 cum
1505 1189 1676 1232 privilegio
1701 1189 1865 1232 gaudendi

1126 1243 1247 1275 iuribus
1280 1243 1414 1275 fratrum
1447 1242 1622 1280 laieorum,
1648 1243 1745 1276 modo
1772 1253 1851 1286 quar

1127 1303 1190 1329 tum
1212 1296 1425 1339 professionis
1444 1305 1563 1327 annum
1581 1295 1759 1338 attigerint,
1781 1301 1815 1328 ut
1832 1296 1864 1329 in

1126 1350 1241 1382 iisdem
1260 1349 1386 1381 statutis
1405 1349 1598 1391 praefertur,
1614 1349 1864 1390 mandaremus;

1127 1408 1159 1435 et
1185 1407 1360 1445 propterea
1385 1400 1480 1432 nobis
1506 1400 1674 1433 humiliter
1701 1401 1865 1444 supplica-

1127 1460 1169 1494 to,
1190 1459 1232 1494 ut,
1248 1454 1287 1486 ad
1308 1457 1533 1496 praenarratas
1550 1454 1790 1486 controversias
1809 1455 1867 1488 tol-

1127 1508 1263 1547 lendas,
1302 1516 1386 1549 quae
1419 1515 1536 1538 novum
1571 1506 1678 1539 adhuc
1713 1511 1866 1549 paternae

1127 1560 1294 1593 charitatis
1319 1564 1351 1592 et
1376 1558 1568 1601 prudentiae
1593 1564 1722 1592 nostrae
1743 1559 1868 1602 praesi-

1127 1614 1213 1646 dium
1240 1616 1431 1656 exposcunt‚
1457 1612 1621 1654 praefatae
1640 1612 1773 1655 capituli
1792 1623 1867 1655 pro-

1126 1665 1272 1699 vincialis
1296 1664 1446 1708 petitioni
1471 1674 1614 1696 annuere
1641 1664 1864 1707 dignaremur:

1127 1730 1194 1758 nos,
1222 1718 1401 1762 supplicem
1435 1717 1584 1749 libellum
1610 1717 1797 1750 huiusmodi
1827 1718 1866 1751 ad

1127 1770 1417 1814 Congregationem
1450 1769 1686 1802 venerabilium
1730 1770 1866 1803 fratrum

1128 1831 1310 1859 nostrorum
1334 1824 1363 1856 S.
1385 1822 1421 1855 R.
1438 1822 1472 1855 E.
1493 1822 1705 1856 cardinalium
1726 1823 1866 1866 negotiis

1128 1885 1159 1911 ct
1183 1875 1476 1911 consultationibus
1502 1875 1728 1918 episcoporum
1760 1882 1791 1908 et
1817 1887 1867 1909 re-

1128 1931 1288 1974 gularium
1324 1929 1588 1972 praepositorum
1624 1929 1819 1970 remisimus,
1849 1941 1868 1964 a

1128 1997 1189 2029 qua
1215 1983 1376 2018 emanavit
1400 1983 1567 2014 decretum
1593 1982 1723 2021 tenoris
1744 1983 1796 2026 qui
1823 1994 1868 2017 se-

1128 2038 1255 2081 quitur,
1278 2035 1457 2068 videlicet:
1497 2047 1509 2065 α
1534 2035 1632 2067 Sacra
1656 2036 1867 2077 congregatio

1129 2089 1456 2123 eminentissimorum
1482 2087 1513 2120 S.
1533 2087 1570 2120 R.
1590 2087 1623 2120 E.
1654 2087 1867 2122 cardinalium

1128 2143 1269 2185 negotiis
1287 2147 1316 2174 et
1333 2141 1627 2174 consultationibus
1640 2141 1867 2184 episcoporum

1129 2202 1161 2229 et
1178 2195 1375 2238 regularium
1394 2194 1591 2237 praeposita,
1609 2197 1731 2226 attenta
1756 2194 1868 2227 remis-

1129 2249 1220 2281 sione
1238 2245 1354 2290 sigilli*
1377 2257 1434 2290 per
1451 2246 1503 2279 SS.
1521 2247 1556 2279 D.
1576 2246 1611 2278 N.
1632 2246 1724 2285 faeta,
1742 2247 1869 2280 censuit

1129 2301 1212 2334 circa
1238 2299 1416 2344 praemissa
1440 2299 1597 2332 servanda
1623 2309 1692 2331 esse
1710 2300 1868 2342 praedicti

1129 2354 1258 2388 Ordinis
1294 2354 1552 2387 constitutiones.
1589 2353 1719 2391 Romae,
1750 2363 1786 2386 xv
1810 2363 1869 2386 no-

1130 2408 1270 2440 vembris
1295 2418 1484 2441 nncrxxxvi.
1500 2426 1543 2430 —
1556 2406 1579 2439 Ι.
1597 2405 1771 2439 cardinalis
1790 2406 1868 2439 CAR-

1132 2471 1252 2494 rmuus.
1279 2461 1363 2494 Loco
1393 2461 1418 2503 ἦ*
1452 2460 1563 2503 sigilli.
1594 2460 1629 2493 Β.
1660 2460 1870 2493 ΡΑΝΟΙΛΤιῦυὸ

1131 2513 1324 2546 secretarius
1350 2526 1380 2545 ιι.

1169 2577 1177 2601 1
1203 2574 1302 2601 Forsan
1323 2574 1414 2602 libelli
1432 2574 1527 2609 (n.·t·.).

1871 183 1926 211 An.
1942 182 1971 211 G.
1987 183 2054 212 ¹688
