<?xml version="1.0" encoding="UTF-8"?>
<!DOCTYPE html PUBLIC "-//W3C//DTD XHTML 1.0 Transitional//EN"
    "http://www.w3.org/TR/xhtml1/DTD/xhtml1-transitional.dtd">
<html xmlns="http://www.w3.org/1999/xhtml" xml:lang="en" lang="en">
 <head>
  <title>
</title>
<meta http-equiv="Content-Type" content="text/html;charset=utf-8" />
  <meta name='ocr-system' content='tesseract 3.04.00' />
  <meta name='ocr-capabilities' content='ocr_page ocr_carea ocr_par ocr_line ocrx_word'/>
</head>
<body>
  <div class='ocr_page' id='page_1' title='image "./bullarumdiplomat19cath_0546.png"; bbox 0 0 2111 3157; ppageno 0'>
   <div class='ocr_carea' id='block_1_1' title="bbox 141 170 1087 2605">
    <p class='ocr_par' dir='ltr' id='par_1_1' title="bbox 157 170 1087 1434">
     <span class='ocr_line' id='line_1_1' title="bbox 157 170 456 205; baseline 0 -3"><span class='ocrx_word' id='word_1_1' title='bbox 157 174 207 203; x_wconf 76' lang='lat' dir='ltr'>An.</span> <span class='ocrx_word' id='word_1_2' title='bbox 229 177 258 204; x_wconf 85' lang='lat' dir='ltr'>c.</span> <span class='ocrx_word' id='word_1_3' title='bbox 279 177 345 205; x_wconf 74' lang='lat'><strong>1583</strong></span> <span class='ocrx_word' id='word_1_4' title='bbox 392 170 456 203; x_wconf 35' lang='lat'>5¹12</span> 
     </span>
     <span class='ocr_line' id='line_1_2' title="bbox 348 225 1087 270; baseline 0 -10"><span class='ocrx_word' id='word_1_5' title='bbox 348 227 543 260; x_wconf 85' lang='lat' dir='ltr'>solutionem</span> <span class='ocrx_word' id='word_1_6' title='bbox 562 238 621 270; x_wconf 84' lang='lat' dir='ltr'>pro</span> <span class='ocrx_word' id='word_1_7' title='bbox 641 228 707 260; x_wconf 82' lang='lat' dir='ltr'>rata</span> <span class='ocrx_word' id='word_1_8' title='bbox 724 236 798 260; x_wconf 86' lang='lat' dir='ltr'>suae</span> <span class='ocrx_word' id='word_1_9' title='bbox 816 225 990 260; x_wconf 83' lang='lat' dir='ltr'>cuiuslibet</span> <span class='ocrx_word' id='word_1_10' title='bbox 1005 235 1087 270; x_wconf 89' lang='lat' dir='ltr'>pen-</span> 
     </span>
     <span class='ocr_line' id='line_1_3' title="bbox 349 280 1086 324; baseline 0.003 -12"><span class='ocrx_word' id='word_1_11' title='bbox 349 280 458 321; x_wconf 79' lang='lat' dir='ltr'>sionis,</span> <span class='ocrx_word' id='word_1_12' title='bbox 477 281 623 324; x_wconf 86' lang='lat' dir='ltr'>praefato</span> <span class='ocrx_word' id='word_1_13' title='bbox 645 280 869 324; x_wconf 86' lang='lat' dir='ltr'>quinquennio</span> <span class='ocrx_word' id='word_1_14' title='bbox 886 280 1033 322; x_wconf 83' lang='lat' dir='ltr'>durante,</span> <span class='ocrx_word' id='word_1_15' title='bbox 1050 291 1086 314; x_wconf 88' lang='lat' dir='ltr'>ac</span> 
     </span>
     <span class='ocr_line' id='line_1_4' title="bbox 348 332 1085 376; baseline 0.001 -11"><span class='ocrx_word' id='word_1_16' title='bbox 348 343 406 376; x_wconf 86' lang='lat' dir='ltr'>per</span> <span class='ocrx_word' id='word_1_17' title='bbox 432 342 498 372; x_wconf 86' lang='lat' dir='ltr'>eos,</span> <span class='ocrx_word' id='word_1_18' title='bbox 515 332 554 364; x_wconf 93' lang='lat' dir='ltr'>ad</span> <span class='ocrx_word' id='word_1_19' title='bbox 573 342 655 375; x_wconf 89' lang='lat' dir='ltr'>quos</span> <span class='ocrx_word' id='word_1_20' title='bbox 672 337 798 375; x_wconf 88' lang='lat' dir='ltr'>spectat</span> <span class='ocrx_word' id='word_1_21' title='bbox 814 337 844 365; x_wconf 91' lang='lat' dir='ltr'>et</span> <span class='ocrx_word' id='word_1_22' title='bbox 860 342 920 376; x_wconf 89' lang='lat' dir='ltr'>pro</span> <span class='ocrx_word' id='word_1_23' title='bbox 937 337 1085 376; x_wconf 88' lang='lat' dir='ltr'>tempore</span> 
     </span>
     <span class='ocr_line' id='line_1_5' title="bbox 349 384 1086 428; baseline 0.004 -12"><span class='ocrx_word' id='word_1_24' title='bbox 349 384 516 428; x_wconf 80' lang='lat' dir='ltr'>spectabit,</span> <span class='ocrx_word' id='word_1_25' title='bbox 536 384 609 427; x_wconf 83' lang='lat' dir='ltr'>cogi</span> <span class='ocrx_word' id='word_1_26' title='bbox 626 389 658 417; x_wconf 91' lang='lat' dir='ltr'>et</span> <span class='ocrx_word' id='word_1_27' title='bbox 678 385 830 428; x_wconf 90' lang='lat' dir='ltr'>compelli</span> <span class='ocrx_word' id='word_1_28' title='bbox 848 395 943 428; x_wconf 86' lang='lat' dir='ltr'>posse</span> <span class='ocrx_word' id='word_1_29' title='bbox 961 396 1019 418; x_wconf 89' lang='lat' dir='ltr'>seu</span> <span class='ocrx_word' id='word_1_30' title='bbox 1036 385 1086 419; x_wconf 93' lang='lat' dir='ltr'>de-</span> 
     </span>
     <span class='ocr_line' id='line_1_6' title="bbox 348 437 1084 482; baseline 0.003 -13"><span class='ocrx_word' id='word_1_31' title='bbox 348 437 440 470; x_wconf 88' lang='lat' dir='ltr'>bere.</span> <span class='ocrx_word' id='word_1_32' title='bbox 459 437 578 470; x_wconf 84' lang='lat' dir='ltr'>Omnes</span> <span class='ocrx_word' id='word_1_33' title='bbox 604 447 680 470; x_wconf 90' lang='lat' dir='ltr'>vero</span> <span class='ocrx_word' id='word_1_34' title='bbox 705 437 925 472; x_wconf 88' lang='lat' dir='ltr'>confessiones</span> <span class='ocrx_word' id='word_1_35' title='bbox 947 444 978 471; x_wconf 92' lang='lat' dir='ltr'>et</span> <span class='ocrx_word' id='word_1_36' title='bbox 995 439 1084 482; x_wconf 88' lang='lat' dir='ltr'>quie-</span> 
     </span>
     <span class='ocr_line' id='line_1_7' title="bbox 349 489 1084 535; baseline 0.005 -14"><span class='ocrx_word' id='word_1_37' title='bbox 349 489 465 522; x_wconf 86' lang='lat' dir='ltr'>tantias</span> <span class='ocrx_word' id='word_1_38' title='bbox 492 490 690 533; x_wconf 75' lang='lat' dir='ltr'>receptionis</span> <span class='ocrx_word' id='word_1_39' title='bbox 716 490 914 524; x_wconf 86' lang='lat' dir='ltr'>decimarum</span> <span class='ocrx_word' id='word_1_40' title='bbox 931 502 948 524; x_wconf 87' lang='lat' dir='ltr'>a</span> <span class='ocrx_word' id='word_1_41' title='bbox 966 502 1084 535; x_wconf 88' lang='lat' dir='ltr'>procu-</span> 
     </span>
     <span class='ocr_line' id='line_1_8' title="bbox 347 542 1084 588; baseline 0.005 -14"><span class='ocrx_word' id='word_1_42' title='bbox 347 542 512 575; x_wconf 88' lang='lat' dir='ltr'>ratoribus</span> <span class='ocrx_word' id='word_1_43' title='bbox 539 547 571 575; x_wconf 92' lang='lat' dir='ltr'>et</span> <span class='ocrx_word' id='word_1_44' title='bbox 594 543 750 577; x_wconf 81' lang='lat' dir='ltr'>ministris</span> <span class='ocrx_word' id='word_1_45' title='bbox 778 543 930 577; x_wconf 77' lang='lat' dir='ltr'>Gamerae</span> <span class='ocrx_word' id='word_1_46' title='bbox 955 545 1084 588; x_wconf 88' lang='lat' dir='ltr'>praedi-</span> 
     </span>
     <span class='ocr_line' id='line_1_9' title="bbox 346 596 1084 637; baseline 0.003 -9"><span class='ocrx_word' id='word_1_47' title='bbox 346 600 415 628; x_wconf 88' lang='lat' dir='ltr'>ctae</span> <span class='ocrx_word' id='word_1_48' title='bbox 451 600 515 628; x_wconf 90' lang='lat' dir='ltr'>tam</span> <span class='ocrx_word' id='word_1_49' title='bbox 547 596 822 637; x_wconf 76' lang='lat' dir='ltr'>conductoribus,</span> <span class='ocrx_word' id='word_1_50' title='bbox 848 597 1028 630; x_wconf 79' lang='lat' dir='ltr'>censuariis</span> <span class='ocrx_word' id='word_1_51' title='bbox 1052 602 1084 630; x_wconf 93' lang='lat' dir='ltr'>et</span> 
     </span>
     <span class='ocr_line' id='line_1_10' title="bbox 345 648 1081 694; baseline 0.003 -13"><span class='ocrx_word' id='word_1_52' title='bbox 345 648 534 682; x_wconf 84' lang='lat' dir='ltr'>affictuariis</span> <span class='ocrx_word' id='word_1_53' title='bbox 552 648 683 683; x_wconf 89' lang='lat' dir='ltr'>nomine</span> <span class='ocrx_word' id='word_1_54' title='bbox 697 660 828 683; x_wconf 89' lang='lat' dir='ltr'>suorum</span> <span class='ocrx_word' id='word_1_55' title='bbox 845 650 1081 694; x_wconf 85' lang='lat' dir='ltr'>principalium,</span> 
     </span>
     <span class='ocr_line' id='line_1_11' title="bbox 345 703 1081 747; baseline 0.001 -12"><span class='ocrx_word' id='word_1_56' title='bbox 345 713 440 746; x_wconf 87' lang='lat' dir='ltr'>quam</span> <span class='ocrx_word' id='word_1_57' title='bbox 458 703 556 736; x_wconf 86' lang='lat' dir='ltr'>etiam</span> <span class='ocrx_word' id='word_1_58' title='bbox 573 703 662 747; x_wconf 90' lang='lat' dir='ltr'>ipsis,</span> <span class='ocrx_word' id='word_1_59' title='bbox 679 714 805 737; x_wconf 83' lang='lat' dir='ltr'>necnon</span> <span class='ocrx_word' id='word_1_60' title='bbox 826 703 1081 747; x_wconf 89' lang='lat' dir='ltr'>possessoribus,</span> 
     </span>
     <span class='ocr_line' id='line_1_12' title="bbox 344 755 1083 800; baseline 0.004 -13"><span class='ocrx_word' id='word_1_61' title='bbox 344 755 590 789; x_wconf 88' lang='lat' dir='ltr'>usufructuariis</span> <span class='ocrx_word' id='word_1_62' title='bbox 608 762 639 790; x_wconf 91' lang='lat' dir='ltr'>et</span> <span class='ocrx_word' id='word_1_63' title='bbox 658 757 728 790; x_wconf 85' lang='lat' dir='ltr'>aliis</span> <span class='ocrx_word' id='word_1_64' title='bbox 750 757 923 800; x_wconf 85' lang='lat' dir='ltr'>pensiones</span> <span class='ocrx_word' id='word_1_65' title='bbox 940 767 999 790; x_wconf 87' lang='lat' dir='ltr'>seu</span> <span class='ocrx_word' id='word_1_66' title='bbox 1019 757 1083 790; x_wconf 92' lang='lat' dir='ltr'>fru-</span> 
     </span>
     <span class='ocr_line' id='line_1_13' title="bbox 343 809 1081 853; baseline 0.004 -13"><span class='ocrx_word' id='word_1_67' title='bbox 343 814 411 841; x_wconf 86' lang='lat' dir='ltr'>ctus</span> <span class='ocrx_word' id='word_1_68' title='bbox 446 809 573 843; x_wconf 91' lang='lat' dir='ltr'>solvere</span> <span class='ocrx_word' id='word_1_69' title='bbox 606 809 800 843; x_wconf 88' lang='lat' dir='ltr'>debentibus</span> <span class='ocrx_word' id='word_1_70' title='bbox 838 809 971 843; x_wconf 87' lang='lat' dir='ltr'>nomine</span> <span class='ocrx_word' id='word_1_71' title='bbox 1001 821 1081 853; x_wconf 91' lang='lat' dir='ltr'>pen-</span> 
     </span>
     <span class='ocr_line' id='line_1_14' title="bbox 342 862 1078 907; baseline 0.001 -12"><span class='ocrx_word' id='word_1_72' title='bbox 342 862 561 896; x_wconf 88' lang='lat' dir='ltr'>sionariorum</span> <span class='ocrx_word' id='word_1_73' title='bbox 588 863 768 904; x_wconf 86' lang='lat' dir='ltr'>faciendas,</span> <span class='ocrx_word' id='word_1_74' title='bbox 793 863 929 907; x_wconf 83' lang='lat' dir='ltr'>perinde</span> <span class='ocrx_word' id='word_1_75' title='bbox 954 864 1078 904; x_wconf 88' lang='lat' dir='ltr'>valere,</span> 
     </span>
     <span class='ocr_line' id='line_1_15' title="bbox 342 916 1079 961; baseline 0.003 -12"><span class='ocrx_word' id='word_1_76' title='bbox 342 921 439 960; x_wconf 87' lang='lat' dir='ltr'>atque</span> <span class='ocrx_word' id='word_1_77' title='bbox 465 916 496 949; x_wconf 89' lang='lat' dir='ltr'>in</span> <span class='ocrx_word' id='word_1_78' title='bbox 522 916 643 950; x_wconf 88' lang='lat' dir='ltr'>iudicio</span> <span class='ocrx_word' id='word_1_79' title='bbox 676 923 708 950; x_wconf 92' lang='lat' dir='ltr'>et</span> <span class='ocrx_word' id='word_1_80' title='bbox 738 922 828 950; x_wconf 84' lang='lat' dir='ltr'>extra</span> <span class='ocrx_word' id='word_1_81' title='bbox 851 917 933 951; x_wconf 88' lang='lat' dir='ltr'>illud</span> <span class='ocrx_word' id='word_1_82' title='bbox 958 917 1079 961; x_wconf 86' lang='lat' dir='ltr'>ubique</span> 
     </span>
     <span class='ocr_line' id='line_1_16' title="bbox 340 968 1079 1013; baseline 0.001 -11"><span class='ocrx_word' id='word_1_83' title='bbox 340 969 490 1002; x_wconf 87' lang='lat' dir='ltr'>locorum</span> <span class='ocrx_word' id='word_1_84' title='bbox 503 968 601 1002; x_wconf 84' lang='lat' dir='ltr'>fidem</span> <span class='ocrx_word' id='word_1_85' title='bbox 616 969 730 1009; x_wconf 85' lang='lat' dir='ltr'>facere,</span> <span class='ocrx_word' id='word_1_86' title='bbox 746 980 782 1002; x_wconf 87' lang='lat' dir='ltr'>ac</span> <span class='ocrx_word' id='word_1_87' title='bbox 795 970 822 1003; x_wconf 91' lang='lat' dir='ltr'>si</span> <span class='ocrx_word' id='word_1_88' title='bbox 837 969 984 1013; x_wconf 85' lang='lat' dir='ltr'>ipsismet</span> <span class='ocrx_word' id='word_1_89' title='bbox 994 970 1079 1013; x_wconf 91' lang='lat' dir='ltr'>prin-</span> 
     </span>
     <span class='ocr_line' id='line_1_17' title="bbox 341 1021 1076 1066; baseline 0.003 -12"><span class='ocrx_word' id='word_1_90' title='bbox 341 1021 499 1064; x_wconf 82' lang='lat' dir='ltr'>cipalibus</span> <span class='ocrx_word' id='word_1_91' title='bbox 531 1027 563 1054; x_wconf 87' lang='lat' dir='ltr'>et</span> <span class='ocrx_word' id='word_1_92' title='bbox 598 1022 817 1065; x_wconf 87' lang='lat' dir='ltr'>pensionariis</span> <span class='ocrx_word' id='word_1_93' title='bbox 849 1023 1076 1066; x_wconf 83' lang='lat' dir='ltr'>praesentibus</span> 
     </span>
     <span class='ocr_line' id='line_1_18' title="bbox 340 1074 1078 1109; baseline 0.004 -3"><span class='ocrx_word' id='word_1_94' title='bbox 340 1080 372 1107; x_wconf 89' lang='lat' dir='ltr'>et</span> <span class='ocrx_word' id='word_1_95' title='bbox 396 1074 597 1107; x_wconf 86' lang='lat' dir='ltr'>solventibus</span> <span class='ocrx_word' id='word_1_96' title='bbox 631 1075 730 1108; x_wconf 88' lang='lat' dir='ltr'>factae</span> <span class='ocrx_word' id='word_1_97' title='bbox 756 1080 788 1108; x_wconf 90' lang='lat' dir='ltr'>et</span> <span class='ocrx_word' id='word_1_98' title='bbox 811 1076 975 1109; x_wconf 81' lang='lat' dir='ltr'>exhibitae</span> <span class='ocrx_word' id='word_1_99' title='bbox 999 1076 1078 1109; x_wconf 84' lang='lat' dir='ltr'>fuis-</span> 
     </span>
     <span class='ocr_line' id='line_1_19' title="bbox 338 1127 1077 1172; baseline 0.004 -13"><span class='ocrx_word' id='word_1_100' title='bbox 338 1132 422 1160; x_wconf 87' lang='lat' dir='ltr'>sent.</span> <span class='ocrx_word' id='word_1_101' title='bbox 450 1127 669 1161; x_wconf 86' lang='lat' dir='ltr'>Conductores</span> <span class='ocrx_word' id='word_1_102' title='bbox 701 1134 829 1169; x_wconf 89' lang='lat' dir='ltr'>autem,</span> <span class='ocrx_word' id='word_1_103' title='bbox 855 1128 909 1172; x_wconf 86' lang='lat' dir='ltr'>qui</span> <span class='ocrx_word' id='word_1_104' title='bbox 934 1129 1077 1172; x_wconf 89' lang='lat' dir='ltr'>pretium</span> 
     </span>
     <span class='ocr_line' id='line_1_20' title="bbox 338 1180 1076 1225; baseline 0.001 -11"><span class='ocrx_word' id='word_1_105' title='bbox 338 1180 508 1214; x_wconf 77' lang='lat' dir='ltr'>locationis</span> <span class='ocrx_word' id='word_1_106' title='bbox 522 1180 810 1224; x_wconf 87' lang='lat' dir='ltr'>dominiilegitime</span> <span class='ocrx_word' id='word_1_107' title='bbox 819 1182 1076 1225; x_wconf 88' lang='lat' dir='ltr'>anticipaverint,</span> 
     </span>
     <span class='ocr_line' id='line_1_21' title="bbox 337 1233 1077 1278; baseline 0.003 -12"><span class='ocrx_word' id='word_1_108' title='bbox 337 1233 534 1266; x_wconf 78' lang='lat' dir='ltr'>locationem</span> <span class='ocrx_word' id='word_1_109' title='bbox 551 1244 640 1267; x_wconf 90' lang='lat' dir='ltr'>suam</span> <span class='ocrx_word' id='word_1_110' title='bbox 655 1234 852 1275; x_wconf 85' lang='lat' dir='ltr'>huiusmodi,</span> <span class='ocrx_word' id='word_1_111' title='bbox 865 1246 961 1278; x_wconf 89' lang='lat' dir='ltr'>quam</span> <span class='ocrx_word' id='word_1_112' title='bbox 971 1235 1077 1278; x_wconf 87' lang='lat' dir='ltr'>quoad</span> 
     </span>
     <span class='ocr_line' id='line_1_22' title="bbox 337 1287 1078 1331; baseline 0.004 -12"><span class='ocrx_word' id='word_1_113' title='bbox 337 1287 400 1320; x_wconf 92' lang='lat' dir='ltr'>hoc</span> <span class='ocrx_word' id='word_1_114' title='bbox 417 1296 650 1330; x_wconf 79' lang='lat' dir='ltr'>prorogamus,</span> <span class='ocrx_word' id='word_1_115' title='bbox 671 1297 773 1331; x_wconf 87' lang='lat' dir='ltr'>usque</span> <span class='ocrx_word' id='word_1_116' title='bbox 791 1288 830 1320; x_wconf 89' lang='lat' dir='ltr'>ad</span> <span class='ocrx_word' id='word_1_117' title='bbox 848 1288 1010 1331; x_wconf 86' lang='lat' dir='ltr'>integram</span> <span class='ocrx_word' id='word_1_118' title='bbox 1027 1299 1078 1322; x_wconf 86' lang='lat' dir='ltr'>sa-</span> 
     </span>
     <span class='ocr_line' id='line_1_23' title="bbox 337 1339 1077 1383; baseline 0.004 -11"><span class='ocrx_word' id='word_1_119' title='bbox 337 1339 566 1380; x_wconf 89' lang='lat' dir='ltr'>tisfactionem,</span> <span class='ocrx_word' id='word_1_120' title='bbox 583 1345 617 1372; x_wconf 87' lang='lat' dir='ltr'>nt</span> <span class='ocrx_word' id='word_1_121' title='bbox 638 1339 739 1383; x_wconf 91' lang='lat' dir='ltr'>prius,</span> <span class='ocrx_word' id='word_1_122' title='bbox 765 1340 860 1374; x_wconf 88' lang='lat' dir='ltr'>etiam</span> <span class='ocrx_word' id='word_1_123' title='bbox 885 1341 1077 1375; x_wconf 77' lang='lat' dir='ltr'>adveniente</span> 
     </span>
     <span class='ocr_line' id='line_1_24' title="bbox 337 1393 909 1434; baseline 0.002 -8"><span class='ocrx_word' id='word_1_124' title='bbox 337 1403 541 1434; x_wconf 83' lang='lat' dir='ltr'>successore,</span> <span class='ocrx_word' id='word_1_125' title='bbox 558 1393 752 1427; x_wconf 88' lang='lat' dir='ltr'>continuare</span> <span class='ocrx_word' id='word_1_126' title='bbox 777 1394 909 1428; x_wconf 87' lang='lat' dir='ltr'>debere.</span> 
     </span>
    </p>

    <p class='ocr_par' dir='ltr' id='par_1_2' title="bbox 170 1445 1077 1491">
     <span class='ocr_line' id='line_1_25' title="bbox 170 1445 1077 1491; baseline 0.011 -18"><span class='ocrx_word' id='word_1_127' title='bbox 170 1454 325 1491; x_wconf 46' lang='lat' dir='ltr'>cim-..ingui-</span> <span class='ocrx_word' id='word_1_128' title='bbox 380 1446 395 1489; x_wconf 62' lang='grc' dir='ltr'><strong>ξ</strong></span> <span class='ocrx_word' id='word_1_129' title='bbox 421 1445 452 1478; x_wconf 92' lang='lat'>7.</span> <span class='ocrx_word' id='word_1_130' title='bbox 479 1445 597 1489; x_wconf 89' lang='lat' dir='ltr'>Sicque</span> <span class='ocrx_word' id='word_1_131' title='bbox 621 1456 681 1490; x_wconf 89' lang='lat' dir='ltr'>per</span> <span class='ocrx_word' id='word_1_132' title='bbox 705 1457 928 1491; x_wconf 89' lang='lat' dir='ltr'>quoscumque</span> <span class='ocrx_word' id='word_1_133' title='bbox 954 1449 1077 1483; x_wconf 89' lang='lat' dir='ltr'>iudices</span> 
     </span>
    </p>

    <p class='ocr_par' dir='ltr' id='par_1_3' title="bbox 141 1480 1078 2118">
     <span class='ocr_line' id='line_1_26' title="bbox 141 1480 1078 1542; baseline 0.006 -13"><span class='ocrx_word' id='word_1_134' title='bbox 141 1480 522 1532; x_wconf 52' lang='lat' dir='ltr'>iiiiiiJiai&#39;nesffw&#39;ordinarios</span> <span class='ocrx_word' id='word_1_135' title='bbox 559 1504 590 1531; x_wconf 91' lang='lat' dir='ltr'>et</span> <span class='ocrx_word' id='word_1_136' title='bbox 625 1499 814 1542; x_wconf 81' lang='lat' dir='ltr'>delegatos,</span> <span class='ocrx_word' id='word_1_137' title='bbox 842 1501 939 1533; x_wconf 86' lang='lat' dir='ltr'>etiam</span> <span class='ocrx_word' id='word_1_138' title='bbox 968 1511 1078 1535; x_wconf 88' lang='lat' dir='ltr'>causa-</span> 
     </span>
     <span class='ocr_line' id='line_1_27' title="bbox 336 1551 1078 1595; baseline 0.005 -11"><span class='ocrx_word' id='word_1_139' title='bbox 336 1562 407 1584; x_wconf 88' lang='lat' dir='ltr'>rum</span> <span class='ocrx_word' id='word_1_140' title='bbox 432 1551 514 1584; x_wconf 86' lang='lat' dir='ltr'>sacri</span> <span class='ocrx_word' id='word_1_141' title='bbox 539 1551 651 1595; x_wconf 87' lang='lat' dir='ltr'>palatii</span> <span class='ocrx_word' id='word_1_142' title='bbox 669 1552 841 1595; x_wconf 83' lang='lat' dir='ltr'>apostolici</span> <span class='ocrx_word' id='word_1_143' title='bbox 855 1554 1030 1595; x_wconf 83' lang='lat' dir='ltr'>auditoreS,</span> <span class='ocrx_word' id='word_1_144' title='bbox 1046 1561 1078 1589; x_wconf 90' lang='lat' dir='ltr'>et</span> 
     </span>
     <span class='ocr_line' id='line_1_28' title="bbox 336 1604 1078 1646; baseline 0.007 -9"><span class='ocrx_word' id='word_1_145' title='bbox 336 1604 367 1637; x_wconf 89' lang='lat' dir='ltr'>S.</span> <span class='ocrx_word' id='word_1_146' title='bbox 387 1604 425 1637; x_wconf 82' lang='lat' dir='ltr'>R.</span> <span class='ocrx_word' id='word_1_147' title='bbox 449 1604 483 1637; x_wconf 90' lang='lat' dir='ltr'>E.</span> <span class='ocrx_word' id='word_1_148' title='bbox 511 1604 704 1646; x_wconf 73' lang='lat' dir='ltr'>cardinales,</span> <span class='ocrx_word' id='word_1_149' title='bbox 731 1605 828 1639; x_wconf 89' lang='lat' dir='ltr'>etiam</span> <span class='ocrx_word' id='word_1_150' title='bbox 853 1606 893 1639; x_wconf 87' lang='lat' dir='ltr'>de</span> <span class='ocrx_word' id='word_1_151' title='bbox 917 1607 1019 1641; x_wconf 82' lang='lat' dir='ltr'>latere</span> <span class='ocrx_word' id='word_1_152' title='bbox 1035 1609 1078 1642; x_wconf 90' lang='lat' dir='ltr'>le·</span> 
     </span>
     <span class='ocr_line' id='line_1_29' title="bbox 336 1657 1076 1703; baseline 0.007 -13"><span class='ocrx_word' id='word_1_153' title='bbox 336 1663 439 1700; x_wconf 86' lang='lat' dir='ltr'>gatos,</span> <span class='ocrx_word' id='word_1_154' title='bbox 459 1657 664 1701; x_wconf 86' lang='lat' dir='ltr'>vicelegatos,</span> <span class='ocrx_word' id='word_1_155' title='bbox 682 1658 841 1702; x_wconf 90' lang='lat' dir='ltr'>Sedisque</span> <span class='ocrx_word' id='word_1_156' title='bbox 869 1660 1076 1703; x_wconf 84' lang='lat' dir='ltr'>Apostolicae</span> 
     </span>
     <span class='ocr_line' id='line_1_30' title="bbox 337 1710 1078 1754; baseline 0.005 -10"><span class='ocrx_word' id='word_1_157' title='bbox 337 1710 486 1751; x_wconf 88' lang='lat' dir='ltr'>nuncios,</span> <span class='ocrx_word' id='word_1_158' title='bbox 504 1711 536 1744; x_wconf 92' lang='lat' dir='ltr'>in</span> <span class='ocrx_word' id='word_1_159' title='bbox 561 1711 670 1754; x_wconf 86' lang='lat' dir='ltr'>quavis</span> <span class='ocrx_word' id='word_1_160' title='bbox 696 1712 862 1753; x_wconf 80' lang='lat' dir='ltr'>instantia,</span> <span class='ocrx_word' id='word_1_161' title='bbox 880 1713 1007 1747; x_wconf 70' lang='lat' dir='ltr'>sublata</span> <span class='ocrx_word' id='word_1_162' title='bbox 1031 1714 1078 1748; x_wconf 89' lang='lat' dir='ltr'>eis</span> 
     </span>
     <span class='ocr_line' id='line_1_31' title="bbox 335 1763 1076 1808; baseline 0.007 -12"><span class='ocrx_word' id='word_1_163' title='bbox 335 1769 367 1796; x_wconf 89' lang='lat' dir='ltr'>et</span> <span class='ocrx_word' id='word_1_164' title='bbox 381 1773 494 1797; x_wconf 89' lang='lat' dir='ltr'>eorum</span> <span class='ocrx_word' id='word_1_165' title='bbox 516 1763 651 1797; x_wconf 91' lang='lat' dir='ltr'>cuilibet</span> <span class='ocrx_word' id='word_1_166' title='bbox 671 1765 784 1808; x_wconf 89' lang='lat' dir='ltr'>quavis</span> <span class='ocrx_word' id='word_1_167' title='bbox 801 1765 897 1799; x_wconf 87' lang='lat' dir='ltr'>aliter</span> <span class='ocrx_word' id='word_1_168' title='bbox 911 1766 1076 1801; x_wconf 88' lang='lat' dir='ltr'>iudicandi</span> 
     </span>
     <span class='ocr_line' id='line_1_32' title="bbox 335 1816 1073 1861; baseline 0.005 -12"><span class='ocrx_word' id='word_1_169' title='bbox 335 1821 368 1849; x_wconf 90' lang='lat' dir='ltr'>et</span> <span class='ocrx_word' id='word_1_170' title='bbox 385 1816 625 1860; x_wconf 84' lang='lat' dir='ltr'>interpretandi</span> <span class='ocrx_word' id='word_1_171' title='bbox 652 1818 805 1852; x_wconf 80' lang='lat' dir='ltr'>facultate</span> <span class='ocrx_word' id='word_1_172' title='bbox 823 1823 854 1851; x_wconf 89' lang='lat' dir='ltr'>et</span> <span class='ocrx_word' id='word_1_173' title='bbox 870 1820 1073 1861; x_wconf 86' lang='lat' dir='ltr'>auctoritate,</span> 
     </span>
     <span class='ocr_line' id='line_1_33' title="bbox 336 1869 1076 1913; baseline 0.007 -11"><span class='ocrx_word' id='word_1_174' title='bbox 336 1869 455 1913; x_wconf 84' lang='lat' dir='ltr'>ubique</span> <span class='ocrx_word' id='word_1_175' title='bbox 490 1869 626 1903; x_wconf 84' lang='lat' dir='ltr'>iudicari</span> <span class='ocrx_word' id='word_1_176' title='bbox 652 1876 684 1904; x_wconf 91' lang='lat' dir='ltr'>et</span> <span class='ocrx_word' id='word_1_177' title='bbox 708 1871 835 1904; x_wconf 83' lang='lat' dir='ltr'>definiri</span> <span class='ocrx_word' id='word_1_178' title='bbox 873 1872 1013 1913; x_wconf 89' lang='lat' dir='ltr'>debere,</span> <span class='ocrx_word' id='word_1_179' title='bbox 1039 1885 1076 1907; x_wconf 90' lang='lat' dir='ltr'>ac</span> 
     </span>
     <span class='ocr_line' id='line_1_34' title="bbox 335 1922 1077 1970; baseline 0.007 -15"><span class='ocrx_word' id='word_1_180' title='bbox 335 1922 460 1956; x_wconf 88' lang='lat' dir='ltr'>irritum</span> <span class='ocrx_word' id='word_1_181' title='bbox 487 1928 519 1957; x_wconf 88' lang='lat' dir='ltr'>et</span> <span class='ocrx_word' id='word_1_182' title='bbox 543 1923 640 1957; x_wconf 89' lang='lat' dir='ltr'>inane</span> <span class='ocrx_word' id='word_1_183' title='bbox 667 1924 826 1968; x_wconf 89' lang='lat' dir='ltr'>quidquid</span> <span class='ocrx_word' id='word_1_184' title='bbox 851 1935 943 1959; x_wconf 89' lang='lat' dir='ltr'>secus</span> <span class='ocrx_word' id='word_1_185' title='bbox 977 1936 1077 1970; x_wconf 89' lang='lat' dir='ltr'>super</span> 
     </span>
     <span class='ocr_line' id='line_1_35' title="bbox 335 1975 1075 2021; baseline 0.005 -13"><span class='ocrx_word' id='word_1_186' title='bbox 335 1975 385 2009; x_wconf 87' lang='lat' dir='ltr'>his</span> <span class='ocrx_word' id='word_1_187' title='bbox 402 1986 420 2008; x_wconf 88' lang='lat' dir='ltr'>a</span> <span class='ocrx_word' id='word_1_188' title='bbox 438 1986 609 2020; x_wconf 87' lang='lat' dir='ltr'>quoquam,</span> <span class='ocrx_word' id='word_1_189' title='bbox 628 1977 740 2021; x_wconf 89' lang='lat' dir='ltr'>quavis</span> <span class='ocrx_word' id='word_1_190' title='bbox 754 1977 958 2019; x_wconf 87' lang='lat' dir='ltr'>auctoritate,</span> <span class='ocrx_word' id='word_1_191' title='bbox 971 1979 1075 2012; x_wconf 90' lang='lat' dir='ltr'>scien-</span> 
     </span>
     <span class='ocr_line' id='line_1_36' title="bbox 335 2030 1074 2075; baseline 0.005 -13"><span class='ocrx_word' id='word_1_192' title='bbox 335 2035 382 2063; x_wconf 86' lang='lat' dir='ltr'>ter</span> <span class='ocrx_word' id='word_1_193' title='bbox 407 2030 456 2063; x_wconf 91' lang='lat' dir='ltr'>vel</span> <span class='ocrx_word' id='word_1_194' title='bbox 482 2030 683 2073; x_wconf 82' lang='lat' dir='ltr'>ignoranter,</span> <span class='ocrx_word' id='word_1_195' title='bbox 710 2031 885 2075; x_wconf 87' lang='lat' dir='ltr'>contigerit</span> <span class='ocrx_word' id='word_1_196' title='bbox 909 2033 1074 2073; x_wconf 87' lang='lat' dir='ltr'>attentari,</span> 
     </span>
     <span class='ocr_line' id='line_1_37' title="bbox 335 2083 837 2118; baseline 0.002 -2"><span class='ocrx_word' id='word_1_197' title='bbox 335 2083 540 2117; x_wconf 90' lang='lat' dir='ltr'>decernimus</span> <span class='ocrx_word' id='word_1_198' title='bbox 567 2088 599 2117; x_wconf 90' lang='lat' dir='ltr'>et</span> <span class='ocrx_word' id='word_1_199' title='bbox 623 2084 837 2118; x_wconf 84' lang='lat' dir='ltr'>declaramus.</span> 
     </span>
    </p>

    <p class='ocr_par' dir='ltr' id='par_1_4' title="bbox 335 2135 1077 2605">
     <span class='ocr_line' id='line_1_38' title="bbox 379 2135 1075 2181; baseline 0.004 -12"><span class='ocrx_word' id='word_1_200' title='bbox 379 2135 394 2179; x_wconf 66' lang='grc' dir='ltr'><strong>ἓ</strong></span> <span class='ocrx_word' id='word_1_201' title='bbox 419 2135 451 2169; x_wconf 87' lang='grc'>8.</span> <span class='ocrx_word' id='word_1_202' title='bbox 478 2135 517 2169; x_wconf 91' lang='lat' dir='ltr'>Ut</span> <span class='ocrx_word' id='word_1_203' title='bbox 540 2141 650 2170; x_wconf 87' lang='lat' dir='ltr'>autem</span> <span class='ocrx_word' id='word_1_204' title='bbox 674 2137 785 2170; x_wconf 91' lang='lat' dir='ltr'>omnia</span> <span class='ocrx_word' id='word_1_205' title='bbox 820 2138 1008 2181; x_wconf 86' lang='lat' dir='ltr'>praedicta,</span> <span class='ocrx_word' id='word_1_206' title='bbox 1034 2138 1075 2172; x_wconf 89' lang='lat' dir='ltr'>si-</span> 
     </span>
     <span class='ocr_line' id='line_1_39' title="bbox 335 2190 1076 2234; baseline 0.007 -14"><span class='ocrx_word' id='word_1_207' title='bbox 335 2192 390 2221; x_wconf 90' lang='lat' dir='ltr'>cut</span> <span class='ocrx_word' id='word_1_208' title='bbox 414 2198 512 2221; x_wconf 88' lang='lat' dir='ltr'>causa</span> <span class='ocrx_word' id='word_1_209' title='bbox 536 2199 657 2232; x_wconf 84' lang='lat' dir='ltr'>urgens</span> <span class='ocrx_word' id='word_1_210' title='bbox 678 2190 832 2233; x_wconf 88' lang='lat' dir='ltr'>postulat,</span> <span class='ocrx_word' id='word_1_211' title='bbox 855 2190 1028 2234; x_wconf 83' lang='lat' dir='ltr'>diligenter</span> <span class='ocrx_word' id='word_1_212' title='bbox 1044 2197 1076 2225; x_wconf 82' lang='lat' dir='ltr'>et</span> 
     </span>
     <span class='ocr_line' id='line_1_40' title="bbox 335 2240 1076 2288; baseline 0.007 -15"><span class='ocrx_word' id='word_1_213' title='bbox 335 2240 475 2274; x_wconf 83' lang='lat' dir='ltr'>fideliter</span> <span class='ocrx_word' id='word_1_214' title='bbox 500 2242 683 2276; x_wconf 86' lang='lat' dir='ltr'>executioni</span> <span class='ocrx_word' id='word_1_215' title='bbox 708 2243 956 2284; x_wconf 86' lang='lat' dir='ltr'>demandentur,</span> <span class='ocrx_word' id='word_1_216' title='bbox 982 2254 1076 2288; x_wconf 88' lang='lat' dir='ltr'>prae-</span> 
     </span>
     <span class='ocr_line' id='line_1_41' title="bbox 337 2293 1074 2338; baseline 0.004 -11"><span class='ocrx_word' id='word_1_217' title='bbox 337 2293 433 2328; x_wconf 82' lang='lat' dir='ltr'>satum</span> <span class='ocrx_word' id='word_1_218' title='bbox 452 2295 610 2328; x_wconf 87' lang='lat' dir='ltr'>Palutium</span> <span class='ocrx_word' id='word_1_219' title='bbox 633 2295 829 2330; x_wconf 84' lang='lat' dir='ltr'>cardinalem</span> <span class='ocrx_word' id='word_1_220' title='bbox 849 2298 1074 2338; x_wconf 83' lang='lat' dir='ltr'>camerarium,</span> 
     </span>
     <span class='ocr_line' id='line_1_42' title="bbox 336 2347 1077 2394; baseline 0.005 -14"><span class='ocrx_word' id='word_1_221' title='bbox 336 2347 426 2380; x_wconf 86' lang='lat' dir='ltr'>cuius</span> <span class='ocrx_word' id='word_1_222' title='bbox 443 2347 629 2391; x_wconf 85' lang='lat' dir='ltr'>integritas,</span> <span class='ocrx_word' id='word_1_223' title='bbox 652 2348 733 2383; x_wconf 82' lang='lat' dir='ltr'>fides</span> <span class='ocrx_word' id='word_1_224' title='bbox 759 2355 854 2394; x_wconf 87' lang='lat' dir='ltr'>atque</span> <span class='ocrx_word' id='word_1_225' title='bbox 875 2350 1077 2394; x_wconf 84' lang='lat' dir='ltr'>experientia</span> 
     </span>
     <span class='ocr_line' id='line_1_43' title="bbox 337 2401 1076 2447; baseline 0.005 -14"><span class='ocrx_word' id='word_1_226' title='bbox 337 2406 476 2444; x_wconf 74' lang='lat' dir='ltr'>notaque</span> <span class='ocrx_word' id='word_1_227' title='bbox 502 2401 632 2435; x_wconf 90' lang='lat' dir='ltr'>devotio</span> <span class='ocrx_word' id='word_1_228' title='bbox 657 2403 720 2435; x_wconf 90' lang='lat' dir='ltr'>iam</span> <span class='ocrx_word' id='word_1_229' title='bbox 740 2402 867 2446; x_wconf 88' lang='lat' dir='ltr'>pridem</span> <span class='ocrx_word' id='word_1_230' title='bbox 891 2403 985 2437; x_wconf 90' lang='lat' dir='ltr'>nobis</span> <span class='ocrx_word' id='word_1_231' title='bbox 1001 2414 1076 2447; x_wconf 89' lang='lat' dir='ltr'>per—</span> 
     </span>
     <span class='ocr_line' id='line_1_44' title="bbox 337 2457 1076 2498; baseline 0.005 -12"><span class='ocrx_word' id='word_1_232' title='bbox 337 2459 450 2497; x_wconf 83' lang='lat' dir='ltr'>specta</span> <span class='ocrx_word' id='word_1_233' title='bbox 465 2460 555 2496; x_wconf 88' lang='lat' dir='ltr'>sunt,</span> <span class='ocrx_word' id='word_1_234' title='bbox 575 2457 760 2498; x_wconf 82' lang='lat' dir='ltr'>generalem</span> <span class='ocrx_word' id='word_1_235' title='bbox 777 2457 921 2490; x_wconf 89' lang='lat' dir='ltr'>omnium</span> <span class='ocrx_word' id='word_1_236' title='bbox 936 2457 1076 2490; x_wconf 89' lang='lat' dir='ltr'>decima·</span> 
     </span>
     <span class='ocr_line' id='line_1_45' title="bbox 337 2508 1076 2550; baseline 0.008 -12"><span class='ocrx_word' id='word_1_237' title='bbox 337 2516 410 2539; x_wconf 86' lang='lat' dir='ltr'>rum</span> <span class='ocrx_word' id='word_1_238' title='bbox 435 2508 675 2550; x_wconf 85' lang='lat' dir='ltr'>praedictarum</span> <span class='ocrx_word' id='word_1_239' title='bbox 701 2511 912 2548; x_wconf 79' lang='lat' dir='ltr'>collectorem</span> <span class='ocrx_word' id='word_1_240' title='bbox 937 2510 969 2543; x_wconf 93' lang='lat' dir='ltr'>in</span> <span class='ocrx_word' id='word_1_241' title='bbox 987 2510 1076 2544; x_wconf 89' lang='lat' dir='ltr'>Italia</span> 
     </span>
     <span class='ocr_line' id='line_1_46' title="bbox 338 2558 1073 2605; baseline 0.004 -12"><span class='ocrx_word' id='word_1_242' title='bbox 338 2563 370 2593; x_wconf 87' lang='lat' dir='ltr'>et</span> <span class='ocrx_word' id='word_1_243' title='bbox 394 2558 507 2594; x_wconf 90' lang='lat' dir='ltr'>insulis</span> <span class='ocrx_word' id='word_1_244' title='bbox 541 2560 588 2595; x_wconf 89' lang='lat' dir='ltr'>illi</span> <span class='ocrx_word' id='word_1_245' title='bbox 614 2561 833 2597; x_wconf 83' lang='lat' dir='ltr'>adiacentibus</span> <span class='ocrx_word' id='word_1_246' title='bbox 870 2562 1073 2605; x_wconf 80' lang='lat' dir='ltr'>huiusmodi,</span> 
     </span>
    </p>
   </div>
   <div class='ocr_carea' id='block_1_2' title="bbox 141 2139 325 2214">
    <p class='ocr_par' dir='ltr' id='par_1_5' title="bbox 141 2139 325 2214">
     <span class='ocr_line' id='line_1_47' title="bbox 204 2139 324 2160; baseline 0.008 -1"><span class='ocrx_word' id='word_1_247' title='bbox 204 2139 324 2160; x_wconf 70' lang='lat' dir='ltr'>Facultates</span> 
     </span>
     <span class='ocr_line' id='line_1_48' title="bbox 141 2166 325 2192; baseline 0.016 -7"><span class='ocrx_word' id='word_1_248' title='bbox 141 2166 260 2187; x_wconf 65' lang='lat' dir='ltr'>collarium</span> <span class='ocrx_word' id='word_1_249' title='bbox 289 2173 325 2192; x_wconf 69' lang='lat' dir='ltr'>co·</span> 
     </span>
     <span class='ocr_line' id='line_1_49' title="bbox 141 2193 225 2214; baseline -0.012 0"><span class='ocrx_word' id='word_1_250' title='bbox 141 2193 225 2214; x_wconf 59' lang='lat' dir='ltr'>ueram.</span> 
     </span>
    </p>
   </div>
   <div class='ocr_carea' id='block_1_3' title="bbox 1102 249 1108 774">
    <p class='ocr_par' dir='ltr' id='par_1_6' title="bbox 1102 249 1108 774">
     <span class='ocr_line' id='line_1_50' title="bbox 1102 249 1108 774; baseline 0 0"><span class='ocrx_word' id='word_1_251' title='bbox 1102 249 1108 774; x_wconf 95' lang='lat' dir='ltr'> </span> 
     </span>
    </p>
   </div>
   <div class='ocr_carea' id='block_1_4' title="bbox 1093 1818 1100 2598">
    <p class='ocr_par' dir='ltr' id='par_1_7' title="bbox 1093 1818 1100 2598">
     <span class='ocr_line' id='line_1_51' title="bbox 1093 1818 1100 2598; baseline 0 0"><span class='ocrx_word' id='word_1_252' title='bbox 1093 1818 1100 2598; x_wconf 95' lang='lat' dir='ltr'> </span> 
     </span>
    </p>
   </div>
   <div class='ocr_carea' id='block_1_5' title="bbox 932 159 1343 206">
    <p class='ocr_par' dir='ltr' id='par_1_8' title="bbox 932 159 1343 206">
     <span class='ocr_line' id='line_1_52' title="bbox 932 159 1343 206; baseline 0.002 -3"><span class='ocrx_word' id='word_1_253' title='bbox 932 166 1113 204; x_wconf 60' lang='lat' dir='ltr'>sumamma</span> <span class='ocrx_word' id='word_1_254' title='bbox 1136 159 1290 206; x_wconf 64' lang='lat' dir='ltr'>normann</span> <span class='ocrx_word' id='word_1_255' title='bbox 1340 177 1343 180; x_wconf 71' lang='grc'><strong>’</strong></span> 
     </span>
    </p>
   </div>
   <div class='ocr_carea' id='block_1_6' title="bbox 1116 227 1871 2609">
    <p class='ocr_par' dir='ltr' id='par_1_9' title="bbox 1116 227 1871 2609">
     <span class='ocr_line' id='line_1_53' title="bbox 1128 227 1866 272; baseline 0.004 -14"><span class='ocrx_word' id='word_1_256' title='bbox 1128 237 1200 259; x_wconf 91' lang='lat' dir='ltr'>cum</span> <span class='ocrx_word' id='word_1_257' title='bbox 1224 227 1373 260; x_wconf 90' lang='lat' dir='ltr'>omnibus</span> <span class='ocrx_word' id='word_1_258' title='bbox 1399 232 1431 261; x_wconf 92' lang='lat' dir='ltr'>et</span> <span class='ocrx_word' id='word_1_259' title='bbox 1455 227 1709 272; x_wconf 77' lang='lat' dir='ltr'>quibuscumque</span> <span class='ocrx_word' id='word_1_260' title='bbox 1734 229 1866 271; x_wconf 89' lang='lat' dir='ltr'>privile-</span> 
     </span>
     <span class='ocr_line' id='line_1_54' title="bbox 1129 278 1871 330; baseline 0.003 -19"><span class='ocrx_word' id='word_1_261' title='bbox 1129 278 1209 321; x_wconf 89' lang='lat' dir='ltr'>giis,</span> <span class='ocrx_word' id='word_1_262' title='bbox 1235 279 1514 313; x_wconf 90' lang='lat' dir='ltr'>iurisdictionibus</span> <span class='ocrx_word' id='word_1_263' title='bbox 1529 306 1537 320; x_wconf 93' lang='lat'>,</span> <span class='ocrx_word' id='word_1_264' title='bbox 1569 290 1649 323; x_wconf 87' lang='lat' dir='ltr'>quae</span> <span class='ocrx_word' id='word_1_265' title='bbox 1674 290 1787 313; x_wconf 87' lang='lat' dir='ltr'>omnes</span> <span class='ocrx_word' id='word_1_266' title='bbox 1811 280 1871 330; x_wconf 68' lang='lat' dir='ltr'>alii⁴</span> 
     </span>
     <span class='ocr_line' id='line_1_55' title="bbox 1128 332 1860 367; baseline 0.004 -3"><span class='ocrx_word' id='word_1_267' title='bbox 1128 333 1266 365; x_wconf 86' lang='lat' dir='ltr'>antehac</span> <span class='ocrx_word' id='word_1_268' title='bbox 1301 332 1486 366; x_wconf 86' lang='lat' dir='ltr'>huiusmodi</span> <span class='ocrx_word' id='word_1_269' title='bbox 1519 334 1710 366; x_wconf 85' lang='lat' dir='ltr'>collectores</span> <span class='ocrx_word' id='word_1_270' title='bbox 1743 334 1860 367; x_wconf 84' lang='lat' dir='ltr'>habue-</span> 
     </span>
     <span class='ocr_line' id='line_1_56' title="bbox 1127 386 1864 431; baseline 0.004 -14"><span class='ocrx_word' id='word_1_271' title='bbox 1127 390 1211 426; x_wconf 86' lang='lat' dir='ltr'>runt,</span> <span class='ocrx_word' id='word_1_272' title='bbox 1227 386 1418 419; x_wconf 88' lang='lat' dir='ltr'>auctoritate</span> <span class='ocrx_word' id='word_1_273' title='bbox 1441 386 1616 430; x_wconf 83' lang='lat' dir='ltr'>praedicta,</span> <span class='ocrx_word' id='word_1_274' title='bbox 1638 392 1750 420; x_wconf 87' lang='lat' dir='ltr'>tenore</span> <span class='ocrx_word' id='word_1_275' title='bbox 1769 390 1864 431; x_wconf 79' lang='lat' dir='ltr'>prae·‘</span> 
     </span>
     <span class='ocr_line' id='line_1_57' title="bbox 1127 438 1864 483; baseline 0.004 -12"><span class='ocrx_word' id='word_1_276' title='bbox 1127 438 1281 479; x_wconf 90' lang='lat' dir='ltr'>sentium,</span> <span class='ocrx_word' id='word_1_277' title='bbox 1299 439 1524 472; x_wconf 88' lang='lat' dir='ltr'>constituimus</span> <span class='ocrx_word' id='word_1_278' title='bbox 1544 444 1576 472; x_wconf 90' lang='lat' dir='ltr'>et</span> <span class='ocrx_word' id='word_1_279' title='bbox 1592 439 1801 483; x_wconf 87' lang='lat' dir='ltr'>deputamus,</span> <span class='ocrx_word' id='word_1_280' title='bbox 1823 441 1864 474; x_wconf 87' lang='lat' dir='ltr'>ei-</span> 
     </span>
     <span class='ocr_line' id='line_1_58' title="bbox 1127 492 1863 535; baseline 0.004 -11"><span class='ocrx_word' id='word_1_281' title='bbox 1127 502 1189 535; x_wconf 88' lang='lat' dir='ltr'>que</span> <span class='ocrx_word' id='word_1_282' title='bbox 1210 493 1351 535; x_wconf 85' lang='lat' dir='ltr'>plenam,</span> <span class='ocrx_word' id='word_1_283' title='bbox 1366 492 1502 525; x_wconf 87' lang='lat' dir='ltr'>liberam</span> <span class='ocrx_word' id='word_1_284' title='bbox 1521 498 1553 525; x_wconf 90' lang='lat' dir='ltr'>et</span> <span class='ocrx_word' id='word_1_285' title='bbox 1568 492 1748 525; x_wconf 86' lang='lat' dir='ltr'>absolutam</span> <span class='ocrx_word' id='word_1_286' title='bbox 1765 492 1863 528; x_wconf 79' lang='lat' dir='ltr'>sacul-</span> 
     </span>
     <span class='ocr_line' id='line_1_59' title="bbox 1127 544 1861 578; baseline 0.003 -2"><span class='ocrx_word' id='word_1_287' title='bbox 1127 549 1223 578; x_wconf 85' lang='lat' dir='ltr'>tatem</span> <span class='ocrx_word' id='word_1_288' title='bbox 1248 549 1281 578; x_wconf 89' lang='lat' dir='ltr'>et</span> <span class='ocrx_word' id='word_1_289' title='bbox 1305 544 1529 578; x_wconf 88' lang='lat' dir='ltr'>auctoritatem</span> <span class='ocrx_word' id='word_1_290' title='bbox 1555 544 1724 577; x_wconf 88' lang='lat' dir='ltr'>tribuimus</span> <span class='ocrx_word' id='word_1_291' title='bbox 1749 555 1861 578; x_wconf 90' lang='lat' dir='ltr'>omnes</span> 
     </span>
     <span class='ocr_line' id='line_1_60' title="bbox 1124 596 1863 641; baseline 0.003 -12"><span class='ocrx_word' id='word_1_292' title='bbox 1124 596 1209 640; x_wconf 86' lang='lat' dir='ltr'>ipsas</span> <span class='ocrx_word' id='word_1_293' title='bbox 1241 597 1382 631; x_wconf 88' lang='lat' dir='ltr'>decimas</span> <span class='ocrx_word' id='word_1_294' title='bbox 1413 597 1564 631; x_wconf 82' lang='lat' dir='ltr'>Gamerae</span> <span class='ocrx_word' id='word_1_295' title='bbox 1595 598 1781 641; x_wconf 85' lang='lat' dir='ltr'>praedictae</span> <span class='ocrx_word' id='word_1_296' title='bbox 1805 609 1863 632; x_wconf 92' lang='lat' dir='ltr'>no-</span> 
     </span>
     <span class='ocr_line' id='line_1_61' title="bbox 1124 649 1861 694; baseline 0.003 -12"><span class='ocrx_word' id='word_1_297' title='bbox 1124 649 1210 683; x_wconf 88' lang='lat' dir='ltr'>mine</span> <span class='ocrx_word' id='word_1_298' title='bbox 1224 651 1434 694; x_wconf 74' lang='lat' dir='ltr'>procurandi,</span> <span class='ocrx_word' id='word_1_299' title='bbox 1453 651 1637 693; x_wconf 86' lang='lat' dir='ltr'>praedictos</span> <span class='ocrx_word' id='word_1_300' title='bbox 1658 661 1780 691; x_wconf 78' lang='lat' dir='ltr'>omneS,</span> <span class='ocrx_word' id='word_1_301' title='bbox 1799 656 1861 684; x_wconf 87' lang='lat' dir='ltr'>tam</span> 
     </span>
     <span class='ocr_line' id='line_1_62' title="bbox 1125 702 1862 748; baseline 0.004 -13"><span class='ocrx_word' id='word_1_302' title='bbox 1125 702 1322 737; x_wconf 87' lang='lat' dir='ltr'>coniunctim</span> <span class='ocrx_word' id='word_1_303' title='bbox 1344 715 1439 748; x_wconf 80' lang='lat' dir='ltr'>quam</span> <span class='ocrx_word' id='word_1_304' title='bbox 1458 704 1593 745; x_wconf 76' lang='lat' dir='ltr'>divisim,</span> <span class='ocrx_word' id='word_1_305' title='bbox 1611 705 1650 737; x_wconf 92' lang='lat' dir='ltr'>ad</span> <span class='ocrx_word' id='word_1_306' title='bbox 1668 705 1796 738; x_wconf 84' lang='lat' dir='ltr'>illarum</span> <span class='ocrx_word' id='word_1_307' title='bbox 1815 705 1862 738; x_wconf 89' lang='lat' dir='ltr'>in-</span> 
     </span>
     <span class='ocr_line' id='line_1_63' title="bbox 1124 757 1857 801; baseline 0.004 -13"><span class='ocrx_word' id='word_1_308' title='bbox 1124 761 1247 799; x_wconf 87' lang='lat' dir='ltr'>tegram</span> <span class='ocrx_word' id='word_1_309' title='bbox 1272 757 1478 798; x_wconf 83' lang='lat' dir='ltr'>solutionem,</span> <span class='ocrx_word' id='word_1_310' title='bbox 1498 763 1533 790; x_wconf 89' lang='lat' dir='ltr'>ut</span> <span class='ocrx_word' id='word_1_311' title='bbox 1558 757 1760 801; x_wconf 86' lang='lat' dir='ltr'>praedictum</span> <span class='ocrx_word' id='word_1_312' title='bbox 1786 764 1857 798; x_wconf 89' lang='lat' dir='ltr'>est,</span> 
     </span>
     <span class='ocr_line' id='line_1_64' title="bbox 1123 808 1860 854; baseline 0.004 -13"><span class='ocrx_word' id='word_1_313' title='bbox 1123 808 1313 849; x_wconf 85' lang='lat' dir='ltr'>faciendam,</span> <span class='ocrx_word' id='word_1_314' title='bbox 1335 811 1431 844; x_wconf 85' lang='lat' dir='ltr'>etiam</span> <span class='ocrx_word' id='word_1_315' title='bbox 1455 822 1515 854; x_wconf 91' lang='lat' dir='ltr'>per</span> <span class='ocrx_word' id='word_1_316' title='bbox 1539 811 1679 844; x_wconf 86' lang='lat' dir='ltr'>edictum</span> <span class='ocrx_word' id='word_1_317' title='bbox 1704 810 1785 846; x_wconf 73' lang='lat' dir='ltr'>loeis</span> <span class='ocrx_word' id='word_1_318' title='bbox 1803 822 1860 854; x_wconf 91' lang='lat' dir='ltr'>pu-</span> 
     </span>
     <span class='ocr_line' id='line_1_65' title="bbox 1122 860 1858 906; baseline 0.003 -13"><span class='ocrx_word' id='word_1_319' title='bbox 1122 860 1214 894; x_wconf 90' lang='lat' dir='ltr'>blicis</span> <span class='ocrx_word' id='word_1_320' title='bbox 1228 862 1432 905; x_wconf 85' lang='lat' dir='ltr'>affigendum,</span> <span class='ocrx_word' id='word_1_321' title='bbox 1444 864 1596 896; x_wconf 88' lang='lat' dir='ltr'>monendi</span> <span class='ocrx_word' id='word_1_322' title='bbox 1610 869 1641 896; x_wconf 87' lang='lat' dir='ltr'>et</span> <span class='ocrx_word' id='word_1_323' title='bbox 1654 863 1858 906; x_wconf 74' lang='lat' dir='ltr'>requirendi,</span> 
     </span>
     <span class='ocr_line' id='line_1_66' title="bbox 1121 916 1861 957; baseline 0.003 -11"><span class='ocrx_word' id='word_1_324' title='bbox 1121 924 1188 947; x_wconf 89' lang='lat' dir='ltr'>non</span> <span class='ocrx_word' id='word_1_325' title='bbox 1212 920 1374 957; x_wconf 86' lang='lat' dir='ltr'>parentes,</span> <span class='ocrx_word' id='word_1_326' title='bbox 1394 916 1580 949; x_wconf 78' lang='lat' dir='ltr'>fraudantes</span> <span class='ocrx_word' id='word_1_327' title='bbox 1597 921 1628 949; x_wconf 89' lang='lat' dir='ltr'>ct</span> <span class='ocrx_word' id='word_1_328' title='bbox 1645 921 1770 950; x_wconf 84' lang='lat' dir='ltr'>ceteros</span> <span class='ocrx_word' id='word_1_329' title='bbox 1787 927 1861 949; x_wconf 88' lang='lat' dir='ltr'>con—</span> 
     </span>
     <span class='ocr_line' id='line_1_67' title="bbox 1122 968 1859 1012; baseline 0.007 -13"><span class='ocrx_word' id='word_1_330' title='bbox 1122 971 1263 1000; x_wconf 87' lang='lat' dir='ltr'>tumaces</span> <span class='ocrx_word' id='word_1_331' title='bbox 1277 968 1309 1001; x_wconf 90' lang='lat' dir='ltr'>in</span> <span class='ocrx_word' id='word_1_332' title='bbox 1326 979 1476 1002; x_wconf 88' lang='lat' dir='ltr'>censuras</span> <span class='ocrx_word' id='word_1_333' title='bbox 1495 975 1526 1002; x_wconf 85' lang='lat' dir='ltr'>ct</span> <span class='ocrx_word' id='word_1_334' title='bbox 1541 980 1663 1012; x_wconf 83' lang='lat' dir='ltr'>poenas</span> <span class='ocrx_word' id='word_1_335' title='bbox 1680 969 1859 1012; x_wconf 73' lang='lat' dir='ltr'>praedictas</span> 
     </span>
     <span class='ocr_line' id='line_1_68' title="bbox 1121 1019 1858 1061; baseline 0.004 -9"><span class='ocrx_word' id='word_1_336' title='bbox 1121 1019 1285 1061; x_wconf 85' lang='lat' dir='ltr'>incidisse,</span> <span class='ocrx_word' id='word_1_337' title='bbox 1303 1024 1428 1054; x_wconf 78' lang='lat' dir='ltr'>servata</span> <span class='ocrx_word' id='word_1_338' title='bbox 1452 1022 1553 1055; x_wconf 79' lang='lat' dir='ltr'>forma</span> <span class='ocrx_word' id='word_1_339' title='bbox 1573 1022 1707 1055; x_wconf 89' lang='lat' dir='ltr'>Concilii</span> <span class='ocrx_word' id='word_1_340' title='bbox 1725 1022 1858 1056; x_wconf 87' lang='lat' dir='ltr'>Triden-</span> 
     </span>
     <span class='ocr_line' id='line_1_69' title="bbox 1121 1073 1858 1118; baseline 0.004 -13"><span class='ocrx_word' id='word_1_341' title='bbox 1121 1073 1196 1114; x_wconf 89' lang='lat' dir='ltr'>tini,</span> <span class='ocrx_word' id='word_1_342' title='bbox 1214 1073 1420 1115; x_wconf 86' lang='lat' dir='ltr'>declarandi;</span> <span class='ocrx_word' id='word_1_343' title='bbox 1446 1075 1680 1118; x_wconf 83' lang='lat' dir='ltr'>proprietates,</span> <span class='ocrx_word' id='word_1_344' title='bbox 1698 1086 1749 1108; x_wconf 90' lang='lat' dir='ltr'>res</span> <span class='ocrx_word' id='word_1_345' title='bbox 1765 1102 1773 1116; x_wconf 94' lang='lat'>,</span> <span class='ocrx_word' id='word_1_346' title='bbox 1792 1076 1858 1108; x_wconf 86' lang='lat' dir='ltr'>fru-</span> 
     </span>
     <span class='ocr_line' id='line_1_70' title="bbox 1120 1126 1858 1170; baseline 0.005 -13"><span class='ocrx_word' id='word_1_347' title='bbox 1120 1130 1190 1158; x_wconf 92' lang='lat' dir='ltr'>ctus</span> <span class='ocrx_word' id='word_1_348' title='bbox 1214 1130 1246 1158; x_wconf 90' lang='lat' dir='ltr'>et</span> <span class='ocrx_word' id='word_1_349' title='bbox 1269 1126 1332 1159; x_wconf 85' lang='lat' dir='ltr'>alia</span> <span class='ocrx_word' id='word_1_350' title='bbox 1355 1126 1440 1160; x_wconf 91' lang='lat' dir='ltr'>bona</span> <span class='ocrx_word' id='word_1_351' title='bbox 1465 1127 1611 1170; x_wconf 89' lang='lat' dir='ltr'>ipsorum</span> <span class='ocrx_word' id='word_1_352' title='bbox 1642 1128 1736 1161; x_wconf 87' lang='lat' dir='ltr'>etiam</span> <span class='ocrx_word' id='word_1_353' title='bbox 1762 1139 1858 1161; x_wconf 89' lang='lat' dir='ltr'>manu</span> 
     </span>
     <span class='ocr_line' id='line_1_71' title="bbox 1120 1179 1858 1225; baseline 0.004 -14"><span class='ocrx_word' id='word_1_354' title='bbox 1120 1179 1208 1222; x_wconf 72' lang='lat' dir='ltr'>regia</span> <span class='ocrx_word' id='word_1_355' title='bbox 1225 1179 1493 1222; x_wconf 89' lang='lat' dir='ltr'>apprehendendi</span> <span class='ocrx_word' id='word_1_356' title='bbox 1518 1186 1550 1214; x_wconf 89' lang='lat' dir='ltr'>et</span> <span class='ocrx_word' id='word_1_357' title='bbox 1573 1192 1676 1225; x_wconf 86' lang='lat' dir='ltr'>usque</span> <span class='ocrx_word' id='word_1_358' title='bbox 1693 1181 1731 1214; x_wconf 87' lang='lat' dir='ltr'>ad</span> <span class='ocrx_word' id='word_1_359' title='bbox 1750 1182 1858 1214; x_wconf 90' lang='lat' dir='ltr'>condi-</span> 
     </span>
     <span class='ocr_line' id='line_1_72' title="bbox 1120 1232 1858 1275; baseline 0.004 -11"><span class='ocrx_word' id='word_1_360' title='bbox 1120 1242 1216 1275; x_wconf 85' lang='lat' dir='ltr'>gnam</span> <span class='ocrx_word' id='word_1_361' title='bbox 1240 1232 1496 1267; x_wconf 74' lang='lat' dir='ltr'>satisfactionem</span> <span class='ocrx_word' id='word_1_362' title='bbox 1521 1233 1704 1274; x_wconf 87' lang='lat' dir='ltr'>retinendi;</span> <span class='ocrx_word' id='word_1_363' title='bbox 1732 1239 1858 1268; x_wconf 78' lang='lat' dir='ltr'>contra-</span> 
     </span>
     <span class='ocr_line' id='line_1_73' title="bbox 1120 1284 1858 1333; baseline 0.004 -16"><span class='ocrx_word' id='word_1_364' title='bbox 1120 1284 1275 1326; x_wconf 87' lang='lat' dir='ltr'>dictores,</span> <span class='ocrx_word' id='word_1_365' title='bbox 1294 1286 1540 1328; x_wconf 85' lang='lat' dir='ltr'>perturbatores</span> <span class='ocrx_word' id='word_1_366' title='bbox 1556 1292 1588 1320; x_wconf 92' lang='lat' dir='ltr'>et</span> <span class='ocrx_word' id='word_1_367' title='bbox 1604 1287 1743 1321; x_wconf 89' lang='lat' dir='ltr'>rebelles</span> <span class='ocrx_word' id='word_1_368' title='bbox 1761 1298 1858 1333; x_wconf 87' lang='lat' dir='ltr'>quos-</span> 
     </span>
     <span class='ocr_line' id='line_1_74' title="bbox 1120 1338 1857 1382; baseline 0.007 -13"><span class='ocrx_word' id='word_1_369' title='bbox 1120 1347 1271 1380; x_wconf 88' lang='lat' dir='ltr'>cumque,</span> <span class='ocrx_word' id='word_1_370' title='bbox 1289 1338 1402 1382; x_wconf 88' lang='lat' dir='ltr'>eisque</span> <span class='ocrx_word' id='word_1_371' title='bbox 1427 1339 1592 1381; x_wconf 80' lang='lat' dir='ltr'>auxilium,</span> <span class='ocrx_word' id='word_1_372' title='bbox 1609 1340 1782 1374; x_wconf 90' lang='lat' dir='ltr'>consilium</span> <span class='ocrx_word' id='word_1_373' title='bbox 1808 1342 1857 1374; x_wconf 85' lang='lat' dir='ltr'>vel</span> 
     </span>
     <span class='ocr_line' id='line_1_75' title="bbox 1119 1389 1858 1437; baseline 0.005 -15"><span class='ocrx_word' id='word_1_374' title='bbox 1119 1389 1270 1431; x_wconf 85' lang='lat' dir='ltr'>savorem,</span> <span class='ocrx_word' id='word_1_375' title='bbox 1281 1391 1411 1436; x_wconf 84' lang='lat' dir='ltr'>publice</span> <span class='ocrx_word' id='word_1_376' title='bbox 1427 1392 1477 1425; x_wconf 91' lang='lat' dir='ltr'>vel</span> <span class='ocrx_word' id='word_1_377' title='bbox 1490 1393 1625 1434; x_wconf 89' lang='lat' dir='ltr'>occulte,</span> <span class='ocrx_word' id='word_1_378' title='bbox 1637 1393 1749 1437; x_wconf 90' lang='lat' dir='ltr'>quovis</span> <span class='ocrx_word' id='word_1_379' title='bbox 1764 1404 1858 1437; x_wconf 83' lang='lat' dir='ltr'>quae·</span> 
     </span>
     <span class='ocr_line' id='line_1_76' title="bbox 1120 1443 1857 1490; baseline 0.005 -15"><span class='ocrx_word' id='word_1_380' title='bbox 1120 1443 1182 1476; x_wconf 92' lang='lat' dir='ltr'>sito</span> <span class='ocrx_word' id='word_1_381' title='bbox 1207 1443 1315 1477; x_wconf 86' lang='lat' dir='ltr'>colore</span> <span class='ocrx_word' id='word_1_382' title='bbox 1332 1449 1546 1488; x_wconf 82' lang='lat' dir='ltr'>praestantes,</span> <span class='ocrx_word' id='word_1_383' title='bbox 1564 1446 1796 1490; x_wconf 88' lang='lat' dir='ltr'>cuiuscumque</span> <span class='ocrx_word' id='word_1_384' title='bbox 1814 1447 1857 1479; x_wconf 93' lang='lat' dir='ltr'>di-</span> 
     </span>
     <span class='ocr_line' id='line_1_77' title="bbox 1120 1495 1857 1543; baseline 0.007 -15"><span class='ocrx_word' id='word_1_385' title='bbox 1120 1495 1262 1539; x_wconf 85' lang='lat' dir='ltr'>gnitatis,</span> <span class='ocrx_word' id='word_1_386' title='bbox 1282 1497 1399 1540; x_wconf 84' lang='lat' dir='ltr'>gradus</span> <span class='ocrx_word' id='word_1_387' title='bbox 1424 1503 1456 1530; x_wconf 91' lang='lat' dir='ltr'>et</span> <span class='ocrx_word' id='word_1_388' title='bbox 1479 1498 1602 1532; x_wconf 89' lang='lat' dir='ltr'>ordinis</span> <span class='ocrx_word' id='word_1_389' title='bbox 1620 1499 1749 1540; x_wconf 87' lang='lat' dir='ltr'>fuerint,</span> <span class='ocrx_word' id='word_1_390' title='bbox 1765 1510 1857 1543; x_wconf 89' lang='lat' dir='ltr'>prae-</span> 
     </span>
     <span class='ocr_line' id='line_1_78' title="bbox 1120 1548 1857 1595; baseline 0.007 -14"><span class='ocrx_word' id='word_1_391' title='bbox 1120 1548 1213 1582; x_wconf 89' lang='lat' dir='ltr'>dictis</span> <span class='ocrx_word' id='word_1_392' title='bbox 1237 1549 1373 1593; x_wconf 89' lang='lat' dir='ltr'>aliisque</span> <span class='ocrx_word' id='word_1_393' title='bbox 1398 1551 1543 1584; x_wconf 86' lang='lat' dir='ltr'>censuris</span> <span class='ocrx_word' id='word_1_394' title='bbox 1562 1557 1593 1584; x_wconf 90' lang='lat' dir='ltr'>et</span> <span class='ocrx_word' id='word_1_395' title='bbox 1616 1552 1731 1595; x_wconf 90' lang='lat' dir='ltr'>poenis</span> <span class='ocrx_word' id='word_1_396' title='bbox 1755 1554 1857 1586; x_wconf 89' lang='lat' dir='ltr'>eccle-</span> 
     </span>
     <span class='ocr_line' id='line_1_79' title="bbox 1119 1601 1857 1647; baseline 0.007 -13"><span class='ocrx_word' id='word_1_397' title='bbox 1119 1601 1269 1643; x_wconf 84' lang='lat' dir='ltr'>siasticis,</span> <span class='ocrx_word' id='word_1_398' title='bbox 1300 1613 1430 1637; x_wconf 88' lang='lat' dir='ltr'>necnon</span> <span class='ocrx_word' id='word_1_399' title='bbox 1468 1604 1691 1647; x_wconf 83' lang='lat' dir='ltr'>pecuniariis,</span> <span class='ocrx_word' id='word_1_400' title='bbox 1725 1606 1857 1639; x_wconf 88' lang='lat' dir='ltr'>ceteris—</span> 
     </span>
     <span class='ocr_line' id='line_1_80' title="bbox 1120 1655 1855 1702; baseline 0.007 -15"><span class='ocrx_word' id='word_1_401' title='bbox 1120 1665 1181 1698; x_wconf 90' lang='lat' dir='ltr'>que</span> <span class='ocrx_word' id='word_1_402' title='bbox 1200 1655 1277 1688; x_wconf 92' lang='lat' dir='ltr'>iuris</span> <span class='ocrx_word' id='word_1_403' title='bbox 1302 1662 1334 1689; x_wconf 93' lang='lat' dir='ltr'>et</span> <span class='ocrx_word' id='word_1_404' title='bbox 1358 1657 1432 1690; x_wconf 85' lang='lat' dir='ltr'>faeti</span> <span class='ocrx_word' id='word_1_405' title='bbox 1457 1657 1610 1691; x_wconf 87' lang='lat' dir='ltr'>remediis</span> <span class='ocrx_word' id='word_1_406' title='bbox 1627 1659 1855 1702; x_wconf 88' lang='lat' dir='ltr'>compellendi,</span> 
     </span>
     <span class='ocr_line' id='line_1_81' title="bbox 1120 1707 1856 1755; baseline 0.005 -15"><span class='ocrx_word' id='word_1_407' title='bbox 1120 1707 1256 1752; x_wconf 88' lang='lat' dir='ltr'>illasque</span> <span class='ocrx_word' id='word_1_408' title='bbox 1288 1709 1384 1743; x_wconf 89' lang='lat' dir='ltr'>etiam</span> <span class='ocrx_word' id='word_1_409' title='bbox 1417 1709 1542 1743; x_wconf 88' lang='lat' dir='ltr'>iteratis</span> <span class='ocrx_word' id='word_1_410' title='bbox 1581 1710 1704 1744; x_wconf 89' lang='lat' dir='ltr'>vicibus</span> <span class='ocrx_word' id='word_1_411' title='bbox 1736 1722 1856 1755; x_wconf 81' lang='lat' dir='ltr'>aggra-</span> 
     </span>
     <span class='ocr_line' id='line_1_82' title="bbox 1118 1761 1854 1806; baseline 0.005 -12"><span class='ocrx_word' id='word_1_412' title='bbox 1118 1761 1230 1803; x_wconf 72' lang='lat' dir='ltr'>vandi,</span> <span class='ocrx_word' id='word_1_413' title='bbox 1252 1762 1472 1806; x_wconf 87' lang='lat' dir='ltr'>dignitatibus,</span> <span class='ocrx_word' id='word_1_414' title='bbox 1489 1763 1657 1797; x_wconf 86' lang='lat' dir='ltr'>beneficiis</span> <span class='ocrx_word' id='word_1_415' title='bbox 1684 1769 1716 1797; x_wconf 91' lang='lat' dir='ltr'>et</span> <span class='ocrx_word' id='word_1_416' title='bbox 1740 1765 1854 1798; x_wconf 82' lang='lat' dir='ltr'>officiis</span> 
     </span>
     <span class='ocr_line' id='line_1_83' title="bbox 1118 1814 1855 1859; baseline 0.004 -12"><span class='ocrx_word' id='word_1_417' title='bbox 1118 1814 1269 1848; x_wconf 88' lang='lat' dir='ltr'>omnibus</span> <span class='ocrx_word' id='word_1_418' title='bbox 1288 1815 1436 1859; x_wconf 90' lang='lat' dir='ltr'>privandi</span> <span class='ocrx_word' id='word_1_419' title='bbox 1453 1821 1485 1849; x_wconf 89' lang='lat' dir='ltr'>et</span> <span class='ocrx_word' id='word_1_420' title='bbox 1499 1816 1678 1857; x_wconf 89' lang='lat' dir='ltr'>amovendi,</span> <span class='ocrx_word' id='word_1_421' title='bbox 1692 1817 1731 1850; x_wconf 88' lang='lat' dir='ltr'>ad</span> <span class='ocrx_word' id='word_1_422' title='bbox 1750 1817 1855 1850; x_wconf 86' lang='lat' dir='ltr'>futura</span> 
     </span>
     <span class='ocr_line' id='line_1_84' title="bbox 1118 1867 1855 1910; baseline 0.004 -10"><span class='ocrx_word' id='word_1_423' title='bbox 1118 1867 1280 1901; x_wconf 86' lang='lat' dir='ltr'>inhabiles</span> <span class='ocrx_word' id='word_1_424' title='bbox 1302 1868 1451 1910; x_wconf 88' lang='lat' dir='ltr'>faciendi,</span> <span class='ocrx_word' id='word_1_425' title='bbox 1473 1868 1679 1903; x_wconf 87' lang='lat' dir='ltr'>interdictum</span> <span class='ocrx_word' id='word_1_426' title='bbox 1705 1870 1855 1903; x_wconf 83' lang='lat' dir='ltr'>ecclesia-</span> 
     </span>
     <span class='ocr_line' id='line_1_85' title="bbox 1117 1921 1854 1968; baseline 0.004 -14"><span class='ocrx_word' id='word_1_427' title='bbox 1117 1921 1232 1955; x_wconf 91' lang='lat' dir='ltr'>sticum</span> <span class='ocrx_word' id='word_1_428' title='bbox 1257 1923 1457 1966; x_wconf 88' lang='lat' dir='ltr'>apponendi,</span> <span class='ocrx_word' id='word_1_429' title='bbox 1484 1923 1704 1968; x_wconf 87' lang='lat' dir='ltr'>auxiliumque</span> <span class='ocrx_word' id='word_1_430' title='bbox 1729 1923 1854 1957; x_wconf 78' lang='lat' dir='ltr'>brachii</span> 
     </span>
     <span class='ocr_line' id='line_1_86' title="bbox 1116 1975 1855 2021; baseline 0.003 -13"><span class='ocrx_word' id='word_1_431' title='bbox 1116 1975 1288 2008; x_wconf 86' lang='lat' dir='ltr'>saecularis</span> <span class='ocrx_word' id='word_1_432' title='bbox 1328 1975 1601 2020; x_wconf 89' lang='lat' dir='ltr'>quandocumque</span> <span class='ocrx_word' id='word_1_433' title='bbox 1638 1987 1718 2021; x_wconf 86' lang='lat' dir='ltr'>opus</span> <span class='ocrx_word' id='word_1_434' title='bbox 1758 1976 1855 2010; x_wconf 87' lang='lat' dir='ltr'>fuerit</span> 
     </span>
     <span class='ocr_line' id='line_1_87' title="bbox 1116 2027 1853 2074; baseline 0.003 -13"><span class='ocrx_word' id='word_1_435' title='bbox 1116 2027 1305 2069; x_wconf 74' lang='lat' dir='ltr'>invocandi,</span> <span class='ocrx_word' id='word_1_436' title='bbox 1332 2028 1406 2063; x_wconf 91' lang='lat' dir='ltr'>illos</span> <span class='ocrx_word' id='word_1_437' title='bbox 1439 2039 1533 2069; x_wconf 90' lang='lat' dir='ltr'>vero,</span> <span class='ocrx_word' id='word_1_438' title='bbox 1567 2029 1622 2074; x_wconf 92' lang='lat' dir='ltr'>qui</span> <span class='ocrx_word' id='word_1_439' title='bbox 1646 2029 1853 2074; x_wconf 82' lang='lat' dir='ltr'>resipuerint,</span> 
     </span>
     <span class='ocr_line' id='line_1_88' title="bbox 1116 2081 1855 2123; baseline 0.003 -8"><span class='ocrx_word' id='word_1_440' title='bbox 1116 2093 1152 2115; x_wconf 88' lang='lat' dir='ltr'>ac</span> <span class='ocrx_word' id='word_1_441' title='bbox 1168 2081 1276 2116; x_wconf 86' lang='lat' dir='ltr'>debite</span> <span class='ocrx_word' id='word_1_442' title='bbox 1294 2082 1530 2123; x_wconf 79' lang='lat' dir='ltr'>satisfecerint,</span> <span class='ocrx_word' id='word_1_443' title='bbox 1547 2083 1586 2116; x_wconf 86' lang='lat' dir='ltr'>ab</span> <span class='ocrx_word' id='word_1_444' title='bbox 1604 2082 1753 2117; x_wconf 86' lang='lat' dir='ltr'>omnibus</span> <span class='ocrx_word' id='word_1_445' title='bbox 1780 2093 1855 2117; x_wconf 88' lang='lat' dir='ltr'>cen-</span> 
     </span>
     <span class='ocr_line' id='line_1_89' title="bbox 1116 2135 1855 2180; baseline 0.003 -12"><span class='ocrx_word' id='word_1_446' title='bbox 1116 2135 1198 2169; x_wconf 87' lang='lat' dir='ltr'>suris</span> <span class='ocrx_word' id='word_1_447' title='bbox 1219 2141 1251 2169; x_wconf 86' lang='lat' dir='ltr'>et</span> <span class='ocrx_word' id='word_1_448' title='bbox 1270 2135 1384 2180; x_wconf 87' lang='lat' dir='ltr'>poenis</span> <span class='ocrx_word' id='word_1_449' title='bbox 1405 2136 1601 2180; x_wconf 84' lang='lat' dir='ltr'>supradictis</span> <span class='ocrx_word' id='word_1_450' title='bbox 1620 2137 1653 2171; x_wconf 88' lang='lat' dir='ltr'>iu</span> <span class='ocrx_word' id='word_1_451' title='bbox 1670 2137 1772 2171; x_wconf 78' lang='lat' dir='ltr'>forma</span> <span class='ocrx_word' id='word_1_452' title='bbox 1796 2136 1855 2170; x_wconf 77' lang='lat' dir='ltr'>Ec-</span> 
     </span>
     <span class='ocr_line' id='line_1_90' title="bbox 1116 2189 1854 2233; baseline 0.001 -12"><span class='ocrx_word' id='word_1_453' title='bbox 1116 2189 1233 2223; x_wconf 88' lang='lat' dir='ltr'>clesiae</span> <span class='ocrx_word' id='word_1_454' title='bbox 1258 2192 1412 2223; x_wconf 75' lang='lat' dir='ltr'>consueta</span> <span class='ocrx_word' id='word_1_455' title='bbox 1436 2189 1649 2230; x_wconf 85' lang='lat' dir='ltr'>absolvendi,</span> <span class='ocrx_word' id='word_1_456' title='bbox 1680 2200 1778 2233; x_wconf 86' lang='lat' dir='ltr'>super</span> <span class='ocrx_word' id='word_1_457' title='bbox 1812 2189 1854 2222; x_wconf 63' lang='lat' dir='ltr'>ir⁴</span> 
     </span>
     <span class='ocr_line' id='line_1_91' title="bbox 1118 2242 1853 2286; baseline 0.003 -11"><span class='ocrx_word' id='word_1_458' title='bbox 1118 2242 1327 2286; x_wconf 81' lang='lat' dir='ltr'>regularitate</span> <span class='ocrx_word' id='word_1_459' title='bbox 1364 2243 1474 2277; x_wconf 80' lang='lat' dir='ltr'>forsan</span> <span class='ocrx_word' id='word_1_460' title='bbox 1504 2242 1652 2284; x_wconf 79' lang='lat' dir='ltr'>incursa,</span> <span class='ocrx_word' id='word_1_461' title='bbox 1679 2242 1853 2277; x_wconf 85' lang='lat' dir='ltr'>dummodo</span> 
     </span>
     <span class='ocr_line' id='line_1_92' title="bbox 1117 2296 1853 2341; baseline 0 -12"><span class='ocrx_word' id='word_1_462' title='bbox 1117 2296 1275 2329; x_wconf 85' lang='lat' dir='ltr'>tamenin</span> <span class='ocrx_word' id='word_1_463' title='bbox 1300 2301 1524 2341; x_wconf 81' lang='lat' dir='ltr'>contemptum</span> <span class='ocrx_word' id='word_1_464' title='bbox 1549 2296 1685 2330; x_wconf 80' lang='lat' dir='ltr'>clavium</span> <span class='ocrx_word' id='word_1_465' title='bbox 1711 2306 1777 2329; x_wconf 90' lang='lat' dir='ltr'>non</span> <span class='ocrx_word' id='word_1_466' title='bbox 1803 2306 1853 2329; x_wconf 87' lang='lat' dir='ltr'>ce-</span> 
     </span>
     <span class='ocr_line' id='line_1_93' title="bbox 1118 2348 1854 2393; baseline 0 -11"><span class='ocrx_word' id='word_1_467' title='bbox 1118 2349 1334 2390; x_wconf 88' lang='lat' dir='ltr'>lebraverint,</span> <span class='ocrx_word' id='word_1_468' title='bbox 1361 2349 1598 2393; x_wconf 88' lang='lat' dir='ltr'>dispensandi,</span> <span class='ocrx_word' id='word_1_469' title='bbox 1624 2353 1656 2382; x_wconf 89' lang='lat' dir='ltr'>et</span> <span class='ocrx_word' id='word_1_470' title='bbox 1680 2349 1719 2382; x_wconf 89' lang='lat' dir='ltr'>ad</span> <span class='ocrx_word' id='word_1_471' title='bbox 1744 2348 1854 2392; x_wconf 84' lang='lat' dir='ltr'>pristi-</span> 
     </span>
     <span class='ocr_line' id='line_1_94' title="bbox 1117 2401 1854 2447; baseline -0.003 -11"><span class='ocrx_word' id='word_1_472' title='bbox 1117 2413 1194 2436; x_wconf 92' lang='lat' dir='ltr'>num</span> <span class='ocrx_word' id='word_1_473' title='bbox 1218 2408 1335 2437; x_wconf 85' lang='lat' dir='ltr'>statum</span> <span class='ocrx_word' id='word_1_474' title='bbox 1366 2402 1499 2436; x_wconf 88' lang='lat' dir='ltr'>omnino</span> <span class='ocrx_word' id='word_1_475' title='bbox 1524 2401 1734 2442; x_wconf 71' lang='lat' dir='ltr'>restituendi,</span> <span class='ocrx_word' id='word_1_476' title='bbox 1759 2412 1854 2447; x_wconf 88' lang='lat' dir='ltr'>prae-</span> 
     </span>
     <span class='ocr_line' id='line_1_95' title="bbox 1118 2455 1854 2490; baseline -0.003 -1"><span class='ocrx_word' id='word_1_477' title='bbox 1118 2461 1208 2490; x_wconf 87' lang='lat' dir='ltr'>terea</span> <span class='ocrx_word' id='word_1_478' title='bbox 1236 2457 1428 2490; x_wconf 88' lang='lat' dir='ltr'>collectores</span> <span class='ocrx_word' id='word_1_479' title='bbox 1465 2461 1496 2490; x_wconf 88' lang='lat' dir='ltr'>et</span> <span class='ocrx_word' id='word_1_480' title='bbox 1530 2455 1785 2489; x_wconf 87' lang='lat' dir='ltr'>subcollectores</span> <span class='ocrx_word' id='word_1_481' title='bbox 1809 2455 1854 2488; x_wconf 86' lang='lat' dir='ltr'>vi-</span> 
     </span>
     <span class='ocr_line' id='line_1_96' title="bbox 1117 2507 1854 2554; baseline -0.003 -11"><span class='ocrx_word' id='word_1_482' title='bbox 1117 2520 1170 2543; x_wconf 89' lang='lat' dir='ltr'>ros</span> <span class='ocrx_word' id='word_1_483' title='bbox 1197 2509 1317 2554; x_wconf 88' lang='lat' dir='ltr'>ubique</span> <span class='ocrx_word' id='word_1_484' title='bbox 1342 2509 1496 2553; x_wconf 87' lang='lat' dir='ltr'>providos</span> <span class='ocrx_word' id='word_1_485' title='bbox 1523 2519 1560 2543; x_wconf 87' lang='lat' dir='ltr'>ac</span> <span class='ocrx_word' id='word_1_486' title='bbox 1579 2507 1640 2542; x_wconf 83' lang='lat' dir='ltr'>lide</span> <span class='ocrx_word' id='word_1_487' title='bbox 1669 2514 1702 2542; x_wconf 91' lang='lat' dir='ltr'>et</span> <span class='ocrx_word' id='word_1_488' title='bbox 1721 2507 1854 2542; x_wconf 88' lang='lat' dir='ltr'>faculta-</span> 
     </span>
     <span class='ocr_line' id='line_1_97' title="bbox 1118 2560 1853 2609; baseline -0.003 -13"><span class='ocrx_word' id='word_1_489' title='bbox 1118 2563 1204 2597; x_wconf 90' lang='lat' dir='ltr'>tibus</span> <span class='ocrx_word' id='word_1_490' title='bbox 1224 2563 1408 2609; x_wconf 89' lang='lat' dir='ltr'>locupletes</span> <span class='ocrx_word' id='word_1_491' title='bbox 1433 2567 1465 2599; x_wconf 86' lang='lat' dir='ltr'>et</span> <span class='ocrx_word' id='word_1_492' title='bbox 1491 2563 1628 2598; x_wconf 86' lang='lat' dir='ltr'>solertes</span> <span class='ocrx_word' id='word_1_493' title='bbox 1647 2561 1680 2596; x_wconf 89' lang='lat' dir='ltr'>in</span> <span class='ocrx_word' id='word_1_494' title='bbox 1704 2560 1853 2596; x_wconf 90' lang='lat' dir='ltr'>omnibus</span> 
     </span>
    </p>
   </div>
   <div class='ocr_carea' id='block_1_7' title="bbox 1873 170 2058 210">
    <p class='ocr_par' dir='ltr' id='par_1_10' title="bbox 1873 170 2058 210">
     <span class='ocr_line' id='line_1_98' title="bbox 1873 170 2058 210; baseline 0.005 -5"><span class='ocrx_word' id='word_1_495' title='bbox 1873 170 1923 210; x_wconf 58' lang='lat' dir='ltr'>An.</span> <span class='ocrx_word' id='word_1_496' title='bbox 1943 180 1973 206; x_wconf 83' lang='lat' dir='ltr'>c.</span> <span class='ocrx_word' id='word_1_497' title='bbox 1993 178 2058 206; x_wconf 64' lang='lat' dir='ltr'>susa</span> 
     </span>
    </p>
   </div>
  </div>
 </body>
</html>
