2111 3157
23 197 74 225 An.
91 194 120 222 C.
142 193 210 221 1680

788 193 1005 223 iunocanrius
1025 193 1056 216 xx
1081 192 1129 216 pr.

215 241 335 285 aliquid
374 242 643 275 irrationabiliter
680 242 844 285 postulat,
881 253 946 275 non

215 294 400 337 spernendo
425 304 495 327 eum
521 294 701 334 contristet,
729 295 785 327 sed
809 294 948 326 rationa-

214 347 323 380 biliter
347 358 417 380 cum
443 347 624 380 humilitate
647 347 730 379 male
753 346 876 389 petenti
894 347 945 378 de-

215 405 323 442 neget.
351 400 392 442 (c)
419 400 562 432 Animam
587 409 676 432 suam
695 397 862 437 custodiat,
878 407 946 430 me-

215 462 287 484 mor
311 462 440 494 semper
464 451 549 484 illius
574 450 740 493 apostolici
765 449 944 492 praecepti:

218 504 303 543 Quia
319 504 378 547 qui
394 504 467 536 bene
483 503 717 535 ministraverit
729 501 869 544 qraclum
885 500 946 533 sibi

217 555 331 587 bonum
354 555 504 597 acquirit.
526 554 738 592 Infirmorum,
760 552 942 590 infantium,

218 607 392 650 hospitum,
409 615 653 649 pauperumque
678 615 749 637 cum
774 604 861 636 omni
885 604 945 635 sol-

217 659 380 691 licitudine
405 668 511 689 curam
533 662 638 699 gerat,
664 656 768 688 sciens
793 656 862 688 sine
887 656 945 687 du-

215 710 267 743 bio
297 710 373 752 quia
397 719 455 752 pro
480 709 530 741 his
556 709 706 741 omnibus
729 709 761 740 in
787 708 837 740 die
862 707 945 740 iudi-

215 761 254 795 cii
278 762 435 795 rationem
460 761 646 794 redditurus
671 766 731 794 est.

256 813 369 847 Omnia
392 824 465 847 vasa
497 813 704 853 monasterii,
731 818 943 855 cunctamque

213 867 442 906 substantiam,
476 876 511 898 ac
535 866 560 897 si
585 865 692 898 altaris
724 875 798 897 vasa
821 870 944 897 sacrata

214 918 401 961 conspiciat.
425 918 472 960 (d)
489 917 575 950 Nihil
592 918 687 950 ducat
704 917 944 959 negligendum,

216 981 318 1013 neque
343 971 493 1002 avaritiae
514 970 650 1009 studeat,
669 980 773 1012 neque
790 970 944 1012 prodigus

216 1022 264 1061 sit,
283 1027 337 1054 aut
361 1023 538 1064 extirpator
562 1022 761 1054 substantiae
782 1027 944 1054 monaste-

213 1074 263 1113 rii,
283 1074 339 1106 sed
364 1074 473 1106 omnia
497 1078 681 1106 mensurate
707 1073 809 1113 saciat,
839 1078 871 1105 et
897 1083 944 1105 se-

215 1127 354 1159 cundum
378 1126 556 1158 iussionem
589 1125 712 1158 abbatis
745 1125 806 1157 sui.
833 1124 944 1157 llunii-

212 1178 336 1211 litatem
362 1184 434 1210 ante
459 1178 567 1210 onmia
591 1178 717 1217 habeat,
743 1182 775 1210 et
797 1177 846 1209 cui
872 1177 942 1209 sub—

214 1231 333 1262 stantia
357 1240 422 1262 non
444 1236 490 1263 est
521 1240 601 1272 quae
627 1230 809 1270 tribuatur,
837 1239 942 1261 sermo

212 1283 435 1325 responsionis
450 1283 634 1325 porrigatur
647 1284 761 1322 bonus,
780 1282 854 1325 quia
871 1281 942 1314 scri-

213 1341 300 1377 ptum
333 1340 398 1367 cst:
424 1335 531 1367 Sermo
567 1335 666 1367 bonus
701 1345 794 1378 saper
828 1334 939 1367 clatum

212 1387 382 1430 optimum.
409 1387 530 1426 Omnia,
552 1398 635 1430 quae
653 1387 681 1420 ei
700 1387 873 1420 iniunxerit
888 1387 943 1419 ab·

212 1440 280 1479 bas
302 1440 369 1482 ipse
395 1440 512 1472 babeat
534 1440 592 1472 sub
610 1442 685 1472 cura
704 1441 775 1480 sua;
793 1450 811 1472 a
828 1439 942 1482 quibus

214 1501 286 1524 eum
310 1491 523 1534 prohibuerit,
552 1502 616 1524 non
641 1498 839 1534 praesumat.
869 1491 964 1524 Fra-¹

215 1545 317 1577 tribus
342 1545 550 1577 constitutam
571 1555 731 1577 annonam
749 1544 817 1577 sine
835 1545 942 1587 aliquo
963 1559 964 1562 ¹

240 1607 245 1612 .
323 1601 330 1612 ⁷
363 1608 368 1614 γ
381 1608 388 1617 1
488 1599 508 1614 η’
576 1608 589 1618 ,,
602 1607 608 1613 .
915 1608 943 1620 ,-

216 1598 314 1639 qpho
352 1597 401 1629 “l
423 1607 513 1629 mom
530 1596 652 1636 Offiiffl'
672 1602 706 1628 m
725 1607 790 1629 non
811 1597 930 1629 scandd
963 1629 965 1660 ἕ
985 1634 1115 1672 possint,
1139 1634 1273 1663 volumus
1293 1634 1412 1663 omnino
1443 1638 1473 1663 ut
1505 1633 1533 1662 in
1558 1634 1629 1663 cella
1651 1634 1717 1663 dor-

212 1649 362 1689 lizentur,
383 1660 504 1682 memor
521 1649 618 1682 divini
637 1649 769 1692 eloquii,
786 1649 863 1692 quid
881 1658 944 1681 mc-

214 1706 324 1732 reatur
343 1700 397 1742 qui
417 1701 684 1733 scandalizaverit
708 1712 805 1733 unum
824 1701 863 1733 de
888 1711 944 1743 pu-

214 1753 307 1785 sillis.
334 1753 365 1785 Si
390 1753 600 1795 congregatio
624 1754 728 1785 maior
753 1753 865 1793 suerit,
892 1763 944 1785 so-

214 1805 290 1838 latia
315 1804 342 1837 ei
362 1805 488 1844 dentur,
508 1816 524 1837 a
541 1805 656 1847 quibus
675 1805 800 1837 adiutus
824 1811 855 1837 et
874 1805 943 1848 ipse

214 1867 319 1900 aequo
344 1857 449 1890 animo
469 1858 601 1900 impleat
621 1858 759 1890 officium
779 1858 840 1890 sibi
861 1868 945 1890 com-

214 1910 359 1942 missum.
401 1910 494 1942 lloris
533 1910 793 1953 competentibus
828 1911 945 1943 dentur

216 1972 297 2005 quae
322 1963 426 1994 danda
450 1967 534 2001 sunt,
560 1968 590 1995 ct
610 1967 762 2005 petantur
781 1973 862 2005 quae
890 1972 946 2005 pe-

215 2014 313 2047 tenda
337 2020 433 2053 sunt;
459 2020 494 2046 ut
517 2024 609 2047 nemv
630 2014 863 2057 perturbetur,
891 2025 946 2047 ne-

216 2078 279 2110 que
303 2068 515 2100 contristetur
539 2067 569 2100 in
595 2068 689 2101 domo
713 2068 781 2101 Dei.

484 2129 677 2150 necmm‘no.

257 2168 302 2208 (a)
317 2177 336 2198 1.
354 2168 488 2207 Eliyatur.
511 2168 532 2197 A
550 2169 677 2207 praelato
693 2168 814 2205 scilicet,
832 2168 865 2198 de
881 2178 948 2197 con-

218 2216 283 2246 silio
304 2217 473 2254 seniorum,
505 2216 709 2246 definitoribus
737 2216 782 2246 vel
813 2216 948 2254 regimini

219 2264 444 2303 proponendus,
468 2269 495 2293 et
518 2264 553 2293 ab
575 2263 632 2293 illis
659 2264 883 2302 promovendus.
906 2263 949 2293 Sit

220 2317 316 2342 autem
338 2312 464 2341 decanus
495 2311 612 2340 omnino
644 2310 773 2340 moribus
805 2311 900 2349 gravis
921 2316 949 2341 et

220 2359 369 2398 probatus.

260 2407 300 2446 (b)
323 2416 352 2437 ιι.
389 2407 454 2437 Sine
482 2407 599 2436 iussione
626 2406 728 2435 abbatis
759 2406 829 2435 nihil
854 2408 949 2445 faciat.

221 2455 255 2485 Et
276 2456 443 2495 praecipue,
463 2464 499 2484 ne
520 2454 638 2484 omnino
659 2454 782 2484 fabricas
803 2459 951 2484 construat

259 2548 270 2574 t
291 2545 362 2574 Edit.
379 2545 457 2574 Maia.
475 2546 539 2582 legit
559 2549 621 2581 {ispo
637 2553 684 2581 pro
704 2546 788 2581 typho
806 2547 844 2581 (a.
861 2545 909 2581 τ.).

989 241 1068 270 intus
1092 244 1141 269 aut
1170 244 1251 269 extra
1274 238 1482 269 monasterium
1512 239 1573 268 sine
1598 238 1720 268 scientia

989 294 1016 318 et
1039 289 1187 318 voluntate
1209 288 1330 327 praelati
1353 288 1408 317 sui.
1425 287 1504 317 Alias
1525 297 1639 326 quoque
1660 297 1717 324 res,

988 346 1060 375 qnae
1082 337 1189 366 fuerint
1211 336 1334 366 alicuius
1356 336 1505 373 momenti,
1529 340 1597 374 puta
1620 336 1719 366 vendi-

988 385 1079 414 tiones
1101 384 1226 422 frugum,
1250 384 1326 420 vini,
1348 384 1402 414 olei
1425 388 1452 413 et
1474 384 1596 413 aliarum
1618 393 1717 414 rerum

986 432 1015 461 in
1044 433 1199 470 quantavis
1230 434 1366 469 summa,
1398 437 1426 461 et
1459 432 1618 469 similium,
1652 442 1717 462 cum

987 480 1126 517 praelato,
1139 480 1195 515 vel,
1210 489 1242 509 eo
1254 479 1385 517 absente,
1403 489 1467 509 cum
1480 480 1628 519 superiore
1641 490 1718 511 com-

986 527 1132 563 nimiicet,
1157 536 1210 556 nec
1231 527 1293 556 sine
1315 527 1377 556 eius
1399 527 1609 566 approbatione
1631 533 1659 558 et
1684 529 1718 558 ti-

985 575 1078 602 centia
1101 574 1242 612 perficiat.

1024 630 1064 650 111.
1089 622 1192 651 Caveat
1214 626 1309 651 autem
1338 623 1456 652 omnino
1483 631 1498 652 a
1521 622 1650 653 cuiusvis
1671 634 1717 653 ar-

986 668 1065 698 boris
1086 669 1226 699 incisione
1242 670 1271 699 in
1287 670 1517 708 possessionibus
1535 672 1715 710 monasterii,

986 716 1057 745 itaut
1081 726 1116 746 ne
1138 726 1224 746 unam
1247 717 1374 756 quidem,
1402 718 1493 746 inscio
1515 722 1543 747 et
1565 727 1621 747 non
1651 729 1717 758 pro-

986 763 1072 794 bante
1096 765 1235 803 praelato,
1252 770 1301 794 aut
1316 766 1434 803 incidat,
1451 770 1499 794 aut
1515 765 1603 795 incidi
1619 767 1714 805 faciat3

964 816 966 834 ἱ
986 813 1118 851 serioque
1140 812 1296 851 examinet,
1314 813 1361 842 ubi
1384 813 1478 851 agitur
1499 812 1533 843 de
1555 814 1642 853 sylvis
1669 816 1714 844 vel

985 859 1137 889 arboribus
1160 869 1215 889 non
1236 860 1366 898 caeduis,
1390 861 1458 900 quid
1481 861 1515 890 de
1537 861 1599 891 iure
1622 862 1715 892 facere

987 907 1088 945 possit,
1117 916 1153 936 ne
1176 908 1283 937 limites
1309 917 1379 937 suae
1411 908 1556 938 facultatis
1578 909 1713 946 excedat,

987 964 1149 994 poenasque
1161 965 1193 984 ac
1208 965 1345 985 censuras
1363 960 1581 994 extravagantes
1598 957 1677 986 Pauli
1692 958 1715 987 ll

985 1008 1011 1033 et
1035 1004 1142 1033 decreti
1174 1013 1272 1033 sacrae
1305 1004 1542 1042 Congregationis
1568 1005 1602 1035 de
1628 1005 1714 1035 rebus

985 1051 1130 1081 Ecclesiae
1152 1061 1208 1081 non
1232 1052 1393 1082 alienandis
1416 1053 1557 1087 incurrat,
1574 1054 1713 1091 graviter,

985 1099 1009 1128 si
1030 1108 1112 1128 secus
1135 1100 1245 1136 fecerit,
1269 1110 1282 1129 a
1305 1100 1504 1139 superioribus
1527 1110 1642 1139 quoque
1664 1111 1716 1140 pu-

984 1147 1126 1183 mentius,
1150 1148 1327 1186 experientia
1359 1149 1436 1177 enini
1459 1149 1552 1178 edocti
1574 1158 1715 1187 cognove-

983 1195 1092 1224 rimus¹
1115 1201 1254 1234 quantum
1278 1205 1310 1225 ex
1334 1196 1470 1225 arborum
1492 1197 1633 1226 incisione
1656 1207 1711 1226 mo-

984 1243 1108 1272 nasteria
1132 1244 1281 1282 patiantur
1308 1244 1526 1273 detrimentum.
1549 1244 1651 1275 Caveat
1673 1245 1713 1274 in-

984 1300 1070 1329 super
1098 1300 1133 1320 ne
1165 1291 1338 1320 monasteria
1365 1291 1470 1321 debitis
1502 1297 1635 1329 aggravet
1663 1294 1714 1322 sua

984 1338 1114 1373 incuria;
1135 1339 1208 1377 quod
1232 1339 1255 1367 si
1278 1339 1388 1376 fecerit,
1405 1339 1575 1377 deponatur.

1023 1391 1063 1429 (c)
1087 1400 1123 1420 tv.
1146 1392 1272 1421 Animam
1295 1402 1370 1421 Slmm
1400 1393 1541 1422 custodiat.
1569 1392 1715 1423 Cellerarii

984 1449 1041 1469 non
1063 1440 1104 1469 sic
1133 1450 1162 1469 se
1190 1440 1362 1479 immergant
1392 1440 1622 1479 temporalibus,
1646 1442 1714 1480 quin

985 1493 1084 1518 vacent
1107 1488 1330 1527 spiritualibuS,
1354 1489 1404 1518 sed
1427 1489 1469 1518 sic
1496 1493 1643 1519 transeant
1666 1499 1716 1528 per

985 1537 1058 1566 bona
1082 1537 1268 1575 temporalia,
1295 1542 1324 1566 ut
1349 1546 1404 1566 non
1427 1537 1559 1566 amittant
1583 1541 1713 1567 aeterna.

985 1586 1017 1615 Et
1041 1590 1068 1615 ut
1094 1586 1205 1615 facilius
1227 1585 1427 1624 spiritualibus
1447 1585 1593 1615 exercitiis
1615 1595 1716 1615 vacare

985 1682 1094 1711 mitorii
1117 1682 1278 1714 dormiant:
1303 1681 1418 1719 negotia
1437 1686 1532 1710 tamen
1549 1682 1716 1711 monasterii

986 1730 1013 1759 in
1037 1730 1185 1759 celleraria
1210 1734 1383 1765 exerceant;
1413 1739 1443 1758 ac
1467 1729 1567 1759 saltem
1595 1730 1717 1767 singulis

986 1777 1087 1806 diebus
1109 1777 1218 1806 festivis
1242 1777 1344 1805 missas
1359 1776 1523 1813 celebrent3
1541 1778 1633 1815 quoad
1657 1777 1716 1806 fieri

986 1830 1096 1864 potest,
1120 1826 1240 1854 cnorum
1262 1829 1289 1854 et
1312 1825 1498 1854 relectorium
1521 1825 1716 1864 frequentent.

1026 1878 1067 1913 (d)
1091 1886 1117 1905 v.
1152 1877 1229 1906 Nihil
1258 1877 1444 1915 neyliyendum
1473 1878 1561 1906 ducat.
1592 1877 1719 1912 Quilibet

986 1925 1152 1954 cellerarius
1167 1929 1313 1963 computa,
1333 1925 1471 1962 rationes,
1496 1924 1603 1961 debita,
1628 1925 1720 1954 credi-

988 1979 1026 2009 ta,
1045 1982 1185 2012 expensas
1200 1973 1394 2011 quotidianas,
1415 1977 1442 2002 ct
1458 1977 1515 2002 tatu
1533 1982 1719 2002 nummorum

987 2031 1072 2060 quam
1095 2030 1192 2051 rerum
1218 2021 1312 2050 exitus
1343 2021 1457 2059 singulo
1485 2030 1598 2060 quoque
1621 2029 1720 2050 mense

988 2070 1120 2099 ostendat
1137 2069 1265 2108 praelato
1280 2074 1306 2098 et
1326 2069 1538 2108 superioribus,
1555 2068 1603 2107 qui
1620 2078 1720 2098 omnes

989 2118 1046 2148 illis
1068 2117 1223 2156 computis,
1247 2117 1270 2147 si
1293 2126 1324 2146 ea
1348 2116 1544 2156 probaverint,
1560 2126 1647 2146 manu
1669 2118 1720 2145 sua

989 2166 1173 2195 subscribant
1187 2189 1194 2201 ,
1217 2170 1245 2195 et
1268 2169 1395 2194 mutatus
1417 2165 1451 2194 ad
1473 2165 1550 2194 aliud
1578 2169 1722 2194 monaste-

989 2215 1077 2249 rium,
1096 2214 1263 2253 priusquam
1286 2213 1413 2246 recedat,
1440 2213 1581 2242 rationem
1604 2213 1721 2242 omnino

968 2258 969 2264 ¹
990 2262 1089 2291 reddat
1111 2261 1243 2290 exercitii
1265 2260 1318 2290 sibi
1342 2261 1500 2298 commissi,
1523 2270 1619 2290 coram
1638 2270 1723 2300 supe.-

990 2309 1116 2339 rioribus
1139 2309 1258 2348 praefati
1282 2308 1466 2344 monasterii,
1490 2308 1565 2337 unde
1586 2308 1720 2338 discedit.

991 2357 1070 2393 Quod
1093 2357 1116 2385 si
1138 2366 1195 2386 non
1218 2356 1329 2393 fecerit,
1352 2356 1462 2385 ieiunet
1485 2356 1572 2385 semel
1596 2356 1624 2384 in
1648 2365 1722 2394 pane

992 2409 1020 2434 et
1036 2406 1120 2443 aqua,
1138 2403 1259 2433 ulterius
1274 2404 1361 2432 etiam
1380 2403 1475 2432 acrius
1493 2413 1508 2432 a
1524 2403 1722 2433 visitatoribus

992 2453 1156 2492 puniendus
1178 2456 1206 2481 et
1228 2451 1434 2490 corrigendus3
1451 2451 1506 2490 ipsi
1534 2460 1601 2481 vero
1624 2451 1723 2480 visita-

1029 2546 1039 2573 1
1062 2543 1154 2580 Aptius
1173 2543 1231 2580 lege
1251 2543 1430 2578 cognovimus
1449 2542 1487 2579 (rt.
1506 2543 1556 2578 τ,).

1619 181 1678 215 301
1728 191 1779 218 An.
1796 190 1823 218 c.
1849 192 1914 219 ioco
