2111 3157
162 199 212 227 Λη.
233 200 260 228 c.
287 199 352 228 1685
398 192 461 225 626

191 421 336 442 Confirmatur.

195 1909 314 1931 clam-itae.

355 261 374 284 x
400 250 550 283 sebi-uarii
582 258 761 282 tinciixxxv.
791 265 835 270 -
864 247 900 279 N.
924 247 1097 279 cardinalis

356 304 548 337 Lunovicrs.
561 303 749 335 Betinxnnrs
761 301 918 341 Casanrs,
934 310 1096 332 sacrorum

357 357 476 390 rituum
503 355 768 398 Congregationis
793 355 983 387 secretarius
998 367 1028 387 ».

403 412 416 454 ξ
442 410 471 443 9..
495 410 570 442 Cum
589 415 705 446 autem,
722 409 804 441 sicut
821 409 957 441 dilectus
975 408 1096 451 pariter

358 464 442 497 silius
468 463 607 505 ignatius
633 463 671 495 dc
697 461 833 500 Quasadi
867 462 942 494 dicti
967 461 1095 494 Ordinis

359 519 492 549 fratrum
519 515 781 549 Praedicatorum
807 515 972 558 professor
1000 514 1032 547 in
1053 525 1097 546 sa-

358 572 410 602 cra
432 569 597 611 theologia
630 569 805 612 magister,
831 579 867 601 ac
892 568 994 601 dictae
1020 578 1097 612 pro-

357 623 480 655 vinciae
501 622 664 660 Quitensis
690 627 891 665 procurator,
912 621 1006 653 nobis
1024 621 1097 653 sub-

357 676 432 708 inde
458 675 576 719 exponi
608 675 705 715 fecit,
733 675 801 718 ipse
835 676 999 708 decretum
1037 675 1098 707 hu-

356 729 507 768 iusmodi,
524 740 586 772 quo
603 728 726 761 firmius
744 728 898 761 subsistat
912 733 942 761 et
955 732 1098 760 serretur

358 783 509 823 exactius,
539 783 736 826 apostolicae
762 782 1016 815 confirmationis
1039 792 1099 814 no-

358 842 444 869 strae
457 835 635 879 patrocinio
650 835 840 868 communiri
856 835 1030 878 plurimum
1048 835 1099 868 de-

359 889 500 922 sideret:
526 900 596 928 nos,
617 889 722 932 ipsum
740 888 897 931 ignatium
914 893 1100 931 procurato-

358 952 427 974 rem
440 942 632 985 specialibus
645 942 804 974 favoribus
820 947 847 975 et
860 942 970 983 gratiis
986 952 1099 985 prose-

360 995 414 1038 qui
435 996 588 1033 volentes,
608 999 640 1027 et
654 1006 669 1027 a
696 994 859 1037 quibusvis
881 995 1098 1028 excommnni-

359 1048 507 1087 cationis,
524 1048 751 1091 suspensionis
774 1053 805 1080 et
822 1047 998 1087 interdicti,
1017 1048 1098 1081 aliis-

360 1112 422 1144 que
446 1100 674 1134 ecclesiasticis
698 1100 879 1139 sententiis,
899 1101 1043 1134 censuris
1068 1106 1100 1134 et

359 1154 485 1198 poenis,
507 1165 524 1187 a
541 1154 611 1186 iure
629 1155 677 1186 vel
696 1154 734 1186 ab
752 1154 896 1193 homine,
918 1155 1028 1197 quavis
1046 1165 1099 1187 oc-

360 1208 492 1241 casione
507 1208 557 1240 vel
576 1208 671 1240 causa
689 1207 771 1247 latis,
791 1207 949 1250 siquibus
967 1218 1099 1251 quomo-

361 1261 484 1294 dolibet
514 1261 689 1294 innodatus
726 1260 846 1300 existit,
874 1261 913 1293 ad
949 1261 1098 1294 effectum

361 1314 582 1357 praesentium
615 1314 781 1346 dumtaxat
815 1314 1097 1357 consequendum,

362 1367 477 1400 harum
509 1367 594 1399 serie
623 1367 828 1399 absolventes
859 1371 891 1399 et
915 1367 1098 1399 absolutum

362 1420 429 1452 sore
448 1424 630 1460 censentes,
647 1419 938 1462 supplicationibus
960 1419 1028 1452 eius
1047 1429 1101 1453 no-

362 1472 450 1505 mine
468 1473 563 1505 nobis
584 1482 683 1515 super
705 1472 767 1504 hoc
791 1472 957 1505 humiliter
987 1483 1101 1516 porre-

363 1526 421 1558 ctis
456 1525 623 1565 inclinati,
659 1526 824 1558 decretum
849 1526 1099 1569 praeinsertum,

363 1578 550 1611 anctoritate
575 1579 775 1621 apostolica,
804 1583 915 1611 tenore
948 1589 1101 1622 praesen-

365 1631 452 1671 tium,
471 1630 697 1664 confirmamus
723 1636 754 1664 et
778 1631 1012 1674 approbamus,
1040 1631 1101 1665 illi-

363 1694 426 1726 que
463 1684 661 1717 inviolabilis
703 1684 901 1727 apostolicae
941 1684 1100 1718 firmitatis

362 1738 462 1770 robur
487 1737 670 1776 adiicimus3
688 1738 771 1769 salva
790 1743 896 1770 tamen
922 1748 1052 1782 semper
1070 1738 1101 1771 in

361 1790 548 1833 praemissis
573 1790 764 1823 auctoritate
782 1792 946 1834 praefatae
964 1791 1103 1835 Congre-

361 1843 744 1886 gationis-cardinalium.

406 1897 421 1940 g
441 1896 473 1929 3.
510 1897 731 1930 Decernentes
755 1898 884 1931 easdem
910 1903 1102 1941 praesentes

361 1950 487 1982 litteras
512 1959 642 1993 semper
666 1949 785 1989 sirmas,
804 1951 927 1984 validas
943 1957 975 1984 et
999 1952 1104 1985 effica-

363 2013 415 2036 ces
441 2002 580 2035 existere
609 2009 642 2036 et
666 2003 742 2043 sore,
770 2015 912 2048 suosque
938 2006 1102 2048 plenarios

363 2062 394 2088 et
418 2056 564 2098 integros
590 2056 723 2089 etl‘ectus
748 2057 857 2090 sortiri
881 2063 913 2090 et
942 2058 1102 2099 obtinere,

363 2120 398 2142 ac
421 2110 494 2149 illis,
510 2109 549 2141 ad
576 2120 656 2153 quos
683 2115 807 2153 spectat
827 2116 858 2144 et
873 2122 931 2154 pro
953 2117 1101 2155 tempore

363 2163 633 2206 quandocumque
659 2164 832 2207 spectabit,
850 2165 881 2197 in
901 2165 1052 2198 omnibus
1071 2172 1102 2198 et

362 2226 423 2259 per
443 2216 550 2249 omnia
574 2217 763 2259 plenissime
789 2217 967 2260 suflragari,
988 2219 1099 2262 sicque

362 2269 396 2301 in
431 2270 618 2312 praemissis
651 2280 711 2313 per
735 2281 953 2314 quoscumque
979 2271 1100 2305 iudices

364 2322 545 2355 ordinarios
566 2328 598 2355 et
615 2323 783 2365 delegatos
795 2350 802 2363 ,
819 2324 914 2357 etiam
933 2334 1100 2359 causarum

362 2375 475 2417 palatii
501 2375 669 2418 apostolici
696 2376 880 2416 auditores,
907 2377 1043 2410 iudicari
1070 2384 1101 2411 et

364 2427 493 2459 definiri
519 2428 656 2468 debere,
691 2439 727 2461 ac
750 2429 877 2462 irritum
903 2435 935 2462 et
958 2430 1054 2463 inane
1075 2431 1100 2463 si

363 2490 455 2513 secus
479 2491 576 2523 super
603 2481 653 2514 his
678 2493 696 2514 a
716 2493 888 2526 quoquam,
919 2483 1029 2527 quavis
1046 2494 1101 2516 au-

364 2533 525 2571 ctoritate,
543 2533 683 2567 scienter
706 2536 756 2568 vel
781 2536 980 2580 ignoranter,
1002 2536 1101 2571 conti-

364 2585 447 2632 gerit
472 2586 637 2621 attentari.

939 199 1120 223 nt'ttttttt'it
1147 197 1297 223 nnumin
1873 201 1889 226 Λ

1181 247 1195 290 ἓ
1220 247 1251 280 3.
1278 247 1348 280 Non
1367 248 1570 281 obstantibus
1589 250 1871 284 constitutionibus

1138 305 1169 332 et
1192 300 1451 334 ordinationibus
1476 302 1672 345 apostolicis,
1689 297 1892 349 ceterisquer

1138 353 1309 386 contrariis
1335 354 1606 398 quibuscumque.

1181 406 1294 438 Datum
1321 406 1450 446 Romae,
1482 408 1566 451 apud
1592 409 1622 441 S.
1656 409 1782 443 Mariam
1810 411 1874 444 Ma-

1138 459 1250 498 iorem,
1279 459 1336 492 sub
1362 461 1483 493 annulo
1507 461 1692 503 piscatoris,
1723 463 1774 497 die
1804 475 1875 498 xxvi

1138 512 1242 544 martii
1267 522 1447 554 mmmmm,
1475 514 1684 557 pontificatus
1704 516 1804 550 nostri
1824 528 1876 551 an-

1138 575 1180 598 no
1205 576 1245 598 ix.

1175 627 1233 654 Dat.
1252 627 1295 654 die
1312 627 1346 655 26
1366 628 1453 655 martii
1475 628 1552 661 1685,
1570 629 1669 664 pontif.
1692 638 1762 658 anno
1781 637 1817 659 lx.

1456 772 1555 806 CLIII.

1895 209 1920 226 n.
1943 201 1971 227 c.
1999 190 2061 232 ¹G-<5'

1933 265 2063 289 mutantium

1895 295 1979 313 emmiu.

1142 851 1366 886 conceduntur
1384 852 1611 896 indulgentiae
1626 858 1800 898 perpetuae
1818 855 1879 887 cle·
1906 885 1909 887 .

1183 905 1261 938 ricis
1285 906 1507 940 saecularibus
1532 907 1567 939 in
1592 908 1754 941 communi
1777 908 1880 941 vivenae

1186 958 1304 993 cibus¹.

1324 1041 1524 1068 Innocentius
1544 1042 1622 1075 Papa
1641 1043 1689 1076 xl,

1290 1086 1325 1112 ad
1345 1086 1477 1113 futuram
1497 1086 1541 1113 rei
1563 1087 1744 1114 memoriam.

1185 1156 1260 1189 Cum
1286 1166 1344 1189 nos
1371 1156 1551 1190 institutum
1578 1162 1608 1190 et
1633 1159 1881 1193 constitutiones

1141 1209 1334 1242 clericorum
1361 1209 1572 1242 saecularium
1598 1210 1630 1243 in
1656 1213 1818 1245 communi
1836 1213 1881 1245 vi-

1142 1262 1282 1296 ventium
1300 1263 1490 1296 auctoritate
1508 1265 1686 1307 apostolica
1712 1266 1881 1299 confirma-

1144 1316 1308 1355 verimus3
1342 1321 1396 1356 et,
1432 1317 1515 1349 sicut
1548 1317 1754 1360 accepimus,
1782 1318 1881 1352 iidem

1143 1368 1251 1401 clerici
1278 1368 1310 1400 in
1335 1368 1430 1401 vinea
1465 1369 1590 1402 Domini
1627 1370 1665 1404 ad
1701 1371 1883 1404 animarum

1143 1422 1280 1454 salutem
1298 1426 1428 1454 strenue
1447 1421 1605 1462 laborent,
1623 1424 1790 1466 multaque
1811 1424 1882 1467 pie-

1145 1474 1217 1506 tatis
1243 1479 1274 1507 et
1299 1474 1493 1508 christianae
1520 1475 1687 1508 charitatis
1714 1486 1814 1519 opera
1835 1488 1885 1510 as-

1143 1528 1233 1560 sidue
1259 1533 1446 1561 exerceant:
1472 1528 1549 1560 hinc
1574 1530 1725 1572 estquod
1749 1540 1820 1570 nos,
1839 1531 1884 1563 se-

1145 1580 1197 1613 lici
1223 1589 1336 1613 eornm
1361 1581 1394 1613 in
1419 1580 1469 1613 via
1500 1581 1727 1614 mandatorum
1755 1581 1882 1615 Domini

1144 1633 1342 1676 progressui,
1366 1633 1508 1676 dictique
1526 1633 1663 1667 instituti
1683 1635 1721 1667 ad
1739 1634 1795 1668 Dei
1816 1636 1884 1679 glo-

1144 1686 1223 1719 riam
1242 1691 1273 1719 et
1288 1685 1451 1719 Ecclesiae
1465 1685 1660 1726 Catholicae,
1679 1686 1730 1719 cui
1747 1688 1882 1731 superni

1145 1740 1358 1783 dispositione
1384 1740 1524 1779 consilii,
1541 1740 1663 1773 meritis
1688 1740 1763 1774 licet
1787 1741 1885 1785 impa-

1145 1794 1241 1833 ribus,
1272 1793 1492 1837 praesidemus
1509 1820 1516 1833 ,
1543 1793 1734 1834 utilitatem,
1761 1794 1883 1838 specia-

1145 1849 1273 1889 lemque
1306 1846 1566 1879 christifidelium
1592 1846 1852 1881 aedificationem
1869 1875 1876 1888 ,

1145 1899 1371 1944 propagationi
1404 1904 1436 1931 et
1469 1899 1694 1939 incremento,
1726 1905 1882 1943 quantum

1145 1953 1238 1986 nobis
1256 1964 1290 1985 ex
1310 1954 1375 1985 alto
1393 1952 1606 1992 conceditur,
1633 1953 1807 1996 providere
1828 1964 1883 1987 cu-

1145 2007 1280 2050 pientes,
1299 2007 1338 2039 de
1360 2006 1594 2049 omnipotentis
1619 2007 1674 2039 Dei
1699 2006 1884 2039 misericor-

1145 2060 1195 2093 dia
1221 2071 1256 2092 ac
1280 2060 1450 2093 beatorum
1476 2059 1561 2091 Petri
1588 2065 1620 2092 et
1642 2059 1733 2093 Pauli
1759 2064 1884 2103 aposto-

1145 2115 1249 2147 lorum
1275 2113 1342 2145 eius
1367 2111 1556 2145 auctoritate
1582 2112 1704 2152 contisi,
1733 2112 1883 2145 omnibus

1144 2171 1175 2199 et
1199 2166 1334 2208 singulis
1359 2165 1486 2198 clericis
1510 2165 1742 2205 saecularibus,
1762 2165 1816 2208 qui
1837 2165 1884 2198 di-

1143 2223 1228 2251 ctum
1268 2218 1454 2250 institutum
1494 2218 1526 2250 in
1562 2223 1730 2261 posterum
1766 2217 1881 2260 ingre-

1143 2272 1281 2310 dientur,
1307 2271 1357 2310 die
1383 2271 1488 2314 prima
1513 2280 1626 2303 eorum
1652 2270 1830 2313 ingressus,
1857 2270 1883 2304 si

1180 2379 1188 2403 t
1214 2376 1249 2404 De
1269 2377 1445 2413 indulgentiis
1465 2377 1601 2404 concessis
1616 2377 1748 2405 similibus
1763 2378 1884 2414 congre-

1141 2422 1295 2456 gationibus
1324 2422 1544 2458 presbyterorum
1564 2421 1742 2448 saecularium
1764 2422 1791 2448 B.
1804 2421 1883 2449 M.V.

1142 2468 1316 2501 Assuinptae,
1331 2466 1393 2493 vide
1405 2469 1490 2493 const.
1507 2465 1550 2493 ed.
1571 2471 1699 2499 MDCLxul,
1711 2465 1755 2493 die
1766 2465 1800 2493 20
1811 2466 1884 2499 maii,

1143 2510 1237 2545 pontif.
1255 2517 1307 2544 v11;
1322 2511 1356 2538 de
1371 2511 1519 2546 privilegiis
1535 2511 1632 2538 horum
1649 2510 1809 2538 clericorum
1824 2510 1885 2538 vide

1143 2556 1250 2582 constit.
1267 2555 1310 2582 ed.
1323 2562 1478 2591 nncnxxxv,
1495 2555 1537 2583 die
1549 2555 1715 2591 9februarii,
1732 2555 1829 2592 pontif.
1846 2561 1882 2589 tx,

1143 2602 1170 2627 et
1189 2599 1227 2626 ibi
1248 2603 1348 2628 notata.
1880 2593 1886 2599 ’

1943 1167 2037 1188 indul-101
2051 1170 2073 1189 ut

1900 1200 1911 1215 n
1927 1195 2020 1216 rubrica.
