2111 3157
147 176 196 204 An.
214 176 242 204 c.
266 176 333 204 1676
379 168 399 202 2

341 237 441 260 nores
467 226 594 261 Ordinis
620 226 767 260 eiusdem
793 224 895 258 sancti
919 223 1078 257 Francisci

342 276 519 314 Strictioris
535 279 764 313 Observantiae
782 277 967 321 nuncupati,
979 277 1033 320 qui
1047 276 1079 308 in

1097 225 1101 296 l

920 175 1100 201 numanum
1124 175 1276 200 Romamn

1121 223 1286 266 proposito
1318 222 1416 257 dubio
1446 223 1497 258 die
1521 234 1606 259 xxvii
1631 225 1742 269 aprilis
1778 226 1864 260 eius-

1122 276 1195 308 dem
1225 276 1311 317 anni,
1344 276 1483 320 perstitit
1513 277 1550 310 in
1581 278 1705 320 decisis,
1733 283 1765 312 et
1789 290 1863 322 per-

342 334 508 378 praedicto
528 343 628 375 regno
654 343 671 364 a
695 331 841 375 pluribus
866 331 906 363 ab
931 330 1007 363 hinc
1027 341 1080 362 an-
1122 334 1254 372 petuum
1287 329 1443 372 imposuit
1468 330 1656 371 silentium,
1689 332 1864 366 mandavit-

342 387 392 421 nis
419 388 500 420 duos
537 386 682 427 insignes
709 389 886 417 conventus
912 384 1081 426 possident
1123 393 1183 424 que
1216 382 1297 422 tibi,
1323 392 1379 415 seu
1414 387 1489 416 tunc
1521 384 1670 417 existenti
1704 385 1861 429 episcopo

343 439 608 484 (praetendentes
626 448 658 469 se
678 441 835 480 gravatos,
851 441 884 469 et
900 441 1080 468 asserentes
1097 458 1102 518 Ἰ
1122 434 1323 467 Maioricensi
1338 462 1345 474 ,
1371 440 1406 467 ut
1430 435 1539 468 omnia
1568 442 1657 479 gesta
1689 437 1721 470 in
1746 448 1862 471 execu-

342 492 503 535 praefatas
522 491 645 524 litteras
662 489 858 532 apostolicas
876 488 1079 532 obreptionis

344 551 376 577 et
395 544 617 587 subreptionis
634 542 711 575 vitio
730 542 886 581 laborare⁷
905 552 942 574 ex
960 552 1022 584 quo
1048 541 1079 572 in

343 598 406 631 illis
430 596 628 630 recensitum
650 600 682 628 et
705 605 894 638 expressum
920 605 985 627 non
1014 595 1080 627 fue-

342 656 401 690 rat,
429 651 517 693 quod
543 650 672 689 dudum,
692 659 808 691 nempe
826 658 911 681 anno
929 657 1078 687 nncxux,

343 703 537 735 instantibus
567 702 684 734 iisdem
714 701 865 733 fratribus
895 701 1081 743 Capuccinis

342 766 403 798 pro
422 755 599 788 obtinendo
619 754 803 787 huiusmodi
822 753 1017 786 fundationis
1039 753 1080 785 in·

343 809 445 847 dulto,
462 814 493 840 et
508 807 805 841 contrzulicentibus
819 807 964 850 ipsismet
977 807 1081 838 fratri-

342 862 401 894 bus
419 860 593 894 Strictioris
611 860 847 899 Observantiae,
866 860 1079 902 Congregatio

343 920 419 947 tunc
438 914 644 947 existentium
661 914 691 946 S.
707 913 743 945 R.
756 913 789 945 E.
807 913 1016 946 cardinalium
1031 923 1082 945 ne-

343 967 440 1009 gotiis
455 972 486 999 et
500 966 792 999 consultationibus
806 967 1035 1009 episcoporum
1051 971 1081 998 et

342 1020 540 1062 regularium
556 1018 753 1062 praeposita,
771 1019 821 1051 die
835 1028 931 1051 xxvnl
946 1018 1078 1050 ianuarii

341 1082 442 1112 iubet,
463 1078 494 1104 et
512 1072 695 1115 respective
715 1071 849 1103 diversis
868 1071 939 1103 aliis
960 1076 1082 1114 tempo-

343 1126 442 1165 ribus,
458 1135 575 1167 nempe
592 1124 642 1157 die
655 1134 692 1157 xv
714 1124 794 1156 iunii
810 1134 904 1163 iiber,
918 1133 978 1156 xxv
997 1123 1081 1166 apri-

341 1178 380 1210 lis
411 1187 533 1210 nncmn
568 1182 599 1209 et
629 1185 673 1209 vn
710 1176 891 1209 decembris
926 1186 1078 1215 nnchn,

339 1229 556 1263 uniformibus
575 1229 724 1268 decretis,
752 1229 847 1262 etiam
873 1240 930 1272 per
956 1229 1079 1261 litteras

341 1282 537 1325 apostolicas
563 1281 769 1320 confirmatis,
789 1282 995 1314 mandaverat
1022 1291 1080 1323 pro

340 1341 490 1378 ternpore
519 1334 672 1367 existenti
698 1334 851 1376 episcopo
880 1333 1080 1365 Maioricensi

340 1398 382 1421 ne
404 1387 608 1430 permitteret
632 1386 783 1418 fratribus
804 1386 990 1428 Capuccinis
1010 1396 1081 1418 con-

340 1445 472 1472 ventum
512 1445 566 1472 aut
604 1439 735 1471 domum
774 1449 1009 1482 quamcumque
1049 1439 1080 1470 in

340 1493 510 1536 praedicta
527 1492 652 1524 civitate
670 1492 807 1534 erigere,
832 1492 976 1534 ipsisque
994 1502 1081 1534 prae-

341 1546 466 1588 ciperet
486 1550 519 1578 nt
536 1556 553 1577 a
570 1545 715 1588 praefata
732 1545 838 1576 insula
857 1545 1078 1583 discederent;

341 1603 373 1631 et
386 1598 519 1641 insuper
533 1602 725 1635 asserentes,
738 1597 823 1639 quod
837 1596 869 1628 in
882 1596 1081 1638 primodictis

340 1651 457 1684 litteris
483 1651 672 1692 derogatum
691 1660 754 1682 non
772 1650 877 1682 fuerat
892 1649 1009 1681 litteris
1031 1660 1081 1681 re-

340 1704 492 1736 cordatae
511 1702 686 1736 memoriae
705 1702 877 1735 Alexandri
896 1702 999 1744 Papae
1018 1702 1077 1741 l'll,

342 1757 438 1789 etiam
464 1755 726 1799 praedecessoris
759 1755 862 1788 nostri
893 1755 1016 1798 pariter
1047 1755 1079 1787 in

340 1810 443 1842 forma
467 1808 576 1841 Brevis
602 1807 772 1850 expeditis,
794 1808 912 1850 quibus
937 1807 1080 1850 speciali-

340 1867 390 1894 ter
410 1861 605 1905 prohibetur
629 1860 662 1892 in
687 1871 790 1902 regno
823 1860 992 1893 Maioricae
1023 1861 1080 1892 ali-

341 1926 437 1958 quem
463 1919 659 1948 conventum
689 1913 827 1952 fundari,
859 1914 921 1946 nisi
954 1916 1079 1946 servata

341 1968 484 2010 quinque
505 1968 668 2000 leucarum
689 1966 841 1998 distantia
858 1967 897 1998 ab
916 1966 986 1999 aliis
1005 1977 1079 1998 con-

340 2022 488 2054 ventibus
509 2021 572 2053 iam
595 2020 739 2061 erectis),
756 2019 946 2052 institerunt
963 2020 1079 2052 acriter

341 2084 399 2116 pro
429 2073 648 2105 declaratione
675 2072 861 2104 huiusmodi
892 2072 1079 2114 subreptio-

339 2126 388 2158 nis
422 2131 452 2158 et
487 2124 655 2168 apostolici
689 2124 808 2156 indulti
842 2125 1051 2157 revocatione
1070 2135 1076 2156 2

340 2190 451 2222 quare,
471 2178 637 2222 proposito
659 2182 690 2210 et
715 2182 839 2210 mature
858 2177 1002 2210 discusso
1022 2178 1079 2210 du-

339 2232 413 2270 bio,
445 2231 558 2263 eadem
595 2230 809 2272 Congregatio
837 2231 887 2263 die
917 2240 1001 2263 xxvn
1034 2231 1079 2263 ia-

340 2284 445 2317 nuarii
463 2293 621 2317 MDCLxxnt
647 2282 791 2315 decrevit
814 2283 938 2315 litteras
963 2283 1079 2326 primo-

340 2337 442 2370 dictas
472 2341 634 2379 tamquam
666 2335 874 2378 subreptitias
910 2346 975 2368 non
1009 2347 1078 2369 esse

340 2389 555 2432 exequendas,
575 2393 617 2428 et,
639 2388 791 2431 quicquid
819 2388 926 2430 rigore
952 2388 1079 2421 illarum

340 2447 407 2474 erat
433 2447 576 2483 gestum,
604 2446 765 2484 tamquam
791 2446 982 2474 attentatum
1007 2452 1078 2474 esse

339 2495 570 2533 reveren-lum,
599 2505 635 2526 ac
656 2495 830 2527 servandas
855 2505 924 2528 esse
950 2494 1080 2528 ordina-

341 2547 444 2582 tiones
471 2556 507 2581 οι*
527 2547 657 2581 ¹.lecreta
675 2547 753 2582 alias
772 2548 875 2591 facta3
898 2548 1078 2593 iterumque

1124 487 1244 520 tionem
1279 488 1543 530 primodictarum
1575 489 1756 523 litterarum
1786 501 1862 534 apo-

1122 540 1318 580 stolicarum,
1334 546 1445 583 utpote
1467 546 1632 583 attentata,
1654 542 1800 576 revocari
1819 543 1863 577 fa-

1123 604 1212 626 ceres
1230 604 1285 626 seu
1309 594 1446 626 faceret:
1466 604 1547 637 quae
1566 595 1698 638 quidem
1716 595 1861 629 eiusdem

1122 646 1390 689 Congregationis
1416 647 1546 680 decreta
1578 659 1637 691 per
1668 649 1748 682 alias
1783 649 1861 683 dicti

1122 699 1295 731 Clementis
1319 699 1583 742 praedecessoris
1607 701 1730 735 litteras
1752 701 1862 735 simili-

1124 757 1171 784 ter
1197 751 1226 783 in
1249 752 1351 784 forma
1372 752 1481 784 Brevis
1499 753 1665 796 expeditas
1682 755 1861 797 approbata

1123 810 1154 837 et
1176 805 1364 838 contii-mata
1390 805 1526 845 fuerunt,
1546 811 1577 838 et
1600 816 1660 849 pro
1679 806 1860 849 praedicto-

1124 868 1193 890 rum
1218 858 1362 890 omnium
1391 858 1582 891 executione
1608 859 1818 892 monitorium
1843 871 1861 893 a

1124 911 1242 944 dilecto
1278 911 1344 944 tilio
1381 922 1548 945 causarum
1579 912 1688 945 curiae
1713 923 1861 946 camerae

1124 964 1321 1006 apostolicae
1339 964 1485 1006 generali
1511 964 1658 997 auditore
1672 965 1861 1006 relaxatum,

1123 1021 1154 1048 et
1179 1016 1257 1059 ipsis
1278 1017 1430 1050 fratribus
1461 1017 1652 1060 Capuccinis
1679 1017 1861 1052 intimatum

1125 1069 1193 1101 fuit.
1220 1069 1350 1109 Verum,
1377 1070 1534 1102 stantibus
1560 1070 1762 1112 praemissis,
1789 1081 1860 1104 cum

1124 1122 1199 1154 dicti
1230 1122 1342 1154 fratres
1367 1122 1538 1164 Capuccini
1563 1124 1600 1155 ea
1625 1133 1687 1166 qua
1721 1134 1781 1167 par
1812 1129 1863 1157 est

1124 1174 1310 1207 obedientia
1341 1174 1528 1217 apostolicis
1554 1175 1711 1208 mandatis
1741 1175 1863 1209 obtem-

1124 1234 1284 1270 perantes⁷
1302 1233 1332 1260 et
1351 1239 1368 1260 a
1385 1228 1550 1271 praedicta
1567 1229 1673 1261 insula
1697 1228 1730 1261 in
1748 1229 1863 1272 Hispa-

1125 1279 1207 1312 niam
1223 1281 1702 1320 transfretantes,conventum,
1721 1291 1816 1324 quem
1828 1286 1864 1314 ut

1124 1343 1222 1374 supra
1246 1332 1366 1364 dictum
1391 1337 1440 1365 est
1464 1338 1641 1372 erexerant,
1660 1343 1794 1365 vacuum
1815 1333 1863 1366 di-

1124 1385 1295 1424 misissent,
1318 1385 1427 1417 civitas
1445 1385 1675 1425 Maioricensis,
1693 1386 1807 1419 videns
1828 1396 1862 1419 se

1126 1443 1187 1469 tam
1206 1437 1265 1480 piis
1286 1437 1450 1480 religiosis
1471 1438 1628 1477 orbatam,
1646 1442 1714 1470 tota
1730 1438 1763 1470 in
1781 1449 1863 1471 ama·

1125 1490 1298 1522 ritudinem
1324 1500 1478 1522 conversa
1503 1495 1572 1531 est,
1607 1495 1640 1523 et
1671 1491 1710 1524 ad
1741 1501 1864 1525 memo-

1124 1547 1227 1574 ratum
1262 1542 1460 1575 Clementem
1495 1542 1782 1585 praedecessorem
1814 1554 1864 1576 re-

1124 1606 1253 1628 cursum
1287 1596 1400 1628 habuit
1434 1596 1603 1629 humiliter
1629 1596 1861 1640 supplicando,

1125 1655 1169 1688 ut,
1190 1653 1312 1682 attento
1331 1659 1489 1682 consensu
1509 1654 1691 1682 ceterorum
1717 1650 1863 1682 omnium

1123 1702 1351 1743 religiosorum
1384 1701 1650 1742 Mendicantiuim
1686 1712 1862 1745 supremae

1123 1766 1197 1787 suae
1216 1754 1346 1797 pietatis
1373 1755 1456 1787 dona
1480 1754 1639 1798 impertiri
1665 1755 1861 1797 dignaretur,

1124 1813 1156 1840 et
1177 1807 1292 1840 iisdem
1313 1807 1465 1840 fratribus
1480 1807 1668 1850 Capuccinis
1689 1808 1863 1851 specialem

1123 1860 1259 1902 gratiam
1279 1865 1310 1892 et
1325 1860 1466 1893 favorem
1486 1860 1594 1893 facere
1615 1860 1778 1894 retinendi
1803 1871 1862 1894 seu

1123 1914 1161 1946 de
1187 1923 1270 1946 novo
1298 1913 1451 1946 fundandi
1473 1913 1593 1946 ibidem
1618 1919 1813 1946 conventum
1829 1913 1862 1946 in

1122 1977 1185 2009 quo
1212 1966 1383 1999 duodecim
1408 1965 1552 2008 religiosi
1579 1977 1770 2009 permanere
1788 1978 1864 2010 pos-

1868 178 1919 206 ΑΒ.
1935 179 1964 207 C.
1976 168 2044 217 {675
2061 171 2070 186 Ἴ

1121 2024 1203 2052 sent.
1236 2019 1306 2062 Ipse
1339 2028 1413 2051 vero
1438 2019 1585 2052 Clemens
1616 2020 1885 2062 praedecessor„

1122 2071 1243 2104 devotis
1265 2071 1450 2114 praedictae
1476 2071 1613 2104 civitatis
1631 2077 1661 2105 et
1678 2073 1771 2114 regni
1788 2083 1863 2116 pre-

1122 2125 1224 2164 cibus,
1244 2128 1398 2167 quantum
1425 2124 1580 2167 aequitati
1606 2129 1862 2158 consentaneum

1122 2177 1212 2215 foret,
1233 2187 1373 2209 annuere
1392 2176 1536 2219 cupiens,
1557 2177 1688 2220 praevia
1705 2177 1769 2210 oris
1786 2188 1862 2221 ape-

1121 2230 1248 2269 ritione,
1273 2228 1446 2272 specialem
1467 2229 1760 2272 Congregationem
1780 2241 1862 2263 non-

1121 2284 1284 2316 nullorum
1310 2282 1545 2315 venerabilium
1571 2283 1704 2315 fratrum
1736 2286 1862 2317 nostro-

1120 2346 1200 2375 rum,
1220 2340 1297 2367 tunc
1314 2345 1453 2375 suornm,
1473 2334 1618 2367 eiusdem
1637 2335 1667 2367 S.
1686 2335 1721 2367 R.
1744 2335 1776 2368 Ε.
1797 2346 1861 2369 ear-

1122 2388 1276 2421 dinalium
1294 2388 1435 2430 benigne
1455 2388 1628 2430 deputavit,
1646 2388 1677 2420 in
1696 2398 1768 2431 qua,
1785 2389 1860 2422 dum

1121 2441 1288 2483 utriusque
1312 2440 1412 2483 partis
1438 2441 1596 2473 rat10num
1623 2447 1788 2473 momenta
1812 2440 1861 2474 di-

1122 2493 1353 2532 scutiebantur,
1369 2493 1583 2527 benedicente
1598 2493 1733 2526 Domino
1754 2504 1804 2526 res
1825 2493 1858 2526 in

1121 2557 1199 2592 pace
1220 2547 1420 2591 compositae
1441 2553 1524 2589 sunt,
1542 2552 1572 2582 et
1589 2547 1724 2592 praefati
1743 2547 1859 2582 fratres
