2111 3157
0 198 42 227 tn.
59 198 88 227 C.
111 194 179 226 ¹676

782 189 856 216 INNO
863 185 994 214 CENTIUS
1016 186 1049 213 Kl
1074 186 1124 212 1²1³.

187 246 314 286 Sancto,
329 245 374 279 ita
388 243 552 284 coaluerit,
570 247 605 276 ut
622 241 794 286 episcopus
808 240 839 272 S.
855 239 920 272 Sal-

189 299 308 333 vatoris
334 299 452 332 Bahiae
477 307 536 340 pro
553 302 699 338 tempore
719 293 859 326 existens
880 292 919 324 ad

188 352 269 385 illud
287 351 422 393 eiusque
436 349 515 382 sines
529 348 609 380 citra
625 346 804 389 periculum
821 349 920 376 trans-

189 414 308 441 meare,
322 414 357 436 ac
373 403 511 436 aliorum
534 399 736 442 singulorum
752 397 867 436 vultus,
884 400 920 427 ut

190 457 378 500 episcopum
392 455 493 493 decet,
507 452 676 495 inspicere,
692 449 833 492 aliasque
851 458 920 492 par-

191 517 239 544 tes
262 508 338 543 boni
362 507 499 551 pastoris
524 506 556 538 in
581 504 766 537 universum
787 512 919 545 gregem

192 562 388 597 dominicum
405 569 498 592 curae
516 568 591 591 suae
609 556 814 590 commissum
833 565 920 588 exer—

191 626 263 648 cere
280 617 438 656 nequeat;
459 609 506 643 et⁴
533 610 716 652 (postquam
741 618 835 649 reges
859 607 919 650 ipsi

191 665 385 699 vastissimas
402 661 596 706 provincias,
613 661 743 703 oppida,
761 665 874 702 portus
891 664 921 691 et

139 740 143 744 -
191 720 262 753 loca
285 718 319 751 in
342 717 406 750 illis
430 715 575 759 partibus
599 713 731 747 summis
749 713 868 745 viribus
886 723 920 744 ac

191 770 349 804 diuturnis
374 767 649 811 etfrequentibus
679 766 773 798 bellis
797 764 922 808 pericu-

192 823 294 866 lisque
327 821 512 855 felicissime
544 818 800 862 acquisiverant,
828 822 860 849 et
883 817 921 849 ab

192 875 426 909 haereticorum
451 873 682 906 llollandorum
707 871 856 903 manibus
878 880 921 902 re>

192 932 435 972 cuperaverant,
457 935 632 967 eorumque
650 925 800 967 populos,
824 922 920 955 divini

193 980 390 1023 humanique
407 978 486 1011 iuris
504 983 636 1010 eatenus
652 981 809 1018 expertes,
823 977 923 1017 opera

194 1038 225 1066 et
248 1032 427 1066 ministerio
450 1031 612 1064 variorum
634 1030 861 1072 religiosorum
892 1034 923 1061 et

194 1086 331 1119 aliorum
351 1085 434 1117 vitae
454 1084 611 1127 probatae
635 1083 787 1121 virorum,
806 1081 855 1114 et'*
872 1082 924 1113 ab·

194 1137 287 1171 iectis
306 1137 381 1170 inde
399 1141 527 1169 satanae
546 1135 688 1168 tenebris
705 1145 740 1167 ac
757 1134 923 1167 idolatriae

195 1195 228 1223 et
253 1189 440 1232 gentilitatis
474 1189 711 1231 haeresumque
741 1187 923 1227 erroribus,

196 1243 235 1275 ad
256 1242 350 1275 fidem
375 1241 583 1281 catholicam,
605 1246 694 1273 extra
718 1250 813 1282 quam
837 1241 924 1272 nulla

196 1298 246 1326 est
269 1294 367 1333 salus,
387 1297 419 1325 et
436 1291 675 1334 cognitionem⁸
697 1292 764 1324 veri
786 1291 922 1330 luminis,

194 1345 249 1389 qui
267 1350 317 1378 est
333 1344 490 1384 Christus,
513 1350 544 1376 et
563 1337 706 1376 sanctum
726 1343 925 1386 baptismatis

195 1399 375 1438 lavacrum,
399 1402 591 1439 sanctaeque
620 1397 731 1429 matris
762 1396 924 1429 Ecclesiae

196 1449 353 1492 gremium
377 1449 464 1482 allici
489 1450 691 1491 curaverant)
713 1448 829 1481 dictam
850 1448 926 1482 civi-

197 1508 302 1544 tatem,
319 1509 480 1546 tamquam
498 1502 620 1545 regiam
639 1512 727 1534 suam
746 1502 795 1534 et⁴
815 1512 926 1545 prore—

197 1568 271 1599 gum
294 1567 426 1590 suorum
455 1557 586 1597 sedem,
616 1555 769 1598 illiusque
798 1555 927 1587 dioece-

196 1611 257 1642 sim
274 1609 467 1652 sumptuosis
485 1609 539 1641 Dei
560 1608 695 1651 templis,
714 1608 925 1647 monasteriis,

198 1661 409 1694 xenodochiis
425 1666 456 1694 et
472 1661 569 1694 sacris
586 1660 674 1700 locis,
693 1671 820 1693 necnon
838 1660 928 1693 mini-

199 1714 273 1746 stris
286 1713 448 1747 Ecclesiae
463 1713 738 1756 locupletaverant
751 1718 783 1745 et
796 1723 927 1746 ornave-

199 1771 286 1807 rant;
305 1771 336 1799 et
353 1766 486 1799 dilectus
503 1766 586 1798 silius
603 1766 721 1798 nobilis
738 1764 785 1798 vir
802 1766 926 1806 Petrus,

198 1829 373 1861 regnorum
403 1818 618 1861 Portugalliae
643 1823 676 1851 et
701 1818 927 1860 Algarbiorurn

199 1871 352 1914 princeps
383 1876 414 1904 et
448 1872 663 1914 gubernator,
688 1871 926 1914 praedictorum

200 1934 313 1966 regum
337 1923 469 1967 vestigia
485 1931 517 1957 et
535 1925 684 1967 exempla
704 1929 867 1967 sequutus,
889 1925 927 1957 ad

201 1975 272 2009 illas
295 1970 444 2019 re'giones
468 1977 623 2020 plurimos
649 1977 738 2009 verbi
758 1977 814 2010 Dei
839 1988 930 2020 prae-

203 2028 362 2062 dicatores
387 2034 418 2062 et
441 2030 521 2063 alios
545 2029 693 2062 doctrina
716 2030 863 2073 vitaeque
884 2031 929 2063 in-

204 2081 355 2124 tegritate
386 2081 530 2125 insignes
554 2082 660 2123 viros,
686 2093 746 2125 pro
771 2083 930 2126 spirituali

203 2136 306 2168 salute
330 2135 508 2168 animarum
526 2135 697 2179 praecipua
714 2136 851 2178 quadam
868 2138 930 2169 sol-

203 2186 370 2220 licitudine
394 2192 426 2220 et
448 2187 604 2220 industria
634 2187 762 2221 assidue
787 2188 929 2221 laboran-

205 2244 271 2280 teS,
295 2239 435 2273 notabili
460 2239 605 2283 impensa
627 2242 754 2285 saepius
777 2242 928 2283 miserat,

203 2303 345 2336 quorum
369 2293 596 2334 concionibus,
622 2294 776 2338 exemplis
801 2300 834 2328 et
863 2306 931 2329 mo-

202 2345 279 2379 nitis
302 2355 475 2380 conversos
498 2346 532 2378 in
556 2346 667 2380 eadem
686 2347 748 2380 side
766 2347 881 2381 instrui
901 2354 931 2382 et

239 2434 251 2462 1
269 2433 407 2461 Coniunct.
423 2436 450 2461 et
465 2441 513 2462 nos
528 2433 651 2462 addimus
668 2435 707 2470 (a.
718 2436 767 2471 τ.).

238 2478 256 2506 2
273 2477 411 2506 Coniunct.
427 2483 454 2508 et
468 2479 582 2508 delenda
595 2483 636 2512 (n.
652 2482 701 2516 τ.).

239 2523 256 2550 3
274 2523 340 2552 Male
359 2524 423 2552 edit.
443 2524 525 2552 Main.
545 2525 610 2560 legit
628 2526 751 2560 coynili'o
772 2527 804 2561 (a.
825 2527 874 2561 T.).

237 2568 255 2596 4
268 2568 408 2597 Coniunct.
420 2572 446 2598 ee
456 2569 580 2598 addimus
591 2578 622 2598 ex
633 2570 700 2598 locis
710 2571 843 2606 parallelis
852 2570 931 2607 (aa).

961 237 1145 271 confirmari
1172 236 1356 275 studuerat,
1384 240 1415 267 et
1439 246 1454 267 a
1481 234 1542 267 fide
1568 234 1691 267 ablior-

961 296 1078 330 rentes,
1100 290 1175 322 dum
1198 288 1399 332 expediebat,
1427 289 1475 320 vcl
1499 287 1694 320 salutaribus

961 343 1058 376 armis
1083 343 1289 381 confuderat,
1315 342 1363 374 vel
1389 341 1501 384 procul
1526 345 1694 379 arcuerat,

961 396 1071 439 eisque
1096 395 1276 428 rationibus
1301 394 1415 436 religio
1440 393 1627 432 christiana,
1648 393 1695 425 di-

961 449 1033 481 vina
1058 449 1183 480 favente
1202 447 1385 486 clementia,
1412 446 1458 479 eis
1483 446 1515 479 in
1536 446 1620 487 locis
1648 445 1695 477 sie

961 502 1057 543 longe
1082 501 1210 543 lateque
1237 500 1490 543 propagabatur,
1518 504 1550 531 ut
1575 499 1615 531 ad
1640 509 1695 531 eos

962 555 1066 586 adhuc
1090 553 1215 586 debiles
1239 554 1271 585 in
1297 553 1357 585 side
1382 552 1619 585 confirmandos
1644 562 1696 584 re-

962 607 1187 650 tinendosque,
1207 611 1239 639 et
1256 606 1403 638 doctrina
1420 606 1603 648 indigentes
1624 616 1696 638 eru-

962 660 1116 699 diendos,
1142 664 1174 691 et
1208 659 1248 692 ad
1272 660 1393 692 bonum
1419 660 1610 699 Pastorem,
1640 659 1694 702 qui

962 723 1022 756 pro
1047 713 1093 745 eis
1119 712 1257 744 animam
1283 723 1372 744 suam
1402 712 1523 754 posuit,
1539 712 1696 744 reducen-

963 766 1020 798 dos
1035 792 1042 801 ,
1070 765 1254 808 maioraque
1279 765 1501 798 ecclesiastica
1524 765 1695 798 seminaria

963 819 1148 860 plantanda,
1164 828 1320 851 novorum
1338 819 1521 860 praesulum
1537 817 1695 850 institutio

963 870 1094 902 omnino
1109 870 1275 912 expediat3
1295 875 1465 912 praeterea
1480 869 1609 902 difficile
1628 870 1697 903 red-

964 923 1095 955 deretur
1113 934 1170 966 per
1191 929 1253 955 tam
1279 924 1373 955 latam
1399 928 1527 966 tamque
1549 923 1695 956 diffusam

965 976 1137 1008 dioecesim
1166 976 1204 1009 ad
1230 986 1327 1008 unum
1346 980 1471 1008 tantum
1497 986 1554 1018 pro
1577 976 1698 1008 iustitia

965 1029 1191 1071 consequenda
1215 1039 1232 1061 a
1256 1028 1404 1071 personis
1424 1020 1652 1061 ecclesiasticis
1667 1033 1699 1061 ct

966 1082 1183 1114 saecularibus
1207 1091 1370 1114 recursum
1397 1080 1551 1114 liutici-0¹:

1009 1136 1023 1178 ξ
1051 1135 1082 1167 02.
1113 1134 1195 1174 Nos,
1222 1135 1274 1177 qui
1302 1134 1417 1175 hodie,
1443 1145 1477 1167 ex
1504 1134 1599 1167 certis
1625 1139 1699 1167 tunc

967 1187 1129 1230 expressis
1147 1186 1260 1225 causis,
1279 1189 1402 1219 matura
1423 1197 1520 1229 super
1544 1187 1607 1220 hoc
1626 1197 1697 1219 cum

967 1239 1203 1271 venerabilibus
1229 1239 1379 1271 fratribus
1403 1239 1521 1272 nostris
1538 1239 1569 1272 S.
1596 1239 1634 1272 R.
1661 1239 1695 1271 E.
1733 1231 1743 1243 ³

967 1290 1182 1323 cardinalibus
1217 1291 1452 1323 deliberatione
1485 1291 1697 1334 praehabita,

969 1354 1092 1376 necnon
1116 1344 1284 1386 praedicto
1309 1343 1457 1386 principe
1483 1349 1515 1376 et
1545 1344 1700 1386 guberna-

969 1403 1035 1429 tore
1061 1407 1118 1439 per
1141 1396 1208 1428 eius
1235 1396 1358 1428 litteras
1383 1396 1477 1429 nobis
1499 1396 1538 1429 ad
1560 1397 1623 1429 hoc
1641 1397 1700 1429 liu—

969 1449 1085 1482 uiiliter
1116 1449 1341 1491 supplicante,
1375 1448 1543 1482 ecclesiam
1571 1449 1602 1482 S.
1633 1450 1701 1482 Sal-

968 1502 1085 1535 vatoris
1118 1502 1261 1542 Batnae,
1296 1507 1430 1535 eatenus
1465 1502 1700 1544 suffraganeam

969 1555 1122 1588 ecclesiae
1148 1554 1430 1597 Ulyssiponensis,
1461 1560 1494 1587 et
1524 1555 1625 1587 dictas
1657 1555 1702 1587 ci-

970 1608 1097 1640 vitatem
1134 1613 1165 1640 ct
1189 1607 1380 1647 dioecesim,
1407 1618 1535 1640 necnon
1567 1608 1702 1640 dilectos

970 1660 1050 1693 lilios
1067 1670 1176 1692 earum
1202 1661 1324 1692 clerum
1343 1665 1375 1692 et
1399 1661 1563 1702 populum,
1589 1671 1606 1693 a
1626 1671 1703 1703 pro-

968 1712 1072 1745 vincia
1103 1713 1369 1756 Ulyssiponensi,
1398 1714 1448 1745 cui
1481 1719 1556 1745 tunc
1583 1719 1703 1746 metro-

969 1766 1100 1808 politico
1126 1765 1195 1798 iure
1220 1766 1393 1806 suberant,
1422 1776 1457 1798 ac
1482 1766 1636 1809 oppidum
1663 1767 1703 1799 de

969 1818 1093 1858 Olinda,
1111 1817 1194 1861 [cum
1209 1817 1304 1851 certis
1321 1818 1466 1851 terminis
1485 1819 1620 1851 inferius
1637 1829 1705 1861 spe-

970 1870 1135 1903 citicandis
1160 1875 1191 1903 et
1214 1871 1309 1903 certis
1333 1870 1487 1904 limitibus
1509 1871 1705 1914 distinguen-

971 1924 1054 1968 dis²]
1085 1925 1123 1957 ab
1155 1925 1266 1957 eadem
1299 1924 1438 1958 dioecesi
1470 1925 1502 1957 S.
1532 1924 1704 1957 Salvatoris

972 1978 1090 2011 Baliiae
1105 1978 1165 2021 [ita
1182 1978 1267 2021 quod
1285 1978 1421 2021 posthac
1441 1977 1520 2010 inibi
1541 1982 1605 2010 tres
1623 1978 1706 2010 dioe-

972 2042 1061 2064 ceses
1086 2030 1230 2074 essenl.³]
1256 2036 1416 2074 perpetuo
1445 2030 1701 2073 segregavimus,

972 2084 1137 2117 divisimus
1156 2089 1187 2117 et
1204 2084 1438 2127 separavimus,
1456 2082 1576 2126 illaque
1598 2083 1705 2116 omnia

972 2137 1005 2169 a⁴
1023 2147 1081 2180 pro
1106 2142 1251 2180 tempore
1277 2136 1445 2169 existentis
1469 2136 1705 2179 archiepiscopi

973 2195 1004 2222 et
1028 2190 1157 2232 capituli
1176 2201 1211 2222 ac
1232 2190 1415 2232 praedictae
1436 2189 1594 2222 ecclcsiae
1618 2189 1708 2232 Ulys-

973 2243 1165 2286 siponensis‚
1180 2253 1320 2283 necnon,
1337 2243 1441 2286 quoad
1457 2243 1561 2285 legem
1583 2242 1707 2275 dioece-

1010 2350 1019 2376 l
1046 2349 1139 2376 Potius
1158 2349 1216 2385 lege
1236 2349 1336 2377 haberi
1354 2349 1394 2384 (n.
1412 2349 1462 2384 τ.).

1008 2394 1023 2419 2
1039 2394 1108 2420 Puto
1129 2394 1272 2429 pericopen
1300 2394 1379 2420 istam
1399 2398 1473 2420 extra
1494 2393 1583 2421 locum
1604 2402 1662 2421 esse
1682 2396 1710 2421 et

974 2446 1004 2464 ex
1024 2438 1037 2473 ἓ
1057 2438 1072 2464 3
1092 2438 1183 2465 Const.
1204 2438 1328 2473 praeced.
1350 2438 1519 2472 desumptam
1540 2439 1576 2473 (a.
1593 2439 1642 2473 ⁹12).

1010 2483 1025 2510 3
1040 2483 1124 2510 Etiam
1137 2482 1204 2510 lianc
1220 2484 1364 2519 pericopen
1383 2487 1446 2518 puto
1459 2492 1517 2510 esse
1533 2487 1607 2510 extra
1623 2483 1711 2511 locunt

974 2536 1061 2558 suum,
1078 2527 1123 2554 sed
1139 2528 1224 2555 solum
1240 2528 1253 2563 g
1269 2528 1284 2555 3
1300 2536 1359 2554 esse
1375 2527 1515 2562 legendam
1529 2530 1568 2559 (R.
1585 2528 1634 2561 τ.),

1009 2573 1024 2599 ⁴
1038 2571 1103 2600 Male
1119 2572 1183 2600 edit.
1201 2572 1279 2600 Μαίη.
1297 2572 1360 2608 legit
1375 2575 1400 2600 ee
1417 2580 1463 2608 pro
1479 2580 1494 2600 a
1511 2575 1548 2606 (ii.
1565 2571 1614 2607 T.)-

1612 172 1654 208 lss
1701 185 1749 211 An.
1766 184 1794 211 c.
1818 183 1886 212 1076

1734 1144 1836 1165 Niu-,unr
1859 1151 1892 1163 ne.

1709 1172 1794 1190 clem-m
1811 1174 1824 1190 S
1845 1173 1892 1191 Sal-

1711 1201 1788 1228 raturls
1806 1199 1831 1217 «lu
1852 1198 1879 1218 lia
1886 1209 1892 1213 -

1801 1228 1868 1244 νΙἋΙἿή
1874 1231 1892 1244 U]

1708 1225 1728 1244 tu

1710 1250 1772 1270 suis-su
1789 1256 1807 1270 ιιι
1820 1255 1893 1271 inultu-

1709 1277 1831 1302 politanam.
