2111 3157
16 295 64 323 Aa.
79 293 106 322 C.
129 293 193 321 1687

23 930 63 951 Dor
78 930 132 954 gui-i
140 936 189 952 con-

10 959 80 978 Ιωι-ιυι
87 965 127 979 oar.

784 291 997 316 lNNOCENTlUS
1019 292 1050 314 Χῖ
1075 291 1123 314 ΓΡ.

206 350 277 373 nani
302 339 374 384 ipso
399 340 483 374 sacto
508 339 660 381 incidere,
679 351 696 373 a
712 350 775 384 qua
795 350 860 372 non
878 349 936 383 per
978 338 1118 371 nationis
1143 336 1328 370 Dominicae
1353 344 1554 375 unctxxxvn,
1575 344 1607 368 iv
1637 334 1710 367 idus

206 394 302 426 alium
320 404 414 438 quam
439 405 497 437 per
514 404 572 427 nos
597 404 654 427 seu
679 393 841 426 Romanos
858 393 936 425 Pon-

205 446 306 479 tifices
332 457 532 480 successores
556 452 684 479 nostros
705 457 764 489 pro
790 451 934 488 tempore

205 499 402 539 existentes,
432 499 492 532 nisi
518 499 550 531 in
576 499 689 532 mortis
714 498 848 531 articulo
874 497 934 540 ipsi

204 551 324 584 suerint
347 552 526 592 constituti,
549 552 643 585 etiam
668 556 833 594 praetextu
859 561 935 593 qua-

203 604 356 636 rumlibet
381 604 563 637 facultatum
585 610 615 637 et
639 604 834 637 indultorum
859 613 935 635 con-

203 666 367 688 cessorum
390 657 644 699 quibuscumque
668 655 816 699 personis
836 656 934 687 eccle-

203 708 465 741 siasticis-etiam
491 709 625 751 speciali
650 710 726 740 nota
749 713 779 739 et
804 718 934 750 expres-

201 761 291 794 sione
307 761 410 803 dignis
433 761 651 794 saecularibus
665 766 695 793 et
712 771 934 803 quorumcum-

201 824 263 856 que
292 813 447 847 Ordinum
472 814 683 856 regularibus,
709 814 830 846 absolvi
859 824 934 856 pos-

200 866 283 906 sint,
310 866 514 899 deeernimus
541 871 572 898 et
596 866 809 899 declaramus.

243 919 257 961 5
281 918 313 952 3.
331 918 401 951 Non
422 919 623 951 obstantibus
647 918 933 951 constitutionibus

198 975 231 1004 ct
254 971 513 1004 ordinationibus
539 971 734 1014 apostolicis,
755 971 932 1014 privilegiis

199 1034 328 1067 quoque
353 1029 385 1057 et
400 1024 534 1057 indultis
560 1025 618 1056 sub
644 1034 847 1067 quacumque
864 1033 933 1056 ver-

187 1077 312 1109 'borum
342 1077 445 1110 forma
481 1077 725 1120 quomodolibet.
748 1077 780 1109 in
806 1082 932 1109 contra-

31 1509 107 1539 riarum
121 1509 186 1537 pubii-

5 1539 68 1558 tatio.

31 1980 128 2004 clausula
138 1986 190 2009 11¹⁶·

10 2008 70 2030 mis.

196 1130 280 1163 rium
307 1131 488 1170 concessis,
515 1131 726 1169 confirmatis,
752 1134 782 1162 et
807 1129 930 1161 iteratis

196 1183 320 1216 Vicibus
346 1184 502 1216 innovatis
517 1211 524 1224 ,
548 1184 727 1226 praetensis
760 1187 930 1214 eonsuetu-

196 1235 336 1273 ‹linibus,
362 1236 425 1268 sive
450 1236 558 1279 potius
585 1235 799 1278 corruptelis,
820 1240 929 1267 contra

195 1299 289 1322 omne
307 1290 355 1322 ius
383 1289 493 1332 sasque
515 1289 760 1332 quomodolibet
784 1288 929 1320 introdu-

195 1340 262 1381 ctis,
289 1352 368 1384 quas
393 1351 449 1384 per
473 1347 660 1385 praesentes
687 1340 925 1384 improbamus,

197 1395 412 1435 annullamus,
439 1405 600 1427 cassamus
627 1400 721 1437 atque
746 1394 925 1433 irritamus,

195 1447 376 1490 ceterisque
401 1447 570 1480 contrariis
591 1447 859 1490 quibuscumque.

239 1500 309 1543 §4
347 1500 386 1533 Ut
417 1506 521 1533 autem
557 1506 743 1543 praesentes
775 1501 813 1532 ad
845 1499 928 1532 noti-

197 1552 270 1585 tiam
288 1553 428 1586 omnium
448 1558 479 1585 ct
500 1553 699 1595 singulorum
718 1552 926 1591 deducantur,

197 1615 249 1637 eas
275 1605 371 1638 valvis
396 1606 554 1638 eeclesiae
586 1605 617 1637 S.
645 1605 771 1637 loannis
803 1605 930 1637 Latera-

196 1658 326 1698 nensis,
358 1669 394 1691 ac
424 1658 574 1690 basilicae
608 1658 767 1700 Principis
793 1658 931 1700 Aposto-

196 1712 299 1743 lorum
326 1711 364 1744 de
382 1711 465 1743 Urbe
484 1715 514 1743 et
531 1711 747 1744 (lancellariae
772 1710 932 1753 Apostoli-

197 1773 266 1804 cae,
286 1774 322 1796 ac
342 1763 373 1796 in
392 1763 459 1796 acie
477 1763 585 1806 Campi
610 1763 722 1796 Florae
748 1763 831 1805 affigi
850 1773 933 1795 man-

199 1816 324 1857 damus,
344 1822 375 1849 et
399 1817 506 1849 nullus
531 1816 637 1859 possit
660 1816 776 1849 exinde
803 1826 934 1848 exeusa-

198 1867 319 1902 tionem
352 1869 590 1912 praetendere,
624 1879 680 1902 seu
718 1869 932 1912 ignorantiam

199 1922 352 1965 allegare.

247 1975 262 2018 ἓ
287 1973 316 2007 5.
344 1974 428 2008 Nulli
454 1985 532 2017 ergo
558 1975 689 2008 omuino
716 1976 881 2008 bominum
902 1975 936 2008 li·

200 2033 271 2062 ceat
301 2028 385 2061 hanc
408 2028 559 2071 paginam
584 2034 713 2061 nostrae
739 2029 909 2062 voluntatis
926 2056 933 2069 ,

201 2081 427 2121 innovationis,
446 2081 706 2120 confirmationis,
734 2082 937 2125 approbatio-

201 2133 264 2174 nis,
290 2133 430 2173 roboris,
451 2133 684 2176 dispositionis,
711 2134 840 2173 decreti,
865 2145 937 2167 exe-

202 2186 380 2230 quutionis,
395 2186 547 2225 mandati,
567 2186 803 2227 declarationis,
822 2187 937 2230 impro-

201 2238 353 2278 bationis,
375 2238 617 2279 annullationis‚
635 2239 820 2272 cassationis
839 2246 870 2273 et
890 2240 937 2272 in-

201 2291 380 2325 stitutionis
406 2291 592 2333 infringere,
614 2293 661 2325 vel
688 2293 716 2325 ei
737 2303 813 2325 ausu
839 2298 938 2327 teme-

202 2344 289 2378 rario
315 2344 491 2383 contraire;
512 2344 537 2376 si
568 2343 638 2387 quis
669 2349 774 2378 autem
802 2345 865 2378 hoc
892 2352 938 2378 at-

203 2401 331 2429 tentare
367 2397 647 2440 praesumpserit,
681 2398 937 2440 indignationem

204 2449 434 2494 omnipotentis
459 2449 514 2483 Dei
547 2460 583 2482 ac
607 2451 775 2483 beatorum
798 2451 882 2484 Petri
908 2457 939 2485 et

203 2501 293 2535 rann
318 2503 537 2546 apostolorum
570 2512 604 2535 se
637 2503 763 2536 noverit
785 2503 935 2537 incursu-

205 2563 290 2587 rum.

250 2607 361 2640 Datum
387 2607 518 2648 Romae,
538 2610 622 2652 apud
641 2609 671 2642 S.
692 2608 820 2643 Mariam
844 2610 939 2644 Maio-

199 2669 288 2704 rem,
310 2661 368 2692 sul»
385 2662 504 2694 annulo
527 2660 709 2703 piscatoris,
729 2673 813 2696 anno
833 2662 939 2696 Incar-

978 391 1062 430 mati,
1082 389 1284 434 pontificatus
1310 389 1410 422 nostri
1431 398 1515 420 anno
1531 397 1574 421 xt.

1012 451 1071 477 liat.
1090 451 1134 476 die
1153 451 1183 477 12
1199 451 1262 477 maii
1281 450 1357 483 1087,
1375 449 1472 484 pontis.
1489 457 1559 475 anno
1575 454 1610 475 xt.

1106 537 1154 586 ᾖ
1171 537 1255 573 EGO
1284 536 1575 573 INNOCENTIUS

1041 609 1237 633 CATllOLICAE
1262 609 1430 632 ECCLESIAE
1454 608 1636 632 Erlseorus.

1094 921 1109 959 ,s
1159 906 1275 940 seius
1311 884 1317 891 ‘

1088 961 1093 977 s
1141 950 1290 984 paraus
1324 940 1368 1001 3ss

968 1452 990 1490 †
1016 1450 1081 1492 Ego
1106 1450 1256 1484 Nicotaus
1273 1451 1445 1494 episcopus
1462 1449 1625 1483 Ostiensis
1644 1461 1698 1483 car

1060 1504 1176 1537 (linalis
1201 1504 1391 1537 Ludovisius
1419 1504 1573 1536 decanus.

972 1559 993 1596 -ζ-
1019 1556 1084 1598 Ego
1112 1558 1290 1590 Alderanus
1325 1557 1493 1600 episcopus
1520 1556 1708 1590 Portuensis

1060 1610 1232 1641 cardinalis
1257 1609 1354 1653 Cybo.

973 1663 993 1700 -ὶ-
1020 1661 1085 1703 Ego
1104 1661 1213 1693 Petrus
1231 1662 1405 1705 episcopus
1426 1660 1624 1695 Tusculanus
1642 1673 1710 1695 car-

1061 1714 1177 1746 ‹linalis
1206 1713 1399 1747 Ottobonus.

1018 1765 1207 1808 Sequuntur
1231 1766 1478 1809 subscriptiones
1495 1768 1638 1800 aliorum
1659 1765 1698 1800 do

976 1817 1139 1849 mi'uorum
1164 1819 1400 1851 cardinalium.

1237 1942 1432 1977 CLXXXVII.

971 2013 1214 2055 Confirmcmtur
1237 2014 1397 2057 quaedam
1418 2012 1543 2046 decreta
1566 2010 1706 2056 capituli

1013 2067 1172 2111 yrnerulis
1194 2067 1335 2110 fratrum
1353 2067 1392 2100 B.
1412 2066 1538 2099 Mariae
1561 2066 1599 2098 de
1622 2065 1705 2098 Mer*

1015 2120 1085 2153 cede
1119 2121 1349 2164 redemptionis
1385 2120 1584 2164 captivorum
1619 2128 1706 2152 anno

1015 2182 1192 2206 nnetxxxv1
1217 2171 1335 2205 edicat

1164 2243 1356 2270 Innocentius
1377 2241 1455 2276 Papa
1474 2240 1523 2276 XI,

1121 2288 1156 2315 ad
1175 2288 1308 2314 futuram
1323 2287 1367 2314 rei
1387 2287 1564 2314 memoriam.

1019 2350 1183 2383 Militantis
1208 2348 1370 2383 Ecclesiae
1387 2346 1534 2391 regimini
1553 2359 1611 2392 per
1627 2344 1709 2383 ines⁴
1744 2360 1866 2383 Exordium.

975 2403 1103 2437 sabilem
1129 2403 1255 2437 divinae
1288 2399 1442 2436 bonitatis
1478 2403 1709 2437 abundantiam

1012 2492 1021 2518 1
1046 2490 1073 2517 In
1094 2490 1200 2518 constit.
1223 2490 1266 2517 ed.
1286 2496 1462 2523 unetxxxvu,
1483 2490 1525 2518 die
1547 2489 1579 2517 19
1598 2490 1690 2526 aprilis
1703 2513 1710 2525 ,

977 2535 1069 2571 pontis.
1090 2543 1134 2567 xi,
1155 2538 1228 2561 extat
1256 2534 1393 2561 decretum
1422 2534 1455 2561 de
1480 2535 1600 2569 pecuniis
1619 2539 1711 2562 mutuo

976 2579 1139 2614 accipiendis
1167 2587 1183 2606 a
1210 2579 1414 2614 superioribus3
1442 2583 1470 2606 et
1497 2579 1646 2607 Innocentii
1667 2579 1711 2607 ΧΠ

977 2624 1084 2658 εφεῑίῑ.
1104 2623 1146 2651 ed.
1169 2630 1273 2656 nncxct,
1289 2623 1331 2650 die
1347 2630 1381 2650 vn
1401 2623 1563 2658 decembris,
1580 2623 1675 2660 pontif.
1690 2629 1710 2661 ι,

978 2668 1169 2695 confirmantur
1189 2668 1395 2695 constitutiones
1414 2667 1528 2695 Ordinis.

1610 277 1675 310 765
1720 286 1770 314 An.
1786 285 1815 313 e.
1836 286 1902 312 «οε-ι
