2111 3157
384 173 447 206 982
930 179 1109 203 nummum
1136 178 1289 202 nonnum

427 233 627 278 Apostolicac
652 233 828 265 institutum
855 231 1046 264 clericorum
1071 230 1282 263 saecularium
1307 229 1339 261 in
1364 230 1526 263 communi
1551 229 1735 271 viventium,
1760 230 1820 263 241
1851 231 1887 272 ἐν,

428 288 466 320 ad
492 286 702 320 resistendum
727 286 901 317 Turcarum
926 284 1049 316 subitae
1072 283 1226 316 invasioni
1251 281 1372 315 viribus
1397 282 1499 326 impar
1523 283 1755 326 reperiebatur,
1776 283 1840 317 568
1857 284 1885 317 b.

339 342 438 374 Litem
464 341 546 373 inter
571 339 749 382 principem
774 337 944 370 Masserani
970 342 1000 369 et
1019 336 1261 370 communitates
1289 335 1351 368 loci
1384 335 1534 379 episcopo
1558 336 1769 369 Alexandrino
1799 347 1888 370 com-

429 393 525 432 misit,
541 392 584 424 43
609 392 635 424 b.

340 447 422 479 Lites
447 446 559 485 varias,
577 445 659 477 inter
676 444 952 487 archiepiscopum
970 442 1226 476 Mechliniensem
1245 446 1275 474 et
1292 441 1358 474 eius
1375 441 1579 475 dioecesanos
1601 442 1764 484 regulares
1785 452 1890 475 exem-

428 505 499 542 ptos
525 497 714 541 iampridem
740 503 835 538 ortas,
859 496 1019 530 nonnullis
1044 495 1135 529 editis
1155 494 1410 528 ordinationibus
1435 494 1598 538 componit
1622 495 1774 535 Pontifex,
1790 494 1851 527 421
1872 495 1889 527 h

428 557 458 584 et
481 562 564 594 seq.;
591 550 660 583 lites
684 550 715 582 in
739 549 876 582 dioecesi
902 549 1132 591 Portugallensi
1157 547 1329 581 censendas
1353 557 1422 580 esse
1448 547 1591 590 legitime
1616 553 1806 581 contestatas
1831 558 1890 591 per

428 604 606 646 negativam
632 603 657 635 si
682 603 728 635 rei
753 602 984 636 contumaciter
1008 601 1202 645 respondere
1227 600 1456 640 recusaverint,
1481 600 1607 639 statuit,
1633 599 1697 633 928
1726 601 1743 633 b
1768 605 1799 633 et
1823 611 1886 644 seq.

340 657 446 690 Livius
471 656 678 690 Odeschalclii
704 656 767 688 dux
793 660 895 689 terrae
927 655 1043 693 Caere,
1069 660 1099 687 et
1122 653 1300 686 Innocentii
1324 654 1349 686 X
1375 653 1549 686 secundum
1575 663 1703 685 carnem
1729 663 1766 685 ex
1791 653 1890 686 fratre

429 720 582 753 germano
613 720 734 753 nepos,
759 709 819 742 671
849 719 885 747 α;
919 708 1102 741 donatarius
1134 706 1320 739 universalis
1355 706 1513 739 honorum
1547 706 1820 749 patrimonialium
1850 706 1891 739 ad

430 763 577 796 eumdem
603 762 822 796 Innocentium
848 763 884 795 xl
911 762 957 794 uti
987 771 1156 805 personam
1190 760 1346 804 privatam
1372 760 1595 803 spectantium,
1621 759 1685 792 672
1710 770 1747 799 α;
1773 759 1889 803 hospi-

429 816 508 848 tinm
533 816 563 849 S.
589 816 694 848 Gallae
718 826 777 859 pro
801 815 997 859 pauperibus
1022 813 1211 858 recipiendis
1236 814 1317 856 erigi
1342 819 1431 846 curat
1455 819 1486 846 et
1509 814 1596 846 dotat
1619 823 1678 846 nec
1702 823 1766 846 non
1791 813 1893 846 eccle-

430 869 509 901 siam
529 869 558 902 S.
584 868 690 901 Gallae
714 868 906 909 reaedificat,
933 867 996 899 672
1022 878 1040 899 α
1067 872 1096 899 et
1122 867 1156 905 b3
1182 866 1290 909 illique
1308 865 1545 908 iuspatronatus
1565 871 1722 909 perpetuo
1747 876 1892 898 reserva-

430 928 492 961 tur,
516 922 655 964 itemque
680 921 727 953 ius
753 920 936 954 conceditur
960 919 1144 953 nominandi
1170 919 1392 962 cappellanum
1421 929 1480 962 pro
1510 919 1643 952 ecclesia
1667 919 1697 952 S.
1722 919 1829 952 Gallae
1853 919 1892 951 de

431 974 525 1012 Urbe,
551 973 615 1006 676
640 986 658 1006 α
685 980 715 1006 et
739 984 797 1017 seq.

343 1029 422 1060 Loca
443 1027 609 1059 montium.
635 1026 695 1058 Pro
720 1026 863 1058 locorum
889 1025 1046 1058 montium
1071 1025 1232 1057 Romanae
1248 1025 1360 1058 Curiae
1385 1024 1469 1057 bono
1493 1024 1649 1066 regimine
1669 1024 1771 1056 varias
1786 1024 1894 1068 provi-

431 1080 534 1112 siones
555 1078 758 1112 Summorum
778 1078 966 1111 Pontificum
987 1082 1132 1110 recenset
1151 1077 1351 1110 Innocentius
1369 1078 1425 1117 XI,
1451 1077 1516 1110 945
1533 1088 1553 1110 α
1577 1082 1607 1110 et.
1623 1088 1700 1120 seq.;
1725 1088 1785 1121 pro
1809 1077 1893 1110 bono

429 1133 549 1175 pariter
574 1132 761 1164 eorumdem
792 1132 937 1164 locorum
964 1131 1119 1163 montium
1145 1130 1299 1173 regimine
1324 1130 1523 1174 provisiones
1547 1130 1734 1170 nonnullas,
1766 1129 1895 1163 ordina-

431 1186 532 1218 tiones
557 1189 587 1218 et
611 1190 697 1217 taxas
722 1184 913 1217 thesaurarii
931 1183 1116 1222 confirmat,
1133 1182 1197 1215 947
1218 1194 1238 1215 (ι
1255 1187 1286 1217 et
1311 1183 1344 1223 b3
1370 1193 1451 1226 quae
1476 1194 1533 1226 per
1558 1183 1717 1225 integrum
1742 1183 1891 1216 reserun-

432 1245 492 1279 tur,
518 1237 582 1270 948
609 1238 625 1270 b
651 1243 681 1270 ct
704 1248 767 1281 seq.

343 1291 491 1324 Ludovici
517 1290 575 1333 (S.)
601 1290 638 1322 de
664 1290 855 1331 Maragnano
889 1289 1021 1322 ecclesia
1052 1288 1245 1332 parochialis
1273 1300 1290 1321 a
1315 1289 1453 1322 dioecesi
1477 1289 1658 1322 Brasiliensi
1683 1288 1895 1322 dismembra-

431 1350 483 1376 tur
508 1348 537 1376 et
562 1344 593 1375 in
620 1343 785 1375 ecclesiam
804 1342 1019 1375 cathedralem
1045 1342 1191 1384 erigitur,
1220 1342 1260 1375 57
1287 1354 1306 1375 α
1333 1349 1443 1387 etseq.

343 1397 521 1430 Ludovicus
547 1408 600 1429 rex
627 1396 906 1429 christianissimus
931 1396 1008 1439 petit
1033 1397 1112 1438 erigi
1137 1396 1445 1440 archiepiscopatum
1466 1396 1659 1435 Albiensem,
1685 1395 1749 1428 113
1774 1407 1804 1429 α.

1060 1537 1085 1568 Μ

343 1662 483 1703 Magistri
508 1661 598 1693 titulo
624 1660 778 1703 deposito,
804 1660 939 1692 Minores
965 1659 1003 1692 de
1020 1659 1227 1692 Observantia
1245 1659 1380 1691 lectores
1404 1659 1558 1702 appellari
1583 1659 1762 1699 voluerunt,
1787 1659 1852 1692 226
1877 1660 1894 1692 b

434 1721 463 1746 et
487 1725 561 1756 „³qu
586 1724 665 1756 quae
691 1714 728 1745 ad
755 1713 923 1755 magistros
940 1711 1065 1746 Ordinis
1083 1712 1342 1745 Praedicatorum
1363 1711 1535 1754 pertinent,
1553 1712 1618 1744 vid.
1639 1711 1894 1753 Praedicatores;

433 1767 517 1810 quod
549 1767 588 1799 ad
614 1767 782 1809 magistros
817 1766 942 1799 Ordinis
974 1766 1187 1798 Eremitarum
1225 1765 1254 1799 S.
1286 1765 1454 1807 Augustini
1478 1765 1610 1805 attinet,
1640 1765 1713 1798 vide
1737 1766 1895 1798 Eremitae

432 1821 463 1853 S.
492 1820 675 1863 Augustini:
701 1820 785 1862 quod
803 1819 841 1852 ad
859 1819 1029 1862 magistros
1046 1820 1178 1851 fratrum
1198 1818 1436 1861 Redemptionis
1455 1818 1654 1861 captivorum
1673 1823 1805 1861 spectat,
1822 1819 1895 1852 vide

434 1874 559 1906 Fratres
580 1873 817 1916 Redemptionis
835 1873 1043 1916 captivorum.

344 1928 474 1969 Magnus
491 1927 641 1968 magister
656 1926 819 1969 hospitalis
837 1926 866 1958 S.
887 1925 1012 1958 Ioannis
1030 1925 1404 1969 llierosolymitanorum,
1420 1925 1491 1957 vide
1507 1924 1680 1968 llospitale.

344 1980 534 2022 Maragnano
559 1979 625 2021 (de)
650 1979 783 2012 ecclesia
808 1979 837 2011 S.
862 1978 1012 2011 Ludovici
1037 1979 1068 2010 in
1094 1978 1306 2021 episcopalem
1333 1977 1477 2019 erigitur,
1503 1977 1544 2010 57
1570 1989 1590 2010 α
1616 1982 1646 2010 et
1669 1988 1731 2021 seq.

345 2033 519 2072 Marcellus,
545 2032 806 2075 archiepiscopus
838 2031 1119 2071 Chalcedonensis,
1153 2036 1199 2063 est
1230 2031 1364 2063 nuncius
1389 2030 1581 2074 apostolicus
1605 2030 1637 2062 in
1662 2030 1751 2073 regni
1777 2031 1892 2064 Portu-

435 2086 547 2127 galliac
573 2085 630 2118 sub
656 2085 840 2118 Innocentio
865 2085 914 2124 XI,
932 2084 974 2117 20
992 2086 1029 2123 b3
1056 2085 1114 2127 ipsi
1133 2084 1342 2117 committitur
1362 2089 1396 2116 ut.
1415 2083 1636 2117 inhibitionem
1653 2094 1670 2116 a
1688 2083 1848 2116 Clemente
1866 2084 1892 2116 X

435 2139 676 2182 inquisitoribus
701 2139 790 2180 regni
816 2138 1027 2180 Portugalliae
1052 2138 1165 2170 saetam
1192 2138 1385 2177 moderetur,
1404 2137 1445 2170 22
1464 2137 1497 2177 b;
1523 2137 1554 2169 in
1572 2137 1639 2169 eius
1657 2136 1802 2169 manibus
1823 2147 1893 2170 con-

436 2192 580 2234 signandi
605 2202 771 2234 processus
796 2192 966 2233 originales
992 2196 1100 2224 contra
1126 2202 1197 2224 reos
1222 2191 1260 2223 de
1286 2191 1441 2223 iudaismo
1466 2190 1650 2234 inquisitos,
1676 2190 1741 2223 175
1765 2201 1803 2229 α;
1829 2190 1890 2223 ite-

436 2256 523 2283 ium,
552 2245 612 2276 toli
638 2256 657 2277 (ι
682 2251 712 2277 et
737 2245 762 2276 b.

347 2297 442 2329 Maria
469 2298 632 2330 Francisca
659 2297 839 2329 lilisabetha
864 2297 1074 2339 Portugalliae
1100 2297 1208 2338 regina
1234 2297 1310 2339 petit
1335 2297 1454 2329 institui
1480 2297 1592 2330 festum
1613 2296 1646 2329 B.
1671 2296 1708 2328 M.
1727 2296 1765 2329 de
1789 2296 1892 2329 Monte

436 2351 590 2391 Carrnclo,
618 2350 680 2383 1137
709 2352 732 2381 I).

347 2403 442 2435 Maria
467 2404 614 2435 Theresia
638 2404 832 2436 Francorum
859 2403 980 2446 regina⁷
1001 2403 1042 2435 29
1060 2404 1093 2442 b}
1112 2403 1209 2446 ipsius
1229 2404 1328 2446 pietas
1346 2409 1376 2435 et
1400 2404 1484 2436 zelus
1509 2403 1782 2443 commendantur,
1799 2402 1842 2436 30
1860 2404 1888 2436 b.

349 2455 461 2487 Mariae
488 2457 544 2497 (S)
572 2456 600 2487 in
626 2456 751 2489 l'orticu
776 2457 908 2489 ecclesia
933 2457 970 2489 de
996 2457 1096 2497 Urbe,
1125 2457 1199 2489 olim
1225 2463 1293 2489 crat
1318 2457 1461 2490 diaconia
1486 2456 1693 2497 cardinalitia,
1717 2461 1826 2500 postea
1849 2456 1893 2489 ob

439 2509 672 2541 translationem
700 2510 845 2552 imaginis
861 2510 892 2542 B.
907 2510 944 2542 M.
964 2510 997 2541 V.
1016 2509 1053 2542 ad
1074 2510 1239 2543 ecclesiam
1260 2510 1289 2543 S.
1308 2510 1422 2543 Mariae
1440 2510 1478 2543 de
1498 2510 1702 2553 Canipitellis,
1720 2509 1778 2542 sub
1795 2509 1888 2542 deno·

439 2560 606 2593 minatione
624 2562 652 2594 S.
672 2562 776 2594 Gallae
798 2563 964 2603 remansit,
990 2562 1053 2595 669
1079 2563 1111 2602 b;
1137 2563 1309 2596 destruitur
1335 2569 1365 2596 et
1388 2563 1618 2604 reaedificatur,
1644 2562 1703 2595 671
1733 2573 1754 2596 α
1775 2566 1805 2594 et
1829 2572 1891 2605 seq.
