2111 3157
142 208 193 232 Αῃ,·
208 207 234 231 Γ..
260 206 324 233 1ι’85

178 953 237 973 Nava
248 951 324 973 eonar-

139 980 323 1001 mauorelatornm
354 996 360 1002 .

139 1010 274 1027 naluit-trum.

334 254 511 288 memoriae
543 254 589 287 Pii
622 253 725 296 Papae
758 252 780 283 V
805 249 1067 294 praedecessoris

334 308 455 351 pariter
478 307 579 340 nostri
603 306 655 339 die
680 316 709 338 iv
723 304 907 338 novembris
922 312 1068 337 MDvaui

334 361 366 394 in
393 361 494 394 forma
517 359 625 393 Brevis
640 357 869 401 (utasseritur)
888 355 1066 399 expeditae,

334 424 394 457 per
419 423 497 456 quas
514 412 616 445 libros
635 421 651 443 e
671 410 764 443 dictis
780 408 992 442 bibliothecis
1010 408 1069 440 sur-

334 471 366 498 to
391 465 560 504 subtrahi,
585 465 646 497 sub
672 464 779 506 poena
813 461 1070 496 excommunica-

334 518 444 558 tionis,
471 517 562 550 cuius
579 516 739 550 absolutio
756 516 904 549 Romano
922 513 1069 547 Pontifici

334 577 497 605 reservata
521 576 619 611 esset,
645 569 825 613 prohibuit,
850 579 916 602 non
935 567 1067 611 ubique,

334 630 432 667 prout
456 634 514 667 par
539 628 638 664 esset,
664 627 813 655 accurate
839 622 1069 655 observentur:

334 677 428 710 nobis
452 682 625 721 propterea
650 676 751 708 dictus
772 674 963 707 Franciscus
987 673 1072 706 vice-

334 730 575 763 commissarius
601 729 768 762 humiliter
796 727 972 771 supplicari
996 726 1071 759 secit

334 789 370 815 ut
403 783 437 814 in
471 782 658 826 praemissis
689 786 870 825 opportune
900 780 1070 823 providere

335 842 366 868 et
390 842 424 868 ut
448 836 529 868 infra
554 835 723 877 indulgere
749 835 787 867 de
813 834 1015 876 benignitate
1044 843 1071 865 a·

334 890 494 932 postolica
518 890 738 932 dignaremur.

378 944 392 986 ᾗ
417 943 448 976 3.
483 942 547 975 Nos
570 942 706 988 igitur,-
724 942 831 985 ipsum
864 941 1071 974 Franciscum

333 996 663 1029 vicecommissarium
688 995 882 1038 specialibus
906 994 1071 1027 favoribus

335 1055 366 1082 et
391 1049 503 1092 gratiis
534 1048 688 1091 prosequi
714 1049 880 1087 volentes,
913 1053 944 1080 et
968 1057 985 1079 a
1009 1046 1073 1090 qui-

334 1102 444 1135 busvis
463 1101 820 1140 excommunicationis,
843 1099 1072 1143 suspensionis

335 1159 369 1187 et
391 1154 570 1194 interdicti,
595 1154 733 1197 aliisque
759 1152 991 1186 ecclesiasticis
1007 1162 1074 1185 sen-

336 1207 456 1245 tentiis,
472 1206 622 1239 censuris
638 1212 669 1239 et
693 1206 819 1249 poenis,
840 1216 857 1238 a
874 1205 942 1237 iure
966 1205 1017 1238 vel
1035 1205 1074 1237 ab

336 1260 480 1299 homine,
496 1259 608 1302 quavis
626 1259 797 1292 occasione
810 1260 860 1291 vel
873 1261 970 1291 causa
986 1258 1072 1297 latis,

337 1313 363 1345 si
375 1313 492 1356 quibus
506 1313 756 1355 quomodolibet
769 1312 943 1344 innodatus
959 1311 1074 1350 existit,

337 1366 376 1399 ad
395 1365 544 1398 ess'ectum
570 1366 793 1408 praesentium
812 1365 978 1397 dumtaxat
1002 1375 1076 1397 con-

338 1419 564 1461 sequendum,
592 1419 706 1451 harum
743 1418 827 1450 serie
868 1418 1074 1450 absolventes

338 1476 370 1503 et
386 1471 568 1503 absolutum
587 1471 655 1503 sore
680 1476 862 1509 censentes,
890 1470 1074 1502 huiusmodi

337 1524 630 1566 supplicationibus
653 1523 809 1563 inclinati,
842 1528 959 1555 statuta
984 1534 1077 1566 prae-

338 1576 466 1615 inserta,
482 1576 514 1609 in
540 1576 625 1609 dicto
651 1577 793 1619 capitulo
815 1576 967 1618 generali,
994 1576 1073 1608 sicut

337 1630 566 1673 praemittitur,
589 1629 695 1669 edita,
722 1635 752 1662 et
777 1640 794 1661 a
818 1635 996 1674 memorato
1021 1629 1076 1661 Ur-

337 1683 424 1716 bano
449 1683 702 1726 praedecessore
724 1683 922 1721 confirmata,
941 1682 1076 1715 auctori-

338 1742 400 1768 tate
423 1736 613 1779 apostolica,
628 1742 739 1768 tenore
753 1737 982 1779 praesentium,
1000 1746 1076 1768 con-

337 1788 500 1821 firmamus
526 1789 647 1831 pariter
672 1794 702 1820 et
726 1789 943 1831 approbamus
960 1815 967 1827 ,
997 1788 1076 1821 illis-

339 1852 402 1883 que
419 1842 615 1874 inviolabilis
637 1842 831 1884 apostolicae
850 1841 1011 1873 firmitatis
1028 1852 1077 1874 ro-

337 1893 399 1926 bur
434 1895 624 1933 adiicimus,
659 1906 695 1927 ac
731 1906 844 1927 omnes
874 1900 907 1926 et
932 1895 1076 1937 singulos

339 1947 415 1980 iuris
446 1953 478 1979 ct
502 1948 575 1979 sacti
609 1948 768 1987 desectus,
796 1948 821 1980 si
849 1948 904 1990 qui
935 1948 1076 1990 desuper

339 2000 588 2042 quomodolibet
606 2000 854 2040 intervenerint,
871 2002 1072 2043 supplemus.

339 2051 521 2093 Praeterea,
536 2054 670 2096 praefati
687 2053 729 2085 Pii
750 2054 1012 2096 praedecessoris
1025 2064 1076 2086 ve-

339 2105 441 2146 stigiis
467 2106 688 2146 inhaerentes,
708 2107 856 2139 omnibus
883 2113 914 2139 et
939 2107 1075 2149 singulis

315 2159 488 2201 *personis
521 2160 767 2200 ecclesiasticis,
800 2160 1019 2192 saecularibus
1045 2166 1077 2193 et

339 2212 556 2253 regularibus,
572 2212 806 2256 cuiuscumque
821 2218 932 2254 status,
947 2214 1073 2256 gradus,

326 2264 468 2297 ¹Ordinis
493 2267 540 2298 vel
567 2266 762 2299 conditionis
780 2267 927 2305 existant,
949 2267 1075 2299 etiamsi

339 2318 514 2359 pontificali
534 2319 689 2361 dignitate
708 2320 943 2362 praefulgeant,
963 2321 1074 2353 eadem

339 2370 526 2404 auctoritate
554 2373 667 2405 harum
700 2374 785 2406 serie
811 2374 1010 2413 mandamus,
1035 2385 1074 2406 ne

341 2434 377 2455 ex
394 2424 603 2457 bibliothecis
624 2432 839 2459 conventuum
859 2433 890 2459 et
907 2427 1074 2459 domorum

340 2477 541 2518 regularium
578 2478 706 2511 Ordinis
739 2479 916 2521 praedicti,
944 2485 998 2512 aut
1023 2491 1076 2513 eo-

340 2539 411 2561 rum
437 2530 553 2572 aliqua,
570 2531 686 2563 librum
716 2532 858 2575 aliquem
877 2538 929 2565 aut
946 2538 1075 2576 quater-

339 2592 416 2617 num
450 2582 535 2615 furto
567 2583 773 2616 substrahere
814 2596 942 2627 quoquo
978 2586 1074 2618 modo

921 202 1099 226 BULLMuUM
1124 202 1273 225 nonime-M

1851 201 1900 227 Λη.
1917 201 1946 227 C.
1969 199 2035 226 1085

1109 253 1333 291 praesumant:
1357 258 1416 282 nos
1431 248 1514 281 enim
1536 258 1756 292 quoscumque
1770 248 1846 282 sub·

1110 302 1276 335 trahentes
1302 302 1641 335 excommunicationis
1666 304 1845 338 sententiae

1110 355 1282 388 subiacere
1317 356 1465 400 volumus
1491 361 1522 388 et
1546 355 1751 389 decernimus
1774 357 1846 401 ipso

1112 409 1204 448 sacto,
1230 420 1247 441 a
1273 419 1335 452 qua
1359 410 1469 442 nullus
1493 409 1532 441 ab
1550 409 1626 449 alio,
1646 420 1742 453 quam
1759 421 1777 443 a
1794 421 1848 444 no-

1110 461 1160 494 bis
1186 463 1236 495 vel
1263 462 1406 495 Romano
1437 462 1592 495 Pontifice
1616 473 1677 506 pro
1702 468 1848 507 tempore

1112 514 1279 555 existente,
1305 515 1420 558 possit,
1445 515 1504 547 nisi
1524 515 1688 548 dumtaxat
1711 516 1742 548 in
1768 526 1850 550 mor-

1112 568 1150 600 tis
1176 568 1325 608 articulo:
1339 568 1553 602 absolutionis
1577 568 1772 602 beneficium
1797 570 1851 604 ob-

1112 620 1230 654 tinere.

1157 674 1172 716 g
1188 673 1218 706 4.
1238 673 1455 707 Decernentes
1467 674 1590 718 pariter
1607 675 1737 708 easdem
1756 686 1850 719 prae·
1887 686 2008 708 causum.

1113 732 1221 759 sentes
1247 727 1370 760 litteras
1388 738 1516 770 semper
1540 728 1662 774 sirmas,
1681 729 1803 762 validas
1821 735 1854 762 et

1114 779 1261 813 efficaces
1286 781 1424 813 existere
1451 786 1482 814 et
1508 781 1590 821 sore,
1617 792 1755 825 suosque
1787 784 1852 826 ple-

1114 833 1221 866 narios
1242 838 1274 866 et
1290 834 1435 876 integros
1449 833 1579 867 effectus
1593 835 1699 867 sortiri
1719 841 1750 868 et
1770 835 1853 868 obti-

1114 895 1203 925 nere,
1229 897 1265 918 ac
1289 886 1366 925 illis,
1394 887 1433 919 ad
1465 897 1547 931 quos
1572 893 1698 930 spectat
1729 894 1762 921 et
1791 899 1852 932 pro

1115 944 1262 982 tempore
1277 940 1548 983 quandocumque
1566 941 1735 983 spectabit,
1749 941 1853 974 invio-

1115 992 1257 1025 labiliter
1280 992 1460 1032 observari,
1479 992 1591 1035 sicque
1617 993 1649 1025 in
1664 994 1854 1036 praemissis

1115 1055 1176 1088 per
1201 1055 1427 1087 quoscumque
1452 1044 1574 1077 iudices
1606 1045 1789 1079 ordinarios
1822 1052 1855 1079 et

1117 1098 1294 1139 delegatos,
1320 1098 1417 1130 etiam
1442 1107 1612 1130 causarum
1637 1099 1748 1141 palatii
1769 1109 1851 1140 apo-

1116 1151 1221 1184 stolici
1246 1151 1423 1191 auditores,
1443 1151 1577 1184 iudicari
1594 1157 1626 1184 et
1646 1151 1774 1184 definiri
1800 1153 1856 1186 de-

1115 1205 1215 1241 bere,
1241 1215 1278 1236 ac
1302 1204 1429 1236 irritum
1461 1209 1493 1236 et
1517 1204 1612 1237 inane
1639 1204 1664 1237 si
1689 1215 1785 1238 secus
1805 1217 1856 1238 su-

1117 1268 1176 1300 per
1202 1257 1251 1289 his
1275 1267 1292 1288 a
1317 1268 1491 1300 quoquam,
1518 1259 1629 1300 quavis
1655 1259 1854 1299 auctoritate,

1118 1311 1258 1343 scienter
1289 1311 1338 1343 vel
1374 1310 1580 1352 ignoranter,
1612 1312 1787 1355 contigerit
1810 1318 1856 1344 at-

1119 1364 1248 1396 tentari.

1162 1418 1176 1459 §
1201 1416 1232 1449 5.
1247 1416 1319 1449 Non
1337 1417 1543 1450 obstantibus
1567 1417 2048 1473 constitutionibusdeorumeorurn

1118 1475 1150 1502 et
1174 1470 1433 1502 ordinationibus
1457 1471 1655 1513 apostolicis,
1681 1477 1721 1511 et,
1742 1478 1857 1515 quate·
1881 1455 1982 1478 msam

1119 1533 1179 1555 nus
1205 1534 1284 1565 opus
1309 1523 1360 1563 sit,
1379 1523 1454 1555 dicti
1472 1523 1610 1563 Ordinis,
1630 1524 1763 1567 eiusque
1780 1536 1856 1568 pro-

1119 1576 1298 1608 vinciarum
1325 1582 1355 1608 et
1380 1582 1596 1609 conventuum
1622 1578 1854 1620 quorumlibet,

1119 1630 1214 1661 etiam
1232 1629 1429 1668 iuramento,
1457 1629 1702 1662 confirmatione
1728 1637 1858 1674 aposto-

1120 1683 1190 1721 lica,
1215 1683 1261 1716 vel
1287 1684 1397 1726 quavis
1424 1684 1572 1717 firmitate
1597 1684 1659 1717 alia
1682 1685 1855 1725 roboratis,

1119 1737 1246 1769 statutis
1282 1742 1313 1770 et
1348 1737 1655 1776 eonsuetudinilms,
1681 1737 1857 1780 privilegiis

1119 1801 1265 1832 quoque,
1291 1790 1425 1822 indultis
1458 1795 1489 1822 et
1521 1790 1636 1822 litteris
1669 1792 1856 1833 apostolicis

1119 1843 1151 1875 in
1176 1843 1371 1875 contrarium
1398 1844 1655 1885 praemissorum
1680 1845 1857 1886 quomodo-

1120 1897 1197 1928 libet
1221 1896 1393 1934 concessis,
1411 1895 1608 1928 confirmatis
1626 1901 1657 1929 et
1681 1897 1855 1937 innovatis;

1119 1949 1234 1991 quibus
1261 1949 1412 1981 (minibus
1431 1954 1462 1981 et
1483 1949 1631 1991 singulis,
1655 1949 1788 1982 illorum
1811 1954 1857 1983 te-

1119 2012 1215 2033 nores
1241 2002 1466 2044 praesentibus
1503 2012 1563 2044 pro
1589 2003 1684 2044 plene
1710 2007 1742 2035 et
1768 2003 1857 2035 suffi-

1119 2054 1242 2087 cienter
1267 2055 1424 2097 expressis
1450 2065 1485 2087 ac
1510 2055 1549 2087 ad
1574 2056 1708 2087 verbum
1726 2054 1856 2089 insertis

1120 2108 1288 2147 habentes,
1315 2108 1378 2141 illis
1399 2108 1477 2141 alias
1502 2108 1535 2140 in
1560 2119 1616 2141 suo
1642 2109 1762 2142 robore
1787 2119 1856 2151 per-

1119 2161 1288 2200 mansuris,
1302 2161 1340 2193 ad
1355 2162 1608 2204 praemissorum
1625 2155 1781 2201 effectum,
1797 2161 1858 2194 hac

1118 2213 1185 2245 vice
1203 2214 1375 2254 dumtaxat,
1391 2214 1576 2256 specialiter
1588 2219 1619 2246 et
1636 2223 1785 2256 expresse
1801 2211 1868 2247 de?

1119 2277 1286 2309 rogamus,
1316 2267 1495 2310 ceterisque
1529 2267 1700 2300 contrariis
1725 2268 1856 2311 quibus-

1119 2330 1269 2363 cumque.

1162 2373 1176 2415 ξ
1200 2374 1231 2406 6.
1258 2373 1413 2407 Volumus
1445 2380 1550 2407 autem
1576 2379 1611 2406 ut
1637 2365 1856 2417 praesentium

1119 2426 1298 2459 litterarum
1329 2430 1523 2470 exemplum,
1549 2429 1661 2460 saltem
1686 2428 1791 2469 quoad
1818 2438 1856 2460 ea

1119 2490 1199 2526 quae
1231 2480 1269 2512 ad
1295 2480 1508 2513 bibliothecas
1541 2481 1722 2523 praedictas
1755 2480 1857 2523 perti-

1118 2538 1213 2573 nent,
1240 2533 1271 2564 in
1297 2534 1394 2566 valvis
1424 2535 1611 2566 earumdem
1643 2533 1856 2566 bibliotheca-

1117 2596 1198 2625 rum,
1223 2591 1276 2618 aut
1301 2587 1364 2619 alio
1396 2587 1527 2620 illorum
1559 2588 1632 2619 loco
1659 2586 1856 2630 conspicuo,

1919 2377 1980 2398 Fido<
1996 2379 2049 2398 tran·

1865 2408 2002 2432 sumptorum.
