2111 3157
15 215 65 244 An.
85 212 115 240 C.
135 209 201 239 ¹688

245 268 276 293 x.
302 257 334 292 Si
356 256 522 300 contingat
538 255 679 299 aliquem
693 253 853 286 infirmum
878 252 935 285 suh

185 306 261 355 'spe
284 310 525 354 recuperandae
551 308 695 342 sanitatis
713 308 751 341 ad
769 307 861 340 aliam
881 307 935 339 do-

203 375 288 398 mum
312 363 405 402 mitti,
430 362 620 395 subveniant
643 361 690 395 illi
715 361 851 404 priores,
872 365 934 392 tam

204 418 243 451 de
267 416 438 451 medicinis
463 427 559 460 quam
577 415 616 448 de
638 415 709 448 aliis
734 413 933 452 necessariis,

204 470 354 513 expensis
380 470 490 503 domus
515 479 591 501 suae
616 467 829 511 professionis
866 466 933 507 (a);

204 524 230 557 si
250 534 326 557 vero
346 523 496 556 morbum
521 522 571 554 vel
596 521 812 554 infirmitatem
828 519 934 551 incur-

202 576 282 609 rerit
298 577 330 609 in
348 576 453 615 domo,
473 576 512 608 ad
530 585 622 618 quam
640 584 699 616 per
716 572 933 606 obedientiam

202 628 319 662 missus
340 629 454 668 fuerat,
482 629 594 661 domus
619 627 675 659 illa
699 625 868 658 subveniat
887 625 933 657 illi

202 681 351 725 expensis
375 681 440 714 suis
462 682 501 714 de
526 679 729 723 supradictis.
759 678 929 710 Verumta-

200 744 273 766 men
291 733 316 766 si
335 733 403 766 eius
418 733 583 766 infirmitas
596 733 679 764 ultra
692 735 828 773 quatuor
845 740 933 762 men-

201 796 251 819 ses
274 790 470 829 perseveret,
496 795 657 828 expensae
689 794 705 816 a
737 784 831 816 domo
857 793 931 815 suae

200 839 414 882 professionis
429 843 583 883 poterunt
600 838 715 881 repeti,
731 843 785 870 aut
800 835 930 879 poterit,

200 893 240 925 de
264 893 400 926 consilio
423 892 539 925 medici
568 897 599 925 et
630 891 761 925 lieentia
792 890 932 922 visitato-

199 955 280 985 rum,
305 946 425 978 remitti
451 945 490 978 ad
515 945 645 978 domum
663 955 739 977 suae
758 943 933 987 professio-

199 997 261 1031 nis.
288 998 319 1031 Si
344 1003 451 1031 tamen
476 1004 549 1032 ante
573 997 791 1030 infirmitatem
823 998 932 1039 plures

199 1061 302 1084 annos
326 1050 533 1084 laudabiliter
555 1051 689 1083 vixisset
713 1050 743 1082 in
766 1050 849 1082 dieta
874 1050 933 1081 ho-

199 1102 286 1146 spitii
311 1103 418 1143 domo,
436 1103 607 1136 honestum
633 1109 664 1136 et
687 1102 804 1135 iustum
830 1102 933 1134 eredi-

200 1166 269 1188 mus
286 1161 321 1188 ut
344 1156 496 1200 expensis
520 1156 666 1189 eiusdem
685 1156 798 1189 domus
828 1156 931 1188 eidem

200 1208 415 1249 subveniatur,
441 1220 500 1242 nec
525 1221 542 1242 a
572 1210 668 1243 domo
699 1220 777 1242 suae
808 1209 933 1252 profes-

199 1260 301 1294 sionis
326 1261 449 1305 aliquid
474 1268 653 1306 repetatur.

242 1323 285 1346 xi.
312 1313 439 1355 Priores
467 1325 531 1347 non
560 1314 708 1347 differant
740 1314 865 1347 mittere
892 1314 931 1347 ad

199 1366 270 1399 loca
294 1366 452 1400 destinata
475 1368 653 1401 monachos
677 1373 731 1400 aut
749 1377 930 1408 conversos,

200 1418 254 1462 qui
280 1429 297 1451 a
321 1419 461 1462 capitulo
494 1421 637 1462 generali
669 1421 717 1453 vel
750 1420 931 1453 reverendo

200 1476 291 1515 patre
316 1472 355 1505 ad
380 1477 506 1516 tempus
530 1473 623 1506 alicui
650 1473 758 1506 domui
792 1483 931 1506 commo-

201 1523 317 1557 dantur
339 1526 388 1558 vel
413 1531 649 1560 commutantur
666 1537 672 1558 2
700 1536 760 1559 nec
780 1526 824 1558 sic
843 1526 931 1558 missi

201 1578 434 1620 revertuntur¹,
458 1579 562 1612 donec
579 1591 595 1613 a
613 1581 754 1624 capitulo
772 1581 820 1614 vel
845 1591 933 1613 reve-

200 1632 303 1665 rendo
327 1637 418 1679 patre
443 1639 657 1666 revocentur.-

244 1696 299 1719 ΧΗ.
326 1683 478 1719 Volumus
499 1687 585 1729 quod
611 1697 772 1729 personae
793 1688 932 1727 Ordinis,

202 1749 285 1782 quae
320 1739 359 1772 ad
395 1749 484 1772 suam
521 1739 704 1772 instantiam
742 1746 773 1774 et
808 1740 934 1773 non·ad

202 1791 449 1826 subventionem
475 1788 654 1833 domorum,
673 1804 779 1836 neque
804 1798 935 1836 propter

202 1843 423 1877 inevitabilem
447 1847 671 1879 necessitatem
702 1846 894 1879 emittuntur
918 1857 935 1879 a

204 1896 351 1930 domibus
375 1899 505 1930 suarum'
529 1899 777 1942 professionum,
799 1900 847 1932 vel
865 1899 926 1932 alia

203 1960 288 1991 rum,
314 1956 388 1984 ante
409 1951 658 1994 quadriennium
678 1952 711 1985 in
730 1952 880 1986 domibus
898 1953 935 1985 ad

205 2013 285 2046 quas
314 2003 483 2037 mittuntur
513 2006 686 2048 expletum,
711 2007 894 2039 nullatenus
920 2018 937 2040 a

206 2056 298 2090 dictis
315 2057 466 2090 domibus
483 2058 522 2090 ad
540 2069 630 2091 suam
649 2059 832 2093 instantiam
851 2060 938 2092 emit·

207 2114 327 2142 tantur.
354 2109 443 2148 Quod
469 2115 502 2142 ut
526 2111 640 2144 melius
666 2112 869 2152 observetur,
896 2119 938 2146 te-

207 2168 365 2204 neantur,
391 2168 541 2206 petentes
566 2174 676 2197 rursus
708 2165 874 2198 transferri
899 2166 938 2198 ad

207 2215 301 2249 aliam
319 2215 457 2255 domum,
483 2214 664 2258 significare
689 2218 867 2253 reverendo
887 2229 940 2261 pa-
960 2241 961 2247 ,

209 2269 250 2302 tri
280 2269 337 2302 vel
352 2268 492 2312 capitulo
517 2269 661 2311 generali
678 2270 832 2313 quadeu
857 2282 940 2304 man-

244 2331 271 2365 a)
292 2331 347 2358 Ista
372 2330 411 2358 sit
436 2330 594 2357 ordinentur
617 2333 648 2358 ea
675 2335 776 2358 tautum
795 2338 894 2365 mente,
915 2338 943 2360 ut
962 2338 963 2355 ἱ

790 204 863 229 INNO
870 204 885 227 L
892 202 1001 227 emus
1025 204 1053 227 XI
1078 204 1128 228 FP.

210 2382 387 2410 unaquaeque
401 2374 497 2401 domus
515 2374 549 2400 sit
568 2375 713 2409 prudenter
726 2376 853 2409 sollicita·,
869 2385 941 2409 nam,

211 2427 272 2446 cum
294 2427 348 2445 una
366 2419 463 2445 domus
481 2418 570 2453 aliquo
589 2427 651 2445 casu
677 2419 704 2445 in
730 2423 878 2454 egestatem
898 2421 944 2448 de-

210 2463 284 2496 cidit,
305 2462 429 2490 monachi
448 2463 520 2489 illius
539 2464 565 2489 in
585 2463 651 2490 alias
670 2464 820 2498 mittuntur,
841 2466 886 2492 ubi
905 2466 944 2493 eis

212 2507 368 2543 providetur
386 2507 420 2534 de
438 2507 573 2541 omnibus,
592 2508 661 2534 sicut
680 2509 808 2544 professis
825 2509 943 2545 ipsarum

212 2551 362 2579 domorum.

249 2598 260 2624 ¹
281 2597 374 2625 Potius
393 2596 451 2632 lege
470 2600 653 2625 revereantur
671 2598 711 2631 (R.
727 2598 777 2633 r.).

298 2650 378 2678 Ball.
400 2651 483 2679 Rom.
501 2667 532 2671 —
554 2652 614 2680 Ῑύῑ.
631 2652 706 2682 XIX.
855 2651 905 2681 '107

1609 192 1672 226 3:30

978 252 1080 285 serint
1103 252 1136 284 in
1158 251 1304 285 domibus
1322 262 1338 284 a
1355 252 1471 295 quibus
1488 256 1604 293 petunt
1619 251 1710 284 emit-

979 306 1012 345 ti,
1040 310 1071 339 et
1098 316 1137 338 an
1164 305 1252 338 missi
1282 305 1400 338 fuerint
1427 304 1466 337 ad
1490 303 1562 337 illas
1579 304 1618 336 ad
1639 314 1710 347 pro-

977 356 1297 402 priam‘instantiamz
1313 357 1390 391 alias
1406 357 1485 390 tales
1504 356 1632 390 litterae
1649 367 1707 400 pro

977 411 1179 455 subreptitiis
1205 412 1400 445 habeantur.

977 463 981 465 ’
1020 475 1086 498 xm.
1113 465 1143 498 Si
1169 466 1245 508 quid
1272 466 1380 498 datum
1412 464 1508 498 fuerit
1540 464 1707 498 monachis

976 519 1024 551 vel
1057 519 1230 559 conversis,
1259 519 1314 562 qui
1346 519 1379 551 in
1411 518 1525 552 alienis
1558 518 1705 551 domibus

977 581 1178 614 quacumque
1195 572 1363 605 occasione
1388 576 1638 612 commorantur,
1657 582 1708 604 ac-

976 624 1116 667 quiritur
1140 625 1248 658 domui
1273 625 1483 668 professionis
1508 635 1627 664 eorum,
1645 624 1707 657 nisi

976 688 1126 720 expresse
1150 678 1183 710 in
1208 679 1350 712 favorem
1375 680 1500 718 domus,
1517 679 1550 711 in
1572 690 1634 721 qua
1649 678 1708 711 ho-

975 729 1146 772 spitantur,
1166 730 1197 764 id
1214 731 1260 763 eis
1278 732 1387 764 datum
1414 731 1519 764 fuerit.
1545 732 1708 763 Verumta-

975 791 1049 815 men
1081 788 1234 816 exeuntes
1263 785 1355 823 inde,
1380 785 1564 817 nullatenus
1591 784 1709 817 debent

975 834 1053 868 illud
1078 841 1241 878 asportare
1260 836 1327 869 sine
1347 836 1477 869 licentia
1500 836 1627 879 prioris,
1643 836 1706 879 qui,

974 889 1057 922 sieut
1082 889 1196 922 viderit
1220 890 1321 932 magis
1348 881 1513 932 expedire,
1531 896 1585 922 aut
1600 901 1659 933 per
1676 891 1709 924 il-

975 943 1020 976 los
1046 948 1100 975 aut
1123 953 1183 986 per
1207 942 1304 976 alium
1335 942 1461 975 fidelem
1487 943 1634 975 nuntium
1658 954 1709 976 re-

975 996 1084 1029 stituet
1103 997 1184 1030 illud
1209 996 1320 1029 domui
1341 996 1552 1039 professionis
1578 1007 1705 1030 eorum.

1019 1060 1080 1083 xiv.
1105 1050 1263 1084 Personae
1288 1048 1426 1089 Ordinis,
1461 1059 1541 1091 quae
1577 1050 1708 1091 negotia

975 1103 1177 1146 expedienda
1208 1102 1376 1135 habebunt
1399 1102 1431 1134 in
1457 1102 1553 1135 curiis
1582 1103 1708 1145 praela-

976 1161 1080 1188 torum
1106 1162 1137 1188 et
1161 1155 1353 1198 principum,
1380 1156 1429 1188 vel
1453 1155 1496 1187 in
1523 1155 1594 1188 aliis
1625 1154 1706 1188 locis

974 1209 1152 1251 insignibus
1173 1208 1212 1241 ad
1231 1219 1312 1251 quae
1330 1208 1371 1240 sit
1391 1208 1544 1251 frequens
1571 1218 1708 1241 concur-

974 1272 1038 1302 sus,
1069 1262 1156 1294 iuxta
1185 1272 1264 1304 quas
1291 1262 1340 1294 vel
1370 1271 1452 1303 quae
1480 1261 1565 1294 Ordo
1595 1261 1707 1294 domos

974 1315 1074 1347 habet
1101 1315 1149 1356 vel
1177 1314 1310 1347 habebit
1339 1314 1371 1347 in
1396 1314 1547 1355 futurum,
1575 1318 1708 1356 propter

973 1367 1100 1401 Ordinis
1135 1367 1340 1400 honestatem
1378 1368 1536 1400 divertant
1566 1368 1605 1399 ad
1638 1377 1708 1399 eas-

975 1421 1047 1453 dem
1072 1421 1122 1463 (’),
1148 1425 1180 1453 et
1210 1420 1331 1462 ibidem
1367 1425 1518 1453 maneant
1553 1420 1707 1463 quamdiu

974 1484 1054 1515 opus
1089 1473 1161 1506 erit.
1188 1473 1225 1505 Et
1256 1483 1296 1505 ne
1331 1473 1445 1506 domus
1482 1473 1665 1506 huiusmodi
1691 1485 1708 1505 a

975 1526 1281 1569 supervenientibus
1296 1526 1481 1569 hospitibus
1495 1526 1628 1559 nimium
1643 1537 1709 1568 gra-

976 1577 1123 1611 varetur¹
1144 1579 1326 1621 sumptibus
1343 1584 1375 1611 et
1399 1579 1561 1622 expensis,
1581 1579 1693 1612 ordina

976 1643 1054 1673 mus,
1079 1638 1114 1664 ut
1135 1632 1277 1674 hospites
1301 1632 1511 1665 advenientes
1544 1633 1582 1666 ad
1607 1632 1708 1665 dietas

976 1687 1098 1726 domos,
1124 1688 1150 1719 si
1175 1690 1261 1721 ultra
1278 1685 1357 1718 duos
1376 1687 1444 1719 dies
1463 1687 1495 1718 in
1515 1686 1591 1729 ipsis
1609 1686 1710 1719 domi-

976 1742 1034 1774 bus
1050 1734 1270 1780 remanserint,
1285 1742 1410 1773 solvant
1424 1745 1486 1772 tam
1504 1750 1563 1782 pro
1578 1739 1708 1772 homine

977 1801 1008 1827 et
1025 1805 1120 1838 equo,
1134 1804 1230 1836 quam
1243 1804 1302 1838 pro
1317 1794 1471 1835 pedestri,
1487 1799 1598 1832 taxum,
1615 1804 1710 1836 quam

977 1847 1166 1887 visitatores,
1189 1847 1390 1880 considerata
1411 1849 1556 1881 locorum
1582 1852 1613 1879 et
1638 1854 1711 1881 tem-

978 1913 1092 1945 porum
1125 1902 1301 1945 qualitate,
1333 1903 1447 1935 iustam
1472 1909 1504 1935 et
1534 1902 1711 1936 rationabi-

979 1957 1040 1989 lem
1058 1966 1126 1987 esse
1145 1954 1551 1988 iudicaverintsecundum
1567 1956 1665 1989 Deum
1681 1963 1712 1990 et

978 2008 1221 2042 conscientiam.
1249 2008 1286 2041 Et
1321 2008 1397 2050 quia
1427 2014 1500 2040 sunt
1535 2011 1711 2042 nonnullae

979 2063 1092 2095 domus
1116 2072 1182 2094 non
1207 2062 1339 2094 multum
1361 2067 1503 2094 remotae
1530 2073 1546 2094 a
1565 2062 1711 2095 domibus

981 2114 1164 2158 praedictis,
1182 2124 1318 2156 quarum
1336 2114 1488 2146 officiales
1505 2125 1563 2157 pro
1580 2115 1644 2147 suis
1662 2126 1713 2148 ne-

981 2167 1076 2210 gotiis
1093 2166 1222 2209 saepius
1237 2166 1270 2198 in
1288 2176 1373 2199 auno
1391 2167 1545 2201 accedunt
1558 2167 1596 2200 ad
1611 2168 1712 2201 dictas

982 2220 1094 2260 curias,
1113 2219 1237 2262 quibus,
1257 2219 1283 2251 si
1304 2219 1336 2251 in
1357 2220 1505 2262 quolibet
1528 2231 1639 2253 eorum
1665 2221 1715 2254 ad·

983 2279 1077 2307 ventu
1096 2273 1159 2306 duo
1178 2272 1246 2304 dies
1264 2272 1334 2304 sine
1352 2272 1500 2314 expensis
1519 2273 1706 2316 hospitalita

984 2327 1023 2358 tis
1042 2326 1143 2369 gratia
1160 2325 1430 2364 concederentur,
1458 2326 1640 2368 praedictae
1659 2327 1716 2359 do-

985 2390 1054 2411 mus
1071 2378 1194 2411 vicinae
1213 2382 1423 2420 gravarentur
1440 2388 1446 2409 z
1466 2377 1586 2416 idcireo
1604 2379 1715 2411 statui-

986 2442 1066 2471 mus,
1081 2431 1176 2474 quod,
1192 2430 1217 2462 si
1232 2430 1269 2463 ad
1284 2441 1379 2463 unam
1398 2431 1532 2463 domum.
1545 2431 1667 2474 pluries
1684 2431 1716 2464 in

1019 2511 1042 2546 ·)
1062 2510 1125 2538 Vide
1144 2510 1338 2537 ordinationem
1353 2510 1415 2536 anni
1430 2516 1517 2537 Mncxx
1531 2510 1557 2537 in
1573 2510 1624 2538 sine
1640 2510 1718 2538 huius

986 2555 1095 2589 capituli
1116 2555 1307 2588 Insequenles‚
1328 2558 1380 2581 etc.

1024 2600 1036 2626 1
1057 2598 1150 2626 Potius
1168 2598 1227 2634 lege
1246 2602 1404 2633 yruventtu·
1423 2599 1459 2634 (a.
1476 2598 1524 2633 T.)-

1719 203 1767 229 Λιι.
1786 202 1815 230 C.
1837 202 1901 231 ΗΕΒ
