2111 3157
150 219 197 245 Αη.
214 220 242 245 c.
264 221 329 247 1076
374 211 416 246 32

341 274 427 309 tare,
456 279 584 303 necnon
609 270 641 302 in
672 269 735 303 fine
765 270 898 303 triennii
923 280 998 304 suae
1031 269 1076 301 vi-

340 322 500 357 sitationis
532 323 816 358 rationemdictis
853 323 1075 366 superioribus

340 376 479 409 reddere
515 376 652 416 debeat,
685 386 837 416 necnon,
869 376 964 409 toties
998 387 1076 419 quo-

341 428 399 459 ties
425 428 602 470 expediens
628 427 801 468 videbitur,
827 433 956 471 peraeto
980 429 1076 460 trien-

339 480 413 519 nio,
439 481 479 512 ad
505 480 591 512 aliud
618 480 791 512 triennium
821 480 955 523 posset¹
980 480 1076 513 recli-

341 533 394 573 εἰ)
421 532 474 564 et2
498 532 669 565 instituere
700 534 804 565 valeat
827 533 906 565 seu⁸
928 535 1073 570 valcaut;

339 585 473 627 insuper
506 590 541 616 ut
576 584 675 617 iidem
713 585 859 628 deputati
895 596 1008 618 omnes
1044 592 1075 618 et

338 637 484 678 singulas
520 638 767 671 constitutiones
798 642 830 670 et
869 643 985 671 statuta
1022 639 1074 680 (et

339 689 533 731 praesertim
568 689 624 722 illa
655 701 737 733 quae
771 701 789 723 a
814 691 933 724 dilecta
957 691 1074 724 simili⁴

338 741 371 773 in
397 741 523 774 Christo
549 741 614 775 filia
638 743 811 776 Mechtilda
836 754 852 776 a
883 744 936 777 SS.
963 744 1075 777 Sacra-

337 800 447 826 mento
487 795 622 827 moniali
662 796 844 838 primodicti
887 798 1074 829 monasterii

339 856 438 888 super
470 847 675 879 observantia
712 854 775 880 tarn
811 849 991 891 primitivae
1026 861 1075 882 re-

338 900 432 939 gntae
457 898 488 931 S.
516 899 680 931 Benedicti
706 911 801 943 quam
834 901 971 934 instituti
1000 902 1075 933 ado-

337 951 472 983 rationis
496 957 675 994 perpetuae
701 953 752 985 SS.
776 953 972 987 sacr-amenti
999 966 1075 987 con-

338 1003 405 1035 dita
438 1004 594 1046 fuerunt),
620 1005 797 1038 dummodo
824 1007 879 1039 illa
903 1008 1001 1039 sacris
1024 1019 1074 1039 ca-

336 1056 479 1088 nonibus
505 1067 571 1088 non
606 1057 670 1089 sint
695 1060 869 1097 contraria,
891 1060 1075 1102 approban-

339 1107 394 1148 di,
424 1108 573 1140 similiter
597 1119 663 1141 non
689 1110 854 1143 contraria
886 1112 1071 1151 condendi,

337 1170 393 1193 seu
430 1160 584 1202 antiqua,
619 1161 746 1204 quoties
778 1163 954 1205 expediens
989 1164 1075 1196 vide-

335 1212 435 1252 bitur,
455 1212 660 1253 immutzmdi,
682 1214 881 1257 corrigendi,
904 1217 1076 1249 moderan-

337 1265 368 1296 di
405 1270 436 1297 et
469 1265 502 1296 in
527 1265 663 1298 meliora
687 1267 908 1308 reformandi,
945 1279 1074 1302 necnon

337 1328 559 1361 quoscumque
585 1324 673 1352 actus
698 1325 729 1352 et
753 1326 949 1361 contractus,
970 1322 1075 1355 licitos

336 1374 444 1402 tamen
463 1376 494 1402 et
515 1370 681 1411 honestos,
702 1372 860 1405 hactenus
874 1384 932 1416 per
952 1375 1076 1407 monia-

335 1422 382 1454 les
399 1423 671 1456 monasteriorum
690 1424 876 1458 huiusmodi
897 1428 1075 1469 quomodo-

335 1474 416 1506 libet
440 1474 548 1513 initos‚
571 1485 606 1507 ac
631 1486 852 1520 quoscumque
878 1479 1008 1511 habitus
1029 1479 1076 1511 di-

335 1527 375 1558 cti
407 1526 535 1559 Ordinis
567 1528 734 1570 quibusvis
768 1531 963 1564 monialibus
999 1543 1075 1565 con-

915 222 1094 246 BULLARIUM
1117 223 1269 247 ROMANL'M

1120 275 1267 312 tempore
1304 268 1540 315 existentibus,
1573 274 1608 301 ut
1639 268 1791 302 omnibus
1821 274 1853 301 et

1118 322 1254 363 singulis
1271 322 1538 362 immunitatibus⁷
1551 321 1742 364 privilegiis,
1759 321 1852 352 lib-:r-

1119 374 1246 415 tatibus,
1273 375 1394 418 gratiis,
1418 374 1564 413 indultis,
1584 373 1795 415 indulgentiis
1820 379 1853 406 ct

1120 428 1281 460 favoribus
1309 428 1533 470 spiritualibus
1554 433 1585 459 et
1609 425 1850 469 temporalibus,

1118 480 1218 512 sancti
1234 480 1399 513 Benedicti
1421 480 1572 522 primitivi
1587 478 1715 512 Ordinis
1728 484 1759 511 et
1772 478 1853 511 Con-

1119 533 1315 574 gregationis
1330 534 1444 565 Montis
1458 533 1658 566 Cassinensis
1674 532 1853 571 monachis,

1119 591 1147 617 et
1173 586 1364 628 praesertim
1389 585 1640 627 Congregationi
1665 585 1854 617 monialium

1119 639 1376 671 Reformatarum
1413 639 1560 671 eiusdem
1592 638 1719 671 Ordinis
1752 638 1853 670 sancti

1118 692 1284 724 Benedicti
1316 692 1432 724 Montis
1459 691 1622 724 Calvariae
1652 696 1854 734 nuncupata-

1117 756 1200 784 rum,
1224 744 1450 786 principaliter
1481 749 1511 776 et
1537 743 1776 785 particulariter
1802 745 1852 776 vel

1119 797 1315 839 generaliter
1332 802 1385 828 aut
1408 796 1587 828 accessorie
1612 797 1659 828 vel
1685 806 1742 838 per
1770 795 1852 828 viam

1118 849 1338 882 concessionis
1374 854 1405 881 et
1444 848 1643 880 extensionis
1682 853 1735 880 aut
1775 848 1853 881 alifis

1119 902 1367 944 quomodolibet
1390 901 1571 940 concessis,
1598 901 1630 932 in
1655 900 1693 933 iis
1721 906 1826 933 tamen
1843 927 1851 941 ‚

1119 964 1202 996 quae
1220 954 1315 986 huius
1333 954 1498 992 institutis,
1515 952 1652 985 statutis¹
1671 958 1703 986 et
1719 963 1855 986 consuc-

1119 1006 1284 1038 tudinibus
1303 1017 1364 1038 non
1387 1006 1610 1045 adversantur,
1629 1011 1660 1038 et
1677 1005 1853 1038 dummodo

1119 1059 1173 1091 illa
1199 1060 1263 1091 sint
1293 1059 1324 1091 in
1357 1069 1434 1098 usu,
1460 1064 1491 1091 et
1524 1069 1588 1091 non
1618 1058 1684 1090 sint
1706 1065 1854 1092 revocata

1119 1118 1172 1144 aut
1197 1112 1256 1143 sub
1281 1113 1346 1145 ulla
1370 1113 1577 1145 revocatione
1603 1112 1852 1159 comprehensa,

1119 1175 1178 1197 nec
1194 1164 1292 1196 sacris
1317 1165 1495 1197 canonibus
1514 1170 1545 1197 et
1562 1164 1709 1196 conciliis
1729 1170 1855 1197 contra-

1119 1217 1166 1249 ria
1190 1216 1261 1256 sint,
1284 1217 1342 1256 uti,
1363 1217 1434 1256 frui,
1454 1217 1546 1259 potiri
1565 1222 1597 1249 et
1617 1217 1761 1258 gaudere
1782 1227 1854 1259 pos-

1118 1270 1183 1302 sint
1207 1276 1239 1301 et
1260 1270 1395 1309 valeant,
1422 1270 1544 1312 pariter
1561 1281 1598 1303 ae
1621 1270 1853 1313 pariformiter‚

1118 1321 1255 1364 perinde
1275 1332 1310 1354 ac
1331 1322 1355 1354 si
1385 1322 1438 1354 illa
1463 1322 1657 1354 monialibus
1683 1322 1778 1354 huius
1805 1322 1855 1354 in-

1118 1375 1230 1415 stituti,
1258 1385 1294 1408 ae
1318 1375 1403 1408 illius
1439 1375 1653 1407 conventibus
1670 1402 1677 1414 ,
1703 1375 1853 1417 personis

1118 1433 1149 1460 et
1173 1427 1267 1459 bonis
1291 1428 1543 1470 particulariter,
1571 1426 1723 1470 specifice
1749 1432 1781 1459 et
1805 1436 1856 1459 ex—

1118 1491 1244 1522 presse,
1267 1491 1303 1512 ac
1319 1481 1510 1513 nominatim
1528 1490 1684 1512 concessa
1701 1479 1853 1512 fuissent:

1118 1533 1326 1565 concedimus
1352 1538 1383 1565 et
1407 1533 1623 1574 indulgemus.

1859 220 1913 247 An.
1930 218 1959 248 C.
1976 219 2043 248 1076

335 1578 504 1611 cessiones
529 1585 561 1611 et
585 1580 806 1622 professiones
826 1583 902 1616 inde
929 1584 1074 1627 legitime

336 1636 460 1663 secutas
486 1633 690 1674 approbandi
715 1639 747 1666 et
770 1636 1007 1677 confirmandi3

159 1693 324 1729 numeratu*
380 1684 395 1726 ς
412 1684 443 1716 6.
466 1684 637 1718 Praeterea
656 1691 717 1718 tam
735 1689 839 1729 quod⁵
860 1690 1074 1732 superiorissa

143 1726 256 1771 {Zl'i'i'flssssa
288 1727 323 1766 {11⁰-
336 1747 392 1768 seu
417 1737 574 1779 priorissa
598 1738 694 1780 primi
714 1742 902 1774 monasterii
926 1743 1075 1785 praefati,

1162 1586 1176 1627 ξ
1202 1586 1232 1618 7.
1252 1585 1384 1618 Necnon
1403 1585 1552 1618 omnibus
1579 1590 1611 1617 et
1631 1585 1767 1627 singulis
1789 1596 1853 1618 mo-
1879 1621 1959 1641 hmm
1983 1627 2047 1641 ow-

1118 1638 1257 1671 nialibus
1283 1639 1436 1681 praefatis
1454 1649 1490 1671 ac
1508 1639 1674 1681 quibusvis
1691 1639 1760 1672 aliis
1776 1638 1853 1670 utri·
1865 1647 2048 1694 c'c'ss?‚'⁵'²⁶1{¹.issi'32

1118 1702 1223 1734 usque
1249 1702 1342 1724 sexus
1367 1690 1632 1724 christifidelibus
1650 1702 1723 1724 vere
1742 1700 1966 1734 poeni-effle-‘w
1982 1700 2048 1719 diciu-

1119 1743 1261 1775 tentibus
1286 1749 1319 1776 et
1342 1744 1500 1776 confessis
1530 1754 1566 1776 ac
1601 1746 1691 1776 sacra
1715 1729 2038 1776 commu-iissiunui'wm‘w

1916 1594 2047 1619 iri-tutpnua

143 1780 159 1800 μ’,
170 1773 209 1791 vid-1
221 1773 247 1792 ad
260 1775 324 1794 tricu-

159 1806 206 1819 ium.

336 1800 431 1831 quani
457 1790 601 1822 omnium
634 1791 771 1825 aliorum
804 1795 1075 1828 monasteriorum

336 1842 399 1873 iam
436 1848 615 1874 erectorum
654 1849 685 1875 et
722 1845 754 1876 in
789 1846 931 1879 futurum
968 1848 1074 1880 forsan

336 1894 567 1936 erigendorum
601 1895 759 1938 priorissa
785 1898 973 1932 triennalis*
998 1901 1074 1942 eligi

337 1947 502 1986 debeant,
533 1958 613 1989 quae
650 1954 756 1981 tamen
782 1951 821 1982 ad
847 1951 908 1983 alia
934 1952 1074 1984 triennia

336 1998 515 2031 successive
542 1999 635 2031 toties
660 2001 773 2042 reeligi
800 2008 964 2044 poterunt,
996 2015 1075 2045 quo-

339 2049 398 2082 ties
422 2061 481 2092 pro
507 2052 593 2083 bono
620 2053 892 2086 monasteriorum
914 2056 1074 2097 gubernio

338 2103 381 2134 ita
417 2104 572 2146 expedire
604 2111 635 2137 et
666 2107 886 2139 necessarium
920 2118 994 2140 esse
1030 2109 1074 2140 vi—

338 2154 484 2195 debitur,
503 2156 612 2189 denuo
641 2158 791 2189 omnibus
809 2164 841 2190 et
863 2158 1000 2201 singulis
1021 2171 1075 2192 eo-

339 2208 485 2240 rumdem
516 2210 790 2242 monasteriorum
827 2211 988 2253 priorissis
1016 2223 1074 2245 seu

338 2261 563 2302 superiorissis
587 2268 617 2294 et
635 2263 840 2304 monialibus
859 2274 944 2297 nunc
965 2270 997 2297 et
1016 2276 1074 2308 pro

372 2366 384 2391 1
406 2365 496 2392 Potius
511 2366 569 2399 lege
588 2368 676 2400 possit
691 2369 728 2400 (R.
745 2368 792 2402 T.).

373 2410 389 2436 ἱ).
405 2410 561 2436 Coniunctio
578 2415 602 2438 ec
619 2412 730 2438 delenda
746 2416 786 2446 (n.
803 2413 851 2447 T.).

372 2455 388 2479 ὃ
407 2454 491 2480 Verba
508 2455 599 2482 valcat
614 2464 661 2481 seu
679 2456 796 2484 delenda
810 2459 851 2490 (n.
868 2460 916 2489 Τ.).

360 2497 387 2523 ’Δ
406 2498 494 2524 l'otius
510 2500 569 2531 tege
584 2500 724 2527 similiter
739 2508 777 2534 [a.
795 2502 844 2534 T.).

373 2543 389 2569 5
407 2543 498 2568 Potius
515 2543 572 2574 lege
589 2546 663 2577 qumi
681 2549 738 2569 lam
756 2554 803 2579 pro
819 2549 877 2572 lam
893 2547 969 2580 quod
984 2548 1073 2582 (n.T.).

374 2587 389 2612 6
407 2586 502 2621 Aptius
519 2585 574 2621 leg¹
588 2595 653 2620 priv
689 2595 747 2613 ssac
762 2588 921 2616 triennales
937 2590 973 2625 (fl.
991 2593 1039 2622 Τ.).

1118 1796 1216 1828 nione
1242 1796 1394 1835 refectis,
1421 1796 1475 1839 qui
1505 1796 1669 1838 quaslibet
1693 1802 1855 1829 monaste-

1118 1848 1237 1881 riorum
1256 1855 1439 1881 erectorum
1459 1850 1611 1881 ecclesias
1631 1849 1745 1882 dicbus
1764 1849 1855 1882 festis
1901 1868 1909 1880 ³

1118 1901 1332 1933 solemnitatis
1372 1901 1524 1943 Corporis
1567 1900 1685 1933 Christi
1725 1911 1854 1934 necnon

1118 1954 1245 1996 patroni
1272 1953 1446 1986 cuiuslibet
1479 1954 1634 1985 ecclesiae
1668 1955 1785 1987 devote
1809 1955 1856 1987 vi-

1119 2006 1296 2044 sitaverint,
1316 2006 1423 2048 ibique
1443 2017 1502 2048 pro
1529 2006 1664 2038 Romani
1692 2006 1854 2039 Pontificis

1118 2059 1233 2095 salute,
1252 2057 1325 2090 fidei
1348 2058 1526 2090 catholicae
1553 2059 1799 2101 propagatione,
1824 2065 1857 2092 et.

1118 2110 1301 2153 principum
1320 2111 1572 2143 christianorum
1591 2112 1772 2152 concordia,
1787 2122 1857 2145 nec·

1118 2173 1182 2194 non
1205 2163 1378 2195 haeresum
1395 2163 1608 2206 extirpatione
1624 2164 1691 2206 pias
1706 2165 1743 2197 ad
1756 2164 1855 2197 Deum

1118 2225 1231 2258 preces
1256 2214 1437 2255 effuderint,
1464 2226 1500 2248 ae
1525 2216 1722 2249 euiuslibet⁹
1739 2227 1776 2249 ex
1801 2217 1857 2250 iis-

1118 2268 1192 2299 dem
1216 2267 1410 2299 monialibus
1438 2269 1488 2300 die
1520 2280 1583 2311 qua
1615 2269 1684 2311 ipsa
1710 2269 1856 2302 habitum

1118 2319 1206 2351 illius
1231 2319 1361 2352 Ordinis
1387 2321 1543 2364 suscipiet
1566 2326 1597 2354 et
1618 2321 1857 2364 professionem

1118 2373 1298 2404 solemnem
1323 2373 1455 2411 emittet,
1482 2374 1507 2406 si
1533 2374 1772 2407 sanctissimum
1797 2375 1858 2408 Eu-

1119 2425 1291 2457 charistiae
1324 2431 1562 2458 sacramentum
1599 2427 1655 2459 illa
1687 2427 1738 2460 die
1771 2438 1858 2460 sum-

1118 2477 1221 2519 pserit
1250 2482 1280 2509 et
1305 2483 1337 2509 ut
1364 2488 1463 2521 supra
1488 2479 1645 2519 oraverit,
1676 2479 1857 2522 plenariam

1155 2547 1165 2573 1
1191 2546 1280 2573 Potius
1299 2547 1358 2581 lege.
1378 2547 1506 2575 instituti
1525 2548 1639 2576 statutis
1659 2549 1686 2584 (n
1712 2551 1760 2582 τ.).

1154 2591 1168 2616 Ξ
1189 2591 1285 2626 Aptius
1304 2591 1363 2627 lege
1383 2593 1500 2620 cuilibet
1522 2598 1556 2623 (ι’.
1574 2594 1623 2626 τ.).
