2111 3157
8 210 56 236 Αιι.
72 208 101 235 C.
125 208 191 235 1080

7 268 188 298 emta—confrater·
199 254 325 288 Ordinis
340 255 471 287 fratrum
485 254 538 287 SS.
551 254 713 286 Trinitatis
726 253 927 295 Redemptio·
946 254 948 282 l

7 295 188 341 El'.‘.'.21'.‘3.¹‡?.25¹2.÷'2'1
199 307 247 339 nis
261 307 473 349 Captivorum,
489 308 585 349 quod,
601 317 673 338 cum
691 306 866 338 nonnullae
883 304 925 336 in·
946 319 948 334 ;

7 351 65 369 ‘¹⁸²'
80 350 100 366 ⁰¹
117 346 175 366 '⁰³³'
199 360 384 402 dulgentiae
398 366 430 391 et
446 365 649 402 peccatorum
663 358 878 395 remissiones
892 365 928 388 ac
946 341 948 359 Ι

198 412 469 455 poenitentiarum
486 411 699 444 relaxationes
713 408 928 442 confratribus

198 466 363 507 utriusque
378 475 470 497 sexus
487 463 744 496 christifidelimn
763 463 820 493 sub
837 461 927 492 titulo

199 527 254 549 seu
279 517 482 549 invocatione
512 516 655 547 eiusdem
686 514 739 546 SS,
766 512 926 545 Trinitatis

199 568 442 610 Redemptionis
458 567 661 609 Captivorum
675 578 692 598 a
705 564 926 607 superioribus

200 621 272 653 dicti
298 620 424 653 Ordinis
456 630 491 652 ex
518 619 641 651 indulto
676 618 767 651 Sedis
792 619 928 659 Aposto-

198 673 279 705 lieae
294 672 409 704 erectis
422 677 454 704 et
464 671 625 712 erigendis
637 671 813 713 apostolica
824 674 926 701 aucto·

199 724 292 756 ritate
325 734 498 756 concessae
524 723 760 765 reperirentur,
799 722 926 754 illarum

200 775 403 808 summarium
432 775 623 812 confectum,
642 773 689 806 ut¹
711 785 728 806 a
748 773 928 814 (longi-ega-

201 827 287 860 tione
318 827 548 860 venerabilium
580 828 711 858 fratrum
744 831 927 857 nostrorum

201 879 231 912 S.
259 880 295 912 R.
322 879 356 912 E.
383 879 594 912 cardinalium
611 877 821 919 indulgentiis
839 883 869 909 et
885 888 929 909 sa-

202 932 263 964 cris
287 931 432 974 reliquiis
453 931 711 974 praepositorum
728 930 929 971 recognitum

203 989 235 1016 et
250 984 461 1026 approbatum
479 983 547 1028 fuit,
565 983 688 1015 tenoris
707 983 761 1024 qui
776 982 929 1024 sequitur,

202 1035 370 1069 videlicet:

202 1096 390 1125 Summarium
410 1097 641 1135 indmymniarum
664 1107 679 1125 a
701 1096 820 1126 Smnmis
842 1096 934 1125 Ponte·-

241 1144 335 1182 ficz'bus
352 1145 622 1182 confraternitatibus
639 1144 670 1172 ab
686 1144 788 1173 Ordine
802 1143 853 1173 SS.
875 1144 934 1172 Tri-

242 1193 336 1221 nitatis
351 1192 551 1230 Redemptionis
564 1193 684 1231 fidelium
697 1194 863 1230 captivorum
879 1203 935 1221 ezre-

209 1269 218 1278 ,
242 1241 293 1269 ctis
313 1245 337 1269 et
359 1241 489 1269 institutis
511 1250 708 1269 concessarum.

52 1306 109 1326 Ordo
123 1306 194 1326 huius-

12 1333 67 1353 mod·
98 1333 194 1353 laudibus

13 1362 104 1379 ornatur.

248 1296 305 1334 Qui
328 1297 413 1329 Ordo
437 1307 502 1329 non
527 1297 596 1329 sine
615 1297 719 1329 divina
737 1296 933 1329 revelatione

205 1359 222 1380 a
247 1349 398 1390 gloriosis
422 1349 537 1381 sanctis
570 1348 685 1381 loanue
711 1349 749 1380 de
775 1349 879 1380 Matha
904 1354 935 1380 et,

206 1401 311 1433 Felice
336 1401 375 1433 de
399 1401 503 1433 Valois
529 1401 678 1433 fundatus
703 1401 768 1438 suit,
796 1402 935 1433 easdem-

206 1463 269 1495 que
286 1453 565 1486 confraternitates
583 1454 813 1496 quamplurimi
832 1464 933 1495 reges,

206 1505 381 1548 principes,
398 1506 523 1538 nobiles
542 1511 573 1537 et
590 1505 749 1537 innumeri
768 1505 934 1547 utriusque

204 1568 296 1590 sexus
321 1558 552 1590 christifideles
582 1557 718 1599 ingressi
752 1562 847 1597 sunt,
880 1559 934 1600 qni

205 1610 243 1642 ad
271 1615 333 1641 tam
369 1610 552 1651 frequentes
589 1615 620 1641 et
662 1620 849 1641 numerosas
886 1620 956 1650 rc-¹

205 1661 408 1703 demptiones
425 1672 442 1693 a
456 1661 542 1693 dicto
554 1661 672 1693 Ordine
688 1662 726 1692 ab
741 1661 832 1693 initio
846 1661 933 1692 illlus

206 1713 400 1745 fundationis
426 1724 527 1755 usque
553 1714 590 1745 ad
617 1724 770 1755 praesens
787 1713 883 1744 factas
902 1715 935 1744 li-
955 1740 957 1748 ,

206 1765 368 1797 beralibus
387 1765 580 1807 elemosynis
600 1765 765 1807 cooperati
783 1770 868 1796 sunt.
888 1765 935 1797 ln-
955 1782 957 1810 3

207 1817 388 1859 dulgentiae
409 1828 484 1849 vero
501 1823 574 1849 sunt
592 1817 822 1859 infrascriptae,
844 1817 936 1849 omis-
955 1815 957 1843 ἶ

207 1869 250 1902 sis
274 1871 432 1902 revocatis
457 1881 474 1902 a
507 1871 540 1902 B.
570 1870 624 1901 Pio
650 1870 687 1907 V,
716 1880 796 1912 quae
822 1880 934 1901 manus

207 1921 376 1954 adiutrices
390 1922 609 1964 requirebant,
631 1927 747 1963 postea
761 1932 777 1953 a
790 1921 888 1953 Paulo
904 1922 933 1959 V,

207 1974 271 2015 qui,
290 1974 446 2006 revocatis
469 1974 619 2015 antiquis,
642 1984 739 2005 novas
766 1973 935 2012 concessit,

206 2032 237 2057 et
256 2031 420 2068 postremo
445 2036 462 2057 a
486 2026 648 2058 Clemente
675 2026 716 2064 X,
741 2025 793 2067 qui
823 2036 935 2057 omnes

207 2077 410 2118 generaliter,
441 2077 582 2118 exceptis
615 2077 646 2108 in
680 2077 742 2108 hoc
773 2078 935 2118 praesenti

207 2129 282 2161 folio
307 2129 477 2167 contentis,
497 2129 660 2161 nonnullis
677 2129 886 2168 confirmatis,
907 2135 935 2162 et

207 2181 286 2219 aliis,
313 2186 409 2223 prout
426 2181 457 2212 in
480 2181 570 2213 Brevi
590 2182 647 2213 sub
670 2181 776 2212 datum
799 2192 834 2214 111
857 2182 935 2213 iunii

207 2244 380 2272 itincrxxm,
406 2234 444 2266 de
470 2244 552 2266 novo
570 2232 743 2271 concessis,
763 2235 934 2266 revocavit.

208 2290 395 2328 Indulgentiae
416 2301 431 2319 (ι
454 2290 539 2319 Paulo
566 2290 586 2318 V
610 2290 690 2318 dictis*
709 2291 894 2328 confratribus
914 2295 938 2320 et

246 2339 430 2367 consularibus
452 2348 599 2366 st‘utCCSSt'tC.

27 2390 184 2441 indutam-rad·
253 2398 276 2421 1.
301 2388 455 2420 Omnibus
487 2394 518 2419 et
542 2387 676 2428 singulis
701 2387 867 2430 utriusque
892 2399 938 2420 se-

19 2428 147 2494 iiii'i'e‘iiuss's'
181 2427 267 2472 ’κῖκυς
292 2440 567 2478 christifidelilms,
598 2450 672 2471 vere
698 2440 940 2482 poenitentibus

19 2480 67 2495 ω’
211 2499 243 2526 et
266 2493 419 2525 confessis
443 2503 478 2525 ac
503 2494 592 2524 sacra
616 2492 841 2525 communione
863 2493 939 2525 refe-

248 2555 258 2581 1
280 2553 371 2589 Aptius
391 2553 447 2583 tege
468 2556 493 2579 el
513 2561 559 2587 pro
581 2556 610 2579 ut
629 2559 668 2585 tn.
689 2554 737 2585 T.).

317 2607 395 2632 uuit.
418 2606 500 2632 hom.
521 2620 553 2625 -—
578 2606 634 2635 sol.
658 2606 732 2632 AJX.
877 2606 911 2633 30

777 205 987 230 INNOCENTIUS
1009 206 1039 228 XI
1064 204 1113 227 PP.

1598 191 1662 224 ⁶232
1707 199 1800 226 Aac.
1824 199 1891 226 teau

969 252 1035 290 ctis,
1061 251 1163 293 prima
1187 250 1249 287 die,
1274 260 1337 292 qua
1361 249 1392 281 in
1418 249 1500 281 dieta
1525 250 1701 281 confrater-

969 303 1066 334 nitate
1091 301 1323 338 adscribentur,
1350 312 1385 333 ac
1401 301 1544 333 habitum
1563 311 1617 333 sen
1635 311 1701 331 sra-

969 355 1128 397 pularium
1153 364 1247 386 manu
1265 353 1409 386 eiusdem
1427 353 1603 395 superioris
1626 353 1701 385 dicti

969 406 1097 438 Ordinis
1123 406 1331 438 benedictum
1351 405 1552 447 susceperint
1578 406 1700 447 absque

969 459 1030 489 voti
1058 458 1239 496 cnnissione,
1266 457 1441 499 plenariam
1468 458 1608 489 omnium
1626 468 1702 499 pec-

970 516 1114 542 catorum
1140 520 1271 542 suorum
1296 509 1531 551 indulgentiam
1551 510 1704 542 etremis-

970 562 1091 594 sionem
1112 563 1284 594 concessit.
1742 603 1744 605 Ι

1014 624 1046 646 11.
1079 614 1207 648 Eisdem
1239 615 1452 647 confratribus
1484 621 1515 647 ct
1539 616 1702 648 sororibus

971 676 1052 697 nunc
1076 669 1108 697 et
1131 676 1192 708 pro
1218 671 1360 708 tempore
1391 667 1602 699 existentibus
1628 679 1700 700 sca-

970 718 1129 758 pularium
1162 719 1381 760 supradictum
1418 719 1654 758 deferentibus,
1677 721 1703 752 si

970 779 1042 801 vere
1074 770 1278 811 poenitentes
1315 776 1346 802 et
1377 771 1515 802 confessi
1551 782 1587 802 ac
1617 775 1705 804 sacra

970 821 1196 854 commuuione
1211 822 1323 854 refecti
1338 822 1571 854 sanctissimum
1588 834 1704 855 nomen

971 872 1040 904 lesu
1067 884 1133 912 ore,
1157 873 1182 905 si
1202 874 1374 916 potuerint,
1400 874 1448 906 sin
1474 875 1587 912 minus,
1609 877 1706 908 corde

972 924 1004 955 in
1029 925 1200 957 cuiuslibet
1224 936 1335 958 eorum
1357 926 1468 958 mortis
1493 927 1626 959 articulo
1652 928 1706 960 dc-

973 981 1044 1008 vote
1071 977 1310 1015 invocaverint3

1018 1039 1063 1061 111.
1090 1029 1216 1062 Eisdem
1240 1030 1457 1062 confratribus
1484 1036 1515 1063 et
1530 1031 1707 1071 sororibus,

976 1081 1028 1122 qui
1056 1092 1128 1113 vere
1154 1082 1358 1124 poenitentes
1383 1088 1414 1114 et
1438 1083 1574 1115 confessi
1600 1095 1636 1116 ac
1660 1095 1709 1115 sa-

976 1136 1029 1165 cra
1052 1134 1277 1166 communione
1313 1135 1425 1167 refecti
1460 1136 1628 1168 ecclesiam
1655 1143 1709 1168 aut

976 1187 1156 1228 cappellam
1191 1187 1241 1218 vel
1275 1187 1452 1219 oratorium
1491 1186 1618 1219 Ordinis
1655 1193 1709 1220 aut

977 1239 1249 1271 confraternitatis
1285 1240 1336 1271 die
1361 1241 1440 1271 festo
1465 1240 1518 1272 SS.
1546 1240 1709 1273 Trinitatis

977 1290 1090 1322 devote
1114 1291 1330 1330 visitaverint,
1359 1297 1391 1322 et
1414 1291 1456 1322 ibi
1483 1302 1541 1333 pro
1564 1292 1710 1324 christia-

977 1353 1090 1374 norum
1112 1342 1294 1386 principum
1320 1344 1510 1382 concordia,
1537 1344 1708 1376 haeresum

977 1395 1190 1436 extirpatione
1216 1401 1246 1427 et
1270 1401 1398 1427 sanctae
1420 1395 1530 1427 matris
1548 1395 1710 1427 Ecclesiae

977 1448 1171 1480 exaltatione
1197 1447 1265 1489 pias
1290 1447 1328 1478 ad
1354 1447 1453 1479 Deum
1479 1457 1593 1489 preces
1621 1448 1710 1479 fude-

977 1500 1052 1536 rim,
1079 1500 1276 1541 plenarianr,

1022 1563 1060 1584 iv.
1087 1553 1213 1585 Eisdem
1234 1553 1450 1585 confratribus
1475 1558 1507 1584 ct
1530 1552 1709 1591 sororibus,

977 1606 1030 1647 qui
1056 1606 1094 1637 ad
1121 1612 1227 1647 partes
1255 1606 1435 1638 infidelium
1461 1605 1603 1647 captivos
1627 1606 1712 1637 redi-

977 1658 1084 1689 mendi
1110 1660 1210 1699 gratia
1236 1669 1269 1690 se
1295 1658 1534 1695 transtulerint,
1561 1669 1596 1690 ac
1623 1658 1711 1700 prius

977 1722 1050 1743 vere
1088 1711 1290 1752 poenitentes
1327 1718 1356 1742 ct
1386 1711 1525 1742 confessi
1551 1710 1713 1741 sant-tissi-

978 1773 1062 1794 mum
1082 1763 1298 1794 Eucharistiae
1314 1767 1550 1793 sacramentum
1569 1772 1712 1804 smnpsc-

978 1814 1051 1849 rint.
1073 1815 1269 1856 plenarianr,

1022 1878 1049 1898 v.
1079 1867 1225 1909 lpsismet
1251 1867 1383 1909 captivis
1414 1867 1607 1908 redemptis,
1638 1867 1710 1908 qui,

955 1943 957 1965 t
978 1919 1060 1950 iufra
1085 1929 1227 1951 mensem
1252 1930 1269 1950 a
1295 1919 1345 1951 die
1370 1930 1480 1951 eorum
1514 1918 1711 1951 reductionis

978 1972 1240 2013 computandum,
1258 1982 1331 2003 vere
1354 1971 1557 2013 poenitentes
1583 1976 1615 2001 et
1639 1981 1712 2002 eon-

1087 2022 1322 2054 sanctissimum
1356 2022 1578 2054 Eucharistiae
1609 2032 1712 2054 sacra-

978 2080 1123 2107 mentum
1140 2074 1345 2116 sumpserint,
1365 2074 1542 2116 plenariam
1564 2073 1712 2106 similiter

978 2127 1121 2160 omnium
1148 2132 1353 2169 peccatorum
1384 2136 1516 2158 suorum
1541 2125 1712 2167 indulgen-

980 2179 1054 2211 tiam
1080 2184 1112 2212 et
1149 2178 1373 2211 remissionem
1403 2177 1654 2210 misericorditer
1679 2178 1711 2210 in

981 2231 1116 2263 Dounno
1141 2230 1312 2263 concessit.

1023 2293 1064 2315 v1.
1091 2283 1217 2315 Eisdem
1242 2283 1454 2315 confratribus
1479 2287 1510 2316 et
1536 2283 1712 2322 sororibus,

981 2336 1034 2378 qui
1060 2335 1279 2378 supradictum
1307 2335 1451 2367 habitum
1476 2335 1541 2367 sive
1567 2336 1714 2377 scapula-

982 2389 1065 2420 riuin
1103 2388 1308 2420 benedictum
1349 2387 1581 2430 redemptionis
1621 2387 1712 2429 signo

982 2440 1139 2472 munitum
1165 2450 1222 2481 pro
1248 2439 1355 2471 cordis
1383 2439 1498 2471 affectu
1524 2439 1712 2478 detulerint,

982 2502 1017 2523 ac
1042 2492 1141 2523 semel
1167 2490 1197 2521 in
1224 2490 1275 2522 die
1311 2490 1414 2523 sexies
1451 2491 1632 2522 orationem
1658 2491 1714 2522 do·

982 2544 1131 2577 mimicam
1166 2553 1238 2576 cum
1268 2543 1419 2576 fflisiculo
1450 2543 1562 2576 Gloria
1593 2542 1710 2581 Patri,

980 2023 1050 2055 fessi

1763 2286 1905 2309 Indulgentiae

1724 2314 1830 2339 partiales.
