2111 3157
27 223 74 250 An.
90 221 119 250 c.
140 221 209 250 ¹680
812 222 1025 248 INNOCENTIUS
1046 223 1079 248 xx
1102 223 1152 247 ιη’.
1615 212 1679 247 349
1725 222 1775 250 An.
1790 222 1820 249 c.
1841 221 1913 250 ¹680

58 282 176 312 merx-i.
260 281 283 305 1.
309 271 526 307 Decernentes
557 277 631 314 etc.,
664 281 737 313 eos,
774 272 828 316 qui
863 272 946 305 circa
989 273 1148 305 servantia
1177 276 1208 304 et
1241 272 1430 305 executione
1467 270 1718 314 apostoticarum

25 308 425 360 01323'ssr30‘130‘23definit0rum
449 326 640 359 electionem
663 335 722 369 per
744 335 778 359 se
806 326 857 359 vel
887 336 946 368 per
988 326 1254 359 constitutionum
1278 331 1309 359 et
1332 325 1539 359 decretorum
1574 324 1614 357 ad
1649 324 1718 357 offi-

25 361 206 411 h¹2215¹0²r⁰u¹r¹3⁰⁰f³5i
217 376 307 417 aliOS,
333 377 456 411 directe
480 379 529 412 vel
550 378 717 418 indirecte,
739 387 944 421 quocumque
987 378 1071 411 cium
1105 378 1326 412 sanctissimae
1359 377 1579 421 Inquisitionis
1605 376 1718 409 adver-

24 412 86 434 Butld
92 412 206 438 LeonisX).
480 431 486 437 .
657 431 663 437 .
906 430 911 436 .
919 431 924 436 .

216 433 361 473 tempore
385 437 543 474 practicas
568 431 710 471 fecerint,
735 441 791 464 seu
815 430 854 463 ab
872 431 943 463 alus

213 482 394 525 practicari,
419 484 468 516 vel
493 483 598 524 aliter,
625 482 761 523 conscii,
785 487 839 515 aut
866 493 944 525 quo-

212 534 392 568 modolibet
417 535 527 568 talium
550 535 764 578 practicarum
795 535 942 568 notitiam

213 585 381 627 habentes,
409 593 441 621 et
462 593 543 621 -ante
568 599 632 621 non
661 589 853 628 revelantes,
889 598 942 621 ex-

213 639 512 673 communicationis
527 641 611 673 latae
628 640 806 674 sententiae
825 642 940 684 poena,

212 702 230 723 a
254 702 315 734 qua
339 692 398 724 nisi
423 703 440 724 a
463 698 555 736 patre
582 693 787 736 praesidente
812 694 941 736 regimi-

211 743 271 783 nis,
310 750 536 788 praeterquam
574 746 608 778 in
649 746 762 779 mortis
805 747 940 779 articulo

211 796 387 837 constituti,
413 798 533 830 absolvi
558 804 731 842 nequeant,
758 804 789 832 et
812 799 939 832 inhabi-

209 848 366 882 litationis
389 850 428 882 ad
460 861 569 883 vocem
611 851 743 884 activam
778 856 809 884 et
840 852 941 895 passi-

209 911 279 934 vam
314 902 346 934 in
380 902 465 936 dicto
490 903 629 946 capitulo
665 905 819 946 generali,
845 910 877 937 et
900 905 939 938 ad

209 954 381 997 dignitates
398 982 405 995 ,
440 957 558 998 gradus
589 962 620 990 et
644 958 939 991 administrationes

208 1006 241 1039 in
258 1007 342 1040 dicta
354 1008 613 1052 Congregatione
631 1011 744 1053 poenis
761 1011 940 1054 quinquen-

207 1059 262 1092 nio
298 1060 457 1094 duraturis
503 1063 572 1105 ipso
609 1063 691 1096 sacto
726 1063 936 1103 incurrendis,

206 1112 301 1154 ligari
326 1118 358 1144 et
381 1113 519 1154 involvi;
535 1125 661 1148 necnon
682 1115 804 1147 irritum
827 1120 858 1148 et
874 1115 940 1148 ina-

207 1174 248 1196 ne
270 1164 425 1207 quidquid
443 1176 535 1199 secus
552 1177 648 1210 super
665 1167 715 1199 his
733 1178 749 1200 a
766 1178 936 1210 quoquam,

207 1218 317 1260 quavis
342 1219 541 1259 auctoritate,
566 1221 706 1253 scienter
721 1221 769 1253 vel
787 1221 938 1262 ignoran-

207 1274 266 1308 ter,
288 1271 461 1313 contigerit
483 1273 651 1305 attentari:
676 1278 774 1316 prout
794 1273 824 1305 in
849 1284 937 1316 prae-

205 1322 288 1355 dicta
305 1323 396 1356 Bulla
413 1325 607 1358 continetur.

248 1384 283 1408 11.
311 1377 356 1408 Ad
382 1377 570 1410 servandas*
592 1388 667 1411 vero
687 1379 851 1419 abbatum,
873 1390 938 1412 mo-

204 1429 382 1461 nachorum
420 1436 602 1463 nostrorum
643 1432 867 1471 conscientias,
905 1437 937 1465 et

205 1491 331 1514 omnem
350 1482 389 1513 ab
404 1482 450 1515 cis
467 1493 595 1525 prorsus
612 1484 831 1526 ambiguitatis
850 1496 937 1517 scru-

204 1535 315 1576 pulum
347 1536 591 1574 removendum,
616 1536 791 1569 declaravit
815 1537 937 1578 Grego-

204 1586 271 1618 rius
297 1586 380 1628 Papa
405 1587 479 1625 XIII,
506 1588 603 1630 quod,
622 1588 663 1620 ob
685 1598 861 1627 sermones,
881 1589 935 1631 qni

204 1638 354 1678 invicem,
380 1650 445 1672 non
470 1641 619 1680 ambitus,
644 1642 693 1673 vel
719 1642 853 1673 alterius
878 1642 936 1673 im-

204 1692 336 1734 probae,
359 1693 414 1725 sed
440 1693 544 1726 bonae
563 1693 754 1726 intentionis
774 1697 878 1733 causa,
897 1696 935 1727 de

204 1744 381 1776 idoneitate
416 1746 466 1777 vel
492 1745 719 1777 insufficientia
752 1746 790 1778 ad
822 1747 936 1778 delini-

205 1797 339 1829 toriatus
357 1797 495 1829 officium
513 1798 737 1839 eligendorum
755 1798 853 1830 habiti
875 1800 936 1831 l'ue—

204 1849 281 1889 rint,
301 1860 355 1882 seu
373 1860 454 1893 quos
470 1850 499 1882 in
520 1851 660 1882 futurum
679 1851 792 1883 baberi
811 1852 936 1884 centin-

206 1907 269 1944 get,
294 1903 495 1946 supradictas
520 1903 706 1942 sententias
733 1914 886 1936 censuras
905 1909 936 1936 et

205 1965 327 1998 poenas
353 1966 417 1988 non
442 1955 650 1996 incurrerint,
677 1961 730 1988 ant
758 1956 934 1990 incurrant.

249 2018 298 2041 111.
325 2008 463 2050 Legatur
487 2013 653 2051 praeterea
678 2009 717 2041 ab
743 2009 857 2042 eodem
884 2020 938 2052 pa-

206 2065 254 2093 tre
279 2061 473 2094 cancellario
496 2061 594 2093 Breve
616 2061 828 2104 apostolicum
855 2062 938 2094 eius-

207 2114 280 2146 dem
297 2113 445 2154 Gregorii
460 2113 523 2145 XIII
542 2118 654 2145 contra
670 2115 884 2157 appellantes,
899 2115 937 2146 ab

206 2166 336 2199 Urbano
358 2166 431 2205 vlu,
452 2166 510 2198 sub
532 2166 582 2198 die
603 2177 634 2199 x1
652 2167 724 2198 maii
742 2177 938 2205 nncxxxvni,

207 2219 433 2252 confirmatum
465 2225 496 2251 et
520 2220 717 2262 ampliatum,
748 2231 873 2253 necnon
908 2226 939 2253 et

208 2272 375 2305 decretum
400 2272 519 2304 editum
537 2272 568 2303 in
590 2273 734 2313 generali
759 2273 940 2315 Congrega-

986 440 1038 462 sus
1055 430 1251 464 haereticam
1268 430 1457 474 pravitatem
1473 429 1717 473 pertinentium,

986 483 1071 526 quod
1105 483 1219 527 incipit
1242 483 1297 516 SS.
1325 483 1365 516 D.
1391 482 1432 515 N.
1459 482 1568 515 sedulo
1592 482 1717 515 incum-

985 535 1067 575 bens,
1102 540 1174 577 etc„
1216 535 1414 578 publicatum
1451 535 1502 568 die
1535 544 1555 568 v
1577 533 1716 567 ianuarii

984 597 1156 628 Mncxxxm,
1182 593 1278 630 prout
1300 587 1333 619 in
1360 587 1535 630 praedictis
1566 586 1659 620 Brevi
1685 591 1718 619 et

984 640 1113 673 decreto
1147 639 1330 672 ordinatur.
1366 639 1489 672 Deinde
1523 644 1653 672 moneat
1683 649 1717 672 o-

983 702 1072 725 mnes
1094 696 1129 724 ut
1158 691 1309 724 intersint
1330 691 1457 731 missae,
1482 701 1563 735 quae
1589 691 1640 724 die
1664 701 1716 724 se-

984 744 1094 787 quenti
1118 745 1306 778 solemniter
1329 745 1509 777 cantabitur
1543 745 1582 777 de
1615 744 1716 777 domi-

984 797 1063 838 nica,
1089 798 1138 831 vel
1156 798 1195 831 de
1215 797 1343 837 Sancto,
1360 797 1386 830 si
1404 797 1436 830 in
1456 797 1511 830 illa
1529 797 1579 830 die
1597 797 1714 830 festum

984 851 1100 894 duplex
1125 856 1281 891 occurrat,
1306 861 1377 883 cum
1402 850 1713 883 commemoratione

984 903 1022 936 de
1047 903 1168 946 Spiritu
1192 903 1317 943 Sancto,
1351 908 1387 935 ut
1409 903 1564 936 Dominus
1596 902 1714 935 illumi-

983 965 1058 988 nare
1083 955 1236 998 dignetur
1259 960 1291 988 et
1315 956 1454 998 dirigere
1474 955 1506 987 in
1535 965 1592 988 suo
1615 955 1716 987 hene-

983 1009 1103 1051 placito
1137 1009 1236 1042 corda
1265 1014 1401 1051 patrum,
1433 1008 1608 1051 capitulum
1633 1008 1715 1040 cele-

982 1062 1077 1094 brare
1094 1061 1290 1101 debentium,
1309 1066 1351 1101 et,
1366 1060 1592 1094 recedentibus
1610 1059 1714 1092 omni-

982 1113 1040 1145 bus
1066 1114 1119 1156 qui
1152 1124 1218 1146 non
1249 1119 1323 1146 sunt
1358 1113 1398 1145 de
1430 1112 1591 1154 capitulo,
1621 1122 1713 1155 prae-

982 1165 1092 1198 sidens
1117 1167 1202 1208 legat
1227 1165 1433 1208 infrascripta
1457 1165 1494 1197 ad
1520 1164 1717 1197 electionem·

982 1223 1198 1250 scrutatorum
1238 1218 1424 1261 spectantia,
1458 1217 1574 1260 quibus
1606 1216 1710 1257 lectis,

981 1270 1020 1302 ad
1045 1280 1158 1303 eorum
1175 1271 1366 1303 electionem
1384 1281 1441 1314 per
1457 1271 1617 1314 praelatos
1636 1280 1713 1313 pro-

981 1323 1124 1355 cedatur.

1025 1386 1046 1408 1.
1074 1375 1265 1408 Ordinamus
1284 1375 1406 1418 primo:
1426 1386 1465 1408 ne
1486 1375 1558 1418 quis
1576 1386 1713 1408 consan-
1749 1384 1905 1432 ppt-agliae

981 1428 1135 1470 guinitate
1170 1439 1273 1472 usque
1299 1429 1338 1461 ad
1363 1429 1542 1461 secundum
1577 1428 1711 1471 gradum
1723 1440 1869 1460 scrutatorum.

981 1481 1133 1514 inclusive
1159 1482 1347 1514 coniunctus
1371 1481 1467 1514 alicui
1486 1492 1522 1513 ex
1547 1481 1712 1523 praelatis,

980 1534 1017 1565 ad
1044 1545 1125 1577 quos
1151 1534 1266 1567 electio
1291 1539 1414 1577 spectat
1439 1534 1653 1573 definitorum,
1679 1533 1713 1565 in

980 1592 1193 1618 scrutatorem
1231 1586 1405 1628 deligatur.
1444 1586 1567 1628 Singuli
1615 1586 1714 1628 igitur

980 1638 1160 1671 visitatores
1185 1645 1331 1681 quatuor,
1354 1639 1407 1681 qui
1432 1648 1498 1671 non
1521 1638 1585 1670 sint
1609 1638 1647 1670 de
1665 1648 1714 1670 ca-

980 1692 1093 1734 pitulo,
1121 1692 1289 1725 nominent
1313 1697 1436 1724 secrete
1463 1691 1495 1724 in
1520 1701 1632 1724 aurem
1657 1702 1713 1734 pa-

981 1745 1037 1776 tris
1062 1744 1282 1787 praesidentis,
1301 1744 1371 1787 ipsc
1398 1744 1494 1776 etiam
1518 1748 1611 1787 pater
1627 1754 1714 1787 prae-

980 1797 1087 1829 sidens
1113 1802 1252 1839 quatuor
1283 1796 1452 1829 nominare
1484 1795 1596 1839 possit,
1631 1806 1712 1838 quos

981 1850 1011 1882 in
1037 1849 1193 1882 schedula
1218 1849 1412 1889 conscribat,
1437 1855 1467 1882 et
1491 1859 1547 1882 eos
1571 1854 1715 1892 postmo-

981 1903 1055 1935 dum
1092 1903 1250 1935 nominet.
1292 1901 1348 1940 Qui
1385 1901 1541 1934 nominati
1579 1901 1712 1934 secretis

981 1955 1122 1988 omnium
1140 1955 1359 1997 praelatorum
1380 1954 1538 1996 suffragiis
1556 1963 1714 1996 exponan-

983 2013 1042 2047 tur,
1068 2012 1098 2040 ct
1121 2007 1165 2040 illi
1191 2013 1339 2050 quatuor,
1370 2006 1423 2049 qui
1455 2007 1551 2049 plura
1574 2011 1647 2039 vota
1670 2005 1716 2038 sa-

982 2060 1138 2093 vorabilia
1162 2060 1346 2099 habuerint,
1378 2060 1442 2092 sint
1465 2064 1658 2092 scrutatores
1684 2069 1717 2091 e-

982 2113 1056 2146 lecti
1083 2112 1115 2145 in
1140 2113 1290 2145 omnibus
1326 2112 1450 2144 actibus
1474 2111 1714 2154 capitularibus,

983 2167 1118 2198 durante
1143 2166 1215 2208 ipso
1233 2165 1395 2207 capitulo;
1414 2169 1445 2197 et
1469 2164 1495 2196 si
1521 2164 1644 2196 suerint
1659 2164 1716 2196 ali-

983 2218 1035 2261 qui
1061 2229 1156 2261 pares
1182 2218 1214 2249 in
1239 2217 1383 2256 vocibus,
1410 2217 1636 2259 praeferantur
1660 2216 1715 2259 qui

982 2272 1087 2303 Iocum
1112 2270 1314 2313 superiorem
1332 2270 1365 2302 in
1383 2269 1580 2302 monasterio
1606 2275 1717 2301 tenue-

208 2324 295 2357 tione
326 2329 455 2357 sanctae
492 2325 654 2357 Romanae
687 2330 718 2357 et
748 2325 963 2362 universalis,
985 2324 1058 2355 rint.
1087 2324 1238 2356 Volumus
1264 2328 1383 2363 tamen,
1401 2333 1461 2366 pro
1487 2333 1565 2366 pace
1592 2327 1624 2355 et
1645 2322 1717 2355 uni-

208 2377 431 2420 Inquisitionis
465 2377 574 2409 habita
593 2387 698 2409 coram
724 2373 837 2409 eodem
863 2378 941 2409 Pon-

210 2430 313 2469 tifice·,
340 2435 376 2461 ut
409 2430 549 2462 omnium
575 2429 772 2471 regularium
797 2430 941 2473 superio-

210 2492 263 2514 res
288 2493 362 2515 suos
383 2483 527 2515 subditos
546 2488 577 2515 et
594 2483 764 2524 religiosos
786 2493 940 2526 persaepe

211 2542 436 2568 commoneant
469 2536 507 2569 de
533 2536 675 2568 iniuncta
706 2536 854 2569 omnibus
886 2537 941 2570 ob-

249 2599 257 2624 1
283 2597 382 2624 Forsan
405 2599 542 2624 <erlandus
561 2600 597 2630 (u,
613 2599 659 2630 Τ.).

985 2383 1048 2410 tate
1074 2378 1239 2416 servanda,
1266 2381 1301 2408 nt
1323 2387 1406 2409 unus
1440 2382 1561 2409 tantum
1588 2381 1620 2409 et
1651 2386 1716 2408 non

984 2431 1093 2474 plures
1129 2430 1161 2462 in
1197 2430 1311 2463 eodem
1347 2429 1544 2463 monasterio
1579 2428 1716 2473 professi

984 2488 1180 2515 scrutatores
1204 2482 1378 2525 eligantur.

1028 2547 1062 2570 11.
1090 2535 1148 2574 Qui
1174 2541 1370 2569 scrutatores
1405 2539 1538 2568 teneant
1568 2534 1718 2568 secretis-

985 2590 1074 2630 sima,
1101 2600 1180 2633 quae
1206 2589 1245 2622 ad
1270 2589 1407 2622 officium
1434 2599 1523 2621 suum
1549 2593 1715 2631 spectant;
