2111 3157
74 204 125 231 An.
138 202 167 230 G.
192 202 257 230 tos<

87 2421 195 2445 Quomodo
208 2427 242 2443 ⁸:1—

62 2449 158 2468 toi-duta·
185 2450 242 2469 novt-

63 2476 94 2493 ter
108 2476 198 2494 ordinati
214 2475 241 2495 ad

62 2505 134 2521 euram
163 2506 243 2521 animn-

262 262 312 285 me
333 256 446 295 sponte
471 251 615 292 sublicio,
632 261 758 296 easque,
780 256 935 296 quantum
955 251 987 283 in

262 312 311 335 me
336 303 417 342 crit,
453 304 624 337 observare
650 304 815 347 promitto.
851 303 987 346 Insuper

262 355 317 387 tibi
343 355 378 388 N.
405 356 441 388 N.
469 357 562 388 huius
587 356 725 389 instituti
756 356 896 400 praesidi
931 365 986 388 su-

259 417 383 450 premo,
410 408 534 451 tuisque
566 408 598 440 in
623 409 684 441 hoc
716 418 850 441 munere
882 407 986 450 legiti-

258 460 317 492 mis
341 460 587 500 successoribus,
613 461 758 504 spondeo
783 465 813 493 et
837 460 910 492 iuro
934 469 984 491 me

257 511 315 544 sub
341 512 515 545 directione
537 514 590 544 tua
613 512 736 555 privata
752 517 784 544 et
803 510 984 544 oeconomi-

257 567 304 603 cs'i,
330 565 416 597 salva
439 575 498 608 per
522 564 628 598 omnia
648 563 908 597 reverendissimi
929 563 984 596 do-

257 616 333 649 mini
351 616 508 649 Ordinarii
534 617 597 649 mei
623 615 813 649 auctoritate
838 620 869 648 et
892 615 983 647 iuris-

255 669 413 709 dictione,
443 670 475 701 in
500 669 685 712 supradicto
716 668 863 700 instituto
888 667 982 700 cleri-

254 732 374 761 corum,
389 721 453 765 qui,
470 722 594 754 secluso
611 721 801 754 seminarum
818 720 980 753 consortio

253 774 319 806 bini
345 775 392 807 vel
418 775 529 817 plures
561 784 620 817 pro
652 774 796 807 locorum
829 773 979 816 qualitate

253 825 453 866 cohabitant,
472 831 503 859 et
526 827 611 860 bona
627 836 683 859 sua
706 836 742 859 ex
760 824 925 858 beneficiis
950 830 981 857 et

252 874 469 912 functionibus
502 878 729 912 ecclesiasticis
756 877 979 921 provenientia

251 932 283 965 in
307 943 494 966 communes
520 933 592 976 pios
616 943 691 965 usus
716 932 802 964 iuxta
826 931 979 965 constitu-

251 985 369 1019 tionem
386 985 541 1018 decimam
556 995 674 1017 nonam
691 984 895 1018 sacerdotum
909 994 979 1017 con-

249 1038 368 1079 serunt,
388 1048 516 1081 semper
540 1037 696 1070 victurum
721 1042 753 1070 et
771 1036 975 1070 moriturum.

248 1091 393 1135 Denique
411 1092 554 1134 spondeo
573 1096 605 1123 et
622 1090 693 1123 iuro
711 1100 760 1123 me
777 1089 977 1133 praedictum

248 1145 467 1178 iuramentum
485 1144 618 1187 eiusque
639 1143 871 1186 obligationem
887 1143 977 1175 intel·

248 1198 350 1241 ligere
364 1203 395 1231 et
408 1197 660 1236 observaturum,
672 1206 689 1229 a
701 1206 764 1239 quo
778 1205 843 1229 non
855 1196 975 1239 possim

247 1251 308 1284 nisi
325 1261 342 1284 a
358 1251 428 1283 solo
445 1250 574 1283 Summo
590 1248 746 1282 Pontifice
766 1248 898 1281 absolvi.
913 1249 976 1281 Sub

248 1305 299 1338 die
319 1304 369 1343 N.,
393 1304 513 1338 mensis
530 1303 577 1343 N.,
600 1313 684 1336 anno
702 1303 738 1335 N.
757 1302 807 1335 Sic
823 1313 872 1336 me
891 1303 975 1335 Deus

248 1357 376 1391 adiuvet
399 1362 431 1390 et
456 1358 536 1390 haee
560 1362 668 1389 sancta
685 1355 740 1389 Dei
759 1356 925 1399 evangelia
943 1368 973 1388 n.

291 1421 373 1444 inv.
400 1410 574 1444 Praedictis
605 1420 671 1443 non
709 1410 825 1449 obstat,
851 1409 976 1453 quomi-

246 1474 306 1497 nus
331 1464 489 1507 quispiam
514 1469 584 1507 post
608 1464 826 1496 iuramentum
850 1463 977 1507 praedi-

246 1523 349 1558 ctum,
376 1518 508 1551 maioris
542 1518 751 1561 perfectionis
788 1518 910 1560 gratia,
936 1517 974 1551 ad

247 1571 394 1605 ordinem
417 1571 606 1613 religiosum
631 1571 769 1604 transire
794 1571 906 1614 possit,
934 1571 976 1604 ita

247 1629 364 1665 tamen,
395 1630 430 1656 ut
452 1634 515 1657 non
541 1624 627 1658 omni
663 1624 791 1668 spiritui
816 1625 974 1664 credatur,

247 1678 304 1711 sed
330 1678 418 1721 prius
441 1678 525 1710 bene
562 1677 723 1721 probetur,
759 1682 791 1710 et
824 1688 889 1710 non
915 1682 976 1710 tam

246 1731 378 1774 proprio
402 1730 530 1769 iudicio,
549 1740 644 1773 quam
661 1730 864 1773 superiorum
882 1730 977 1762 huius

246 1782 383 1816 instituti
407 1793 480 1816 vere
505 1783 561 1816 Dei
586 1783 709 1816 vocatio
731 1793 800 1816 esse
819 1783 978 1826 approbe-

246 1841 310 1869 tur.
336 1836 511 1869 Tenebitur
535 1841 639 1869 tamen
669 1835 741 1868 talis
769 1835 813 1878 (si
832 1846 868 1868 ex
886 1836 977 1868 novi-

248 1889 326 1922 tiatu
352 1888 467 1922 iterum
493 1888 697 1931 discesserit)
724 1888 752 1920 vi
774 1888 868 1921 huius
892 1888 977 1920 iura-

246 1941 344 1975 menti
364 1942 402 1974 ad
425 1941 487 1974 hoc
504 1941 684 1974 institutum
702 1941 820 1974 redire.

290 2004 360 2028 va.
386 1993 444 2033 Qui
478 1994 633 2036 praestito
670 1994 855 2038 saepedicto
894 1995 978 2028 iura-

247 2053 358 2081 mento
381 2047 420 2080 ad
445 2046 619 2089 dignitates
643 2047 877 2082 ecclesiasticas
910 2048 978 2091 epi-

247 2101 391 2144 scopales
416 2105 448 2132 et
467 2099 507 2132 ad
531 2110 750 2143 quoscumque
782 2101 833 2133 his
856 2101 978 2135 similes

249 2152 389 2197 promoti
415 2151 544 2192 fuerint,
577 2152 637 2184 etsi
669 2153 728 2185 suh
753 2153 870 2186 actuali
896 2153 979 2187 dire-

249 2206 355 2239 ctione
379 2204 548 2249 praesidis,
584 2204 625 2237 ob
650 2210 835 2248 respectum
869 2212 977 2247 status,

249 2268 314 2292 non
335 2257 410 2298 sint,
435 2257 634 2290 tenebuntur
658 2257 868 2291 nihilominus
888 2269 981 2302 prae-

251 2316 335 2345 stare
360 2321 408 2352 ea,
435 2311 474 2344 ad
498 2320 580 2354 quae
605 2310 703 2343 ceteri
733 2311 827 2343 huius
844 2311 980 2346 instituti

251 2363 463 2399 communiter
478 2363 673 2406 obligantur.

294 2426 377 2450 vai.
403 2415 518 2450 Clerici
541 2420 690 2449 recenter
712 2415 851 2449 ordinati
872 2417 911 2450 ad
928 2428 980 2451 cu-

253 2479 318 2503 ram
357 2468 536 2502 animarum
574 2467 737 2502 ordinarie
773 2479 837 2502 non
875 2470 979 2503 statim

851 203 1061 228 INNOCENTtt'S
1083 205 1113 228 XI
1139 204 1187 230 PF.

1658 197 1715 229 5!st

1766 206 1814 233 An.
1831 207 1860 234 C.
1884 208 1950 236 1084

1030 252 1082 284 nbi
1105 252 1244 286 strictior
1261 253 1402 287 custodia
1419 259 1451 286 et
1470 253 1638 297 disciplina
1656 259 1754 296 urget,
1782 284 1791 298 „N

1029 315 1087 346 pro
1106 310 1249 349 tempore
1267 306 1383 346 vivant,
1402 312 1433 340 et
1456 318 1526 339 cum
1548 307 1705 350 praescita
1725 313 1757 339 et

1028 367 1188 390 consensu
1218 359 1476 393 reverendissimi
1509 360 1629 393 domini
1664 359 1756 395 Ordi-

1027 409 1107 440 narii
1131 410 1311 452 provisorio
1335 412 1431 445 modo
1463 412 1568 445 officia
1602 412 1755 448 adminis-

1027 465 1123 500 trent,
1158 467 1193 494 ut
1225 463 1271 496 sic
1305 474 1370 497 non
1408 465 1512 498 solum
1551 465 1754 508 disciplinam

1026 513 1208 547 clericalem
1234 516 1335 558 magis
1360 517 1526 558 imbibant,
1547 523 1579 550 et
1603 518 1634 551 in
1660 529 1753 561 supe-

1025 564 1167 598 rioritate
1207 567 1364 600 libertatis
1402 580 1477 602 suae
1514 570 1583 614 pie,
1629 571 1750 610 sobrie,

1025 622 1175 660 casteque
1200 619 1316 659 vivere,
1344 621 1440 653 etiam
1466 628 1555 655 extra
1578 624 1674 656 talem
1701 634 1754 656 cu·

1024 669 1161 702 stodiam
1185 672 1391 713 postmodum
1411 675 1559 717 expositi,
1578 676 1751 717 addiscant,

1023 731 1132 754 verum
1158 728 1252 755 etiam
1277 724 1357 757 ritus
1390 731 1422 758 et
1452 728 1669 761 caeremonias
1704 739 1753 761 ec-

1022 773 1217 808 clesiasticas
1241 775 1327 808 circa
1351 787 1462 810 curam
1488 779 1664 812 animarum
1682 791 1752 812 eum

1023 825 1130 857 debita
1149 827 1337 861 dexteritate
1355 835 1385 862 et
1401 831 1643 873 experimentali
1663 833 1752 875 praxi

1022 880 1124 912 solide
1151 883 1444 925 comprehendant,
1470 889 1502 917 et
1526 890 1599 918 tunc
1625 886 1751 919 demum

1020 931 1144 965 utiliter
1182 944 1219 966 ac
1250 944 1363 968 secure
1398 937 1575 970 commodis
1610 938 1751 970 occasio-

1020 984 1114 1017 nibus
1139 986 1177 1018 ad
1203 988 1434 1030 cappellanias,
1461 990 1639 1032 parochias,
1674 991 1751 1023 alia-

1021 1047 1082 1079 que
1108 1038 1210 1070 officia
1234 1041 1408 1081 pastoralia
1428 1051 1499 1074 cum
1520 1052 1680 1075 consensu
1700 1042 1751 1075 Or-

1021 1089 1218 1124 dinariorum
1238 1093 1354 1135 exponi
1367 1099 1528 1136 poterunt.

1218 1161 1319 1189 PARS
1347 1162 1552 1192 SECUNDA.

1021 1211 1228 1243 Constitutiones
1247 1225 1298 1254 pro
1318 1216 1464 1246 directione
1485 1217 1626 1256 spirituali
1646 1223 1671 1248 et
1685 1222 1751 1248 tem-

1055 1262 1147 1299 porali
1161 1262 1377 1301 presbyterorum
1393 1269 1418 1293 et
1432 1265 1594 1295 clericorum
1611 1267 1693 1296 huius
1708 1268 1750 1296 in-

1057 1310 1155 1343 stimet,
1173 1312 1219 1349 qui
1233 1312 1377 1341 actualiter
1392 1314 1419 1342 in
1440 1317 1507 1343 curci
1528 1316 1692 1349 animarum,
1710 1316 1751 1344 be-

1058 1358 1161 1396 neficiis
1178 1358 1376 1395 ecclesiasticis,
1396 1361 1511 1399 aliisque
1526 1362 1624 1401 officiis
1641 1363 1750 1401 quibus·

1057 1415 1170 1445 cumque
1187 1408 1318 1437 existunt.

1063 1477 1084 1500 1.
1111 1466 1251 1505 Quilibet
1274 1470 1425 1512 superior
1456 1471 1668 1513 particularis,
1695 1472 1749 1515 qui

1019 1519 1113 1552 unius
1138 1520 1251 1553 domus
1276 1522 1411 1555 clericos
1430 1522 1616 1565 dirigendos
1634 1524 1748 1565 habet,

1020 1571 1174 1615 invigilet,
1210 1579 1245 1605 ut
1270 1574 1427 1607 decursus
1452 1576 1550 1608 totius
1588 1577 1651 1610 diei
1676 1587 1747 1610 cum

1019 1625 1126 1658 debita
1149 1626 1377 1660 distributione
1403 1628 1558 1671 temporis
1582 1630 1622 1662 ab
1653 1630 1749 1664 omni-

1019 1677 1079 1711 bus
1104 1678 1217 1712 sedulo
1241 1679 1439 1717 observetur.
1465 1686 1562 1724 atque
1587 1682 1618 1714 in
1635 1683 1748 1725 primis

1020 1736 1054 1763 ut
1078 1741 1192 1774 preces
1218 1738 1281 1765 tam
1317 1733 1491 1766 matutinae
1522 1745 1618 1777 quam
1655 1735 1750 1769 meri-

1020 1783 1133 1817 dianae
1159 1790 1190 1818 et
1213 1790 1391 1818 nocturnae
1416 1797 1487 1819 cum
1505 1787 1612 1819 debita
1629 1787 1749 1830 pietate

1019 1836 1058 1868 ab
1083 1837 1234 1870 omnibus
1258 1838 1354 1871 simul
1379 1839 1411 1871 in
1435 1839 1508 1872 loco
1533 1839 1572 1872 ad
1592 1841 1750 1874 orandum

1019 1889 1173 1932 deputato
1198 1891 1433 1933 persolvantur,
1470 1891 1619 1925 similiter
1650 1893 1750 1926 horae

1020 1941 1212 1983 canonicae,
1238 1944 1278 1976 ab
1303 1943 1453 1977 omnibus
1476 1944 1595 1977 alicubi
1620 1945 1752 1978 cohabi-

1020 1994 1161 2027 tantibus
1186 2001 1218 2028 et
1241 1996 1387 2039 legitime
1410 2007 1477 2030 non
1502 1997 1675 2040 impeditis,
1697 1998 1751 2031 de—

1021 2047 1200 2080 terminatis
1220 2048 1260 2084 ad
1280 2048 1312 2081 id
1329 2049 1421 2081 horis
1442 2048 1536 2082 simul
1561 2050 1749 2083 recitentur.

1064 2110 1098 2133 11.
1125 2100 1255 2134 Statutis
1277 2111 1405 2145 quoque
1423 2101 1521 2143 horis,
1542 2102 1660 2146 cuique
1678 2104 1750 2136 loco

1020 2153 1281 2194 accommodatis,
1312 2154 1504 2187 sacrificium
1529 2154 1643 2188 missae
1667 2157 1752 2190 cele-

1021 2205 1144 2247 bretur,
1163 2205 1242 2238 itaut
1258 2205 1417 2249 reliquum
1435 2211 1558 2249 tempus
1575 2217 1646 2240 cum
1664 2210 1752 2241 certa

1022 2258 1143 2302 pariter
1177 2258 1404 2292 distributione
1443 2269 1502 2302 pro
1540 2260 1647 2293 studio
1689 2265 1753 2294 tam

1022 2311 1204 2355 Scripturae
1240 2311 1377 2353 Sacrae,
1413 2322 1509 2355 quam
1544 2313 1749 2356 theologiae,

1022 2364 1213 2407 praesertim
1226 2364 1367 2404 moralis,
1381 2365 1527 2398 lectionis
1541 2366 1711 2406 asceticae,
1722 2371 1754 2400 et

1022 2417 1183 2457 similium,
1209 2416 1418 2460 relinquatur,
1442 2417 1473 2450 in
1499 2423 1652 2461 quantum
1677 2430 1754 2453 cura

1022 2470 1204 2514 pastoralis,
1229 2470 1364 2503 visitatio
1393 2470 1603 2512 intirmorum,
1622 2472 1755 2505 admini-

63 2531 107 2547 που*
140 2527 464 2565 apptneariexponantur,
481 2521 535 2554 sed
554 2521 642 2564 prius
663 2520 695 2553 in
712 2521 858 2554 domibus
876 2532 983 2556 sacer·
1022 2523 1132 2556 stratio
1157 2528 1442 2564 sacramentorum,
1459 2533 1495 2556 ac
1512 2524 1644 2557 actualis
1661 2534 1755 2567 prae-

254 2574 366 2610 dotum
388 2573 655 2609 beneficiatorum
687 2579 718 2607 et
747 2574 980 2627 parochorum,
1022 2574 1148 2620 paratio
1173 2575 1213 2609 ad
1237 2575 1412 2609 conciones
1436 2580 1467 2609 et
1490 2576 1678 2609 catecheses
1697 2585 1759 2609 ne·-

62 2551 161 2575 dobunt.

1788 1476 1817 1498 Do
1834 1478 1941 1503 vigilantia

1760 1509 1888 1529 superiorum
1900 1521 1904 1528 ,
1920 1508 1942 1524 ut

1761 1534 1861 1550 ewrrttm
1876 1535 1942 1556 quoti-

1760 1557 1830 1579 diana.
1843 1560 1884 1576 tam
1898 1563 1940 1582 pie-

1761 1584 1815 1605 tatis.
1826 1589 1887 1608 quam
1898 1587 1941 1603 stu·

1759 1609 1847 1631 diorum.
1862 1612 1882 1628 «t
1897 1610 1940 1629 atta

1760 1635 1797 1655 rito
1813 1636 1889 1660 ubique
1905 1637 1941 1656 ob-

1724 1683 1729 1688 ,
1759 1665 1876 1683 εοτνεινιιν.
