2111 3157
134 192 181 219 An.
203 192 232 219 c.
257 192 321 220 isso
367 183 432 218 (584

161 781 316 803 Contrariorum

134 808 251 834 delam-11¹0.

179 1629 199 1649 17.
210 1629 240 1648 lu<
266 1631 319 1650 tran·

139 1661 227 1682 ειιιιιιιὶυι
234 1663 274 1676 niu.

327 241 502 285 spectabit,
525 241 554 273 in
578 239 728 273 omnibus
748 242 779 271 et
795 247 853 280 per
875 237 980 269 omnia
996 237 1062 279 ple-

327 294 459 327 nissime
482 293 657 335 sull'ingari,
678 297 709 324 et.
730 291 768 323 ab
794 290 858 323 illis
884 288 1061 331 respective

326 346 557 380 inviolabiliter
579 343 756 384 observari,
776 343 886 385 sicque
910 342 943 374 in
967 351 1062 384 prae-

326 399 431 432 missis
456 409 514 441 per
545 406 766 440 quoscumque
792 395 914 427 iudices
931 394 1063 427 ordina-

325 452 392 485 rios
410 457 441 484 et
455 451 635 492 delegatos,
656 449 751 482 etiam
771 457 936 481 causarum
952 445 1062 490 palatii

327 503 498 548 apostolici
521 503 699 541 auditores,
719 501 853 534 iudicari
880 506 912 533 et
936 498 1062 533 definiri

327 557 458 596 debere,
482 567 516 589 nc
537 556 662 588 irritum
691 560 722 587 ct
746 555 840 587 inane
859 554 883 587 si
903 564 996 587 secus
1015 563 1064 586 su-

325 621 385 654 per
410 610 461 642 his
487 621 503 643 a
528 619 702 652 quoqu-un,
729 608 838 651 quavis
866 607 1063 646 auctoritate,

326 663 469 696 scienter
507 663 556 695 vel
582 662 793 705 ignoranter,
821 660 995 703 contigerit
1019 664 1064 692 at·

327 716 458 749 tentari.

371 769 386 813 ἓ
411 768 441 802 5.
468 768 538 801 Non
560 768 762 801 obstantibus
780 766 1066 799 constitutionibus

329 827 360 855 et
385 821 643 858 ordinationibus
669 820 867 863 apostolicis,
884 831 919 852 ac
941 819 1066 862 quibus-

328 875 384 914 vis,
404 874 499 907 etiain
520 874 713 913 iuramento,
731 873 972 906 confirmatione
991 881 1067 915 apo-

328 928 506 967 stolica,x⁷el
524 927 636 971 quavis
656 926 804 959 firmitate
823 926 885 959 aliti
896 926 1066 965 roboratis,

329 981 456 1013 statutis
484 986 515 1014 et
549 979 861 1020 consuctudinibus,
888 978 1067 1022 privilegiis

329 1044 470 1078 quoque,
496 1033 630 1066 indultis
658 1038 688 1065 et
723 1033 845 1075 litteris
879 1031 1067 1075 apostolicis

328 1087 361 1120 in
387 1087 586 1120 contrarium
611 1086 864 1129 praemissorum
889 1085 1068 1128 quomodo-

327 1140 407 1173 libet
431 1139 607 1179 concessis,
628 1138 828 1172 confirmatis
845 1143 877 1171 et
894 1137 1068 1178 innovatis;

330 1194 447 1236 quibus
466 1194 616 1227 omnibus
634 1198 665 1226 et
690 1192 843 1235 singulis,
864 1192 992 1225 illorum
1017 1197 1066 1224 te-

328 1257 426 1279 nores
454 1246 683 1289 praesentibus
715 1256 774 1288 pro
799 1246 896 1288 plene
930 1250 962 1277 et
985 1244 1071 1276 suffi-

329 1300 453 1332 cienter
477 1299 639 1343 expressis
660 1310 697 1331 ac
714 1299 752 1331 de
772 1298 923 1331 verboad
939 1297 1071 1330 verbum

328 1353 460 1386 insertis
477 1353 645 1392 habentes,
658 1352 720 1385 illis
735 1352 814 1384 alias
829 1351 861 1383 in
876 1361 934 1384 suo
952 1351 1071 1383 robore

329 1406 558 1449 permansuris,
576 1406 614 1438 ad
641 1405 892 1448 praemissorum
910 1404 1070 1444 effectum,

330 1460 390 1492 hac
401 1460 468 1492 vice
484 1459 661 1498 dumtaxat,
677 1458 864 1501 specialiter
878 1464 909 1490 et
922 1467 1072 1501 expresse

331 1514 537 1556 derogamus,
555 1512 738 1555 ceterisque
754 1511 924 1547 contrariis
943 1512 1075 1555 quibus-

331 1578 480 1610 cumque.
907 1571 910 1574 ·

375 1623 389 1665 ἓ
416 1621 446 1654 6.
485 1621 642 1654 Volumus
676 1625 785 1653 autem
816 1624 852 1652 ut
885 1619 1072 1652 earumdem

331 1675 550 1719 praesentium
572 1675 753 1707 litterarum
772 1673 993 1716 transumptis,
1015 1683 1072 1705 seu

334 1729 502 1771 externplis⁷
521 1728 615 1761 ctiam
634 1727 814 1770 impressis,
830 1737 925 1760 n'innu
941 1726 1074 1760 alicuius

333 1781 450 1814 notarii
470 1780 590 1824 publici
609 1780 813 1822 subscriptis,
833 1785 864 1811 et
883 1779 990 1821 sigillo
1008 1789 1077 1822 per·

334 1845 433 1866 sonae
452 1834 484 1866 in
503 1833 721 1866 ecclesiastica
747 1833 903 1874 dignitate
922 1831 1076 1864 constitu-

335 1892 384 1920 tae
404 1888 548 1925 munitis,
567 1887 679 1921 eadem
698 1897 833 1929 prorsus
853 1886 933 1919 sides
954 1885 1076 1928 ubique

334 1939 479 1972 locorum
496 1945 558 1972 tum
580 1939 610 1971 in
632 1939 753 1972 iudicio
777 1949 872 1982 quam
891 1937 1074 1971 extraillud

335 1993 509 2033 habeatnr,
529 1992 709 2036 quaeipsis
730 1991 959 2035 praesentibus
976 1990 1076 2023 habe-

335 2052 425 2078 retur
446 2046 470 2078 si
491 2048 599 2079 forent
619 2046 785 2079 exhibitae
804 2047 854 2079 vel
874 2051 1038 2078 ostensae.

379 2100 492 2132 Datum
508 2100 638 2139 Romae,
653 2100 738 2143 apud
753 2100 782 2132 S.
797 2099 937 2139 Petrum,
953 2098 1011 2131 sub
1026 2109 1076 2131 an-

336 2154 413 2186 nulo
431 2153 614 2194 piscatoris,
625 2154 675 2186 die
689 2164 748 2186 xxx
762 2152 873 2196 aprilis
885 2161 1073 2192 MDCLxxxw,

336 2205 543 2248 pontificatus
571 2206 673 2240 nostri
700 2217 786 2239 anno
800 2217 829 2239 x.

374 2266 432 2293 Dat.
450 2267 493 2294 die
509 2268 543 2295 30
562 2268 654 2304 aprilis
676 2269 755 2302 1686,
776 2267 874 2303 pontis.
897 2275 968 2295 anno
984 2273 1012 2294 Χ.

636 2441 773 2474 CLXVII.

340 2529 566 2564 Concedunlnr
583 2529 807 2571 imlulqenline
822 2533 994 2572 perpetuae
1010 2529 1074 2571 fra-

386 2582 487 2615 tribus
505 2583 608 2614 sancti
625 2582 790 2614 Fruuciscz'
807 2583 843 2614 cle
862 2581 1074 2616 Obserrcmtirz

906 188 1085 212 nmmsnnni
1111 183 1261 211 nonxxvn

1145 234 1332 267 docentibus
1354 233 1537 266 doctrinam
1558 232 1783 273 christianam,
1801 241 1838 264 ac

1148 287 1416 330 christifidelibus
1448 297 1518 319 eam
1556 286 1784 326 audientibus,
1809 289 1839 319 el

1148 340 1189 373 ad
1214 340 1248 373 id
1272 338 1549 384 coopemnhbus‘.

1290 430 1485 458 Innocentius
1505 429 1584 463 Papa
1603 429 1652 460 xl,

1221 475 1258 502 ad
1278 477 1453 508 perpetuam
1473 474 1518 501 rei
1539 473 1722 502 memoriam.

1149 553 1280 588 Pietatis
1298 559 1329 588 et
1347 554 1541 587 christianae
1559 553 1726 587 eharitatis
1745 563 1845 597 opera
1880 562 2002 585 Exordium.

1106 607 1226 651 ubique
1248 609 1395 642 locorum
1414 618 1486 641 cum
1508 606 1605 640 divini
1623 606 1725 639 cultus
1744 606 1850 640 incre-⁷

1108 666 1216 694 mento
1243 661 1388 695 exerceri
1412 660 1593 704 cupientes,
1619 659 1847 693 christifideles

1109 724 1337 758 quoscumque,
1364 714 1557 757 praesertim
1584 713 1643 746 sub
1670 713 1757 746 suavi
1775 712 1866 746 reli-.

1109 767 1214 810 gionis
1233 767 1307 811 iugo
1334 767 1500 801 Altissimo
1526 767 1735 811 famulantes,
1750 771 1784 799 ut
1808 766 1846 799 ad

1110 820 1164 854 illa
1190 821 1374 854 exercenda
1405 821 1622 865 promptiores
1654 820 1847 861 reddantur,

1111 874 1320 917 indulgentiis
1334 881 1366 907 et
1377 879 1585 918 peccatorum
1601 873 1849 907 remissionibus

1111 925 1292 968 invitamus,
1318 932 1416 970 prout
1438 927 1476 960 ad
1502 926 1711 960 christianam
1737 936 1850 970 propa-

1112 980 1248 1024 gandam
1281 981 1472 1023 religionem
1506 986 1537 1013 et
1561 979 1743 1013 animarum
1767 980 1851 1013 sulu—

1113 1039 1176 1067 tem
1201 1033 1442 1076 procurandam
1478 1033 1700 1076 conspicimus
1731 1032 1764 1066 in
1788 1032 1851 1066 Do-

1112 1087 1199 1120 mino
1224 1087 1400 1120 salubriter
1424 1086 1590 1129 expedire.

1157 1141 1171 1184 §
1196 1140 1227 1173 1.
1255 1139 1332 1173 Cum
1351 1141 1460 1184 itaque
1479 1140 1576 1183 (sicut
1593 1139 1790 1183 accepimus)
1809 1139 1840 1173 di

1114 1193 1187 1226 lecti
1214 1193 1269 1226 filii
1296 1194 1409 1226 lintres
1426 1192 1554 1226 Ordinis
1572 1192 1728 1226 Minorum
1749 1192 1851 1226 sancti

1116 1246 1275 1279 Francisei
1294 1246 1332 1279 de
1350 1246 1561 1281 Observanua
1578 1251 1849 1289 nuncupatorum,

1115 1300 1199 1333 inter
1223 1300 1276 1343 pia
1310 1310 1392 1343 quae
1424 1305 1576 1333 exercent
1610 1310 1732 1342 opera,
1757 1299 1853 1332 etiarn

1115 1363 1235 1396 pueros
1261 1358 1292 1386 et
1318 1354 1446 1386 adultos
1473 1362 1696 1396 quoscumque
1714 1351 1854 1395 peruni-

1116 1417 1241 1440 versum
1276 1406 1491 1439 christianum
1524 1406 1637 1440 orbem
1673 1405 1853 1439 catholicae

1116 1459 1189 1493 ndei
1204 1460 1388 1493 rudimenta
1406 1465 1437 1493 et
1454 1460 1646 1493 christianas
1667 1468 1778 1492 omnes
1796 1458 1853 1491 vir-

1119 1519 1199 1546 tutes
1224 1519 1371 1547 aceurate
1398 1514 1558 1546 doceant:
1585 1523 1655 1553 nos,
1670 1523 1728 1556 pro
1754 1511 1855 1545 nostri

1117 1567 1286 1609 pastoralis
1306 1566 1401 1599 officii
1417 1576 1551 1599 munere
1569 1566 1630 1599 hoc
1651 1566 1749 1609 pium,
1769 1564 1855 1598 chri-

1118 1620 1305 1663 stianaeque
1321 1620 1520 1663 reipublicae
1531 1620 1750 1652 necessarium
1762 1628 1855 1662 opus,

1118 1684 1154 1705 ex
1181 1684 1244 1717 quo
1272 1674 1427 1706 hactenus
1453 1672 1609 1705 uberrimi
1638 1673 1756 1705 fructus
1782 1683 1856 1715 pro-

1118 1732 1295 1767 venerunt,
1324 1737 1361 1759 ae
1386 1728 1486 1759 multo
1514 1725 1683 1759 uberiores
1721 1725 1856 1769 posthac

1118 1785 1332 1823 proventuros
1351 1790 1530 1823 speramus,
1553 1780 1725 1812 contovere
1749 1779 1856 1812 volen-

1121 1839 1187 1873 tes,
1213 1839 1248 1866 ut
1272 1833 1460 1866 eorumdem
1493 1833 1627 1865 fratrum
1661 1831 1791 1865 devotio
1816 1831 1855 1864 :ul

1119 1888 1237 1920 dictum
1263 1898 1346 1931 opus
1373 1886 1590 1920 exercendum
1619 1885 1735 1918 indies
1754 1885 1855 1928 magis

1119 1947 1289 1983 augentur,
1316 1941 1354 1973 de
1387 1939 1620 1982 omnipotentis
1649 1938 1704 1972 [lei
1732 1938 1857 1972 miseri-

1118 1994 1228 2028 cordia
1253 2005 1288 2027 ac
1312 1994 1482 2026 beatorum
1508 1992 1593 2026 Petri
1621 1998 1651 2026 ct
1676 1991 1766 2025 Pauli
1787 2001 1857 2035 apo·

1119 2048 1275 2081 stolorum
1301 2047 1370 2080 eius
1400 2046 1595 2079 auctoritate
1622 2045 1756 2085 confisi,
1783 2055 1858 2089 sup-

1119 2101 1349 2144 plicationibus
1371 2110 1500 2143 quoque
1524 2099 1632 2132 dilecti
1658 2098 1858 2132 siliiFranci-

1119 2155 1162 2187 sei
1189 2154 1260 2186 Dinz
1286 2165 1302 2186 a
1327 2153 1358 2186 S.
1384 2154 1621 2193 Bonnventura‚
1644 2150 1856 2185 commissarii

1119 2207 1279 2251 generalis
1305 2206 1414 2240 curiae
1449 2217 1509 2249 pro
1535 2205 1656 2239 familiai
1680 2206 1858 2239 ultramon-

1120 2263 1190 2294 tana
1215 2260 1292 2293 dicti
1317 2259 1459 2300 Ordinis,
1486 2258 1618 2292 nomine
1644 2258 1738 2292 nobis
1759 2266 1858 2301 super

1156 2369 1179 2394 1.
1201 2368 1349 2394 Concessae
1369 2366 1477 2394 suerunt
1504 2364 1689 2401 indulgentiae
1709 2363 1878 2392 confrater»

1120 2412 1246 2438 nitatibus
1262 2412 1400 2439 doctrinae
1416 2410 1579 2437 christianae
1600 2418 1614 2436 a
1633 2408 1718 2436 Paulo
1732 2408 1756 2435 V
1772 2411 1858 2436 const.

1119 2456 1161 2482 ed.
1179 2463 1278 2490 nucvu,
1296 2457 1339 2482 die
1355 2457 1371 2482 6
1387 2455 1515 2488 octobris,
1533 2454 1627 2490 pontis.
1644 2460 1681 2480 ιιι.
1698 2452 1798 2480 Horum
1813 2460 1860 2479 ve-

1120 2509 1147 2527 ro
1161 2501 1273 2527 fratrum
1286 2500 1468 2535 indulgentiae
1480 2500 1606 2533 leguntur
1621 2498 1648 2525 in
1661 2497 1741 2524 huius
1751 2497 1860 2525 pontifi·

1119 2546 1156 2571 cis
1166 2550 1250 2571 const.
1264 2545 1307 2571 ed.
1321 2551 1473 2575 nncirxxvu,
1486 2544 1528 2571 die
1547 2545 1572 2570 11
1593 2542 1667 2576 iunii,
1685 2541 1779 2577 pontis.
1797 2550 1816 2576 ι,
1833 2545 1860 2569 et

1120 2594 1203 2617 ronst.
1217 2590 1259 2617 ed.
1273 2597 1460 2624 nntzczcxxxvn,
1473 2589 1516 2617 die
1527 2589 1560 2615 2⁴2
1573 2587 1699 2621 ianuarii,
1715 2585 1810 2623 pontif.
1825 2593 1860 2613 xx.

1843 184 1891 210 An.
1909 183 1942 211 C.
1963 182 2031 211 ¹620

1914 1146 2007 1172 indulget
2023 1147 2046 1167 ut

1863 1175 1883 1195 iu
1899 1174 1992 1195 rubrica.
