2111 3157
0 153 47 180 An.
67 150 96 177 C.
115 150 175 176 ¹68!

764 151 975 175 lNNOCENTtt'S
997 152 1025 174 Xl
1051 151 1100 174 ΓΡ.

181 198 315 229 serendo
332 203 445 230 contra
459 198 651 231 christianos
665 204 801 237 veteres,
818 198 912 231 salvis

182 255 288 282 tamen
313 251 556 293 exceptionibus
588 252 764 293 legalibus,
791 262 848 283 nec
874 250 913 282 ab

181 302 303 335 eisdem
328 303 473 345 exigatur
490 303 703 336 iuramentum
721 304 759 335 de
778 313 841 334 non
862 303 913 334 dc-

181 355 333 397 ponendo
359 361 472 387 contra
495 355 690 388 christianos
715 360 855 392 veteres,
883 358 914 385 et

1585 140 1643 171 llll

958 198 1226 231 consuetudinem
1249 203 1331 230 etex
1357 197 1521 229 nonnullis
1545 197 1615 229 aliis
1635 197 1689 229 cir·

956 251 1152 283 cnmstantiis
1190 251 1221 282 in
1257 251 1372 283 eodem
1408 261 1507 292 regno
1545 250 1575 281 in
1615 249 1688 282 tidei

932 303 1096 346 {savorem
1122 302 1410 341 concurrentibus,
1438 302 1609 334 dnmmodo
1645 306 1689 332 ta-

933 347 936 383 l
955 365 1028 387 men
1045 355 1109 386 sint
1134 356 1242 397 plures
1267 355 1297 387 in
1316 365 1461 392 numero,
1482 360 1510 387 et
1534 355 1564 386 in
1591 354 1690 397 qnali-

181 407 314 440 tollatur
340 408 471 440 omnino
507 413 661 441 statutum
695 417 750 440 seu
779 416 914 439 consue-
956 411 1019 439 tate
1044 407 1315 446 considerabiles‚
1345 407 1476 445 idonei,
1500 406 1562 440 fide
1588 407 1687 448 digni,

181 460 267 500 tudo,
295 461 320 493 si
345 461 437 500 adsit,
462 460 616 503 puniendi
643 458 837 492 christianos
857 468 914 491 no·
955 459 1086 501 legales,
1103 465 1134 492 et
1158 461 1269 502 quales
1294 460 1334 492 de
1359 460 1429 492 iure
1455 470 1525 492 csse
1551 459 1688 498 debent,

181 524 260 552 vos,
288 524 325 546 ex
353 524 393 546 eo
422 513 506 555 qnod
533 511 770 556 deposuerint¹
801 515 913 544 contra

181 565 373 598 christianos
399 570 535 597 veteres.

223 629 254 652 x.
286 618 319 650 In
343 618 407 650 illis
433 623 539 650 autem
567 617 716 656 casibus,
741 617 773 649 in
796 616 912 660 quibus

180 675 285 713 potest
308 674 455 702 constare
481 669 518 701 de
544 679 678 712 corpore
707 668 815 701 delicti
840 667 912 700 sacti

180 722 412 765 permanentis,
431 721 563 764 procedi
581 732 645 754 non
662 721 765 764 possit
781 721 820 752 ad
838 730 914 752 con-

180 774 377 807 stituendum
402 773 591 816 inquisitum
618 773 703 805 inter
726 782 823 812 reos,
851 772 913 804 nisi

180 826 268 870 prius
293 827 333 859 de
358 826 414 859 illo
439 825 583 868 legitime
608 825 802 858 constiterit.

223 890 266 913 XI.
292 879 358 912 Nec
392 879 434 912 sit
468 879 635 911 habendus
671 889 730 922 pro
755 878 912 911 diminuto

180 932 219 973 is,
241 932 295 975 qui
319 932 352 964 in
377 933 432 964 sua
457 930 658 964 consessione
682 941 748 963 non
769 930 915 963 nominat

181 989 294 1017 testem
314 984 529 1021 informatum,
549 983 603 1026 qni
629 988 787 1026 tamquam
812 992 912 1025 purus

181 1036 270 1070 testis
296 1041 408 1069 contra
433 1036 538 1079 ipsum
563 1036 725 1078 deposuit,
744 1040 915 1077 quantum-

180 1089 227 1122 vis
240 1089 300 1121 sibi
314 1089 521 1122 coniunctum
537 1088 568 1120 in
584 1098 784 1131 quocumque
798 1088 911 1129 gradu.

224 1151 280 1174 ΧΗ.
307 1141 479 1174 Confessus
505 1146 612 1173 autem
645 1140 677 1172 in
709 1142 813 1173 causis
839 1149 915 1182 apo-

182 1193 297 1226 stasiae
322 1203 339 1225 a
362 1192 447 1231 fide,
479 1193 531 1235 qui
562 1203 626 1225 non
653 1192 830 1235 nominavit
853 1191 913 1224 sibi

182 1245 388 1278 coniunctum
405 1245 436 1277 in
455 1245 558 1287 primo
583 1244 684 1287 gradu
700 1244 844 1277 eiusdem
862 1244 915 1276 de-

181 1297 249 1330 licti
274 1296 477 1339 complicem,
505 1306 569 1329 non
594 1297 635 1328 sit
659 1296 828 1328 habendus
853 1305 913 1338 pro

183 1349 352 1390 diminuto,
370 1350 432 1382 nisi
446 1349 625 1392 copulative
645 1353 838 1381 concurrant
852 1350 915 1391 ple-

182 1413 224 1436 na
251 1407 283 1434 et
306 1402 450 1444 legitima
474 1402 621 1444 probatio
651 1401 755 1434 dictae
780 1402 915 1444 compli-

184 1454 298 1495 citatis,
317 1455 432 1487 dolosa
457 1454 631 1486 occultatio
657 1453 812 1497 praedicti
830 1463 916 1486 com-

183 1507 289 1552 plicis,
308 1512 340 1540 et
363 1508 451 1540 nulla
473 1511 588 1549 urgeat
612 1507 644 1539 in
662 1507 731 1550 ipso
758 1514 814 1540 reo
840 1516 916 1539 con-

182 1562 270 1594 fesso
295 1560 468 1594 oblivionis
493 1559 725 1603 praesumptio.

227 1623 298 1647 xm.
324 1612 414 1651 Quod
445 1612 470 1645 si
503 1623 602 1652 reus,
637 1612 691 1655 qui
726 1617 799 1655 post
828 1622 916 1645 suam

185 1666 426 1700 consessionem
443 1665 482 1698 de
506 1664 717 1698 caeremoniis
734 1665 868 1698 iudaicis
885 1665 917 1697 in

187 1718 425 1752 observantiam
450 1718 530 1759 legis
547 1717 659 1760 Moysis
685 1717 724 1749 ab
741 1717 812 1760 ipso
831 1718 918 1750 sactis

188 1777 334 1815 tempore
353 1780 415 1814 quo
433 1770 465 1802 in
486 1770 574 1803 illam
593 1769 757 1809 credebat,
773 1780 838 1803 non
857 1771 920 1802 sue-

187 1824 229 1856 rit
258 1823 420 1857 convictus
449 1833 467 1855 a
491 1823 627 1855 testibus
660 1823 818 1866 legalibus
853 1824 919 1856 sive

187 1876 314 1909 idoneis
342 1876 451 1909 denuo
482 1874 651 1918 repetiisse
677 1875 808 1908 easdem
833 1885 922 1908 cere-

188 1928 311 1962 monias
334 1927 486 1967 iudaicas,
513 1938 591 1970 quas
622 1927 656 1959 in
688 1928 778 1960 novis
803 1929 923 1961 consti-

190 1981 263 2014 tutis
288 1980 463 2023 negaverit,
495 1990 561 2013 non
592 1979 634 2012 sit
658 1980 859 2014 damnandus
883 1981 922 2014 ad

190 2034 230 2067 ad
247 2043 386 2077 poenam
406 2032 613 2073 ordinariam,
634 2037 666 2065 et
685 2034 785 2066 multo
803 2034 921 2074 minus,

191 2087 217 2121 si
241 2085 467 2120 caeremoniae
498 2084 572 2118 illae
597 2090 704 2119 essent
729 2086 923 2130 aequivocae

192 2145 224 2174 et
246 2138 480 2173 indifferentes.

234 2202 299 2227 xlv.
336 2191 447 2224 Testes
486 2201 564 2224 vero
602 2191 672 2224 loco
708 2196 741 2225 et
778 2197 925 2236 tempore

193 2245 396 2288 singulares,
427 2249 589 2277 contestes
622 2250 731 2278 tamen
762 2244 795 2278 in
819 2246 926 2289 specie

195 2298 339 2332 haeresis
364 2298 596 2331 determinatae
621 2307 678 2330 seu
707 2298 884 2340 apostasiae
909 2310 927 2332 a

195 2349 258 2383 fide
294 2349 422 2384 admitti
454 2349 581 2392 possint
616 2350 655 2382 ad
691 2348 927 2383 testificandum

197 2407 310 2436 contra
332 2402 508 2445 inquisitos
525 2402 565 2435 de
589 2401 748 2435 iudaismo
772 2402 805 2435 in
828 2413 928 2445 regno

198 2454 380 2488 Lusitaniae
420 2454 509 2487 iuxta
549 2453 636 2487 illius
675 2453 928 2497 antiquissimam

223 2528 254 2550 „r
267 2514 338 2544 Edit.
358 2515 441 2545 Mam.
461 2515 526 2556 legit
544 2515 705 2554 masne&
725 2516 835 2558 (ηιμ,
872 2507 890 2517 ““

955 516 1051 553 atque
1076 511 1204 544 insimul
1235 511 1504 543 concurrentibus
1532 511 1690 543 verisimi-

955 563 1037 595 libus
1062 563 1275 602 coniectnris‚
1302 568 1333 595 et
1357 563 1487 596 attentis
1516 571 1609 606 atque
1643 564 1690 595 di-

956 615 1094 657 ligenter
1126 615 1315 648 examinatis
1340 615 1411 648 aliis
1437 616 1688 648 circumstantiis

933 672 987 700 tet
1013 668 1166 710 qualitate
1198 678 1309 700 eorum
1341 672 1453 700 contra
1486 678 1566 710 qnos
1592 668 1691 710 depo-1

956 720 1052 760 nitur,
1076 721 1122 752 sic
1146 719 1373 759 testificantes,
1393 726 1428 752 ut
1452 720 1530 753 salsa
1555 730 1619 752 non
1645 721 1691 752 di-

957 783 1029 805 cere
1054 777 1314 816 praesnmantur.
1342 772 1452 805 Testes
1485 777 1592 804 autem
1618 773 1687 804 sin-

957 826 1095 868 gulares,
1113 825 1315 868 deponentes
1340 824 1563 857 inverisimilia
1588 829 1618 856 et
1639 824 1691 856 im-

958 877 1106 920 posibilia
1126 904 1133 917 ,
1161 877 1285 909 nullum
1323 877 1455 919 gradum
1489 876 1690 919 probationis

958 930 1086 962 saciant.

1000 993 1050 1015 xv.
1079 982 1179 1015 Porro
1205 982 1355 1025 repetitio
1374 981 1503 1014 testium
1529 982 1570 1013 sit
1594 981 1692 1015 omni-

958 1046 999 1068 no
1035 1035 1213 1068 necessaria
1248 1039 1322 1077 post
1357 1035 1445 1067 litem
1480 1040 1692 1067 contestatam

958 1099 1028 1120 cuni
1053 1088 1212 1127 citatione,
1240 1087 1364 1120 scilicet
1394 1098 1466 1120 cum
1497 1088 1609 1121 notitia
1634 1088 1692 1127 rei,

958 1146 990 1173 ct
1013 1139 1273 1182 interrogatoriis
1299 1139 1412 1172 dandis
1430 1150 1487 1182 per
1507 1145 1694 1182 procurato-

957 1203 1024 1225 rem
1049 1192 1150 1235 ipsius
1170 1192 1229 1231 rei,
1253 1202 1311 1224 seu
1336 1192 1440 1224 officio
1466 1192 1693 1235 supplendis¹3

958 1245 1036 1277 alias
1062 1254 1173 1277 eorum
1198 1236 1421 1287 depositiones
1451 1255 1517 1276 non
1542 1245 1692 1278 afficiant.

999 1307 1062 1330 xvl.
1100 1296 1213 1329 Testes
1253 1306 1381 1339 quoque
1417 1297 1621 1339 deponentes
1656 1298 1694 1329 de

958 1349 1085 1382 indiciis
1119 1349 1251 1382 remotis
1283 1349 1497 1381 consessionis
1523 1350 1696 1381 extraiudi-

957 1403 1048 1436 cialis
1071 1401 1219 1434 iudaismi
1244 1411 1310 1433 non
1326 1400 1467 1444 probent
1487 1402 1524 1434 ad
1546 1400 1695 1434 effectum

958 1454 1197 1488 condemnandi
1223 1453 1407 1495 negativum
1426 1453 1464 1486 ad
1482 1464 1621 1496 poenam
1647 1464 1697 1487 or-

959 1508 1128 1541 dinariam.
1155 1505 1255 1544 Quam
1288 1516 1364 1539 vero
1398 1506 1626 1548 probationem
1654 1508 1697 1539 sa—

960 1561 1045 1594 ciant
1063 1560 1221 1604 praedicti
1246 1564 1351 1599 testes,
1376 1559 1482 1602 quoad
1511 1560 1588 1592 alias
1619 1571 1697 1602 poe-

960 1624 1017 1647 nas
1038 1615 1087 1646 vel
1108 1612 1187 1646 alios
1205 1612 1347 1652 effectus,
1365 1612 1513 1644 remittur
1529 1613 1698 1645 conscien-

961 1666 1023 1699 tiae
1056 1670 1087 1698 et
1111 1665 1302 1708 prudentiae
1338 1664 1452 1697 iudicis
1487 1665 1698 1698 ecclesiastici

962 1719 1103 1751 timentis
1128 1718 1240 1750 Deum.

1004 1770 1322 1804 xvt1.C0nsessiones
1340 1775 1447 1803 autem
1466 1775 1606 1804 extortae
1625 1782 1700 1804 con-

963 1829 1012 1857 tra
1036 1824 1169 1856 sormam
1206 1823 1374 1855 iuridicam
1390 1849 1397 1862 ‚
1426 1824 1475 1856 vel
1500 1834 1560 1866 per
1585 1834 1700 1866 sugge-

964 1876 1109 1915 stionem,
1134 1876 1183 1908 vel
1204 1875 1452 1919 promissionem
1469 1876 1551 1908 vitae
1570 1881 1601 1908 et
1620 1877 1701 1908 libe-

964 1928 1098 1961 rationis
1115 1955 1122 1967 ,
1160 1937 1217 1960 seu
1242 1928 1418 1970 generales,
1445 1933 1500 1960 ant
1534 1929 1699 1968 obscurae,

965 1992 1021 2014 sen
1046 1985 1265 2024 repugnantes
1289 1980 1398 2021 aetati,
1425 1982 1513 2013 sexui
1543 1986 1574 2014 et
1608 1983 1702 2015 intel-

966 2034 1062 2067 lectui
1088 2033 1288 2072 confitentis,
1313 2042 1379 2065 non
1409 2033 1567 2066 sufficiant
1590 2040 1702 2067 contra

966 2087 1152 2129 negativum
1178 2096 1236 2128 pro
1262 2088 1366 2129 poena
1389 2086 1560 2127 ordinaria,
1580 2092 1618 2127 et,
1640 2088 1702 2119 nisi

967 2140 1097 2173 aliunde
1122 2139 1263 2182 legitime
1289 2139 1563 2173 adminiculentur
1580 2140 1703 2183 praedi—

967 2198 1036 2225 ctae
1061 2191 1293 2232 consessiones,
1324 2193 1445 2224 nullam
1478 2193 1703 2235 probationem

968 2244 1098 2278 saciant.

1011 2307 1102 2331 xvlu.
1129 2297 1287 2331 Carcerati
1319 2307 1395 2330 vero
1427 2298 1613 2331 charitative
1645 2304 1706 2332 tra-

969 2355 1107 2390 ctentur,
1140 2355 1172 2383 et
1201 2350 1391 2392 redigantur
1422 2361 1569 2384 carceres
1601 2352 1707 2384 minus

970 2403 1076 2446 rigidi,
1102 2408 1134 2435 et
1158 2413 1224 2436 non
1249 2408 1311 2435 tam
1337 2403 1478 2436 obscuri.

1013 2466 1076 2489 xlx.
1099 2456 1143 2487 Ac
1168 2455 1297 2488 demum
1326 2456 1496 2488 carceratis
1520 2456 1553 2488 in
1578 2456 1610 2490 S.
1636 2454 1710 2489 Offi-

1007 2519 1020 2555 .¹.
1041 2517 1142 2545 Forsan
1160 2517 1341 2552 supplentem
1361 2518 1399 2553 (n.
1415 2518 1464 2553 au).

1696 149 1877 175 ll1].('1.l(181
