2111 3157
133 180 184 208 ΑΔ,
205 178 233 206 C.
258 178 322 205 ¹677

153 929 233 948 Patitur
243 929 324 949 ·iu·¹'rett

141 960 199 975 cunm
207 958 245 975 uvat
252 962 278 975 tu.

188 1509 326 1531 confirmatur

143 1542 154 1556 a
171 1538 272 1557 Pnnnnce
292 1538 327 1558 de·

144 1567 222 1583 civ-tuni
247 1564 273 1584 «lo
297 1565 325 1585 ΔΙ·

143 1591 255 1611 ternatim.

370 173 412 207 48

330 236 382 264 tur
407 231 511 264 dictae
536 231 746 264 alternativae
766 231 800 264 in
818 231 911 265 dictis
937 227 1065 275 provin-

331 283 388 316 ciis
414 284 453 317 de
478 284 566 317 Lima
592 289 625 318 et
648 284 788 318 Charcas
814 284 966 327 eligendo
991 294 1066 327 pro-

331 336 500 371 vincialem
524 337 611 370 illius
630 338 744 380 partis,
765 347 802 370 ex
823 348 885 380 qua
901 338 1067 372 actualiter

332 390 488 433 (quando
514 397 702 434 praesentes
726 391 981 434 intimabuntur)
1002 402 1067 424 non

332 443 429 476 suerit
450 443 657 486 provincialis
678 443 823 484 actualis,
842 444 895 487 qui
916 454 975 487 pro
993 451 1069 478 tem-

332 506 410 539 pore
428 496 558 529 rexerit.
578 496 623 529 Ita
640 497 857 537 decernimus,
869 497 1068 538 ordinamus,

333 549 499 581 statuimus
531 555 563 581 et
587 550 783 589 ,mandamus
816 550 849 583 in
881 552 1068 594 supradicto

333 608 495 635 conventu
515 602 545 635 S.
563 602 724 636 Francisci
749 603 874 636 Madriti
890 615 962 638 xxvt
979 616 1070 638 men-

333 655 374 687 sis
396 655 508 698 aprilis
525 665 711 689 unctxxvn.

377 707 491 740 Iosepu
517 708 661 741 >immas
692 707 888 749 Snmmoo,
921 709 1071 743 minister

334 761 511 803 generalis.

378 814 490 847 Frater
510 814 647 848 lomass
663 815 808 856 LUENGO,
831 816 946 852 comm?
972 816 1071 849 >:arius

335 867 495 909 generalis
520 867 683 901 Indiarum
708 880 737 901 n.

379 921 393 963 ς
419 921 450 953 Q,
478 920 555 954 Cum
581 926 698 961 autem,
717 922 799 954 sicut
817 923 929 955 eadem
947 923 1072 966 exposi-

337 973 380 1006 tio
405 973 632 1016 subiungebat,
665 975 774 1008 omnia
798 975 829 1007 in
857 976 988 1009 decreto
1014 978 1072 1009 liu-

335 1026 474 1059 iusmodi
507 1032 659 1060 contenta
689 1027 754 1060 sint
784 1028 866 1061 iusta
898 1035 930 1062 et
954 1030 1070 1063 rationi

335 1085 577 1120 consentanca,
606 1090 667 1113 nec
699 1081 792 1114 aliter
827 1082 943 1123 melius
976 1094 1071 1125 quam

334 1142 393 1174 per
418 1142 530 1165 eorum
555 1133 795 1166 observantiam
823 1135 894 1177 paci
920 1146 956 1167 ac
973 1135 1072 1178 quieti

335 1185 493 1218 dictarum
529 1186 769 1229 provinciarum
811 1188 937 1220 consuli
977 1199 1072 1231 posse

334 1238 507 1271 credatur:
540 1239 635 1271 nobis
665 1245 842 1282 propterea
873 1240 949 1274 dicti
978 1252 1074 1285 expo-

334 1297 448 1325 nentes
472 1292 640 1325 humiliter
667 1293 843 1336 supplicari
873 1294 1021 1327 fecerunt
1040 1301 1075 1328 ut

335 1344 395 1377 sibi
421 1345 453 1377 in
479 1345 667 1388 praemissis
698 1352 879 1389 opportune
904 1348 1074 1390 providere

335 1403 368 1429 et
383 1402 417 1429 ut
434 1397 518 1430 infra
535 1398 708 1440 indulgere
726 1399 766 1431 de
783 1398 986 1441 benignitate
1003 1411 1075 1444 apo-

336 1451 451 1484 stolica
475 1451 696 1493 dignaremur.

382 1505 396 1547 ἓ
417 1504 447 1537 3.
468 1504 531 1538 Nos
551 1504 660 1547 igitur,
679 1505 768 1549 ipsos
785 1513 985 1550 exponentes
1002 1518 1074 1550 spe-

339 1557 473 1590 cialibus
511 1557 673 1590 savoribus
705 1563 737 1591 et
775 1559 887 1601 gratiis
922 1560 1073 1603 prosequi

337 1611 481 1643 volentes
503 1614 535 1643 et
560 1620 673 1643 eorum
705 1611 887 1653 singulares
918 1622 1074 1655 personas

339 1674 356 1695 a
381 1662 544 1705 quibusvis
563 1664 920 1705 excommunicationis,
944 1675 1074 1708 suspen-

338 1716 438 1749 sionis
457 1722 487 1749 et
504 1716 677 1757 interdicti,
696 1717 831 1761 aliisque
846 1718 1074 1752 ecclesiasticis

337 1769 518 1809 sententiis,
538 1769 685 1802 censuris
704 1775 736 1802 et
754 1771 882 1813 poenis,
899 1781 916 1803 a
936 1770 1006 1803 iure
1024 1773 1072 1804 vel

337 1821 376 1853 ab
402 1821 548 1862 homine,
575 1822 687 1864 quavis
712 1823 883 1856 occasione
908 1825 958 1856 vel
980 1826 1073 1856 causa

337 1874 431 1914 latis,
457 1874 483 1907 si
510 1874 628 1918 quibus
663 1875 910 1918 quomodolibet
939 1877 1074 1910 innoda-

339 1933 388 1960 tae
414 1927 582 1967 existunt,
611 1928 649 1960 ad
675 1927 822 1961 etl'ectum
854 1930 1073 1971 praesentium

338 1979 504 2012 dumtaxat
536 1981 822 2023 consequendum,
851 1981 963 2014 harum
989 1982 1072 2014 serie

338 2033 543 2066 absolventes
569 2039 601 2065 et
619 2033 787 2066 absolutas
806 2034 872 2067 fore
890 2040 1072 2074 censentes,

339 2086 525 2119 huiusmodi
547 2086 841 2129 supplicationibus
859 2087 1015 2127 inclinati,
1035 2088 1073 2120 de

338 2139 568 2171 venerabilium
597 2140 729 2172 fratrum
753 2145 936 2172 nostrorum
957 2140 1070 2173 S.R.E.

339 2191 551 2223 cardinalium
570 2191 708 2233 negotiis
727 2197 760 2224 et
779 2191 1072 2225 consultationibus

340 2244 568 2287 episcoporum
593 2251 624 2277 et
649 2245 849 2287 regularium
870 2245 1073 2288 praeposito-

339 2308 410 2330 ruin
435 2296 578 2337 consilio,
600 2303 630 2330 et
650 2300 771 2330 attenta
789 2298 946 2331 relatione
965 2298 1072 2331 dilecti

338 2350 394 2383 liiii
420 2350 540 2393 prioris
565 2351 725 2392 generalis
753 2350 829 2383 dicti
855 2350 983 2383 Ordinis
1012 2351 1073 2384 eis-

339 2403 409 2436 dem
446 2403 665 2435 cardinalibus
694 2404 795 2443 tacta,
833 2403 1071 2447 praeinsertum

339 2457 503 2490 decretum
529 2466 545 2488 a
572 2456 664 2488 dictis
689 2456 837 2488 ministro
871 2457 1016 2498 generali
1042 2463 1073 2490 et

338 2509 558 2543 commissario
584 2509 745 2541 indiarum
778 2509 1070 2553 compromissariis

338 2562 528 2598 auctoritate
553 2561 655 2595 dictae
681 2562 950 2605 congregationis
973 2562 1071 2596 cardi-

912 170 1266 209 Buttmann-iomanis

1107 232 1229 265 nalium
1246 233 1375 273 sactum,
1391 216 1545 276 illiusque
1559 237 1708 267 tenorem
1734 237 1766 267 et
1782 232 1843 266 dis-

1108 284 1305 327 positionem
1334 285 1421 318 circa
1453 285 1647 318 electionum
1678 284 1845 318 alternati·

1108 348 1187 378 vam,
1203 338 1392 372 auctoritate
1414 338 1602 381 apostolica,
1623 344 1736 371 tenore
1756 347 1847 381 prae·

1110 392 1261 432 sentium,
1288 392 1508 435 approbamus
1534 397 1566 424 et
1590 391 1819 425 confirmamus
1836 418 1845 432 ,

1111 455 1146 477 ac
1163 445 1358 488 apostolicae
1377 444 1578 478 auctoritatis
1596 444 1761 488 praesidio
1781 455 1847 477 mu-

1111 497 1228 537 nimus,
1253 498 1334 530 itaut
1357 497 1389 530 in
1410 498 1562 530 omnibus
1582 496 1763 540 plenarium
1782 507 1850 529 sor-

1114 550 1208 582 tiatur
1226 550 1383 590 effectum,
1402 556 1433 584 et
1450 551 1488 584 ab
1506 550 1601 591 ittis⁴‚
1624 551 1663 584 ad
1682 560 1761 594 quos
1780 559 1850 592 spes

1113 608 1195 642 ctat,
1220 602 1451 636 inviolabiliter
1485 604 1695 644 observetur;
1720 602 1850 635 irritum

1113 656 1198 689 enim
1222 662 1254 689 et
1277 656 1372 689 inane
1397 657 1555 700 quidquid
1587 667 1678 690 secus
1711 661 1850 689 attentat

1115 715 1178 741 tum
1204 708 1302 741 suerit
1326 709 1538 749 declaramus,
1564 714 1596 742 et
1619 719 1685 748 eos,
1711 708 1767 752 qui
1792 708 1848 741 de-

1113 761 1191 794 creti
1226 761 1411 794 firmitatem
1444 762 1504 794 sub
1537 761 1651 804 quovis
1682 765 1850 804 praetextu

1114 814 1294 857 infringere
1318 814 1618 857 praesumpserint,
1644 812 1758 856 poenis
1784 812 1850 856 pri-

1115 867 1251 899 vationis
1271 867 1357 899 vocis
1388 866 1508 899 activae
1541 871 1572 899 et
1596 865 1752 909 passivae,
1784 864 1852 907 pri-

1116 919 1250 952 vationis
1267 919 1455 958 officiorum,
1474 918 1610 961 aliisque
1629 917 1765 950 arbitrio
1793 926 1852 950 no-

1115 978 1179 1005 stro
1198 972 1404 1015 imponendis
1422 971 1623 1004 subiicimus:
1641 972 1851 1003 salvatamen

1115 1036 1242 1068 semper
1272 1025 1305 1057 in
1337 1025 1524 1068 praemissis
1554 1023 1745 1057 auctoritate
1769 1023 1852 1057 Con-

1116 1078 1315 1121 grcgationis
1340 1079 1526 1111 eorumdem
1551 1077 1778 1110 cardinalium.

1159 1132 1174 1174 ἓ
1198 1131 1230 1163 lt.
1250 1131 1469 1164 Decernentes
1489 1130 1576 1174 ipsas
1593 1135 1785 1173 praesentes
1800 1129 1852 1163 lit-

1118 1190 1201 1217 teras
1228 1194 1357 1226 semper
1388 1182 1494 1216 sirmas
1527 1183 1648 1216 validas
1680 1187 1712 1216 et
1747 1182 1854 1215 effica-

1116 1248 1170 1270 ces
1191 1237 1330 1270 existere
1355 1241 1387 1269 et
1412 1236 1491 1275 sore,
1518 1246 1659 1279 suosque
1685 1235 1854 1279 plenarios

1117 1295 1149 1323 et
1174 1290 1320 1331 integros
1349 1288 1482 1322 effectus
1511 1289 1619 1321 sortiri
1638 1294 1668 1321 et
1689 1287 1854 1328 obtinere,

1118 1354 1152 1374 ac
1169 1342 1245 1382 illis,
1271 1342 1310 1374 ad
1332 1352 1413 1384 quos
1435 1346 1561 1384 spectat
1576 1347 1607 1373 et
1625 1351 1685 1384 pro
1706 1346 1854 1383 tempore

1118 1396 1390 1439 quandocumque
1415 1395 1586 1437 spectabit,
1604 1395 1636 1427 in
1655 1393 1804 1427 omnibus
1823 1397 1856 1426 et

1118 1460 1177 1492 per
1197 1449 1305 1481 omnia
1329 1448 1514 1491 plenissime
1539 1447 1714 1490 suffragari,
1740 1447 1853 1490 sicque

1119 1504 1150 1535 in
1176 1502 1362 1546 praemissis
1396 1512 1454 1544 per
1486 1511 1706 1544 quoscumque
1730 1500 1854 1533 iudices

1119 1556 1300 1590 ordinarios
1318 1560 1349 1587 et
1366 1555 1545 1597 delegatos,
1574 1554 1669 1586 etiam
1686 1563 1854 1586 causarum

1118 1609 1229 1652 palatii
1254 1607 1425 1651 apostolici
1455 1608 1631 1647 auditores,
1666 1605 1801 1639 iudicari
1823 1611 1855 1639 et

1119 1662 1245 1695 definiri
1274 1662 1407 1701 debere,
1436 1670 1472 1694 ac
1503 1660 1630 1693 irritum
1651 1664 1683 1693 et
1706 1660 1803 1692 inane
1827 1659 1854 1692 si

1118 1726 1210 1748 secus
1232 1725 1329 1758 super
1356 1714 1407 1747 his
1432 1725 1448 1747 a
1473 1724 1647 1757 quoquam,
1670 1712 1780 1756 quavis
1805 1723 1854 1744 au-

1118 1768 1274 1809 ctoritate,
1299 1767 1441 1800 scienter
1459 1768 1509 1799 vel
1531 1766 1726 1809 ignoranter,
1752 1766 1854 1798 conti-

1118 1821 1201 1865 gerit
1217 1820 1380 1853 attentari.

1849 184 1898 211 An.
1915 183 1945 211 C.
1967 182 2033 211 ¹677
2063 159 2065 161 Ι

1887 1145 2010 1166 clausulae.

1160 1875 1174 1917 ἓ
1199 1874 1227 1906 5.
1256 1873 1325 1906 Non
1357 1872 1560 1905 obstantibus
1592 1871 1790 1915 praemissis,
1817 1882 1853 1905 ac
1864 1881 2046 1903 obstantiatottit.

1117 1926 1401 1961 constitutionibus
1434 1932 1466 1958 et
1493 1925 1750 1958 ordinationibus
1776 1935 1853 1969 apo-

1117 1981 1250 2020 stolicis,
1270 1989 1397 2012 necnon
1417 1978 1655 2021 provinciarum
1676 1983 1708 2010 et
1724 1977 1853 2011 Ordinis

1117 2031 1365 2077 praefatarum‘1‚
1394 2032 1489 2064 etiam
1510 2031 1706 2071 iuramento,
1735 2030 1853 2064 confir-

1117 2085 1257 2118 matione
1278 2083 1466 2127 apostolica,
1492 2085 1541 2117 vel
1567 2084 1676 2127 quavis
1702 2083 1852 2116 firmitate

1117 2139 1177 2172 alia
1203 2137 1378 2177 roboratis,
1403 2137 1529 2170 statutis
1553 2141 1585 2169 et
1614 2137 1852 2169 consuetudini-

1117 2194 1175 2224 bus
1192 2219 1199 2231 ,
1225 2190 1404 2234 privilegiis
1430 2200 1567 2233 quoque,
1585 2189 1720 2223 indultis
1749 2195 1779 2222 et.
1803 2189 1852 2222 lit-

1117 2245 1192 2278 teris
1215 2243 1404 2287 apostolicis
1425 2243 1457 2275 in
1482 2242 1681 2275 contrarium
1698 2242 1852 2285 praemis-

1115 2308 1224 2330 sorum
1257 2295 1503 2339 quomodolibet
1534 2295 1706 2334 concessis,
1738 2294 1853 2327 contir-

1115 2350 1207 2383 matis
1233 2354 1264 2381 et
1287 2348 1465 2387 innovatis·,
1492 2348 1607 2391 quibus
1638 2347 1788 2380 omnibus
1819 2352 1852 2379 et

1115 2403 1264 2446 singulis,
1301 2402 1430 2435 illorum
1468 2407 1597 2434 tenores
1626 2399 1850 2444 praesentibus

1115 2467 1174 2500 pro
1208 2456 1303 2498 plene
1336 2460 1367 2487 et
1397 2454 1596 2487 sufficienter
1626 2452 1787 2497 expressis
1812 2463 1848 2486 ac

1151 2528 1160 2553 1
1180 2525 1251 2552 Edit.
1269 2525 1351 2551 Main.
1368 2524 1433 2559 legit
1447 2525 1516 2551 aliis
1532 2532 1579 2557 pro
1595 2524 1630 2550 ab
1644 2523 1706 2550 illis
1719 2523 1761 2558 (R.
1772 2522 1821 2557 T.)-

1148 2570 1164 2597 2
1178 2569 1270 2605 Aptius
1287 2569 1344 2603 tege
1359 2570 1561 2604 praefatorum
1575 2569 1615 2599 (a.
1631 2567 1680 2602 T.)-
