2111 3157
786 167 880 190 INDEX
909 166 1109 191 RUBRICARUM

267 219 464 253 visitantibus
488 218 625 261 aliquam
650 219 698 251 sui
722 218 847 252 Ordinis
872 229 920 252 ec-

265 272 404 312 clesiam,
429 270 502 304 209.

176 325 301 358 LXXIV.
327 325 560 359 Confirmantur
580 327 610 357 et
624 323 812 357 innovantur
828 334 917 369 quae-

265 377 337 409 dam
354 376 569 410 ordinationes
586 386 645 419 pro
658 376 809 409 fratribus
825 377 920 409 Prae-

265 430 468 471 dicatoribus,
494 428 569 462 210.

176 483 290 516 LXXV.
322 483 535 517 Confirmatur
566 483 751 526 protestatio
786 483 919 515 fratrum

263 535 420 569 Minorum
441 535 480 568 de
503 535 707 568 Observantia
724 535 807 569 circa
828 546 920 578 regu-

263 588 311 621 lae
329 588 555 628 executionem,
579 591 608 622 et
631 588 800 621 nonnullae
820 587 920 621 decla-

266 640 403 674 rationes
428 651 463 673 ac
489 640 702 674 ordinationes
735 645 822 673 motu
846 651 919 683 pro-

264 693 334 736 prio
359 693 526 734 adduntur,
551 692 625 725 214.

176 746 303 779 LXXVI.
341 746 574 780 Confirmantur
607 745 770 788 {quaedam
806 751 920 778 statuta

265 799 398 831 fratrum
424 797 579 830 Minorum
610 797 648 830 de
673 797 878 830 Observantia
903 808 920 830 a

264 861 282 882 a
303 850 414 883 Sancta
438 849 516 883 Sede
537 850 626 893 prius
651 850 689 882 ad
714 860 844 883 examen
869 860 919 883 re-

263 907 384 943 vocata,
409 902 483 935 ⁶218.

175 954 317 988 LXXVII.
343 955 562 988 Conceduntur
586 956 759 989 lectoribus
783 956 921 988 iubilatis

265 1008 397 1040 fratrum
415 1008 571 1040 Minorum
586 1008 624 1040 de
641 1008 845 1041 Observantia
861 1008 921 1052 pri-

265 1060 378 1102 vilegia
415 1060 520 1092 omnia
552 1060 718 1093 doctorum
751 1061 865 1093 artium
892 1066 921 1093 et

266 1113 491 1155 magistrorum
518 1113 548 1145 in
574 1113 740 1155 theologia,
766 1113 839 1146 0226.

175 1166 332 1198 LXXXIII.
359 1166 555 1198 Permittitur
572 1172 607 1198 ut
623 1166 653 1198 in
678 1167 839 1209 provincia
856 1176 923 1198 san-

265 1219 305 1251 cti
325 1218 408 1251 Petri
425 1219 463 1251 de
477 1219 643 1251 Alcantara
656 1219 920 1252 Discalceatorum

265 1271 297 1303 in
321 1282 420 1314 regno
444 1272 650 1315 Neapolitano
675 1272 779 1305 locum
806 1272 921 1304 habere

265 1325 386 1367 possint
411 1325 524 1358 fratres
549 1324 689 1357 eiusdem
705 1324 830 1357 Ordinis
848 1335 922 1367 pro-

266 1377 443 1409 vinciarum
469 1377 647 1420 Hispaniae,
672 1377 746 1409 0228.

176 1429 307 1462 LXXIX.
324 1430 517 1462 'Revocatur
546 1430 708 1462 concessio
737 1431 815 1461 facta
841 1430 923 1463 vice-

266 1481 454 1515 cancellario
482 1482 717 1525 quamplurium
743 1482 921 1515 officiorum

267 1534 465 1575 vacabilium,
474 1545 554 1578 quae
568 1535 671 1567 denuo
685 1535 832 1568 Camerae
842 1537 923 1579 Apo-

266 1588 395 1620 stolieae
420 1588 640 1627 restituuntur,
665 1587 738 1620 2:30.

154 1657 157 1659 -
177 1641 293 1673 LXXX.
313 1641 526 1674 Confirmatur
540 1641 747 1674 summarium
762 1642 923 1684 indulgen-

267 1693 382 1725 tiarum
408 1693 701 1726 confraternitatum
720 1693 770 1726 SS.
791 1694 924 1726 Trinita-

267 1746 306 1778 tis
338 1746 573 1789 Redemptionis
609 1747 834 1790 Captivorum,
860 1747 921 1779 iam

266 1804 337 1831 ante
362 1810 378 1831 a
403 1799 432 1832 S.
458 1799 707 1842 Congregatione
725 1800 922 1842 recognitum

267 1857 297 1885 et
321 1852 544 1896 approbatum7
571 1852 644 1885 ⁶232.

177 1905 306 1938 LXXXI.
331 1905 517 1938 Extenditur
549 1906 661 1938 festum
688 1906 719 1938 B.
746 1906 860 1939 Mariae
884 1906 922 1939 de

268 1958 410 1991 Mercede
435 1969 506 1991 eum
539 1959 644 1992 officio
669 1965 697 1992 et
723 1959 818 1992 missa
843 1960 919 1992 reli-

268 2012 431 2053 giosorum
447 2011 586 2044 eiusdem
604 2012 729 2045 Ordinis
746 2012 784 2045 ad
802 2013 923 2046 univer-

267 2074 336 2097 sum
363 2064 483 2097 elerum
502 2075 674 2107 regnorum
701 2066 921 2108 Hispaniarum

267 2123 296 2149 vt
312 2117 548 2161 provinciarum
567 2118 649 2160 regis
664 2118 821 2159 catholici,
847 2119 921 2151 0237.

179 2171 322 2204 LXXXll.
352 2171 564 2204 Confirmatur
590 2171 753 2204 decretum
778 2172 919 2215 Congre-

267 2224 402 2266 gationis
433 2224 559 2257 Rituum
584 2224 622 2257 de
647 2224 851 2258 cadaveribus
875 2236 924 2259 eo-

268 2288 349 2319 rum,
379 2277 431 2321 qui
457 2276 516 2309 sibi
541 2278 734 2321 sepulturam
760 2278 923 2321 elegerunt

268 2331 297 2363 in
334 2331 474 2364 ecclesiis
514 2331 647 2363 fratrum
683 2331 922 2365 Carmelitaruni

269 2384 532 2417 Discalceatorum
568 2384 826 2426 Congregationis
857 2385 920 2417 Ita—

270 2438 339 2477 liae,
364 2436 438 2470 238.

178 2490 336 2523 LXXXIII.
373 2489 593 2523 Conceduntur
617 2490 782 2533 privilegia
803 2491 924 2534 cappel—

272 2543 350 2576 lanis
375 2543 551 2576 Sanctitatis
575 2543 655 2576 Suae
670 2570 677 2583 ‚
702 2543 775 2576 239.

284 2605 364 2632 Ruti.
386 2604 468 2631 Rom.
489 2619 522 2624 --
546 2605 604 2631 Vol.
627 2604 708 2632 XIX.
857 2605 908 2631 126

1586 156 1665 190 1001

972 217 1136 251 LXXXIV.
1162 216 1394 250 Confirmantur
1411 221 1523 249 statuta
1540 217 1718 259 Congrega-

1061 271 1155 303 tionis
1179 270 1357 303 Gallicanae
1381 269 1605 302 canonicorum
1625 280 1716 312 regu-

1061 323 1176 355 larium
1207 323 1236 356 S.
1262 322 1426 365 Augustini
1459 322 1497 355 de
1531 322 1714 365 acceptione

1061 375 1291 409 beneficiorum
1317 376 1348 407 in
1372 375 1498 408 titulum
1513 403 1520 417 ,
1546 380 1576 408 et
1599 375 1638 407 ab
1664 375 1717 408 iis-

1061 430 1133 462 dem
1158 429 1327 469 amotione,
1353 428 1426 461 239.

972 482 1114 515 LXXXV.
1140 482 1364 525 Approbantur
1387 481 1564 515 institutum
1590 486 1620 513 et
1643 491 1718 513 con-

1062 535 1239 569 stitutiones
1278 534 1467 567 elericorum
1506 533 1716 566 saecularium

1061 588 1093 619 in
1118 587 1279 619 communi
1313 586 1484 619 viventium
1511 586 1570 618 sub
1598 586 1713 618 imme-

1061 640 1144 672 diata
1154 640 1393 673 Ordinariorum
1404 639 1631 681 iurisdictione,
1639 639 1715 671 241.

973 694 1122 726 LXXXVI.
1148 693 1360 726 Confirmatur
1384 693 1499 725 iterum
1524 697 1554 725 et
1578 692 1717 725 extendi-

1062 751 1113 778 tur
1137 745 1305 778 cardinalis
1338 746 1528 789 protectoris
1552 745 1715 778 decretum

1060 798 1099 830 de
1115 798 1193 830 nihil
1210 798 1332 840 agendo
1350 803 1458 830 contra
1475 802 1587 831 statuta
1604 808 1620 830 a
1638 797 1717 830 Sede

1061 851 1243 894 Apostoliea
1259 861 1318 893 pro
1335 850 1498 893 provincia
1512 850 1716 893 Neapolitana

1061 902 1091 935 S.
1110 903 1192 935 Petri
1207 902 1245 935 de
1258 903 1423 935 Alcantara
1438 903 1717 942 Disealceatorum,

1062 957 1129 999 ipsa
1162 956 1250 999 prius
1282 966 1345 989 non
1374 956 1499 997 audita,
1528 961 1595 988 tum
1623 956 1715 989 etiam

1062 1009 1212 1041 adversus
1237 1008 1363 1041 decreta
1387 1019 1404 1040 a
1429 1009 1529 1041 dietae
1554 1008 1643 1041 Sedis
1669 1009 1720 1041 tri-

1061 1061 1229 1093 bunalibus
1246 1067 1276 1094 et
1296 1061 1447 1093 ministris
1468 1066 1622 1101 emanata,
1642 1060 1716 1094 ⁶256.

973 1114 1144 1147 LXXXVII.
1170 1114 1382 1148 Confirmatur
1404 1114 1566 1147 decretum
1586 1115 1720 1155 Congre-

1062 1167 1218 1209 gationis,
1243 1178 1306 1210 quo
1339 1167 1503 1199 delinitum
1533 1167 1591 1199 fuit
1615 1168 1717 1199 solum

1061 1220 1202 1263 priorem
1221 1220 1400 1262 generalem
1420 1220 1630 1252 Eremitarum
1650 1230 1721 1252 san-

1062 1272 1103 1304 eti
1128 1272 1293 1314 Augustini
1312 1272 1429 1304 habere
1454 1272 1502 1304 ius
1526 1271 1717 1314 aggregandi

1061 1325 1100 1357 ad
1124 1325 1505 1358 archiconsraternitatem
1526 1325 1718 1358 Cincturato-

1063 1387 1144 1418 rum,
1171 1377 1305 1410 vicarios
1327 1388 1401 1410 vero
1424 1378 1588 1420 generales
1605 1377 1720 1410 Discal-

1063 1435 1225 1463 ceatorum
1251 1431 1374 1472 erigere
1399 1441 1492 1474 posse
1517 1430 1721 1464 confraterni-

1062 1488 1141 1516 tates
1164 1483 1425 1526 Corrigiatorum,
1450 1483 1524 1516 ⁶258.

975 1536 1156 1569 LXXXVIII.
1182 1536 1415 1569 Confirmantur
1446 1536 1599 1579 quaedam
1625 1537 1715 1569 ordi-

1062 1589 1205 1621 nationes
1233 1589 1389 1631 generalis
1415 1589 1540 1622 Ordinis
1563 1590 1718 1622 Eremita-

1064 1652 1133 1674 rum
1148 1642 1176 1673 S.
1195 1641 1359 1683 Augustini
1377 1642 1460 1674 circa
1481 1642 1649 1675 electiones
1667 1653 1720 1675 su-

1064 1695 1227 1738 periorum
1253 1699 1282 1726 et
1306 1694 1489 1727 officialium
1514 1695 1545 1726 in
1569 1695 1720 1735 Quitensi,

1063 1748 1195 1790 aliisque
1219 1747 1378 1780 Indiarum
1405 1748 1589 1791 provinciis,
1614 1747 1688 1780 0260.

974 1801 1131 1834 LXXXIX.
1157 1800 1346 1834 Conceditur
1363 1800 1557 1843 indulgentia
1577 1801 1720 1844 plenaria

1062 1859 1215 1897 perpetua
1241 1854 1338 1886 semel
1355 1854 1386 1885 in
1412 1864 1519 1886 mense
1545 1854 1719 1887 confrater-

1062 1907 1213 1939 nitatibus
1244 1907 1501 1949 Cordigerorum,
1523 1907 1553 1939 in
1579 1908 1719 1941 ecelesiis

1063 1960 1320 1993 Conventualium
1346 1961 1375 1993 S.
1401 1960 1560 1993 Francisci
1586 1961 1719 2000 erectis,

1064 2015 1094 2046 in
1119 2014 1168 2046 die
1193 2014 1302 2047 solitae
1327 2015 1548 2057 processionis,
1574 2015 1649 2048 263.

975 2068 1030 2101 XC.
1056 2067 1244 2100 Conceditur
1262 2067 1456 2109 indulgentia
1480 2068 1621 2111 plenaria
1646 2078 1719 2111 per-

1063 2125 1157 2162 petua
1182 2120 1379 2152 visitantibus
1399 2120 1536 2163 atiquam
1558 2131 1593 2153 ex
1619 2121 1719 2153 eccle-

1063 2172 1115 2204 siis
1139 2172 1271 2204 fratrum
1302 2173 1351 2205 vel
1384 2173 1569 2205 monialium
1594 2173 1719 2206 Ordinis

1063 2225 1162 2258 sancti
1175 2225 1334 2258 Francisei
1355 2225 1386 2258 in
1403 2225 1623 2259 festivitatibus
1643 2226 1718 2259 dieti

1064 2278 1189 2319 Sancti,
1220 2288 1344 2311 necnon
1377 2283 1557 2312 sanctorum
1591 2279 1718 2312 Antonii

1063 2332 1101 2364 de
1126 2331 1250 2373 Padua,
1279 2332 1537 2373 Bonaventurae,
1568 2332 1718 2366 Ludovici

1064 2384 1213 2428 episcopi,
1234 2384 1428 2425 Bernardini,
1450 2395 1485 2417 ac
1509 2389 1634 2418 sanetae
1657 2385 1721 2419 Cla-

1065 2447 1127 2479 rae,
1153 2436 1227 2470 0264.

976 2491 1048 2525 XCI.
1066 2489 1229 2532 Statuitur,
1242 2496 1276 2523 ut
1289 2495 1352 2522 tam
1370 2491 1542 2534 capitulum
1560 2490 1718 2533 generale,

1066 2554 1159 2587 quam
1196 2544 1279 2576 dieta
1321 2544 1506 2578 intermedia
1542 2545 1719 2586 Congrege-
