<?xml version="1.0" encoding="UTF-8"?>
<!DOCTYPE html PUBLIC "-//W3C//DTD XHTML 1.0 Transitional//EN"
    "http://www.w3.org/TR/xhtml1/DTD/xhtml1-transitional.dtd">
<html xmlns="http://www.w3.org/1999/xhtml" xml:lang="en" lang="en">
 <head>
  <title>
</title>
<meta http-equiv="Content-Type" content="text/html;charset=utf-8" />
  <meta name='ocr-system' content='tesseract 3.04.00' />
  <meta name='ocr-capabilities' content='ocr_page ocr_carea ocr_par ocr_line ocrx_word'/>
</head>
<body>
  <div class='ocr_page' id='page_1' title='image "./bullarumdiplomat19cath_0925.png"; bbox 0 0 2111 3157; ppageno 0'>
   <div class='ocr_carea' id='block_1_1' title="bbox 987 202 1914 303">
    <p class='ocr_par' dir='ltr' id='par_1_1' title="bbox 987 202 1914 303">
     <span class='ocr_line' id='line_1_1' title="bbox 1623 202 1913 238; baseline 0.01 -4"><span class='ocrx_word' id='word_1_1' title='bbox 1623 202 1685 235; x_wconf 63' lang='lat'>880</span> <span class='ocrx_word' id='word_1_2' title='bbox 1732 213 1778 237; x_wconf 62' lang='lat' dir='ltr'>An.</span> <span class='ocrx_word' id='word_1_3' title='bbox 1801 211 1827 238; x_wconf 77' lang='lat' dir='ltr'>c..</span> <span class='ocrx_word' id='word_1_4' title='bbox 1849 212 1913 237; x_wconf 64' lang='lat' dir='ltr'>inas</span> 
     </span>
     <span class='ocr_line' id='line_1_2' title="bbox 987 260 1914 303; baseline 0 -11"><span class='ocrx_word' id='word_1_5' title='bbox 987 260 1107 292; x_wconf 85' lang='lat' dir='ltr'>militer</span> <span class='ocrx_word' id='word_1_6' title='bbox 1131 268 1163 293; x_wconf 89' lang='lat' dir='ltr'>et</span> <span class='ocrx_word' id='word_1_7' title='bbox 1188 261 1219 293; x_wconf 91' lang='lat' dir='ltr'>in</span> <span class='ocrx_word' id='word_1_8' title='bbox 1245 267 1361 294; x_wconf 86' lang='lat' dir='ltr'>ceteris</span> <span class='ocrx_word' id='word_1_9' title='bbox 1382 261 1461 293; x_wconf 87' lang='lat' dir='ltr'>locis</span> <span class='ocrx_word' id='word_1_10' title='bbox 1485 261 1533 293; x_wconf 90' lang='lat' dir='ltr'>vel</span> <span class='ocrx_word' id='word_1_11' title='bbox 1557 262 1783 303; x_wconf 64' lang='lat' dir='ltr'>ope1*ibus‚uum</span> <span class='ocrx_word' id='word_1_12' title='bbox 1798 274 1819 291; x_wconf 79' lang='lat' dir='ltr'>et</span> <span class='ocrx_word' id='word_1_13' title='bbox 1839 272 1914 292; x_wconf 68' lang='lat' dir='ltr'>cunm</span> 
     </span>
    </p>
   </div>
   <div class='ocr_carea' id='block_1_2' title="bbox 1733 299 1914 319">
    <p class='ocr_par' dir='ltr' id='par_1_2' title="bbox 1733 299 1914 319">
     <span class='ocr_line' id='line_1_3' title="bbox 1733 299 1914 319; baseline 0 0"><span class='ocrx_word' id='word_1_14' title='bbox 1733 299 1821 319; x_wconf 76' lang='lat' dir='ltr'>debeant</span> <span class='ocrx_word' id='word_1_15' title='bbox 1840 299 1914 319; x_wconf 63' lang='lat' dir='ltr'>statius</span> 
     </span>
    </p>
   </div>
   <div class='ocr_carea' id='block_1_3' title="bbox 988 312 1852 356">
    <p class='ocr_par' dir='ltr' id='par_1_3' title="bbox 988 312 1852 356">
     <span class='ocr_line' id='line_1_4' title="bbox 988 312 1852 356; baseline 0.002 -12"><span class='ocrx_word' id='word_1_16' title='bbox 988 313 1048 345; x_wconf 92' lang='lat' dir='ltr'>nisi</span> <span class='ocrx_word' id='word_1_17' title='bbox 1075 314 1156 346; x_wconf 85' lang='lat' dir='ltr'>sorte</span> <span class='ocrx_word' id='word_1_18' title='bbox 1175 314 1370 352; x_wconf 86' lang='lat' dir='ltr'>obedientia,</span> <span class='ocrx_word' id='word_1_19' title='bbox 1388 314 1419 346; x_wconf 92' lang='lat' dir='ltr'>in</span> <span class='ocrx_word' id='word_1_20' title='bbox 1438 324 1499 356; x_wconf 84' lang='lat' dir='ltr'>qua</span> <span class='ocrx_word' id='word_1_21' title='bbox 1522 312 1648 353; x_wconf 81' lang='lat' dir='ltr'>suerint,</span> <span class='ocrx_word' id='word_1_22' title='bbox 1667 314 1722 346; x_wconf 87' lang='lat' dir='ltr'>ali-</span> <span class='ocrx_word' id='word_1_23' title='bbox 1732 326 1852 346; x_wconf 59' lang='lat' dir='ltr'>ansel-mm.</span> 
     </span>
    </p>
   </div>
   <div class='ocr_carea' id='block_1_4' title="bbox 22 210 1137 358">
    <p class='ocr_par' dir='ltr' id='par_1_4' title="bbox 22 210 1137 358">
     <span class='ocr_line' id='line_1_5' title="bbox 22 210 1137 240; baseline -0.003 -1"><span class='ocrx_word' id='word_1_24' title='bbox 22 211 70 240; x_wconf 66' lang='grc' dir='ltr'>λη.</span> <span class='ocrx_word' id='word_1_25' title='bbox 92 211 120 240; x_wconf 89' lang='lat' dir='ltr'>C.</span> <span class='ocrx_word' id='word_1_26' title='bbox 139 211 206 239; x_wconf 82' lang='lat'>¹688</span> <span class='ocrx_word' id='word_1_27' title='bbox 799 210 1011 237; x_wconf 49' lang='lat' dir='ltr'>ixxoctzsssrus</span> <span class='ocrx_word' id='word_1_28' title='bbox 1035 214 1063 235; x_wconf 67' lang='lat' dir='ltr'>xi</span> <span class='ocrx_word' id='word_1_29' title='bbox 1092 214 1137 236; x_wconf 65' lang='grc' dir='ltr'>[ψ.</span> 
     </span>
     <span class='ocr_line' id='line_1_6' title="bbox 211 261 944 304; baseline -0.003 -10"><span class='ocrx_word' id='word_1_30' title='bbox 211 261 366 295; x_wconf 88' lang='lat' dir='ltr'>sidentis:</span> <span class='ocrx_word' id='word_1_31' title='bbox 409 263 622 295; x_wconf 79' lang='lat' dir='ltr'>confiteantur</span> <span class='ocrx_word' id='word_1_32' title='bbox 661 267 766 295; x_wconf 88' lang='lat' dir='ltr'>autem</span> <span class='ocrx_word' id='word_1_33' title='bbox 809 262 944 304; x_wconf 76' lang='lat' dir='ltr'>genibus</span> 
     </span>
     <span class='ocr_line' id='line_1_7' title="bbox 210 314 947 358; baseline 0.001 -13"><span class='ocrx_word' id='word_1_34' title='bbox 210 314 311 354; x_wconf 84' lang='lat' dir='ltr'>flexis,</span> <span class='ocrx_word' id='word_1_35' title='bbox 337 320 369 347; x_wconf 89' lang='lat' dir='ltr'>et</span> <span class='ocrx_word' id='word_1_36' title='bbox 393 315 495 358; x_wconf 84' lang='lat' dir='ltr'>capite</span> <span class='ocrx_word' id='word_1_37' title='bbox 522 316 665 356; x_wconf 84' lang='lat' dir='ltr'>detecto,</span> <span class='ocrx_word' id='word_1_38' title='bbox 701 315 757 348; x_wconf 88' lang='lat' dir='ltr'>sed</span> <span class='ocrx_word' id='word_1_39' title='bbox 778 314 947 358; x_wconf 87' lang='lat' dir='ltr'>poeniten-</span> 
     </span>
    </p>
   </div>
   <div class='ocr_carea' id='block_1_5' title="bbox 45 1064 192 1115">
    <p class='ocr_par' dir='ltr' id='par_1_5' title="bbox 45 1064 192 1115">
     <span class='ocr_line' id='line_1_8' title="bbox 49 1064 169 1086; baseline 0 0"><span class='ocrx_word' id='word_1_40' title='bbox 49 1064 116 1086; x_wconf 74' lang='lat' dir='ltr'>enur</span> <span class='ocrx_word' id='word_1_41' title='bbox 134 1064 169 1086; x_wconf 84' lang='lat' dir='ltr'>w.</span> 
     </span>
     <span class='ocr_line' id='line_1_9' title="bbox 45 1090 192 1115; baseline 0 -5"><span class='ocrx_word' id='word_1_42' title='bbox 45 1091 97 1115; x_wconf 76' lang='lat' dir='ltr'>Quid</span> <span class='ocrx_word' id='word_1_43' title='bbox 119 1092 150 1111; x_wconf 71' lang='lat' dir='ltr'>eis</span> <span class='ocrx_word' id='word_1_44' title='bbox 170 1090 192 1110; x_wconf 78' lang='lat' dir='ltr'>di</span> 
     </span>
    </p>
   </div>
   <div class='ocr_carea' id='block_1_6' title="bbox 209 366 946 1090">
    <p class='ocr_par' dir='ltr' id='par_1_6' title="bbox 211 366 943 411">
     <span class='ocr_line' id='line_1_10' title="bbox 211 366 943 411; baseline 0.001 -13"><span class='ocrx_word' id='word_1_45' title='bbox 211 366 287 399; x_wconf 88' lang='lat' dir='ltr'>tiam</span> <span class='ocrx_word' id='word_1_46' title='bbox 309 367 355 399; x_wconf 89' lang='lat' dir='ltr'>eis</span> <span class='ocrx_word' id='word_1_47' title='bbox 380 367 558 400; x_wconf 83' lang='lat' dir='ltr'>iniunctam</span> <span class='ocrx_word' id='word_1_48' title='bbox 576 368 727 411; x_wconf 76' lang='lat' dir='ltr'>prostrati</span> <span class='ocrx_word' id='word_1_49' title='bbox 745 367 943 410; x_wconf 77' lang='lat' dir='ltr'><strong>persolvant.</strong></span> 
     </span>
    </p>

    <p class='ocr_par' dir='ltr' id='par_1_7' title="bbox 209 419 946 773">
     <span class='ocr_line' id='line_1_11' title="bbox 253 419 944 459; baseline -0.001 -7"><span class='ocrx_word' id='word_1_50' title='bbox 253 429 323 452; x_wconf 80' lang='lat' dir='ltr'>xiii.</span> <span class='ocrx_word' id='word_1_51' title='bbox 352 420 524 453; x_wconf 81' lang='lat' dir='ltr'>Hortamur</span> <span class='ocrx_word' id='word_1_52' title='bbox 544 426 650 453; x_wconf 88' lang='lat' dir='ltr'>autem</span> <span class='ocrx_word' id='word_1_53' title='bbox 668 430 723 453; x_wconf 85' lang='lat' dir='ltr'>eos</span> <span class='ocrx_word' id='word_1_54' title='bbox 744 420 776 452; x_wconf 91' lang='lat' dir='ltr'>in</span> <span class='ocrx_word' id='word_1_55' title='bbox 797 419 944 459; x_wconf 87' lang='lat' dir='ltr'>Domino,</span> 
     </span>
     <span class='ocr_line' id='line_1_12' title="bbox 209 472 946 516; baseline 0 -12"><span class='ocrx_word' id='word_1_56' title='bbox 209 478 245 505; x_wconf 88' lang='lat' dir='ltr'>ut</span> <span class='ocrx_word' id='word_1_57' title='bbox 269 472 314 505; x_wconf 86' lang='lat' dir='ltr'>sic</span> <span class='ocrx_word' id='word_1_58' title='bbox 338 473 427 516; x_wconf 82' lang='lat' dir='ltr'>digni</span> <span class='ocrx_word' id='word_1_59' title='bbox 451 476 508 507; x_wconf 80' lang='lat' dir='ltr'>sua</span> <span class='ocrx_word' id='word_1_60' title='bbox 532 475 702 507; x_wconf 88' lang='lat' dir='ltr'>vocatione</span> <span class='ocrx_word' id='word_1_61' title='bbox 722 473 845 512; x_wconf 83' lang='lat' dir='ltr'>vivant,</span> <span class='ocrx_word' id='word_1_62' title='bbox 871 483 946 515; x_wconf 87' lang='lat' dir='ltr'>qua-</span> 
     </span>
     <span class='ocr_line' id='line_1_13' title="bbox 210 526 946 570; baseline 0.001 -14"><span class='ocrx_word' id='word_1_63' title='bbox 210 530 305 558; x_wconf 81' lang='lat' dir='ltr'><strong>tenus</strong></span> <span class='ocrx_word' id='word_1_64' title='bbox 330 527 427 559; x_wconf 85' lang='lat' dir='ltr'>etiarn</span> <span class='ocrx_word' id='word_1_65' title='bbox 445 527 573 570; x_wconf 79' lang='lat' dir='ltr'>saepius</span> <span class='ocrx_word' id='word_1_66' title='bbox 599 526 820 559; x_wconf 74' lang='lat' dir='ltr'>Eucharistiae</span> <span class='ocrx_word' id='word_1_67' title='bbox 841 535 946 558; x_wconf 80' lang='lat' dir='ltr'>sacra-</span> 
     </span>
     <span class='ocr_line' id='line_1_14' title="bbox 209 578 945 623; baseline -0.004 -11"><span class='ocrx_word' id='word_1_68' title='bbox 209 585 411 612; x_wconf 86' lang='lat' dir='ltr'>cramentum</span> <span class='ocrx_word' id='word_1_69' title='bbox 449 582 593 623; x_wconf 88' lang='lat' dir='ltr'>recipere</span> <span class='ocrx_word' id='word_1_70' title='bbox 628 580 764 622; x_wconf 77' lang='lat' dir='ltr'>possint.</span> <span class='ocrx_word' id='word_1_71' title='bbox 805 578 894 616; x_wconf 85' lang='lat' dir='ltr'>Quod</span> <span class='ocrx_word' id='word_1_72' title='bbox 919 578 945 609; x_wconf 85' lang='lat' dir='ltr'>si</span> 
     </span>
     <span class='ocr_line' id='line_1_15' title="bbox 211 631 945 676; baseline -0.004 -11"><span class='ocrx_word' id='word_1_73' title='bbox 211 633 301 676; x_wconf 90' lang='lat' dir='ltr'>prior</span> <span class='ocrx_word' id='word_1_74' title='bbox 324 633 513 667; x_wconf 87' lang='lat' dir='ltr'>iudicaverit</span> <span class='ocrx_word' id='word_1_75' title='bbox 538 634 664 676; x_wconf 85' lang='lat' dir='ltr'>aliquos</span> <span class='ocrx_word' id='word_1_76' title='bbox 681 643 717 665; x_wconf 83' lang='lat' dir='ltr'>ex</span> <span class='ocrx_word' id='word_1_77' title='bbox 743 633 789 664; x_wconf 87' lang='lat' dir='ltr'>eis</span> <span class='ocrx_word' id='word_1_78' title='bbox 814 632 860 664; x_wconf 89' lang='lat' dir='ltr'>sic</span> <span class='ocrx_word' id='word_1_79' title='bbox 880 631 945 663; x_wconf 88' lang='lat' dir='ltr'>dis—</span> 
     </span>
     <span class='ocr_line' id='line_1_16' title="bbox 211 685 944 730; baseline -0.003 -12"><span class='ocrx_word' id='word_1_80' title='bbox 211 686 355 729; x_wconf 88' lang='lat' dir='ltr'>positos,</span> <span class='ocrx_word' id='word_1_81' title='bbox 376 687 497 730; x_wconf 88' lang='lat' dir='ltr'>poterit</span> <span class='ocrx_word' id='word_1_82' title='bbox 518 685 769 729; x_wconf 76' lang='lat' dir='ltr'><strong>frequentiorem</strong></span> <span class='ocrx_word' id='word_1_83' title='bbox 795 685 841 717; x_wconf 89' lang='lat' dir='ltr'>eis</span> <span class='ocrx_word' id='word_1_84' title='bbox 862 693 944 717; x_wconf 91' lang='lat' dir='ltr'>com-</span> 
     </span>
     <span class='ocr_line' id='line_1_17' title="bbox 210 739 617 773; baseline 0 -2"><span class='ocrx_word' id='word_1_85' title='bbox 210 739 400 772; x_wconf 83' lang='lat' dir='ltr'>munionem</span> <span class='ocrx_word' id='word_1_86' title='bbox 426 740 617 773; x_wconf 79' lang='lat' dir='ltr'>concedere.</span> 
     </span>
    </p>

    <p class='ocr_par' dir='ltr' id='par_1_8' title="bbox 211 791 945 1037">
     <span class='ocr_line' id='line_1_18' title="bbox 253 791 945 826; baseline -0.004 -1"><span class='ocrx_word' id='word_1_87' title='bbox 253 803 317 825; x_wconf 74' lang='lat' dir='ltr'>xrv.</span> <span class='ocrx_word' id='word_1_88' title='bbox 344 792 427 826; x_wconf 80' lang='lat' dir='ltr'>Nulli</span> <span class='ocrx_word' id='word_1_89' title='bbox 453 792 612 825; x_wconf 84' lang='lat' dir='ltr'>sacerdoti</span> <span class='ocrx_word' id='word_1_90' title='bbox 638 791 794 824; x_wconf 85' lang='lat' dir='ltr'>saeculari</span> <span class='ocrx_word' id='word_1_91' title='bbox 819 791 869 823; x_wconf 87' lang='lat' dir='ltr'>vei</span> <span class='ocrx_word' id='word_1_92' title='bbox 895 800 945 823; x_wconf 89' lang='lat' dir='ltr'>re-</span> 
     </span>
     <span class='ocr_line' id='line_1_19' title="bbox 212 843 942 888; baseline -0.004 -11"><span class='ocrx_word' id='word_1_93' title='bbox 212 845 331 888; x_wconf 85' lang='lat' dir='ltr'>gulari,</span> <span class='ocrx_word' id='word_1_94' title='bbox 358 846 410 888; x_wconf 90' lang='lat' dir='ltr'>qui</span> <span class='ocrx_word' id='word_1_95' title='bbox 437 846 476 878; x_wconf 92' lang='lat' dir='ltr'>de</span> <span class='ocrx_word' id='word_1_96' title='bbox 501 845 620 877; x_wconf 79' lang='lat' dir='ltr'>Ordine</span> <span class='ocrx_word' id='word_1_97' title='bbox 653 849 765 877; x_wconf 89' lang='lat' dir='ltr'>nostro</span> <span class='ocrx_word' id='word_1_98' title='bbox 796 853 859 875; x_wconf 92' lang='lat' dir='ltr'>non</span> <span class='ocrx_word' id='word_1_99' title='bbox 886 843 942 881; x_wconf 89' lang='lat' dir='ltr'>sit,</span> 
     </span>
     <span class='ocr_line' id='line_1_20' title="bbox 211 896 944 941; baseline -0.004 -11"><span class='ocrx_word' id='word_1_100' title='bbox 211 898 359 930; x_wconf 81' lang='lat' dir='ltr'>confiteri</span> <span class='ocrx_word' id='word_1_101' title='bbox 393 903 527 941; x_wconf 87' lang='lat' dir='ltr'>possunt</span> <span class='ocrx_word' id='word_1_102' title='bbox 563 897 708 929; x_wconf 84' lang='lat' dir='ltr'>conversi</span> <span class='ocrx_word' id='word_1_103' title='bbox 745 896 868 938; x_wconf 78' lang='lat' dir='ltr'>absque</span> <span class='ocrx_word' id='word_1_104' title='bbox 906 896 944 927; x_wconf 89' lang='lat' dir='ltr'>li-</span> 
     </span>
     <span class='ocr_line' id='line_1_21' title="bbox 211 949 943 994; baseline -0.001 -11"><span class='ocrx_word' id='word_1_105' title='bbox 211 950 315 983; x_wconf 69' lang='lat' dir='ltr'>centia</span> <span class='ocrx_word' id='word_1_106' title='bbox 335 950 473 994; x_wconf 86' lang='lat' dir='ltr'>prioris,</span> <span class='ocrx_word' id='word_1_107' title='bbox 508 950 661 993; x_wconf 87' lang='lat' dir='ltr'>quamdiu</span> <span class='ocrx_word' id='word_1_108' title='bbox 687 954 761 981; x_wconf 88' lang='lat' dir='ltr'>sunt</span> <span class='ocrx_word' id='word_1_109' title='bbox 792 949 823 981; x_wconf 93' lang='lat' dir='ltr'>in</span> <span class='ocrx_word' id='word_1_110' title='bbox 849 949 943 982; x_wconf 86' lang='lat' dir='ltr'>domo</span> 
     </span>
     <span class='ocr_line' id='line_1_22' title="bbox 211 1003 701 1037; baseline -0.006 0"><span class='ocrx_word' id='word_1_111' title='bbox 211 1003 338 1037; x_wconf 76' lang='lat' dir='ltr'>Ordinis</span> <span class='ocrx_word' id='word_1_112' title='bbox 365 1004 459 1036; x_wconf 84' lang='lat' dir='ltr'>etiam</span> <span class='ocrx_word' id='word_1_113' title='bbox 486 1008 701 1036; x_wconf 79' lang='lat' dir='ltr'>transeuntes.</span> 
     </span>
    </p>

    <p class='ocr_par' dir='ltr' id='par_1_9' title="bbox 255 1055 943 1090">
     <span class='ocr_line' id='line_1_23' title="bbox 255 1055 943 1090; baseline -0.003 -1"><span class='ocrx_word' id='word_1_114' title='bbox 255 1067 277 1090; x_wconf 87' lang='lat'>1.</span> <span class='ocrx_word' id='word_1_115' title='bbox 305 1056 365 1089; x_wconf 84' lang='lat' dir='ltr'>Pro</span> <span class='ocrx_word' id='word_1_116' title='bbox 386 1061 534 1088; x_wconf 80' lang='lat' dir='ltr'>recenter</span> <span class='ocrx_word' id='word_1_117' title='bbox 551 1056 699 1088; x_wconf 73' lang='lat' dir='ltr'>defuncto</span> <span class='ocrx_word' id='word_1_118' title='bbox 716 1055 876 1088; x_wconf 85' lang='lat' dir='ltr'>monacho</span> <span class='ocrx_word' id='word_1_119' title='bbox 894 1056 943 1088; x_wconf 91' lang='lat' dir='ltr'>vel</span> 
     </span>
    </p>
   </div>
   <div class='ocr_carea' id='block_1_7' title="bbox 19 1109 945 1151">
    <p class='ocr_par' dir='ltr' id='par_1_10' title="bbox 19 1109 945 1151">
     <span class='ocr_line' id='line_1_24' title="bbox 19 1109 945 1151; baseline -0.004 -7"><span class='ocrx_word' id='word_1_120' title='bbox 19 1118 368 1144; x_wconf 63' lang='lat' dir='ltr'>eeudumtitvroconverso</span> <span class='ocrx_word' id='word_1_121' title='bbox 393 1110 507 1142; x_wconf 81' lang='lat' dir='ltr'>doinus</span> <span class='ocrx_word' id='word_1_122' title='bbox 544 1117 619 1141; x_wconf 84' lang='lat' dir='ltr'>suae</span> <span class='ocrx_word' id='word_1_123' title='bbox 656 1109 878 1151; x_wconf 60' lang='lat' dir='ltr'>protiffssionis,</span> <span class='ocrx_word' id='word_1_124' title='bbox 914 1113 945 1140; x_wconf 91' lang='lat' dir='ltr'>et</span> 
     </span>
    </p>
   </div>
   <div class='ocr_carea' id='block_1_8' title="bbox 19 1143 130 1165">
    <p class='ocr_par' dir='ltr' id='par_1_11' title="bbox 19 1143 130 1165">
     <span class='ocr_line' id='line_1_25' title="bbox 19 1143 130 1165; baseline 0.009 -1"><span class='ocrx_word' id='word_1_125' title='bbox 19 1143 130 1165; x_wconf 61' lang='lat' dir='ltr'>defunctis.</span> 
     </span>
    </p>
   </div>
   <div class='ocr_carea' id='block_1_9' title="bbox 61 2487 170 2510">
    <p class='ocr_par' dir='ltr' id='par_1_12' title="bbox 61 2487 170 2510">
     <span class='ocr_line' id='line_1_26' title="bbox 61 2487 170 2510; baseline 0.009 -2"><span class='ocrx_word' id='word_1_126' title='bbox 61 2487 129 2510; x_wconf 67' lang='lat' dir='ltr'>Cuur</span> <span class='ocrx_word' id='word_1_127' title='bbox 144 2488 170 2509; x_wconf 85' lang='lat' dir='ltr'>V.</span> 
     </span>
    </p>
   </div>
   <div class='ocr_carea' id='block_1_10' title="bbox 210 1160 946 1785">
    <p class='ocr_par' dir='ltr' id='par_1_13' title="bbox 211 1160 945 1407">
     <span class='ocr_line' id='line_1_27' title="bbox 211 1160 945 1205; baseline -0.001 -11"><span class='ocrx_word' id='word_1_128' title='bbox 211 1173 272 1205; x_wconf 88' lang='lat' dir='ltr'>pro</span> <span class='ocrx_word' id='word_1_129' title='bbox 298 1162 446 1205; x_wconf 88' lang='lat' dir='ltr'>quolibet</span> <span class='ocrx_word' id='word_1_130' title='bbox 470 1161 664 1194; x_wconf 86' lang='lat' dir='ltr'>monachatu</span> <span class='ocrx_word' id='word_1_131' title='bbox 692 1171 762 1193; x_wconf 90' lang='lat' dir='ltr'>cum</span> <span class='ocrx_word' id='word_1_132' title='bbox 783 1160 945 1202; x_wconf 71' lang='lat' dir='ltr'>psalteriis</span> 
     </span>
     <span class='ocr_line' id='line_1_28' title="bbox 211 1214 945 1258; baseline -0.004 -10"><span class='ocrx_word' id='word_1_133' title='bbox 211 1225 270 1258; x_wconf 90' lang='lat' dir='ltr'>per</span> <span class='ocrx_word' id='word_1_134' title='bbox 294 1220 413 1248; x_wconf 84' lang='lat' dir='ltr'>cartam</span> <span class='ocrx_word' id='word_1_135' title='bbox 441 1215 572 1257; x_wconf 85' lang='lat' dir='ltr'>capituli</span> <span class='ocrx_word' id='word_1_136' title='bbox 599 1214 751 1251; x_wconf 80' lang='lat' dir='ltr'>iniuncto,</span> <span class='ocrx_word' id='word_1_137' title='bbox 784 1219 945 1246; x_wconf 82' lang='lat' dir='ltr'>trecentas</span> 
     </span>
     <span class='ocr_line' id='line_1_29' title="bbox 211 1266 945 1310; baseline -0.003 -10"><span class='ocrx_word' id='word_1_138' title='bbox 211 1268 343 1310; x_wconf 75' lang='lat' dir='ltr'>triginta</span> <span class='ocrx_word' id='word_1_139' title='bbox 385 1268 562 1300; x_wconf 88' lang='lat' dir='ltr'>dominicas</span> <span class='ocrx_word' id='word_1_140' title='bbox 602 1267 765 1299; x_wconf 84' lang='lat' dir='ltr'>orationes</span> <span class='ocrx_word' id='word_1_141' title='bbox 807 1266 945 1301; x_wconf 76' lang='lat' dir='ltr'>reddant</span> 
     </span>
     <span class='ocr_line' id='line_1_30' title="bbox 212 1320 944 1364; baseline -0.004 -10"><span class='ocrx_word' id='word_1_142' title='bbox 212 1321 370 1361; x_wconf 88' lang='lat' dir='ltr'>conversi,</span> <span class='ocrx_word' id='word_1_143' title='bbox 397 1330 532 1364; x_wconf 88' lang='lat' dir='ltr'>quarum</span> <span class='ocrx_word' id='word_1_144' title='bbox 557 1320 764 1353; x_wconf 83' lang='lat' dir='ltr'>medietatem</span> <span class='ocrx_word' id='word_1_145' title='bbox 792 1329 863 1351; x_wconf 90' lang='lat' dir='ltr'>cum</span> <span class='ocrx_word' id='word_1_146' title='bbox 895 1329 944 1352; x_wconf 90' lang='lat' dir='ltr'>ve-</span> 
     </span>
     <span class='ocr_line' id='line_1_31' title="bbox 212 1374 420 1407; baseline 0.005 -1"><span class='ocrx_word' id='word_1_147' title='bbox 212 1374 275 1407; x_wconf 90' lang='lat' dir='ltr'>niis</span> <span class='ocrx_word' id='word_1_148' title='bbox 300 1374 420 1407; x_wconf 88' lang='lat' dir='ltr'>dicant.</span> 
     </span>
    </p>

    <p class='ocr_par' dir='ltr' id='par_1_14' title="bbox 210 1425 945 1567">
     <span class='ocr_line' id='line_1_32' title="bbox 256 1425 945 1468; baseline -0.003 -9"><span class='ocrx_word' id='word_1_149' title='bbox 256 1436 289 1459; x_wconf 91' lang='lat' dir='ltr'>n.</span> <span class='ocrx_word' id='word_1_150' title='bbox 317 1426 465 1465; x_wconf 83' lang='lat' dir='ltr'>Qualibet</span> <span class='ocrx_word' id='word_1_151' title='bbox 488 1426 692 1459; x_wconf 81' lang='lat' dir='ltr'>hebdomada</span> <span class='ocrx_word' id='word_1_152' title='bbox 711 1431 834 1468; x_wconf 82' lang='lat' dir='ltr'>septem</span> <span class='ocrx_word' id='word_1_153' title='bbox 856 1425 945 1458; x_wconf 89' lang='lat' dir='ltr'>anni-</span> 
     </span>
     <span class='ocr_line' id='line_1_33' title="bbox 210 1479 943 1523; baseline -0.004 -10"><span class='ocrx_word' id='word_1_154' title='bbox 210 1480 349 1513; x_wconf 88' lang='lat' dir='ltr'>versaria</span> <span class='ocrx_word' id='word_1_155' title='bbox 374 1480 576 1523; x_wconf 79' lang='lat' dir='ltr'>persolvant:</span> <span class='ocrx_word' id='word_1_156' title='bbox 601 1487 661 1522; x_wconf 80' lang='lat' dir='ltr'>pro</span> <span class='ocrx_word' id='word_1_157' title='bbox 687 1479 821 1520; x_wconf 79' lang='lat' dir='ltr'>singulis</span> <span class='ocrx_word' id='word_1_158' title='bbox 838 1483 943 1511; x_wconf 87' lang='lat' dir='ltr'>autem</span> 
     </span>
     <span class='ocr_line' id='line_1_34' title="bbox 211 1531 942 1567; baseline -0.005 0"><span class='ocrx_word' id='word_1_159' title='bbox 211 1543 324 1567; x_wconf 90' lang='lat' dir='ltr'>novem</span> <span class='ocrx_word' id='word_1_160' title='bbox 344 1533 444 1566; x_wconf 77' lang='lat' dir='ltr'>Pater</span> <span class='ocrx_word' id='word_1_161' title='bbox 468 1537 573 1565; x_wconf 77' lang='lat' dir='ltr'>noster</span> <span class='ocrx_word' id='word_1_162' title='bbox 598 1542 667 1565; x_wconf 89' lang='lat' dir='ltr'>cum</span> <span class='ocrx_word' id='word_1_163' title='bbox 692 1531 796 1564; x_wconf 86' lang='lat' dir='ltr'>veniis</span> <span class='ocrx_word' id='word_1_164' title='bbox 822 1531 942 1564; x_wconf 89' lang='lat' dir='ltr'>dicant.</span> 
     </span>
    </p>

    <p class='ocr_par' dir='ltr' id='par_1_15' title="bbox 211 1584 946 1724">
     <span class='ocr_line' id='line_1_35' title="bbox 255 1584 944 1624; baseline -0.004 -4"><span class='ocrx_word' id='word_1_165' title='bbox 255 1597 302 1620; x_wconf 88' lang='grc'><strong>111.</strong></span> <span class='ocrx_word' id='word_1_166' title='bbox 329 1585 479 1624; x_wconf 83' lang='lat' dir='ltr'>Qualibet</span> <span class='ocrx_word' id='word_1_167' title='bbox 511 1586 606 1618; x_wconf 88' lang='lat' dir='ltr'>etiam</span> <span class='ocrx_word' id='word_1_168' title='bbox 637 1584 841 1617; x_wconf 80' lang='lat' dir='ltr'>hebdomada</span> <span class='ocrx_word' id='word_1_169' title='bbox 864 1584 944 1617; x_wconf 84' lang='lat' dir='ltr'>duos</span> 
     </span>
     <span class='ocr_line' id='line_1_36' title="bbox 211 1636 946 1681; baseline -0.005 -10"><span class='ocrx_word' id='word_1_170' title='bbox 211 1638 344 1678; x_wconf 87' lang='lat' dir='ltr'>Breves‚</span> <span class='ocrx_word' id='word_1_171' title='bbox 371 1644 403 1670; x_wconf 90' lang='lat' dir='ltr'>et</span> <span class='ocrx_word' id='word_1_172' title='bbox 428 1648 486 1681; x_wconf 88' lang='lat' dir='ltr'>pro</span> <span class='ocrx_word' id='word_1_173' title='bbox 512 1638 660 1680; x_wconf 83' lang='lat' dir='ltr'>quolibet</span> <span class='ocrx_word' id='word_1_174' title='bbox 692 1636 821 1678; x_wconf 79' lang='lat' dir='ltr'>triginta</span> <span class='ocrx_word' id='word_1_175' title='bbox 846 1636 946 1669; x_wconf 82' lang='lat' dir='ltr'>Pater</span> 
     </span>
     <span class='ocr_line' id='line_1_37' title="bbox 211 1690 685 1724; baseline -0.004 -1"><span class='ocrx_word' id='word_1_176' title='bbox 211 1695 316 1724; x_wconf 80' lang='lat' dir='ltr'>noster</span> <span class='ocrx_word' id='word_1_177' title='bbox 340 1701 411 1723; x_wconf 88' lang='lat' dir='ltr'>cum</span> <span class='ocrx_word' id='word_1_178' title='bbox 436 1691 538 1724; x_wconf 88' lang='lat' dir='ltr'>veniis</span> <span class='ocrx_word' id='word_1_179' title='bbox 565 1690 685 1722; x_wconf 86' lang='lat' dir='ltr'>dicant.</span> 
     </span>
    </p>

    <p class='ocr_par' dir='ltr' id='par_1_16' title="bbox 255 1742 945 1785">
     <span class='ocr_line' id='line_1_38' title="bbox 255 1742 945 1785; baseline -0.003 -10"><span class='ocrx_word' id='word_1_180' title='bbox 255 1753 297 1776; x_wconf 92' lang='lat' dir='ltr'>1v.</span> <span class='ocrx_word' id='word_1_181' title='bbox 325 1743 385 1776; x_wconf 82' lang='lat' dir='ltr'>Pro</span> <span class='ocrx_word' id='word_1_182' title='bbox 415 1743 522 1776; x_wconf 83' lang='lat' dir='ltr'>officio</span> <span class='ocrx_word' id='word_1_183' title='bbox 553 1742 685 1785; x_wconf 89' lang='lat' dir='ltr'>capituli</span> <span class='ocrx_word' id='word_1_184' title='bbox 721 1742 882 1784; x_wconf 78' lang='lat' dir='ltr'>generalis</span> <span class='ocrx_word' id='word_1_185' title='bbox 914 1746 945 1774; x_wconf 88' lang='lat' dir='ltr'>et</span> 
     </span>
    </p>
   </div>
   <div class='ocr_carea' id='block_1_11' title="bbox 211 1794 946 1839">
    <p class='ocr_par' dir='ltr' id='par_1_17' title="bbox 211 1794 946 1839">
     <span class='ocr_line' id='line_1_39' title="bbox 211 1794 946 1839; baseline -0.005 -10"><span class='ocrx_word' id='word_1_186' title='bbox 211 1806 270 1839; x_wconf 89' lang='lat' dir='ltr'>pro</span> <span class='ocrx_word' id='word_1_187' title='bbox 290 1796 394 1829; x_wconf 82' lang='lat' dir='ltr'>officio</span> <span class='ocrx_word' id='word_1_188' title='bbox 412 1795 616 1828; x_wconf 78' lang='lat' dir='ltr'>Cluniacensi</span> <span class='ocrx_word' id='word_1_189' title='bbox 635 1800 796 1827; x_wconf 78' lang='lat' dir='ltr'>trecentas</span> <span class='ocrx_word' id='word_1_190' title='bbox 816 1794 946 1836; x_wconf 80' lang='lat' dir='ltr'>triginta</span> 
     </span>
    </p>
   </div>
   <div class='ocr_carea' id='block_1_12' title="bbox 211 1848 948 2526">
    <p class='ocr_par' dir='ltr' id='par_1_18' title="bbox 211 1848 946 1997">
     <span class='ocr_line' id='line_1_40' title="bbox 212 1848 946 1890; baseline -0.003 -9"><span class='ocrx_word' id='word_1_191' title='bbox 212 1850 376 1883; x_wconf 87' lang='lat' dir='ltr'>orationes</span> <span class='ocrx_word' id='word_1_192' title='bbox 414 1849 588 1882; x_wconf 88' lang='lat' dir='ltr'>dominicas</span> <span class='ocrx_word' id='word_1_193' title='bbox 622 1848 781 1886; x_wconf 76' lang='lat' dir='ltr'>reddant3</span> <span class='ocrx_word' id='word_1_194' title='bbox 808 1856 867 1890; x_wconf 88' lang='lat' dir='ltr'>pro</span> <span class='ocrx_word' id='word_1_195' title='bbox 893 1848 946 1879; x_wconf 87' lang='lat' dir='ltr'>be-</span> 
     </span>
     <span class='ocr_line' id='line_1_41' title="bbox 211 1900 944 1944; baseline -0.003 -10"><span class='ocrx_word' id='word_1_196' title='bbox 211 1901 443 1941; x_wconf 57' lang='lat' dir='ltr'>nethetorihns,</span> <span class='ocrx_word' id='word_1_197' title='bbox 471 1901 523 1944; x_wconf 86' lang='lat' dir='ltr'>qui</span> <span class='ocrx_word' id='word_1_198' title='bbox 549 1901 799 1944; x_wconf 73' lang='lat' dir='ltr'>pronuntiantur</span> <span class='ocrx_word' id='word_1_199' title='bbox 835 1901 866 1932; x_wconf 91' lang='lat' dir='ltr'>in</span> <span class='ocrx_word' id='word_1_200' title='bbox 893 1900 944 1933; x_wconf 88' lang='lat' dir='ltr'>die</span> 
     </span>
     <span class='ocr_line' id='line_1_42' title="bbox 212 1954 636 1997; baseline -0.002 -10"><span class='ocrx_word' id='word_1_201' title='bbox 212 1954 243 1988; x_wconf 92' lang='lat' dir='ltr'>S.</span> <span class='ocrx_word' id='word_1_202' title='bbox 270 1954 436 1997; x_wconf 82' lang='lat' dir='ltr'>Stephani,</span> <span class='ocrx_word' id='word_1_203' title='bbox 462 1959 636 1987; x_wconf 87' lang='lat' dir='ltr'>trecentas.</span> 
     </span>
    </p>

    <p class='ocr_par' dir='ltr' id='par_1_19' title="bbox 213 2007 947 2263">
     <span class='ocr_line' id='line_1_43' title="bbox 255 2007 946 2051; baseline -0.003 -10"><span class='ocrx_word' id='word_1_204' title='bbox 255 2018 274 2041; x_wconf 87' lang='lat' dir='ltr'>v</span> <span class='ocrx_word' id='word_1_205' title='bbox 313 2008 374 2040; x_wconf 88' lang='lat' dir='ltr'>Pro</span> <span class='ocrx_word' id='word_1_206' title='bbox 399 2008 547 2051; x_wconf 86' lang='lat' dir='ltr'>quolibet</span> <span class='ocrx_word' id='word_1_207' title='bbox 571 2007 744 2039; x_wconf 88' lang='lat' dir='ltr'>tricenario</span> <span class='ocrx_word' id='word_1_208' title='bbox 770 2012 874 2039; x_wconf 85' lang='lat' dir='ltr'>cartae</span> <span class='ocrx_word' id='word_1_209' title='bbox 895 2016 946 2039; x_wconf 85' lang='lat' dir='ltr'>ca-</span> 
     </span>
     <span class='ocr_line' id='line_1_44' title="bbox 213 2060 942 2104; baseline -0.003 -11"><span class='ocrx_word' id='word_1_210' title='bbox 213 2061 305 2104; x_wconf 88' lang='lat' dir='ltr'>pituli</span> <span class='ocrx_word' id='word_1_211' title='bbox 324 2061 431 2094; x_wconf 85' lang='lat' dir='ltr'>dicant</span> <span class='ocrx_word' id='word_1_212' title='bbox 452 2060 684 2104; x_wconf 79' lang='lat' dir='ltr'>quinquaginta</span> <span class='ocrx_word' id='word_1_213' title='bbox 701 2060 801 2092; x_wconf 73' lang='lat' dir='ltr'>Pater</span> <span class='ocrx_word' id='word_1_214' title='bbox 816 2064 942 2092; x_wconf 74' lang='lat' dir='ltr'>noster:</span> 
     </span>
     <span class='ocr_line' id='line_1_45' title="bbox 214 2111 947 2156; baseline -0.003 -11"><span class='ocrx_word' id='word_1_215' title='bbox 214 2123 272 2156; x_wconf 91' lang='lat' dir='ltr'>pro</span> <span class='ocrx_word' id='word_1_216' title='bbox 292 2113 472 2145; x_wconf 85' lang='lat' dir='ltr'>tricenariis</span> <span class='ocrx_word' id='word_1_217' title='bbox 497 2118 603 2145; x_wconf 85' lang='lat' dir='ltr'>autem</span> <span class='ocrx_word' id='word_1_218' title='bbox 629 2118 865 2151; x_wconf 80' lang='lat' dir='ltr'>extraneorum,</span> <span class='ocrx_word' id='word_1_219' title='bbox 891 2111 947 2155; x_wconf 89' lang='lat' dir='ltr'>qui</span> 
     </span>
     <span class='ocr_line' id='line_1_46' title="bbox 215 2165 947 2208; baseline -0.003 -9"><span class='ocrx_word' id='word_1_220' title='bbox 215 2177 279 2199; x_wconf 91' lang='lat' dir='ltr'>non</span> <span class='ocrx_word' id='word_1_221' title='bbox 306 2171 379 2199; x_wconf 89' lang='lat' dir='ltr'>sunt</span> <span class='ocrx_word' id='word_1_222' title='bbox 404 2167 443 2199; x_wconf 87' lang='lat' dir='ltr'>de</span> <span class='ocrx_word' id='word_1_223' title='bbox 468 2167 564 2206; x_wconf 76' lang='lat' dir='ltr'>carta,</span> <span class='ocrx_word' id='word_1_224' title='bbox 584 2165 692 2198; x_wconf 88' lang='lat' dir='ltr'>dicant</span> <span class='ocrx_word' id='word_1_225' title='bbox 708 2170 835 2198; x_wconf 87' lang='lat' dir='ltr'>centum</span> <span class='ocrx_word' id='word_1_226' title='bbox 854 2166 947 2208; x_wconf 84' lang='lat' dir='ltr'>quin-</span> 
     </span>
     <span class='ocr_line' id='line_1_47' title="bbox 215 2221 381 2263; baseline 0 -11"><span class='ocrx_word' id='word_1_227' title='bbox 215 2221 381 2263; x_wconf 81' lang='lat' dir='ltr'>quaginta.</span> 
     </span>
    </p>

    <p class='ocr_par' dir='ltr' id='par_1_20' title="bbox 214 2270 948 2476">
     <span class='ocr_line' id='line_1_48' title="bbox 257 2270 945 2315; baseline -0.004 -9"><span class='ocrx_word' id='word_1_228' title='bbox 257 2283 301 2306; x_wconf 85' lang='lat' dir='ltr'>vi.</span> <span class='ocrx_word' id='word_1_229' title='bbox 325 2273 385 2306; x_wconf 86' lang='lat' dir='ltr'>Pro</span> <span class='ocrx_word' id='word_1_230' title='bbox 409 2272 545 2315; x_wconf 83' lang='lat' dir='ltr'>singulis</span> <span class='ocrx_word' id='word_1_231' title='bbox 570 2271 676 2304; x_wconf 83' lang='lat' dir='ltr'>missis</span> <span class='ocrx_word' id='word_1_232' title='bbox 702 2270 740 2304; x_wconf 90' lang='lat' dir='ltr'>de</span> <span class='ocrx_word' id='word_1_233' title='bbox 766 2271 945 2311; x_wconf 75' lang='lat' dir='ltr'>dominica,</span> 
     </span>
     <span class='ocr_line' id='line_1_49' title="bbox 214 2324 948 2370; baseline -0.003 -11"><span class='ocrx_word' id='word_1_234' title='bbox 214 2326 350 2370; x_wconf 81' lang='lat' dir='ltr'>singulis</span> <span class='ocrx_word' id='word_1_235' title='bbox 383 2325 605 2359; x_wconf 88' lang='lat' dir='ltr'>sacerdotibus</span> <span class='ocrx_word' id='word_1_236' title='bbox 638 2324 813 2364; x_wconf 88' lang='lat' dir='ltr'>iniunctis,</span> <span class='ocrx_word' id='word_1_237' title='bbox 841 2324 948 2357; x_wconf 85' lang='lat' dir='ltr'>dicant</span> 
     </span>
     <span class='ocr_line' id='line_1_50' title="bbox 215 2378 946 2423; baseline -0.003 -11"><span class='ocrx_word' id='word_1_238' title='bbox 215 2379 447 2423; x_wconf 80' lang='lat' dir='ltr'>quinquaginta</span> <span class='ocrx_word' id='word_1_239' title='bbox 475 2378 576 2411; x_wconf 81' lang='lat' dir='ltr'>Pater</span> <span class='ocrx_word' id='word_1_240' title='bbox 602 2381 732 2416; x_wconf 48' lang='lat' dir='ltr'>nostem·</span> <span class='ocrx_word' id='word_1_241' title='bbox 763 2387 822 2420; x_wconf 92' lang='lat' dir='ltr'>pro</span> <span class='ocrx_word' id='word_1_242' title='bbox 851 2386 946 2420; x_wconf 82' lang='lat' dir='ltr'>prece</span> 
     </span>
     <span class='ocr_line' id='line_1_51' title="bbox 215 2432 675 2476; baseline -0.013 -9"><span class='ocrx_word' id='word_1_243' title='bbox 215 2432 410 2476; x_wconf 82' lang='lat' dir='ltr'>generaliter</span> <span class='ocrx_word' id='word_1_244' title='bbox 434 2432 533 2465; x_wconf 74' lang='lat' dir='ltr'>Pater</span> <span class='ocrx_word' id='word_1_245' title='bbox 558 2434 675 2463; x_wconf 79' lang='lat' dir='ltr'>noster.</span> 
     </span>
    </p>

    <p class='ocr_par' dir='ltr' id='par_1_21' title="bbox 258 2483 945 2526">
     <span class='ocr_line' id='line_1_52' title="bbox 258 2483 945 2526; baseline -0.006 -6"><span class='ocrx_word' id='word_1_246' title='bbox 258 2497 281 2520; x_wconf 90' lang='lat'>1.</span> <span class='ocrx_word' id='word_1_247' title='bbox 308 2485 398 2524; x_wconf 85' lang='lat' dir='ltr'>Cum,</span> <span class='ocrx_word' id='word_1_248' title='bbox 425 2485 556 2517; x_wconf 85' lang='lat' dir='ltr'>absente</span> <span class='ocrx_word' id='word_1_249' title='bbox 581 2487 804 2526; x_wconf 81' lang='lat' dir='ltr'>procuratore,</span> <span class='ocrx_word' id='word_1_250' title='bbox 831 2483 868 2516; x_wconf 92' lang='lat' dir='ltr'>ad</span> <span class='ocrx_word' id='word_1_251' title='bbox 895 2493 945 2516; x_wconf 90' lang='lat' dir='ltr'>ec-</span> 
     </span>
    </p>
   </div>
   <div class='ocr_carea' id='block_1_13' title="bbox 985 366 1725 2525">
    <p class='ocr_par' dir='ltr' id='par_1_22' title="bbox 987 366 1725 559">
     <span class='ocr_line' id='line_1_53' title="bbox 988 366 1721 409; baseline 0.001 -12"><span class='ocrx_word' id='word_1_252' title='bbox 988 366 1037 398; x_wconf 91' lang='lat' dir='ltr'>cui</span> <span class='ocrx_word' id='word_1_253' title='bbox 1056 367 1150 399; x_wconf 87' lang='lat' dir='ltr'>suerit</span> <span class='ocrx_word' id='word_1_254' title='bbox 1164 366 1349 409; x_wconf 81' lang='lat' dir='ltr'>specialiter</span> <span class='ocrx_word' id='word_1_255' title='bbox 1365 366 1520 405; x_wconf 86' lang='lat' dir='ltr'>iniuncta;</span> <span class='ocrx_word' id='word_1_256' title='bbox 1536 371 1611 399; x_wconf 88' lang='lat' dir='ltr'>tunc</span> <span class='ocrx_word' id='word_1_257' title='bbox 1625 366 1721 406; x_wconf 88' lang='lat' dir='ltr'>enim,</span> 
     </span>
     <span class='ocr_line' id='line_1_54' title="bbox 987 414 1723 462; baseline 0.001 -12"><span class='ocrx_word' id='word_1_258' title='bbox 987 419 1036 451; x_wconf 90' lang='lat' dir='ltr'>cui</span> <span class='ocrx_word' id='word_1_259' title='bbox 1061 419 1192 462; x_wconf 86' lang='lat' dir='ltr'>proprie</span> <span class='ocrx_word' id='word_1_260' title='bbox 1224 419 1367 452; x_wconf 85' lang='lat' dir='ltr'>iniuncta</span> <span class='ocrx_word' id='word_1_261' title='bbox 1392 425 1458 459; x_wconf 85' lang='lat' dir='ltr'>est,</span> <span class='ocrx_word' id='word_1_262' title='bbox 1486 414 1602 452; x_wconf 87' lang='lat' dir='ltr'>ceteris</span> <span class='ocrx_word' id='word_1_263' title='bbox 1633 429 1723 461; x_wconf 89' lang='lat' dir='ltr'>prae-</span> 
     </span>
     <span class='ocr_line' id='line_1_55' title="bbox 987 472 1722 515; baseline 0 -11"><span class='ocrx_word' id='word_1_264' title='bbox 987 472 1108 509; x_wconf 90' lang='lat' dir='ltr'>sideat,</span> <span class='ocrx_word' id='word_1_265' title='bbox 1142 472 1195 515; x_wconf 88' lang='lat' dir='ltr'>qui</span> <span class='ocrx_word' id='word_1_266' title='bbox 1229 478 1260 505; x_wconf 84' lang='lat' dir='ltr'>et</span> <span class='ocrx_word' id='word_1_267' title='bbox 1292 473 1487 515; x_wconf 81' lang='lat' dir='ltr'>respondeat</span> <span class='ocrx_word' id='word_1_268' title='bbox 1511 472 1582 505; x_wconf 86' lang='lat' dir='ltr'>aliis</span> <span class='ocrx_word' id='word_1_269' title='bbox 1606 472 1722 504; x_wconf 82' lang='lat' dir='ltr'>adven-</span> 
     </span>
     <span class='ocr_line' id='line_1_56' title="bbox 987 525 1725 559; baseline 0.003 -2"><span class='ocrx_word' id='word_1_270' title='bbox 987 525 1131 558; x_wconf 83' lang='lat' dir='ltr'>tantibus</span> <span class='ocrx_word' id='word_1_271' title='bbox 1156 527 1206 558; x_wconf 89' lang='lat' dir='ltr'>vcl</span> <span class='ocrx_word' id='word_1_272' title='bbox 1233 525 1445 559; x_wconf 81' lang='lat' dir='ltr'>obviantibus.</span> <span class='ocrx_word' id='word_1_273' title='bbox 1722 553 1725 555; x_wconf 21' lang='grc' dir='ltr'><strong>Α</strong></span> 
     </span>
    </p>

    <p class='ocr_par' dir='ltr' id='par_1_23' title="bbox 985 578 1723 1141">
     <span class='ocr_line' id='line_1_57' title="bbox 1031 578 1721 612; baseline 0 -1"><span class='ocrx_word' id='word_1_274' title='bbox 1031 589 1066 611; x_wconf 88' lang='grc'>11.</span> <span class='ocrx_word' id='word_1_275' title='bbox 1107 578 1281 612; x_wconf 85' lang='lat' dir='ltr'>Dominicis</span> <span class='ocrx_word' id='word_1_276' title='bbox 1321 584 1351 611; x_wconf 90' lang='lat' dir='ltr'>et</span> <span class='ocrx_word' id='word_1_277' title='bbox 1387 579 1458 612; x_wconf 87' lang='lat' dir='ltr'>aliis</span> <span class='ocrx_word' id='word_1_278' title='bbox 1494 579 1608 612; x_wconf 89' lang='lat' dir='ltr'>diebus</span> <span class='ocrx_word' id='word_1_279' title='bbox 1632 579 1721 612; x_wconf 87' lang='lat' dir='ltr'>sestis</span> 
     </span>
     <span class='ocr_line' id='line_1_58' title="bbox 986 632 1718 665; baseline 0.001 -2"><span class='ocrx_word' id='word_1_280' title='bbox 986 632 1135 664; x_wconf 83' lang='lat' dir='ltr'>conversi</span> <span class='ocrx_word' id='word_1_281' title='bbox 1174 632 1337 665; x_wconf 89' lang='lat' dir='ltr'>silentium</span> <span class='ocrx_word' id='word_1_282' title='bbox 1375 638 1407 665; x_wconf 89' lang='lat' dir='ltr'>et</span> <span class='ocrx_word' id='word_1_283' title='bbox 1439 633 1536 665; x_wconf 87' lang='lat' dir='ltr'>cellas</span> <span class='ocrx_word' id='word_1_284' title='bbox 1572 637 1718 665; x_wconf 87' lang='lat' dir='ltr'>teneant.</span> 
     </span>
     <span class='ocr_line' id='line_1_59' title="bbox 986 684 1721 727; baseline 0.001 -11"><span class='ocrx_word' id='word_1_285' title='bbox 986 684 1140 717; x_wconf 84' lang='lat' dir='ltr'>Omnibus</span> <span class='ocrx_word' id='word_1_286' title='bbox 1165 684 1260 717; x_wconf 86' lang='lat' dir='ltr'>etiarn</span> <span class='ocrx_word' id='word_1_287' title='bbox 1284 685 1399 719; x_wconf 85' lang='lat' dir='ltr'>diebus</span> <span class='ocrx_word' id='word_1_288' title='bbox 1425 685 1456 717; x_wconf 92' lang='lat' dir='ltr'>in</span> <span class='ocrx_word' id='word_1_289' title='bbox 1483 685 1600 727; x_wconf 87' lang='lat' dir='ltr'>quibus</span> <span class='ocrx_word' id='word_1_290' title='bbox 1636 685 1721 718; x_wconf 88' lang='lat' dir='ltr'>labo-</span> 
     </span>
     <span class='ocr_line' id='line_1_60' title="bbox 987 737 1722 780; baseline 0.001 -12"><span class='ocrx_word' id='word_1_291' title='bbox 987 742 1071 777; x_wconf 87' lang='lat' dir='ltr'>rant,</span> <span class='ocrx_word' id='word_1_292' title='bbox 1098 743 1172 779; x_wconf 89' lang='lat' dir='ltr'>post</span> <span class='ocrx_word' id='word_1_293' title='bbox 1196 738 1446 780; x_wconf 83' lang='lat' dir='ltr'>completorium</span> <span class='ocrx_word' id='word_1_294' title='bbox 1470 748 1574 780; x_wconf 85' lang='lat' dir='ltr'>usque</span> <span class='ocrx_word' id='word_1_295' title='bbox 1595 738 1634 770; x_wconf 83' lang='lat' dir='ltr'>ad</span> <span class='ocrx_word' id='word_1_296' title='bbox 1655 737 1722 769; x_wconf 91' lang='lat' dir='ltr'>Pri-</span> 
     </span>
     <span class='ocr_line' id='line_1_61' title="bbox 985 790 1720 830; baseline 0 -8"><span class='ocrx_word' id='word_1_297' title='bbox 985 799 1070 822; x_wconf 86' lang='lat' dir='ltr'>mam</span> <span class='ocrx_word' id='word_1_298' title='bbox 1096 790 1260 822; x_wconf 85' lang='lat' dir='ltr'>silentium</span> <span class='ocrx_word' id='word_1_299' title='bbox 1285 796 1428 830; x_wconf 82' lang='lat' dir='ltr'>servent,</span> <span class='ocrx_word' id='word_1_300' title='bbox 1451 790 1510 823; x_wconf 87' lang='lat' dir='ltr'>nisi</span> <span class='ocrx_word' id='word_1_301' title='bbox 1536 790 1720 823; x_wconf 81' lang='lat' dir='ltr'>ohedientia</span> 
     </span>
     <span class='ocr_line' id='line_1_62' title="bbox 986 841 1721 884; baseline -0.001 -10"><span class='ocrx_word' id='word_1_302' title='bbox 986 843 1031 875; x_wconf 90' lang='lat' dir='ltr'>eis</span> <span class='ocrx_word' id='word_1_303' title='bbox 1055 842 1226 874; x_wconf 79' lang='lat' dir='ltr'>commissa</span> <span class='ocrx_word' id='word_1_304' title='bbox 1247 842 1334 874; x_wconf 85' lang='lat' dir='ltr'>aliud</span> <span class='ocrx_word' id='word_1_305' title='bbox 1351 843 1465 884; x_wconf 76' lang='lat' dir='ltr'>exigat,</span> <span class='ocrx_word' id='word_1_306' title='bbox 1484 853 1544 875; x_wconf 87' lang='lat' dir='ltr'>nec</span> <span class='ocrx_word' id='word_1_307' title='bbox 1564 841 1721 884; x_wconf 86' lang='lat' dir='ltr'>loquendi</span> 
     </span>
     <span class='ocr_line' id='line_1_63' title="bbox 985 895 1722 938; baseline -0.001 -10"><span class='ocrx_word' id='word_1_308' title='bbox 985 896 1148 928; x_wconf 85' lang='lat' dir='ltr'>licentiam</span> <span class='ocrx_word' id='word_1_309' title='bbox 1175 896 1227 928; x_wconf 86' lang='lat' dir='ltr'>tali</span> <span class='ocrx_word' id='word_1_310' title='bbox 1246 896 1324 928; x_wconf 73' lang='lat' dir='ltr'>hora</span> <span class='ocrx_word' id='word_1_311' title='bbox 1342 900 1508 938; x_wconf 88' lang='lat' dir='ltr'>quaerant,</span> <span class='ocrx_word' id='word_1_312' title='bbox 1528 895 1588 926; x_wconf 87' lang='lat' dir='ltr'>nisi</span> <span class='ocrx_word' id='word_1_313' title='bbox 1605 896 1722 936; x_wconf 67' lang='lat' dir='ltr'>magna</span> 
     </span>
     <span class='ocr_line' id='line_1_64' title="bbox 986 947 1722 986; baseline -0.003 -5"><span class='ocrx_word' id='word_1_314' title='bbox 986 954 1016 982; x_wconf 89' lang='lat' dir='ltr'>et</span> <span class='ocrx_word' id='word_1_315' title='bbox 1053 949 1135 981; x_wconf 74' lang='lat' dir='ltr'>iusta</span> <span class='ocrx_word' id='word_1_316' title='bbox 1169 948 1353 981; x_wconf 83' lang='lat' dir='ltr'>occasione.</span> <span class='ocrx_word' id='word_1_317' title='bbox 1380 947 1436 986; x_wconf 85' lang='lat' dir='ltr'>Qui</span> <span class='ocrx_word' id='word_1_318' title='bbox 1476 958 1550 980; x_wconf 86' lang='lat' dir='ltr'>vero</span> <span class='ocrx_word' id='word_1_319' title='bbox 1575 947 1607 979; x_wconf 92' lang='lat' dir='ltr'>in</span> <span class='ocrx_word' id='word_1_320' title='bbox 1633 947 1722 979; x_wconf 71' lang='lat' dir='ltr'>nulla</span> 
     </span>
     <span class='ocr_line' id='line_1_65' title="bbox 987 1000 1723 1044; baseline -0.004 -10"><span class='ocrx_word' id='word_1_321' title='bbox 987 1001 1174 1035; x_wconf 77' lang='lat' dir='ltr'>obedientia</span> <span class='ocrx_word' id='word_1_322' title='bbox 1195 1006 1382 1044; x_wconf 85' lang='lat' dir='ltr'>occupatur,</span> <span class='ocrx_word' id='word_1_323' title='bbox 1410 1001 1595 1043; x_wconf 66' lang='lat' dir='ltr'>frequentet</span> <span class='ocrx_word' id='word_1_324' title='bbox 1619 1000 1723 1032; x_wconf 88' lang='lat' dir='ltr'>eccle-</span> 
     </span>
     <span class='ocr_line' id='line_1_66' title="bbox 987 1052 1722 1093; baseline -0.004 -6"><span class='ocrx_word' id='word_1_325' title='bbox 987 1055 1066 1087; x_wconf 88' lang='lat' dir='ltr'>siam</span> <span class='ocrx_word' id='word_1_326' title='bbox 1091 1054 1187 1087; x_wconf 87' lang='lat' dir='ltr'>etiam</span> <span class='ocrx_word' id='word_1_327' title='bbox 1212 1054 1326 1086; x_wconf 81' lang='lat' dir='ltr'>diebus</span> <span class='ocrx_word' id='word_1_328' title='bbox 1358 1053 1539 1093; x_wconf 79' lang='lat' dir='ltr'>ferialibus,</span> <span class='ocrx_word' id='word_1_329' title='bbox 1566 1056 1600 1085; x_wconf 90' lang='lat' dir='ltr'>et</span> <span class='ocrx_word' id='word_1_330' title='bbox 1623 1052 1722 1084; x_wconf 90' lang='lat' dir='ltr'>silen-</span> 
     </span>
     <span class='ocr_line' id='line_1_67' title="bbox 988 1108 1406 1141; baseline -0.002 -2"><span class='ocrx_word' id='word_1_331' title='bbox 988 1108 1066 1141; x_wconf 91' lang='lat' dir='ltr'>tium</span> <span class='ocrx_word' id='word_1_332' title='bbox 1092 1113 1123 1140; x_wconf 94' lang='lat' dir='ltr'>et</span> <span class='ocrx_word' id='word_1_333' title='bbox 1147 1109 1262 1140; x_wconf 79' lang='lat' dir='ltr'>cellam</span> <span class='ocrx_word' id='word_1_334' title='bbox 1287 1111 1406 1139; x_wconf 84' lang='lat' dir='ltr'>teneat.</span> 
     </span>
    </p>

    <p class='ocr_par' dir='ltr' id='par_1_24' title="bbox 986 1157 1723 1519">
     <span class='ocr_line' id='line_1_68' title="bbox 1031 1157 1723 1203; baseline -0.006 -9"><span class='ocrx_word' id='word_1_335' title='bbox 1031 1170 1079 1194; x_wconf 88' lang='lat'>111.</span> <span class='ocrx_word' id='word_1_336' title='bbox 1107 1160 1137 1193; x_wconf 81' lang='lat' dir='ltr'>si</span> <span class='ocrx_word' id='word_1_337' title='bbox 1164 1161 1254 1203; x_wconf 90' lang='lat' dir='ltr'>prior</span> <span class='ocrx_word' id='word_1_338' title='bbox 1277 1164 1331 1193; x_wconf 90' lang='lat' dir='ltr'>aut</span> <span class='ocrx_word' id='word_1_339' title='bbox 1366 1163 1559 1203; x_wconf 87' lang='lat' dir='ltr'>procurator</span> <span class='ocrx_word' id='word_1_340' title='bbox 1584 1157 1723 1191; x_wconf 88' lang='lat' dir='ltr'>viderint</span> 
     </span>
     <span class='ocr_line' id='line_1_69' title="bbox 987 1211 1721 1247; baseline -0.007 0"><span class='ocrx_word' id='word_1_341' title='bbox 987 1223 1043 1247; x_wconf 86' lang='lat' dir='ltr'>seu</span> <span class='ocrx_word' id='word_1_342' title='bbox 1073 1214 1255 1247; x_wconf 74' lang='lat' dir='ltr'>invenerint</span> <span class='ocrx_word' id='word_1_343' title='bbox 1289 1222 1459 1246; x_wconf 89' lang='lat' dir='ltr'>conversos</span> <span class='ocrx_word' id='word_1_344' title='bbox 1499 1212 1596 1244; x_wconf 88' lang='lat' dir='ltr'>simul</span> <span class='ocrx_word' id='word_1_345' title='bbox 1627 1211 1721 1243; x_wconf 90' lang='lat' dir='ltr'>collo-</span> 
     </span>
     <span class='ocr_line' id='line_1_70' title="bbox 987 1264 1721 1311; baseline -0.005 -11"><span class='ocrx_word' id='word_1_346' title='bbox 987 1272 1150 1311; x_wconf 87' lang='lat' dir='ltr'>quentes,</span> <span class='ocrx_word' id='word_1_347' title='bbox 1187 1267 1249 1299; x_wconf 91' lang='lat' dir='ltr'>nisi</span> <span class='ocrx_word' id='word_1_348' title='bbox 1281 1276 1340 1309; x_wconf 89' lang='lat' dir='ltr'>pro</span> <span class='ocrx_word' id='word_1_349' title='bbox 1377 1265 1571 1298; x_wconf 83' lang='lat' dir='ltr'>necessitate</span> <span class='ocrx_word' id='word_1_350' title='bbox 1608 1269 1639 1296; x_wconf 82' lang='grc'>61</span> <span class='ocrx_word' id='word_1_351' title='bbox 1662 1264 1721 1296; x_wconf 83' lang='grc'><strong>5111)</strong></span> 
     </span>
     <span class='ocr_line' id='line_1_71' title="bbox 986 1317 1720 1362; baseline -0.007 -10"><span class='ocrx_word' id='word_1_352' title='bbox 986 1319 1096 1362; x_wconf 84' lang='lat' dir='ltr'>paucis</span> <span class='ocrx_word' id='word_1_353' title='bbox 1121 1319 1241 1358; x_wconf 87' lang='lat' dir='ltr'>verbis,</span> <span class='ocrx_word' id='word_1_354' title='bbox 1261 1318 1378 1351; x_wconf 87' lang='lat' dir='ltr'>acriter</span> <span class='ocrx_word' id='word_1_355' title='bbox 1395 1317 1637 1360; x_wconf 83' lang='lat' dir='ltr'>reprehendant</span> <span class='ocrx_word' id='word_1_356' title='bbox 1654 1325 1720 1355; x_wconf 83' lang='lat' dir='ltr'>cos,</span> 
     </span>
     <span class='ocr_line' id='line_1_72' title="bbox 986 1367 1710 1409; baseline -0.008 -5"><span class='ocrx_word' id='word_1_357' title='bbox 986 1372 1122 1406; x_wconf 80' lang='lat' dir='ltr'>maxime</span> <span class='ocrx_word' id='word_1_358' title='bbox 1147 1372 1174 1404; x_wconf 92' lang='lat' dir='ltr'>si</span> <span class='ocrx_word' id='word_1_359' title='bbox 1199 1371 1231 1403; x_wconf 92' lang='lat' dir='ltr'>id</span> <span class='ocrx_word' id='word_1_360' title='bbox 1250 1370 1302 1403; x_wconf 80' lang='lat' dir='ltr'>liat</span> <span class='ocrx_word' id='word_1_361' title='bbox 1320 1370 1434 1402; x_wconf 87' lang='lat' dir='ltr'>diebus</span> <span class='ocrx_word' id='word_1_362' title='bbox 1454 1368 1582 1407; x_wconf 73' lang='lat' dir='ltr'>festivis,</span> <span class='ocrx_word' id='word_1_363' title='bbox 1605 1368 1636 1399; x_wconf 90' lang='lat' dir='ltr'>in</span> <span class='ocrx_word' id='word_1_364' title='bbox 1655 1367 1710 1409; x_wconf 91' lang='lat' dir='ltr'>qui</span> 
     </span>
     <span class='ocr_line' id='line_1_73' title="bbox 986 1421 1721 1467; baseline -0.007 -10"><span class='ocrx_word' id='word_1_365' title='bbox 986 1426 1045 1458; x_wconf 90' lang='lat' dir='ltr'>bus</span> <span class='ocrx_word' id='word_1_366' title='bbox 1070 1424 1130 1467; x_wconf 89' lang='lat' dir='ltr'>ipsi</span> <span class='ocrx_word' id='word_1_367' title='bbox 1156 1424 1277 1458; x_wconf 85' lang='lat' dir='ltr'>debent</span> <span class='ocrx_word' id='word_1_368' title='bbox 1301 1433 1432 1457; x_wconf 84' lang='lat' dir='ltr'>servare</span> <span class='ocrx_word' id='word_1_369' title='bbox 1468 1421 1646 1460; x_wconf 87' lang='lat' dir='ltr'>silentium,</span> <span class='ocrx_word' id='word_1_370' title='bbox 1671 1421 1721 1453; x_wconf 84' lang='lat' dir='ltr'>vel</span> 
     </span>
     <span class='ocr_line' id='line_1_74' title="bbox 986 1475 1443 1519; baseline -0.007 -9"><span class='ocrx_word' id='word_1_371' title='bbox 986 1478 1012 1510; x_wconf 87' lang='lat' dir='ltr'>si</span> <span class='ocrx_word' id='word_1_372' title='bbox 1037 1478 1119 1510; x_wconf 86' lang='lat' dir='ltr'>hora</span> <span class='ocrx_word' id='word_1_373' title='bbox 1144 1478 1239 1510; x_wconf 83' lang='lat' dir='ltr'>suerit</span> <span class='ocrx_word' id='word_1_374' title='bbox 1266 1475 1443 1519; x_wconf 83' lang='lat' dir='ltr'>prohibita.</span> 
     </span>
    </p>

    <p class='ocr_par' dir='ltr' id='par_1_25' title="bbox 985 1525 1723 2155">
     <span class='ocr_line' id='line_1_75' title="bbox 1029 1525 1722 1564; baseline -0.007 -1"><span class='ocrx_word' id='word_1_375' title='bbox 1029 1541 1070 1564; x_wconf 82' lang='grc' dir='ltr'>ιν.</span> <span class='ocrx_word' id='word_1_376' title='bbox 1086 1530 1189 1563; x_wconf 86' lang='lat' dir='ltr'>Cellas</span> <span class='ocrx_word' id='word_1_377' title='bbox 1202 1530 1251 1562; x_wconf 90' lang='lat' dir='ltr'>vel</span> <span class='ocrx_word' id='word_1_378' title='bbox 1265 1529 1409 1562; x_wconf 79' lang='lat' dir='ltr'>officinas</span> <span class='ocrx_word' id='word_1_379' title='bbox 1423 1527 1554 1560; x_wconf 84' lang='lat' dir='ltr'>alterius</span> <span class='ocrx_word' id='word_1_380' title='bbox 1570 1525 1722 1559; x_wconf 84' lang='lat' dir='ltr'>obedien-</span> 
     </span>
     <span class='ocr_line' id='line_1_76' title="bbox 987 1582 1722 1626; baseline -0.005 -11"><span class='ocrx_word' id='word_1_381' title='bbox 987 1584 1048 1617; x_wconf 81' lang='lat' dir='ltr'>tiae</span> <span class='ocrx_word' id='word_1_382' title='bbox 1066 1584 1186 1626; x_wconf 80' lang='lat' dir='ltr'>absque</span> <span class='ocrx_word' id='word_1_383' title='bbox 1213 1582 1342 1615; x_wconf 77' lang='lat' dir='ltr'>licentia</span> <span class='ocrx_word' id='word_1_384' title='bbox 1368 1582 1457 1614; x_wconf 83' lang='lat' dir='ltr'>nullo</span> <span class='ocrx_word' id='word_1_385' title='bbox 1479 1590 1620 1623; x_wconf 87' lang='lat' dir='ltr'>unquam</span> <span class='ocrx_word' id='word_1_386' title='bbox 1643 1584 1722 1612; x_wconf 88' lang='lat' dir='ltr'>tem-</span> 
     </span>
     <span class='ocr_line' id='line_1_77' title="bbox 985 1632 1722 1679; baseline -0.009 -9"><span class='ocrx_word' id='word_1_387' title='bbox 985 1646 1065 1679; x_wconf 86' lang='lat' dir='ltr'>pore</span> <span class='ocrx_word' id='word_1_388' title='bbox 1090 1636 1211 1668; x_wconf 86' lang='lat' dir='ltr'>intrare</span> <span class='ocrx_word' id='word_1_389' title='bbox 1238 1638 1383 1677; x_wconf 82' lang='lat' dir='ltr'>possunt.</span> <span class='ocrx_word' id='word_1_390' title='bbox 1415 1633 1600 1666; x_wconf 87' lang='lat' dir='ltr'>Inhibemus</span> <span class='ocrx_word' id='word_1_391' title='bbox 1625 1632 1722 1664; x_wconf 87' lang='lat' dir='ltr'>etiam</span> 
     </span>
     <span class='ocr_line' id='line_1_78' title="bbox 986 1685 1722 1722; baseline -0.008 0"><span class='ocrx_word' id='word_1_392' title='bbox 986 1688 1152 1722; x_wconf 84' lang='lat' dir='ltr'>conversis</span> <span class='ocrx_word' id='word_1_393' title='bbox 1185 1691 1215 1721; x_wconf 86' lang='lat' dir='ltr'>ct</span> <span class='ocrx_word' id='word_1_394' title='bbox 1247 1688 1373 1720; x_wconf 88' lang='lat' dir='ltr'>donatis</span> <span class='ocrx_word' id='word_1_395' title='bbox 1405 1686 1550 1718; x_wconf 88' lang='lat' dir='ltr'>districte</span> <span class='ocrx_word' id='word_1_396' title='bbox 1586 1695 1626 1717; x_wconf 89' lang='lat' dir='ltr'>ne</span> <span class='ocrx_word' id='word_1_397' title='bbox 1658 1685 1722 1716; x_wconf 80' lang='lat' dir='ltr'>ccl-</span> 
     </span>
     <span class='ocr_line' id='line_1_79' title="bbox 986 1737 1722 1780; baseline -0.011 -4"><span class='ocrx_word' id='word_1_398' title='bbox 986 1744 1033 1775; x_wconf 88' lang='lat' dir='ltr'>las</span> <span class='ocrx_word' id='word_1_399' title='bbox 1064 1742 1299 1775; x_wconf 87' lang='lat' dir='ltr'>monachorum</span> <span class='ocrx_word' id='word_1_400' title='bbox 1333 1741 1402 1772; x_wconf 87' lang='lat' dir='ltr'>sine</span> <span class='ocrx_word' id='word_1_401' title='bbox 1437 1739 1566 1771; x_wconf 68' lang='lat' dir='ltr'>licentia</span> <span class='ocrx_word' id='word_1_402' title='bbox 1601 1737 1722 1780; x_wconf 87' lang='lat' dir='ltr'>praesi-</span> 
     </span>
     <span class='ocr_line' id='line_1_80' title="bbox 987 1791 1722 1836; baseline -0.01 -8"><span class='ocrx_word' id='word_1_403' title='bbox 987 1795 1091 1828; x_wconf 90' lang='lat' dir='ltr'>dentis</span> <span class='ocrx_word' id='word_1_404' title='bbox 1116 1794 1358 1836; x_wconf 79' lang='lat' dir='ltr'>ingrediantur,</span> <span class='ocrx_word' id='word_1_405' title='bbox 1391 1791 1512 1834; x_wconf 86' lang='lat' dir='ltr'>alioqui</span> <span class='ocrx_word' id='word_1_406' title='bbox 1538 1791 1577 1823; x_wconf 84' lang='lat' dir='ltr'>ad</span> <span class='ocrx_word' id='word_1_407' title='bbox 1603 1795 1722 1822; x_wconf 88' lang='lat' dir='ltr'>terram</span> 
     </span>
     <span class='ocr_line' id='line_1_81' title="bbox 987 1842 1721 1890; baseline -0.01 -10"><span class='ocrx_word' id='word_1_408' title='bbox 987 1848 1160 1882; x_wconf 81' lang='lat' dir='ltr'>comedant</span> <span class='ocrx_word' id='word_1_409' title='bbox 1183 1856 1242 1890; x_wconf 89' lang='lat' dir='ltr'>pro</span> <span class='ocrx_word' id='word_1_410' title='bbox 1268 1846 1411 1888; x_wconf 85' lang='lat' dir='ltr'>qualibet</span> <span class='ocrx_word' id='word_1_411' title='bbox 1435 1845 1513 1883; x_wconf 86' lang='lat' dir='ltr'>vice,</span> <span class='ocrx_word' id='word_1_412' title='bbox 1538 1853 1597 1876; x_wconf 89' lang='lat' dir='ltr'>nec</span> <span class='ocrx_word' id='word_1_413' title='bbox 1623 1842 1721 1875; x_wconf 86' lang='lat' dir='ltr'>etiam</span> 
     </span>
     <span class='ocr_line' id='line_1_82' title="bbox 986 1895 1722 1944; baseline -0.011 -10"><span class='ocrx_word' id='word_1_414' title='bbox 986 1903 1160 1944; x_wconf 87' lang='lat' dir='ltr'>loquantur</span> <span class='ocrx_word' id='word_1_415' title='bbox 1184 1909 1254 1932; x_wconf 91' lang='lat' dir='ltr'>cum</span> <span class='ocrx_word' id='word_1_416' title='bbox 1279 1897 1446 1931; x_wconf 86' lang='lat' dir='ltr'>monachis</span> <span class='ocrx_word' id='word_1_417' title='bbox 1471 1897 1593 1938; x_wconf 86' lang='lat' dir='ltr'>absque</span> <span class='ocrx_word' id='word_1_418' title='bbox 1622 1895 1722 1927; x_wconf 90' lang='lat' dir='ltr'>licen-</span> 
     </span>
     <span class='ocr_line' id='line_1_83' title="bbox 988 1948 1723 1992; baseline -0.011 -6"><span class='ocrx_word' id='word_1_419' title='bbox 988 1954 1031 1987; x_wconf 76' lang='lat' dir='ltr'>tia</span> <span class='ocrx_word' id='word_1_420' title='bbox 1066 1953 1098 1985; x_wconf 92' lang='lat' dir='ltr'>in</span> <span class='ocrx_word' id='word_1_421' title='bbox 1134 1953 1241 1991; x_wconf 85' lang='lat' dir='ltr'>domo,</span> <span class='ocrx_word' id='word_1_422' title='bbox 1282 1961 1341 1983; x_wconf 81' lang='grc'><strong>1166</strong></span> <span class='ocrx_word' id='word_1_423' title='bbox 1378 1950 1422 1983; x_wconf 84' lang='lat' dir='ltr'>eis</span> <span class='ocrx_word' id='word_1_424' title='bbox 1455 1950 1579 1992; x_wconf 86' lang='lat' dir='ltr'>aliquas</span> <span class='ocrx_word' id='word_1_425' title='bbox 1605 1948 1723 1980; x_wconf 88' lang='lat' dir='ltr'>saluta·</span> 
     </span>
     <span class='ocr_line' id='line_1_84' title="bbox 987 2002 1722 2046; baseline -0.011 -7"><span class='ocrx_word' id='word_1_426' title='bbox 987 2007 1101 2046; x_wconf 91' lang='lat' dir='ltr'>tiones,</span> <span class='ocrx_word' id='word_1_427' title='bbox 1119 2015 1175 2038; x_wconf 89' lang='lat' dir='ltr'>seu</span> <span class='ocrx_word' id='word_1_428' title='bbox 1198 2014 1356 2041; x_wconf 85' lang='lat' dir='ltr'>rumores,</span> <span class='ocrx_word' id='word_1_429' title='bbox 1381 2003 1430 2034; x_wconf 87' lang='lat' dir='ltr'>vel</span> <span class='ocrx_word' id='word_1_430' title='bbox 1448 2002 1647 2039; x_wconf 80' lang='lat' dir='ltr'>munuscula,</span> <span class='ocrx_word' id='word_1_431' title='bbox 1667 2004 1722 2032; x_wconf 84' lang='lat' dir='ltr'>aut</span> 
     </span>
     <span class='ocr_line' id='line_1_85' title="bbox 987 2053 1721 2098; baseline -0.01 -7"><span class='ocrx_word' id='word_1_432' title='bbox 987 2059 1108 2092; x_wconf 84' lang='lat' dir='ltr'>litteras</span> <span class='ocrx_word' id='word_1_433' title='bbox 1121 2058 1279 2096; x_wconf 81' lang='lat' dir='ltr'>deserant,</span> <span class='ocrx_word' id='word_1_434' title='bbox 1301 2055 1445 2098; x_wconf 85' lang='lat' dir='ltr'>alioquin</span> <span class='ocrx_word' id='word_1_435' title='bbox 1464 2064 1523 2097; x_wconf 91' lang='lat' dir='ltr'>pro</span> <span class='ocrx_word' id='word_1_436' title='bbox 1541 2053 1638 2085; x_wconf 89' lang='lat' dir='ltr'>modo</span> <span class='ocrx_word' id='word_1_437' title='bbox 1656 2053 1721 2084; x_wconf 90' lang='lat' dir='ltr'>cul-</span> 
     </span>
     <span class='ocr_line' id='line_1_86' title="bbox 987 2105 1718 2155; baseline -0.008 -11"><span class='ocrx_word' id='word_1_438' title='bbox 987 2121 1056 2155; x_wconf 81' lang='lat' dir='ltr'>pae,</span> <span class='ocrx_word' id='word_1_439' title='bbox 1073 2110 1206 2143; x_wconf 80' lang='lat' dir='ltr'>arbitrio</span> <span class='ocrx_word' id='word_1_440' title='bbox 1223 2109 1350 2152; x_wconf 87' lang='lat' dir='ltr'>prioris,</span> <span class='ocrx_word' id='word_1_441' title='bbox 1374 2107 1511 2149; x_wconf 71' lang='lat' dir='ltr'>graviter</span> <span class='ocrx_word' id='word_1_442' title='bbox 1531 2105 1718 2148; x_wconf 83' lang='lat' dir='ltr'>puniantur.</span> 
     </span>
    </p>

    <p class='ocr_par' dir='ltr' id='par_1_26' title="bbox 988 2157 1722 2525">
     <span class='ocr_line' id='line_1_87' title="bbox 1031 2157 1722 2197; baseline -0.012 0"><span class='ocrx_word' id='word_1_443' title='bbox 1031 2174 1060 2196; x_wconf 92' lang='lat' dir='ltr'>v.</span> <span class='ocrx_word' id='word_1_444' title='bbox 1087 2162 1155 2197; x_wconf 87' lang='lat' dir='ltr'>Non</span> <span class='ocrx_word' id='word_1_445' title='bbox 1180 2162 1257 2194; x_wconf 86' lang='lat' dir='ltr'>licet</span> <span class='ocrx_word' id='word_1_446' title='bbox 1280 2161 1376 2193; x_wconf 86' lang='lat' dir='ltr'>etiam</span> <span class='ocrx_word' id='word_1_447' title='bbox 1402 2158 1565 2192; x_wconf 86' lang='lat' dir='ltr'>conversis</span> <span class='ocrx_word' id='word_1_448' title='bbox 1590 2158 1658 2190; x_wconf 85' lang='lat' dir='ltr'>sine</span> <span class='ocrx_word' id='word_1_449' title='bbox 1683 2157 1722 2190; x_wconf 93' lang='lat' dir='ltr'>li-</span> 
     </span>
     <span class='ocr_line' id='line_1_88' title="bbox 988 2210 1722 2257; baseline -0.01 -7"><span class='ocrx_word' id='word_1_450' title='bbox 988 2216 1090 2250; x_wconf 73' lang='lat' dir='ltr'>centia</span> <span class='ocrx_word' id='word_1_451' title='bbox 1114 2224 1186 2248; x_wconf 88' lang='lat' dir='ltr'>cum</span> <span class='ocrx_word' id='word_1_452' title='bbox 1219 2212 1522 2257; x_wconf 83' lang='lat' dir='ltr'>supervenientibus</span> <span class='ocrx_word' id='word_1_453' title='bbox 1546 2210 1722 2244; x_wconf 84' lang='lat' dir='ltr'>saeculari-</span> 
     </span>
     <span class='ocr_line' id='line_1_89' title="bbox 988 2264 1720 2311; baseline -0.008 -9"><span class='ocrx_word' id='word_1_454' title='bbox 988 2271 1048 2303; x_wconf 88' lang='lat' dir='ltr'>bus</span> <span class='ocrx_word' id='word_1_455' title='bbox 1082 2268 1172 2311; x_wconf 89' lang='lat' dir='ltr'>loqui</span> <span class='ocrx_word' id='word_1_456' title='bbox 1197 2267 1245 2300; x_wconf 90' lang='lat' dir='ltr'>vel</span> <span class='ocrx_word' id='word_1_457' title='bbox 1270 2264 1427 2305; x_wconf 60' lang='lat' dir='ltr'>fabulari,</span> <span class='ocrx_word' id='word_1_458' title='bbox 1460 2265 1517 2298; x_wconf 90' lang='lat' dir='ltr'>sed</span> <span class='ocrx_word' id='word_1_459' title='bbox 1553 2264 1720 2297; x_wconf 85' lang='lat' dir='ltr'>obviantes</span> 
     </span>
     <span class='ocr_line' id='line_1_90' title="bbox 988 2318 1722 2365; baseline -0.01 -9"><span class='ocrx_word' id='word_1_460' title='bbox 988 2323 1036 2356; x_wconf 88' lang='lat' dir='ltr'>vel</span> <span class='ocrx_word' id='word_1_461' title='bbox 1062 2321 1327 2365; x_wconf 87' lang='lat' dir='ltr'>supervenientes</span> <span class='ocrx_word' id='word_1_462' title='bbox 1352 2318 1505 2352; x_wconf 87' lang='lat' dir='ltr'>inclinato</span> <span class='ocrx_word' id='word_1_463' title='bbox 1530 2322 1653 2350; x_wconf 86' lang='lat' dir='ltr'>tantum</span> <span class='ocrx_word' id='word_1_464' title='bbox 1672 2327 1722 2350; x_wconf 84' lang='lat' dir='ltr'>ca·</span> 
     </span>
     <span class='ocr_line' id='line_1_91' title="bbox 989 2369 1720 2418; baseline -0.01 -10"><span class='ocrx_word' id='word_1_465' title='bbox 989 2376 1054 2418; x_wconf 86' lang='lat' dir='ltr'>pite</span> <span class='ocrx_word' id='word_1_466' title='bbox 1079 2374 1156 2408; x_wconf 89' lang='lat' dir='ltr'>licet</span> <span class='ocrx_word' id='word_1_467' title='bbox 1174 2373 1362 2411; x_wconf 86' lang='lat' dir='ltr'>resalutare,</span> <span class='ocrx_word' id='word_1_468' title='bbox 1378 2371 1459 2403; x_wconf 92' lang='lat' dir='ltr'>viam</span> <span class='ocrx_word' id='word_1_469' title='bbox 1478 2370 1662 2408; x_wconf 84' lang='lat' dir='ltr'>ostendere,</span> <span class='ocrx_word' id='word_1_470' title='bbox 1679 2369 1720 2402; x_wconf 82' lang='lat' dir='ltr'>ad</span> 
     </span>
     <span class='ocr_line' id='line_1_92' title="bbox 988 2423 1718 2469; baseline -0.01 -8"><span class='ocrx_word' id='word_1_471' title='bbox 988 2425 1172 2469; x_wconf 83' lang='lat' dir='ltr'>interroga¹</span> <span class='ocrx_word' id='word_1_472' title='bbox 1198 2429 1242 2457; x_wconf 78' lang='lat' dir='ltr'>est</span> <span class='ocrx_word' id='word_1_473' title='bbox 1266 2426 1316 2457; x_wconf 91' lang='lat' dir='ltr'>vel</span> <span class='ocrx_word' id='word_1_474' title='bbox 1341 2434 1406 2457; x_wconf 78' lang='lat' dir='ltr'>non</span> <span class='ocrx_word' id='word_1_475' title='bbox 1430 2423 1642 2466; x_wconf 88' lang='lat' dir='ltr'>respondere,</span> <span class='ocrx_word' id='word_1_476' title='bbox 1669 2426 1718 2462; x_wconf 86' lang='lat' dir='ltr'>et,</span> 
     </span>
     <span class='ocr_line' id='line_1_93' title="bbox 989 2475 1721 2525; baseline -0.01 -11"><span class='ocrx_word' id='word_1_477' title='bbox 989 2481 1075 2525; x_wconf 89' lang='lat' dir='ltr'>quod</span> <span class='ocrx_word' id='word_1_478' title='bbox 1100 2478 1236 2522; x_wconf 85' lang='lat' dir='ltr'>amplius</span> <span class='ocrx_word' id='word_1_479' title='bbox 1267 2476 1421 2520; x_wconf 88' lang='lat' dir='ltr'>loquendi</span> <span class='ocrx_word' id='word_1_480' title='bbox 1448 2487 1520 2509; x_wconf 92' lang='lat' dir='ltr'>cum</span> <span class='ocrx_word' id='word_1_481' title='bbox 1546 2476 1590 2508; x_wconf 88' lang='lat' dir='ltr'>eis</span> <span class='ocrx_word' id='word_1_482' title='bbox 1619 2475 1721 2508; x_wconf 87' lang='lat' dir='ltr'>licen-</span> 
     </span>
    </p>
   </div>
   <div class='ocr_carea' id='block_1_14' title="bbox 50 2513 1578 2569">
    <p class='ocr_par' dir='ltr' id='par_1_27' title="bbox 50 2513 1578 2569">
     <span class='ocr_line' id='line_1_94' title="bbox 50 2513 1009 2541; baseline -0.009 -5"><span class='ocrx_word' id='word_1_483' title='bbox 50 2513 100 2536; x_wconf 68' lang='lat' dir='ltr'>Quin</span> <span class='ocrx_word' id='word_1_484' title='bbox 121 2520 206 2541; x_wconf 82' lang='lat' dir='ltr'>respon·</span> <span class='ocrx_word' id='word_1_485' title='bbox 1004 2534 1009 2539; x_wconf 39' lang='lat'>¹</span> 
     </span>
     <span class='ocr_line' id='line_1_95' title="bbox 989 2532 1578 2569; baseline -0.012 -2"><span class='ocrx_word' id='word_1_486' title='bbox 989 2540 1064 2567; x_wconf 82' lang='lat' dir='ltr'>tiam</span> <span class='ocrx_word' id='word_1_487' title='bbox 1088 2542 1154 2565; x_wconf 89' lang='lat' dir='ltr'>non</span> <span class='ocrx_word' id='word_1_488' title='bbox 1179 2532 1328 2569; x_wconf 82' lang='lat' dir='ltr'>habeant,</span> <span class='ocrx_word' id='word_1_489' title='bbox 1354 2539 1387 2562; x_wconf 89' lang='lat' dir='ltr'>se</span> <span class='ocrx_word' id='word_1_490' title='bbox 1413 2539 1578 2562; x_wconf 84' lang='lat' dir='ltr'>excusare.</span> 
     </span>
    </p>
   </div>
   <div class='ocr_carea' id='block_1_15' title="bbox 1026 2590 1538 2626">
    <p class='ocr_par' dir='ltr' id='par_1_28' title="bbox 1026 2590 1538 2626">
     <span class='ocr_line' id='line_1_96' title="bbox 1026 2590 1538 2626; baseline -0.012 -4"><span class='ocrx_word' id='word_1_491' title='bbox 1026 2596 1037 2622; x_wconf 86' lang='lat'>1</span> <span class='ocrx_word' id='word_1_492' title='bbox 1059 2593 1157 2621; x_wconf 83' lang='lat' dir='ltr'>Forsan</span> <span class='ocrx_word' id='word_1_493' title='bbox 1176 2593 1404 2626; x_wconf 72' lang='lat' dir='ltr'>interroyancem</span> <span class='ocrx_word' id='word_1_494' title='bbox 1427 2590 1467 2625; x_wconf 76' lang='lat' dir='ltr'>(n.</span> <span class='ocrx_word' id='word_1_495' title='bbox 1488 2590 1538 2624; x_wconf 84' lang='grc' dir='ltr'>τ.).</span> 
     </span>
    </p>
   </div>
   <div class='ocr_carea' id='block_1_16' title="bbox 25 2534 948 2591">
    <p class='ocr_par' dir='ltr' id='par_1_29' title="bbox 25 2534 948 2591">
     <span class='ocr_line' id='line_1_97' title="bbox 25 2534 948 2591; baseline -0.002 -21"><span class='ocrx_word' id='word_1_496' title='bbox 25 2538 162 2591; x_wconf 47' lang='lat' dir='ltr'>gggnggffl</span> <span class='ocrx_word' id='word_1_497' title='bbox 185 2538 346 2588; x_wconf 48' lang='lat' dir='ltr'>{gelesiam</span> <span class='ocrx_word' id='word_1_498' title='bbox 373 2538 488 2570; x_wconf 80' lang='lat' dir='ltr'>fratres</span> <span class='ocrx_word' id='word_1_499' title='bbox 514 2534 723 2574; x_wconf 88' lang='lat' dir='ltr'>conveniunt,</span> <span class='ocrx_word' id='word_1_500' title='bbox 749 2534 795 2567; x_wconf 90' lang='lat' dir='ltr'>eis</span> <span class='ocrx_word' id='word_1_501' title='bbox 820 2540 948 2578; x_wconf 89' lang='lat' dir='ltr'>praeest</span> 
     </span>
    </p>
   </div>
   <div class='ocr_carea' id='block_1_17' title="bbox 25 2587 948 2681">
    <p class='ocr_par' dir='ltr' id='par_1_30' title="bbox 25 2587 948 2681">
     <span class='ocr_line' id='line_1_98' title="bbox 25 2587 948 2633; baseline -0.008 -6"><span class='ocrx_word' id='word_1_502' title='bbox 25 2593 130 2619; x_wconf 67' lang='lat' dir='ltr'>³⁹⁰⁰⁰d⁰</span> <span class='ocrx_word' id='word_1_503' title='bbox 144 2594 206 2616; x_wconf 61' lang='grc' dir='ltr'>*Μ’</span> <span class='ocrx_word' id='word_1_504' title='bbox 216 2591 249 2625; x_wconf 82' lang='grc'>111</span> <span class='ocrx_word' id='word_1_505' title='bbox 272 2590 387 2630; x_wconf 82' lang='lat' dir='ltr'>officio,</span> <span class='ocrx_word' id='word_1_506' title='bbox 414 2590 467 2633; x_wconf 92' lang='lat' dir='ltr'>qui</span> <span class='ocrx_word' id='word_1_507' title='bbox 493 2589 616 2632; x_wconf 91' lang='lat' dir='ltr'>primus</span> <span class='ocrx_word' id='word_1_508' title='bbox 634 2594 682 2620; x_wconf 91' lang='lat' dir='ltr'>est</span> <span class='ocrx_word' id='word_1_509' title='bbox 705 2589 737 2621; x_wconf 93' lang='lat' dir='ltr'>in</span> <span class='ocrx_word' id='word_1_510' title='bbox 754 2587 878 2621; x_wconf 77' lang='lat' dir='ltr'>ordine.</span> <span class='ocrx_word' id='word_1_511' title='bbox 901 2588 948 2621; x_wconf 92' lang='lat' dir='ltr'>Si-</span> 
     </span>
     <span class='ocr_line' id='line_1_99' title="bbox 309 2649 915 2681; baseline -0.008 0"><span class='ocrx_word' id='word_1_512' title='bbox 309 2651 390 2681; x_wconf 73' lang='lat' dir='ltr'>Ball.</span> <span class='ocrx_word' id='word_1_513' title='bbox 411 2652 495 2681; x_wconf 87' lang='lat' dir='ltr'>Rom.</span> <span class='ocrx_word' id='word_1_514' title='bbox 511 2666 544 2672; x_wconf 90' lang='lat'><strong>—</strong></span> <span class='ocrx_word' id='word_1_515' title='bbox 564 2652 623 2679; x_wconf 87' lang='lat' dir='ltr'>Vol.</span> <span class='ocrx_word' id='word_1_516' title='bbox 646 2651 719 2680; x_wconf 80' lang='lat' dir='ltr'><em>XIX.</em></span> <span class='ocrx_word' id='word_1_517' title='bbox 865 2649 915 2677; x_wconf 75' lang='lat'>112</span> 
     </span>
    </p>
   </div>
  </div>
 </body>
</html>
