2111 3157
5 156 53 185 An.
68 154 97 183 C.
120 156 187 184 1578

197 204 268 238 aliis
281 204 401 238 mensis
415 205 585 245 dominica,
599 206 683 238 iuxta
697 206 842 238 locorum
857 215 927 237 con·

198 259 424 296 suetudinem,
458 259 697 299 processionem
732 257 927 300 praedictam

197 311 447 350 celebrantibus,
481 309 613 353 illique¹
646 309 926 347 interessentihus,

198 363 375 406 plenariam
400 363 634 405 indulgentiam
653 367 684 394 et
705 361 926 403 remissionem

199 416 382 448 huiusmodi
423 421 456 447 ut
490 415 670 458 praefertur
707 414 739 445 in
787 413 928 446 secunda

199 469 360 502 dominica
383 477 566 501 concessam
593 465 758 508 suffragari
779 465 926 503 voluerit,

198 521 341 564 ipsisque
363 521 478 558 denuo,
497 523 654 561 quatenus
673 528 753 560 opus
763 522 856 554 esset,
874 517 927 549 mi-

197 572 403 606 sericorditer
427 572 459 604 in
483 571 627 606 Domino.
652 571 772 601 servata
796 569 828 601 in
852 568 928 601 reli-

198 625 269 668 quis
293 624 412 667 prioris
437 622 654 656 concessionis
667 622 778 659 forma,
797 631 928 653 conces-

197 677 288 718 serit,
315 682 346 707 et
369 677 460 714 alias,
493 680 588 717 prout
619 674 651 705 in
681 672 801 706 ternis²
825 672 925 715 ipsius

197 730 285 762 Pauli
321 728 585 771 praedecessoris
628 726 748 758 litteris
789 725 840 758 die
876 736 925 758 xm

197 781 338 815 octobris
362 790 471 819 itineri,
491 791 527 812 ac
543 779 594 811 die
611 788 710 811 xxvut
732 777 927 820 septembris

194 843 319 873 itincxn,
338 839 369 866 et
389 833 440 866 die
458 843 467 865 1
485 832 595 875 aprilis
609 840 732 864 iiocxni
752 830 927 872 respective

194 886 229 918 in
246 886 344 919 simili
359 886 459 918 forma
473 884 580 916 Brevis
597 884 738 925 desuper
759 882 925 924 expeditis,

196 948 332 978 quarum
347 944 476 971 tenores
501 936 726 980 praesentibus
751 946 810 978 pro
831 936 927 977 plene

195 995 227 1022 et
258 989 454 1023 sufficienter
473 988 630 1031 expressis
648 998 684 1020 ac
704 988 743 1020 de
768 988 867 1020 verbo
888 988 926 1020 ad

195 1043 329 1074 verbum
342 1042 472 1074 insertis
490 1040 602 1073 haberi
624 1041 782 1080 volumus,
796 1039 927 1072 uberius

195 1094 391 1132 continetur,
406 1104 528 1132 verum,
545 1093 627 1125 sicut
641 1103 699 1135 pro
713 1098 802 1135 parte
817 1092 926 1124 dilecti

193 1146 251 1180 filii
276 1146 421 1188 magistri
447 1145 608 1188 generalis
634 1145 708 1176 dicti
729 1144 856 1177 Ordinis
876 1155 928 1177 no-

192 1199 243 1232 bis
268 1209 372 1242 nuper
396 1198 574 1240 expositum
603 1198 667 1233 fuit,
694 1198 812 1229 multae
830 1197 859 1227 in
879 1207 928 1228 ec-

193 1250 300 1284 clesiis
324 1250 469 1283 eiusdem
495 1249 622 1281 Ordinis
648 1249 927 1282 confraternitates

191 1303 252 1335 sub
277 1302 369 1335 titulo
395 1313 451 1334 seu
471 1301 674 1334 invocatione
692 1300 835 1333 Nominis
862 1301 926 1339 Dei,

191 1355 258 1388 sive
276 1360 349 1387 ante
362 1355 427 1387 sive
442 1354 531 1396 post³
544 1359 718 1386 emanatam
729 1353 926 1396 praedictam

193 1406 365 1441 Clementis
375 1407 637 1450 praedecessoris
648 1406 924 1445 constitutionem,

192 1460 358 1493 institutae
394 1470 448 1492 seu
473 1460 673 1492 introductae
705 1458 924 1501 reperiantur,

193 1523 327 1555 quarum
346 1512 476 1555 quidem
494 1512 672 1544 confratres
689 1516 720 1543 et
736 1520 925 1543 consorores

193 1565 303 1597 solitas
337 1564 494 1597 eiusmodi
528 1563 827 1596 confraternitatum
857 1563 927 1594 fun-

193 1617 318 1650 ctiones
343 1618 507 1658 multaque
530 1616 659 1658 pietatis
687 1620 717 1647 et
734 1614 926 1647 christianae

193 1668 358 1701 charitatis
382 1678 483 1710 opera
508 1678 656 1700 exercere
675 1672 924 1705 consueverunt,

193 1723 248 1754 sed
275 1722 314 1754 de
338 1721 465 1753 illarum
491 1719 646 1752 canonica
670 1720 709 1751 ab
740 1719 833 1751 initio
859 1729 927 1751 ere-

192 1775 297 1807 ctione
323 1779 354 1807 et
379 1773 577 1806 institutione
596 1783 660 1805 non
682 1777 814 1810 constat,
833 1777 873 1810 et,
891 1772 926 1804 li-

192 1832 242 1859 cet
267 1827 298 1858 in
323 1826 464 1869 capitulo
490 1825 632 1867 generali
657 1823 784 1857 Ordinis
802 1823 926 1865 praedi-

192 1878 243 1916 cti,
270 1879 356 1921 quod
378 1888 462 1910 anno
476 1887 541 1910 unc
572 1876 706 1919 Neapoli
724 1876 924 1908 celebratum

193 1932 259 1968 fuit.
279 1931 477 1963 declaratum
505 1930 599 1962 fuerit
623 1929 707 1972 quod
727 1928 758 1960 in
776 1928 924 1961 omnibus

193 1983 336 2016 ecclesiis
374 1982 520 2015 eiusdem
555 1982 702 2020 Ordinis,
739 1981 772 2013 in
809 1980 924 2023 quibus

192 2035 304 2068 fratres
329 2034 428 2076 ipsius
452 2033 579 2066 Ordinis
604 2033 708 2066 officia
731 2033 780 2065 vel
813 2032 923 2064 missas

193 2087 356 2119 ordinarie
382 2086 599 2125 celebrabant,
620 2091 746 2118 erectae
763 2084 923 2125 intellige-

192 2144 307 2171 rentur
330 2144 362 2170 et
387 2137 550 2169 institutae
586 2137 757 2170 societates
781 2137 833 2169 SS.
861 2136 922 2169 No-

191 2191 286 2223 minis
310 2190 387 2228 Dei,
413 2200 476 2222 non
516 2195 621 2222 tamen
658 2193 812 2232 appareat
847 2194 922 2220 tunc

192 2244 348 2285 temporis
373 2243 477 2275 eidem
502 2243 642 2284 capitulo
678 2242 728 2274 vel
757 2247 850 2274 antea
874 2252 920 2273 su-

191 2295 373 2338 perioribus
412 2296 461 2327 vel
495 2293 646 2326 fratribus
684 2294 758 2326 dicti
793 2293 919 2326 Ordinis

191 2347 349 2380 eiusmodi
374 2346 658 2378 confraternitates
693 2346 840 2389 erigendi
875 2346 920 2378 fa-

227 2426 235 2451 1
260 2425 328 2452 Edit.
350 2425 428 2452 lllain.
451 2425 513 2459 legit
533 2425 646 2459 illisque
665 2425 704 2458 (n.
723 2425 772 2458 T.).

224 2469 240 2496 2
260 2469 329 2495 Edit.
348 2469 425 2495 Main.
443 2469 507 2503 t--git
521 2468 655 2495 terminis
669 2473 707 2502 (R.
724 2469 772 2502 T.).

224 2513 241 2541 3
259 2513 328 2540 Edit.
350 2513 428 2539 Μελίη.
450 2513 515 2547 legit
530 2520 582 2547 per
602 2520 648 2547 pro
666 2515 727 2545 post
741 2513 779 2547 (n.
796 2513 847 2548 T.).

295 2566 374 2593 Ball.
395 2566 478 2593 Rom.
498 2579 533 2585 -
559 2565 614 2595 Vol.
635 2565 711 2592 A'JA‘.
857 2565 889 2592 13

774 156 987 181 INNOCENTIUS
1009 157 1039 181 ΧῙ
1064 156 1113 180 ΡΡ.

1619 143 1660 176 97
1706 152 1753 177 Aa.
1771 149 1799 177 c.
1824 148 1890 176 ¹578

971 205 1124 238 cultatem
1150 215 1166 236 a
1191 203 1271 236 Sede
1297 202 1482 245 Apostolica
1512 210 1698 234 concessam

972 257 1077 296 fuisse,
1099 267 1158 289 nec
1181 257 1285 289 dictae
1310 254 1599 292 confraternitates,
1626 257 1699 285 ante

971 309 1088 341 editam
1113 308 1283 341 Clementis
1304 306 1562 350 praedecessoris
1587 303 1701 336 consti-

971 361 1125 394 tutionem
1151 362 1348 403 praedictam
1373 360 1537 393 institutae
1569 367 1625 390 seu
1651 357 1701 388 in-

971 414 1146 453 troductae,
1165 424 1261 446 novas
1282 414 1458 446 erectiones
1483 416 1514 443 et
1532 408 1702 442 institutio-

970 477 1026 498 nes
1046 466 1128 498 intra
1143 471 1267 509 tempus
1282 467 1320 498 ab
1345 466 1456 498 eadem
1470 461 1701 496 constitutione

969 519 1202 562 praescriptum
1228 523 1259 550 et
1285 519 1368 550 iuxta
1395 518 1478 550 illius
1498 516 1629 548 formam
1649 513 1702 545 ol)-

970 571 1133 609 tinuerint,
1152 571 1329 614 quinimmo
1355 570 1402 602 ut¹
1429 571 1459 601 in
1477 568 1540 601 illis
1556 566 1699 609 quidem,

969 635 1052 666 quae
1077 629 1153 666 post
1170 629 1349 656 emanatam
1366 620 1626 655 constitutionem
1645 618 1702 649 liii-

968 677 1108 710 iusmodi
1134 682 1260 709 erectae
1281 682 1312 708 et
1330 675 1495 707 institutae
1516 672 1619 704 forsan
1639 671 1703 702 fue-

970 735 1054 768 runt,
1080 730 1223 761 eiusdem
1249 726 1489 762 constitutionis
1511 725 1644 756 formam
1669 722 1701 753 in

969 793 1077 815 earum
1114 781 1329 814 erectionibus
1366 785 1398 812 et
1433 774 1700 811 institutionibus,

968 839 1065 877 prout
1089 838 1281 866 memoratus
1317 833 1435 865 Paulus
1472 828 1702 872 praedecessor

969 887 1191 925 ordinaverat,
1221 890 1376 917 servatam
1403 884 1497 915 fuisse
1530 883 1700 923 appareat:

970 940 1063 972 nobis
1091 945 1265 981 propterea
1290 938 1393 970 dictus
1424 934 1576 977 magister
1607 941 1703 974 gene-

969 992 1045 1024 ralis
1080 992 1246 1024 humiliter
1280 989 1454 1034 supplicari
1495 986 1570 1020 fecit
1599 984 1701 1017 ut'in

970 1044 1157 1086 praemissis
1194 1049 1378 1087 opportune
1411 1040 1580 1082 providere
1608 1042 1640 1070 et
1667 1041 1703 1068 ut

970 1097 1052 1129 infra
1083 1097 1253 1139 indulgere
1280 1096 1317 1128 de
1345 1093 1542 1136 benignitate
1571 1095 1702 1133 aposto-

970 1149 1030 1182 lica
1049 1149 1270 1189 dignaremur.

1013 1202 1027 1243 ἓ
1052 1201 1082 1234 02.
1110 1201 1172 1234 Nos
1197 1202 1304 1241 igitur,
1321 1201 1426 1240 ipsum
1451 1197 1635 1239 magistrum
1654 1205 1704 1234 ‚a‘e-
1770 1202 1896 1223 Praedicta„

1678 1247 1682 1251 .
1713 1235 1784 1249 omnes
1813 1230 1896 1249 contra-

970 1255 1113 1285 neralem
1140 1253 1332 1295 specialilius
1354 1251 1513 1283 favoribus
1538 1253 1570 1281 et
1594 1247 1896 1301 grainsiiissssiiiss¹'⁰f=.3'2'..‘,'i}'.

969 1306 1122 1348 prosequi
1137 1307 1294 1343 volentes,
1313 1311 1341 1337 et
1364 1315 1381 1336 a
1399 1301 1561 1346 quibusvis
1578 1310 1704 1332 excom·
1714 1298 1807 1353 gffigufm

968 1358 1207 1395 munirationis‚
1234 1356 1455 1399 suspensionis
1473 1359 1505 1387 et
1526 1351 1784 1405 inoe¹'d5⁶tl²{2‡v²at

969 1409 1103 1452 aliisque
1121 1409 1347 1442 ecclesiasticis
1361 1406 1540 1446 sententiis,
1558 1403 1703 1437 censuris
1715 1411 1896 1457 &farsia-isin.

970 1468 1001 1494 et
1025 1463 1147 1504 poenis,
1162 1474 1179 1495 a
1202 1463 1271 1495 iure
1297 1462 1344 1494 vel
1371 1461 1410 1493 ab
1437 1459 1577 1495 homine.
1595 1456 1761 1500 quavisetaa
1777 1450 1848 1485 smiisss

969 1516 1137 1549 occasione
1161 1517 1210 1549 vel
1236 1518 1331 1548 causa
1352 1514 1432 1552 latis,
1451 1513 1475 1545 si
1495 1512 1610 1554 quibus
1629 1518 1705 1553 quo-

970 1568 1150 1600 modolibet
1167 1568 1341 1600 innodatus
1360 1565 1476 1603 existit,
1492 1564 1529 1596 ad
1555 1562 1704 1595 effectum

969 1620 1186 1662 praesentium
1231 1620 1395 1651 dumtaxat.
1420 1615 1702 1659 consequendum,

971 1671 1081 1703 harum
1107 1672 1190 1703 serie
1216 1673 1418 1704 absolventes
1452 1674 1484 1701 et
1519 1667 1703 1700 absolutum

971 1724 1039 1755 fore
1065 1729 1244 1761 censentes,
1276 1722 1459 1755 huiusmodi
1493 1718 1704 1762 supplicatio-

969 1775 1063 1807 nibus
1087 1774 1254 1812 inclinati‚
1283 1785 1395 1808 omnes
1420 1779 1451 1806 et
1470 1772 1613 1814 singulas
1632 1780 1705 1802 con-

970 1827 1185 1859 fraternitates
1211 1828 1268 1858 sub
1295 1827 1386 1859 titulo
1416 1836 1473 1858 seu
1498 1822 1702 1856 invocatione

967 1879 1109 1911 Nominis
1134 1879 1188 1911 Dei
1214 1880 1245 1911 in
1280 1879 1425 1912 ecclesiis
1459 1878 1596 1910 fratrum
1625 1874 1702 1907 dicti

966 1930 1092 1963 Ordinis
1125 1931 1290 1964 dumtaxat
1324 1931 1519 1972 ubicumque
1555 1929 1702 1961 locorum

966 1983 1005 2014 de
1030 1983 1191 2025 praesenti
1218 1983 1405 2021 existentes,
1436 1980 1562 2014 tametsi
1588 1980 1626 2011 de
1653 1989 1703 2011 ea-

966 2045 1035 2066 rum
1060 2035 1215 2067 canonica
1240 2035 1279 2067 ab
1305 2034 1397 2066 initio
1422 2032 1588 2065 erectione
1609 2036 1641 2064 et
1658 2031 1701 2063 in-

965 2086 1131 2119 stitutione
1167 2086 1300 2119 minime
1336 2090 1489 2128 appareat
1522 2094 1582 2116 nec
1613 2083 1701 2126 ipsae

964 2138 1245 2171 confraternitates
1272 2149 1368 2171 novas
1393 2137 1576 2169 erectiones
1601 2141 1633 2168 et
1656 2135 1701 2167 in-

964 2190 1147 2223 stitutiones
1185 2191 1271 2222 iuxta
1316 2190 1452 2222 formam
1496 2188 1699 2231 supradictae

963 2242 1208 2275 constitutionis
1233 2241 1406 2275 Clementis
1438 2241 1697 2284 praedecessoris

963 2294 1140 2327 obtinuisse
1166 2294 1377 2336 reperiantur,
1396 2292 1584 2326 auctoritate
1605 2302 1699 2335 apos-

963 2347 1064 2385 tolica,
1082 2352 1194 2379 tenore
1219 2345 1449 2389 praesentium,
1471 2344 1696 2378 confirmamus

962 2405 993 2431 et
1027 2399 1214 2438 validamus,
1251 2408 1369 2440 easque
1402 2398 1435 2430 in
1468 2402 1552 2429 statu
1587 2397 1695 2429 valido

962 2462 1030 2485 essc
1057 2456 1088 2483 et
1111 2452 1180 2483 fore
1206 2450 1410 2483 decernimus
1435 2454 1467 2482 et
1485 2450 1693 2490 declaramus,

996 2514 1008 2540 1
1031 2511 1159 2547 tegerem
1179 2519 1213 2539 ne
1233 2520 1280 2547 pru
1301 2517 1330 2539 uc
1349 2511 1389 2547 (ti.
1410 2511 1459 2546 T.).

1844 1391 1886 1404 ssl‘lsl

1856 1411 1868 1430 li

1827 1418 1852 1430 aii
1881 1411 1895 1430 V
