2111 3157
62 185 112 214 An.
131 183 160 212 C.
178 183 246 212 1082

87 715 206 737 clausulae.

89 1445 241 1467 Contrariorum

63 1472 176 1498 derogatio.

106 2387 167 2408 Fides
193 2390 247 2409 tran·

68 2417 201 2440 sumptorum.

830 183 904 208 INNO
910 183 1041 209 CENTIUS
1061 183 1092 209 XI
1116 183 1165 209 1³1³.

253 232 408 266 dinalium
424 232 556 266 Concilii
578 232 754 266 Tridentini
770 232 983 275 interpretum

253 286 389 319 consilio
408 313 415 323 .
452 287 687 329 praeinsertum
712 285 878 318 decretum
894 312 901 325 ,
927 295 983 318 seu

251 344 416 378 statutum,
442 339 631 372 auctoritate
657 338 845 381 apostolica,
873 342 984 371 tenore

250 392 491 435 praesentium,
518 390 744 424 confirmamus
770 395 802 423 et
826 391 985 433 approba-

250 455 335 483 mus,
353 444 466 487 illique
491 444 686 476 inviolabilis
711 443 907 485 apostolicae
931 441 984 474 sir-

250 496 370 529 mitatis
404 496 503 528 robur
535 495 723 534 adijcimus,
749 505 785 531 ac
815 505 928 528 omnes
954 499 985 527 et

251 548 398 590 singulos
424 548 502 580 iuris
529 552 561 579 et
586 547 660 579 sacti
692 547 858 586 desectus,
880 547 905 579 si
930 546 982 589 qui

252 601 394 643 desuper
431 599 680 642 quomodolibet
718 599 982 639 intervenerint,

251 654 454 695 supplemus.

295 706 310 748 ἓ
332 705 362 738 4.
389 705 608 738 Decernentes
641 705 769 738 easdem
792 709 984 748 praesentes

250 758 374 791 litteras
407 768 534 801 semper
562 757 679 797 firmas,
713 758 833 791 validas
863 762 895 790 et
917 757 984 790 effi-

250 809 342 844 caces
367 811 503 843 existere
521 816 552 843 et
569 811 647 850 sore,
664 820 803 853 suosque
820 810 983 853 plenarios

251 861 284 897 et
306 863 451 906 integros
477 862 608 896 effectus
634 863 740 895 sortiri
766 867 798 895 et
820 862 981 902 obtinere,

251 927 288 950 ac
305 917 344 949 ab
361 916 436 957 illis,
458 916 497 948 ad
523 926 605 958 quos
631 920 757 958 spectat
780 920 812 948 et
827 925 887 958 pro
906 921 985 948 tem-

251 979 329 1012 pore
354 969 623 1012 quandocumque
649 967 820 1011 spectabit,
852 968 984 1000 inviola-

250 1021 360 1055 biliter
384 1021 565 1061 observari,
591 1021 700 1064 sicque
731 1022 765 1053 in
799 1020 984 1063 praemissis

251 1084 312 1117 per
336 1084 555 1118 quoscumque
585 1074 708 1106 iudices
741 1073 922 1106 ordinarios
952 1078 984 1105 et

252 1127 431 1169 delegatos,
457 1127 553 1159 etiam
579 1137 749 1159 causarum
773 1126 884 1169 palatii
909 1136 984 1168 apo-

251 1179 355 1211 stolici
391 1179 580 1218 auditores,
613 1179 748 1211 iudicari
789 1184 821 1210 ct
855 1177 983 1210 deliniri

252 1232 389 1271 debere,
416 1242 452 1264 ac
490 1232 617 1263 irritum
648 1236 679 1264 et
710 1232 807 1264 inane
839 1232 865 1263 si
890 1242 982 1263 secus

251 1295 350 1328 super
374 1285 425 1317 his
457 1294 473 1316 a
497 1294 672 1327 quoquam,
702 1284 813 1326 quavis
845 1284 985 1316 auctori-

252 1342 330 1376 tate,
352 1337 491 1370 scienter
515 1337 564 1369 vel
590 1337 790 1379 ignoranter,
811 1337 985 1378 contigerit

252 1389 414 1422 attentari.

296 1441 311 1484 ξ
335 1441 366 1474 5.
392 1441 462 1474 Non
487 1441 693 1475 obstantibus
718 1442 923 1484 praemissis,
950 1453 984 1474 ac

252 1494 535 1527 constitutionibus
564 1499 597 1526 et
620 1495 880 1528 ordinationibus
911 1506 987 1538 apo-

251 1546 385 1585 stolicis,
405 1557 539 1585 necnon,
566 1552 726 1589 quatenus
752 1557 832 1589 opus
857 1548 914 1587 sit,
940 1548 985 1579 di-

252 1598 292 1630 cti
317 1598 456 1639 Ordinis,
481 1600 592 1632 aliisve
620 1600 792 1642 quibusvis,
819 1601 915 1632 etiam
943 1600 986 1632 iu-

251 1657 415 1691 ramento,
447 1652 692 1685 confirmatione
721 1654 910 1695 apostolica,
937 1655 986 1686 vel

252 1704 364 1746 quavis
388 1704 540 1737 firmitate
564 1705 627 1737 alia
650 1706 833 1745 roboratis,
862 1707 986 1738 statutis

253 1761 285 1788 et
307 1757 606 1796 consuetudinibus,
639 1758 820 1800 privilegiis
844 1769 984 1801 quoque,

251 1807 386 1842 indultis
412 1814 444 1842 et
460 1810 574 1842 litteris
597 1811 784 1852 apostolicis
808 1812 840 1843 in
861 1817 987 1844 contra-

250 1860 334 1893 rium
361 1862 613 1904 praemissorum
640 1863 888 1905 quomodolibet
912 1874 987 1896 con-

251 1912 366 1952 cessis,
388 1913 587 1946 confirmatis
614 1920 645 1946 et
669 1915 847 1955 innovatis3
873 1916 987 1958 quibus

252 1966 402 1998 omnibus
434 1971 466 1999 et
501 1967 661 2009 singulis,
688 1968 819 2000 illorum
856 1975 986 2002 tenores

252 2019 477 2061 praesentibus
501 2029 562 2061 pro
592 2021 688 2062 plene
724 2026 756 2053 et
790 2021 989 2054 sufficienter

254 2071 425 2114 expressis,
444 2082 479 2103 ac
499 2072 537 2104 ad
558 2072 691 2104 verbum
716 2072 846 2105 insertis
871 2073 988 2106 liaben-

255 2128 317 2163 tes,
350 2123 414 2156 illis
438 2123 517 2156 alias
541 2123 574 2155 in
607 2133 665 2156 suo
691 2125 809 2157 robore
839 2136 989 2168 perman-

255 2176 356 2216 suris,
383 2177 422 2209 ad
448 2176 699 2219 praemissorum
729 2177 879 2211 effectum
896 2205 903 2218 ,
930 2179 990 2211 liae

256 2226 325 2260 rice
351 2228 540 2268 dumtaxat,
573 2229 759 2271 specialiter
780 2235 812 2262 et
836 2242 989 2274 expresse

257 2280 463 2323 derogamus,
475 2281 656 2324 ceterisque
678 2282 847 2315 contrariis
859 2283 990 2326 quibus-

257 2342 406 2376 cumque.

301 2385 315 2427 ἓ
345 2385 376 2419 6.
411 2385 564 2419 Volumus
599 2392 706 2420 autem
740 2392 775 2419 ut
805 2388 990 2421 earumdem

256 2436 478 2480 praesentium
496 2440 676 2472 litterarum
697 2441 919 2484 transumptis,
936 2452 990 2474 seu

258 2491 423 2534 exemplis,
437 2492 533 2524 etiam
550 2492 728 2535 impressis,
745 2503 842 2526 manu
857 2494 992 2527 alicuius

1655 174 1719 209 427

1027 242 1184 275 personae
1209 232 1243 265 in
1267 232 1483 266 ecclesiastica
1504 232 1660 276 dignitate
1683 243 1760 265 con-

1027 285 1156 321 stitutae
1188 286 1345 326 munitis,
1375 285 1489 319 eadem
1523 296 1655 329 prorsus
1681 285 1760 319 sides

1028 342 1091 369 tam
1125 338 1158 370 in
1187 338 1308 371 iudicio
1339 349 1434 382 quam
1457 344 1547 371 extra
1576 339 1657 371 illud
1689 338 1760 370 ubi-

1028 400 1089 432 que
1114 390 1259 423 locorum
1284 391 1455 431 habeatur,
1475 401 1559 434 quae
1585 391 1760 423 haberetur

1026 441 1106 484 ipsis
1136 443 1360 485 praesentibus
1396 444 1423 476 si
1456 444 1566 476 forent
1596 443 1760 476 exhibitae

1026 494 1075 526 vel
1100 499 1261 528 ostensae.

1070 545 1182 579 Datum
1210 546 1341 587 Romae,
1357 549 1441 591 apud
1470 548 1500 581 S.
1517 549 1646 582 Mariam
1663 550 1760 582 Malo-

1027 608 1106 639 rem,
1122 598 1179 630 sub
1190 601 1308 632 annulo
1322 599 1506 641 piscatoris,
1525 601 1576 634 die
1593 612 1664 634 xxx1
1689 602 1760 634 iulii

1027 660 1216 691 MDCLxxxm
1244 652 1452 694 pontificatus
1477 654 1579 685 nostri
1606 665 1689 687 anno
1713 664 1756 686 vi.

1064 710 1121 738 Dat.
1142 711 1184 739 die
1203 712 1234 739 31
1257 712 1313 739 iulii
1335 713 1412 746 1682,
1433 713 1527 748 pontif.
1549 722 1617 742 anno
1637 722 1672 741 vi.

1766 182 1816 211 An.
1833 182 1861 211 C.
1884 184 1951 212 tcffl
1976 181 1979 183 ’

1355 855 1433 896 CXV,

1031 931 1240 975 Transfertur
1254 928 1630 978 2ndulyentia‘pletmria
1650 946 1761 980 perp?-

1073 989 1129 1017 lua
1152 986 1188 1018 in
1211 987 1299 1028 festis
1324 987 1372 1020 Ss.
1392 988 1524 1020 Placide?
1544 992 1572 1021 el
1592 989 1703 1021 Mauri
1719 990 1760 1021 ad

1070 1038 1151 1079 festa
1171 1039 1218 1071 Ss.
1243 1039 1330 1072 Zoili
1357 1044 1386 1072 et
1406 1040 1524 1073 Felicis
1544 1042 1580 1073 ‘in
1603 1046 1762 1074 monaste-

1071 1091 1120 1122 rio
1155 1091 1186 1123 S.
1217 1091 1303 1123 Zoili
1337 1091 1375 1124 de
1404 1093 1538 1126 Carrion
1566 1094 1783 1139 Palentz'nqes

1072 1141 1234 1175 dioecesis.

1212 1223 1408 1251 Innocentius
1431 1225 1509 1258 Papa
1528 1226 1576 1258 XI,
1609 1224 1638 1262 g

1155 1265 1190 1292 ad
1205 1270 1380 1300 perpetuam
1395 1268 1440 1295 rei
1455 1270 1647 1297 memoriam*

1071 1335 1133 1377 §l
1153 1335 1276 1378 Exponi
1295 1337 1389 1370 nobis
1413 1348 1518 1381 nuper
1542 1340 1689 1373 fecerunt
1714 1341 1761 1374 di-
1798 1347 1954 1370 Afflcmentex

1028 1386 1101 1418 lecti
1126 1386 1182 1419 filii
1208 1388 1306 1421 abbas
1334 1394 1366 1421 et
1392 1391 1542 1422 monachi
1571 1376 1955 1425 monasteriiss'i'ssssiiiiiaiui‘iii‘.

1029 1438 1059 1470 S.
1078 1438 1155 1472 Zoili
1173 1440 1234 1472 loci
1253 1440 1291 1472 de
1312 1440 1443 1474 Carrion
1466 1441 1654 1476 Palentinae
1674 1428 1954 1485 <1500-sil‘¹ile¹l¹eds.‘31‘i¹’ss

1029 1491 1110 1523 cesis
1123 1490 1250 1524 Ordinis
1263 1493 1363 1525 sancti
1385 1493 1560 1533 Benedicti,
1575 1497 1659 1538 quod
1678 1497 1762 1530 inter
1773 1479 1955 1526 ιῖῗὲἷῐῖιὸῗῖἶῗῖιὶ-

1030 1543 1107 1576 alias
1133 1544 1350 1586 indulgentias
1368 1551 1399 1577 et
1423 1552 1626 1589 peccatorum
1653 1538 1798 1582 remis-n.

1030 1597 1136 1630 sioncs
1170 1608 1205 1630 ac
1235 1598 1511 1640 poenitentiarum
1547 1602 1762 1635 relaxationes

1030 1650 1306 1691 christifidelibus,
1338 1652 1490 1684 ecclesias
1518 1652 1645 1686 Ordinis
1679 1655 1763 1687 eius-

1031 1703 1102 1735 dem
1117 1703 1219 1734 sancti
1231 1704 1395 1736 Benedicti
1409 1704 1624 1746 visitantibus,
1634 1716 1651 1737 a
1665 1707 1763 1739 diver-

1031 1756 1071 1787 sis
1095 1756 1246 1788 Bomanis
1270 1756 1479 1789 Pontificibus
1503 1758 1764 1800 praedecessori-

1030 1809 1089 1840 bus
1103 1810 1222 1842 nostris
1242 1819 1423 1849 concessas,
1442 1810 1544 1842 felicis
1561 1812 1764 1844 recordatio-

1031 1862 1080 1893 nis
1095 1862 1242 1894 Clemens
1255 1862 1341 1904 Papa
1351 1863 1386 1902 X,
1396 1863 1630 1905 praedecessor
1644 1865 1765 1906 pariter

1032 1919 1161 1953 noster,
1189 1914 1339 1947 omnibus
1369 1920 1401 1947 et
1434 1916 1569 1958 singulis
1594 1917 1764 1959 utriusque

1031 1977 1124 1998 sexus
1141 1966 1418 2007 christifidelibus,
1432 1978 1504 2000 vere
1522 1969 1764 2011 poenitentibus

1032 2024 1064 2051 et
1088 2018 1256 2059 confessis,
1282 2029 1319 2051 ac
1347 2022 1438 2052 sacra
1462 2021 1689 2053 communione
1716 2032 1767 2054 re-

1033 2072 1134 2110 sectis,
1156 2071 1210 2114 qui
1231 2072 1373 2114 aliquam
1389 2083 1425 2104 ex
1445 2073 1592 2105 ecclesiis
1611 2084 1767 2116 quorum·

1033 2135 1168 2167 cumque
1194 2125 1478 2163 monasteriorum,
1505 2130 1568 2157 tam
1592 2126 1768 2159 monacho-

1035 2188 1103 2209 rum
1129 2187 1225 2219 quam
1260 2177 1448 2210 monialium
1478 2178 1622 2220 regulam
1654 2178 1681 2210 S.
1708 2179 1767 2211 Be-

1034 2230 1151 2262 nedicti
1177 2229 1410 2272 profitentium,
1438 2235 1571 2263 eatenus
1596 2231 1710 2264 crectis
1735 2237 1768 2263 et

1034 2283 1066 2315 in
1091 2288 1256 2326 posterum
1290 2283 1557 2326 quandocumque
1590 2284 1764 2326 erigendis,

1035 2346 1070 2368 ac
1094 2336 1288 2379 ubicumque
1314 2337 1457 2369 locorum
1483 2337 1709 2375 existentibus,
1734 2337 1767 2369 in

1035 2389 1082 2421 ss.
1110 2389 1274 2421 Benedicti
1301 2394 1332 2421 et
1356 2389 1562 2429 Scolasticae,
1588 2400 1624 2421 ac
1648 2389 1766 2422 Placidi

1036 2446 1067 2473 et
1091 2441 1189 2473 Mauri
1215 2441 1304 2473 sestis
1329 2441 1455 2482 diebus,
1481 2452 1610 2474 necnon
1637 2441 1686 2474 die
1712 2451 1767 2474 xm

1035 2494 1228 2534 novembris,
1256 2505 1318 2537 qua
1337 2493 1484 2527 Omnium
1507 2494 1696 2527 Sanctorum
1716 2494 1768 2526 Or-

258 2543 374 2575 notarii
409 2544 532 2586 publici
567 2545 782 2588 subscriptis,
820 2552 852 2578 et
882 2547 991 2589 sigillo
1035 2547 1120 2579 dinis
1154 2547 1312 2590 praedicti
1347 2547 1608 2580 commemoratio
1644 2546 1765 2579 ibidem
