2111 3157
150 181 202 206 An.
223 179 249 208 0,
270 179 338 208 1019
384 169 448 205 ’156

149 697 159 763 α--Ἶ

165 697 269 709 1011111110

165 726 167 734 1
190 717 272 736 111.1’1;111

200 754 201 761 i
219 750 224 762 1

197 664 329 683 »monitione

301 716 320 736 fa

342 240 360 263 a
383 236 474 273 patre
499 228 691 273 provinciali
717 233 749 261 et
773 227 998 261 definitoribus
1016 227 1078 258 sal-

341 289 406 316 tem
432 283 463 315 in
489 283 628 326 capitulo
653 282 777 325 privato
804 281 899 313 etiam
924 279 1007 323 intra
1031 279 1078 311 bi-

341 342 471 376 mestre,
498 346 562 369 non
589 341 694 367 tamen
720 339 795 377 post
819 333 1076 376 recognitionem

341 389 441 431 patris
466 386 701 431 praesidentis,
728 391 827 429 prout
859 385 897 417 de
933 385 1002 417 iure
1027 394 1078 416 co-

342 442 557 484 gnoscendam
583 446 614 472 et
639 439 916 472 determinandam
943 448 1025 470 esse:
1047 443 1078 469 et

343 495 367 527 si
401 506 491 527 secus
524 504 622 537 super
659 493 711 525 his
741 492 811 525 [ieri
843 493 892 524 vel
925 490 1075 523 attentari

342 547 534 589 eontigerit,
560 552 659 579 totum
686 546 726 578 sit
757 545 880 577 irritum
916 549 947 576 et
983 543 1077 574 inane

342 600 412 642 ipso
438 601 520 632 sacto
551 604 583 631 et
612 600 733 641 absque
759 599 820 630 alia
846 596 1074 629 declaratione.

383 663 446 685 mv.
476 652 664 685 Generalcm
691 651 831 693 aliquam
861 651 908 682 vel
938 648 1078 691 particu-

323 705 442 736 -larem
462 704 677 736 visitationem
692 709 781 746 pater
795 701 1001 744 provincialis
1019 700 1076 732 sub

342 757 456 800 quovis
480 762 647 800 praetextu
671 757 720 788 vel
745 755 863 788 motivo
890 755 993 786 faeere
1012 763 1076 784 non

343 809 446 852 possit
472 815 603 852 praeter
628 809 705 841 duas
722 808 920 840 visitationes
946 816 1100 848 genera-,r

343 863 390 895 les
417 863 514 895 totius
538 861 748 905 provinciae,
774 871 851 903 quas
886 860 969 891 intra
1003 869 1064 900 qua

343 915 537 953 driennium‚
556 925 651 946 unam
670 913 931 953 scilicetsingulo
945 910 1076 942 biennio

343 969 390 1000 sui
425 968 687 1011 provincialatus,
716 967 821 999 iacere
858 967 970 998 debet:
1003 965 1077 996 istas

343 1032 418 1054 vero
437 1021 469 1052 in
488 1026 647 1053 conventu
667 1019 813 1057 Quitensi
837 1018 921 1050 intra
946 1016 1064 1059 quinde

343 1073 402 1105 cim
422 1074 555 1112 dierum,
569 1077 600 1104 et
616 1072 750 1113 singulis
769 1070 838 1103 aliis
858 1069 1076 1102 conventibus.

344 1125 507 1164 doctrinis,
534 1136 570 1157 ac
596 1123 737 1167 praediis
762 1124 847 1155 intra
870 1123 980 1155 decem
1013 1121 1079 1152 die-

341 1189 412 1210 rum
438 1178 608 1210 terminum
641 1176 837 1209 concludere
871 1174 1002 1207 omnino
1035 1179 1079 1205 te-

342 1237 468 1271 neatur‘,
490 1232 574 1263 intra
592 1241 687 1273 quern
708 1229 880 1262 terminum
896 1229 919 1260 si
938 1227 1076 1270 aliquem

343 1284 547 1327 superiorem
581 1284 717 1315 localem
752 1287 889 1325 propter
922 1291 1014 1313 casus
1047 1280 1077 1311 in

343 1336 629 1369 constitutionibus
660 1346 829 1378 expressos
850 1335 987 1376 ‘dignum
1013 1343 1079 1365 sus-

342 1389 502 1431 pensione
520 1388 690 1427 invenerit,
709 1387 854 1419 eumdem
873 1387 1080 1418 etiamextra-

342 1441 538 1473 iudicialiter
551 1440 731 1483 procedens
746 1440 828 1472 etad
844 1439 1079 1482 praescriptum

343 1494 580 1537 praedictarum
614 1493 894 1531 constitutionum,
922 1498 1004 1535 part.
1033 1503 1079 1531 111,

344 1558 416 1589 cap.
442 1556 494 1585 xu,
516 1547 531 1589 ᾗ
555 1545 606 1585 15,
623 1551 654 1578 01
679 1556 750 1588 cap.
777 1556 844 1583 xm,
872 1546 886 1588 g
910 1545 957 1583 17,
980 1545 1019 1576 ab
1038 1545 1080 1577 os-

344 1600 415 1632 ticio
454 1599 654 1642 suspendere
688 1598 830 1641 poterit:
865 1598 949 1640 quod
985 1597 1011 1629 si
1048 1597 1079 1628 in

344 1653 519 1696 praedictis
554 1652 789 1684 visitationibus
826 1651 997 1683 summarie
1031 1651 1079 1682 vel

345 1707 423 1738 alias
456 1705 598 1738 inveniat
629 1705 769 1747 aliquem
801 1704 1004 1748 superiorem
1031 1704 1080 1735 vel

345 1761 534 1793 inferiorem
568 1760 599 1791 in
637 1769 838 1802 quacumque
872 1761 967 1791 causa
997 1758 1080 1791 civili

344 1815 395 1847 vel
427 1813 586 1845 criminali
620 1812 816 1844 iudicialiter
841 1817 872 1844 et
906 1812 1080 1855 compilato

344 1877 496 1909 processu
511 1865 705 1898 audiendum
721 1875 801 1904 esse,
817 1870 900 1904 111110,
922 1870 1082 1908 tamquam

345 1919 439 1952 iudex
459 1925 490 1951 et
509 1924 598 1951 extra
622 1918 851 1950 formalitatem
875 1917 1078 1957 visitationis,

346 1983 475 2005 causam
500 1972 549 2004 vel
575 1981 695 2010 causas,
714 1976 779 2003 tum
808 1970 892 2002 intra
909 1975 975 2002 tum
992 1975 1082 2002 extra

346 2024 546 2068 praedictum
570 2023 743 2057 terminum
769 2023 970 2063 visitationis,
988 2028 1083 2066 prout

347 2079 385 2111 (10
404 2079 484 2117 iure,
506 2082 692 2119 cognoscat,
713 2076 750 2108 ad
769 2076 1004 2119 praescriptum
1030 2077 1083 2109 de-

347 2131 426 2163 creti
452 2130 510 2162 suh
535 2140 623 2162 num.
643 2139 713 2161 xxtv
730 2128 931 2171 int'rapositi:
957 2129 996 2161 de
1014 2140 1084 2161 cau-

348 2185 392 2216 sis
418 2194 506 2224 vero,
528 2182 654 2215 iudiciis
675 2183 725 2215 vel
750 2182 890 2224 negotiis
918 2187 984 2215 tum
1009 2182 1084 2215 civi-

347 2237 432 2270 libus
464 2241 531 2267 tum
561 2234 780 2268 criminalibus
814 2235 891 2267 alias
916 2235 1082 2275 iudicatis,

349 2289 512 2322 conclusis
538 2289 588 2321 vel
622 2288 865 2327 determinatis,
891 2298 1019 2320 necnon
1045 2289 1084 2321 de

350 2341 608 2384 quibuscumque
645 2340 814 2373 sententiis
848 2340 881 2372 111
914 2340 1085 2373 iudicatum

349 2393 528 2432 transactis,
541 2393 714 2436 praecipue
740 2393 959 2433 absolutoriis,
979 2394 1086 2436 inqui-

349 2457 436 2485 rere,
464 2456 538 2479 eave
565 2456 709 2485 movere,
735 2446 888 2478 suscitare
913 2447 962 2478 vel
988 2457 1083 2478 reco-

351 2510 517 2543 gnoscere,
531 2499 627 2531 ctiam
641 2499 680 2530 ad
698 2499 885 2531 instantiam
899 2499 1007 2542 partis,
1021 2500 1086 2531 nul-

349 2554 476 2588 latenus
503 2552 614 2595 possit.
650 2552 727 2585 Item
752 2563 811 2595 per
839 2563 873 2585 50
906 2553 994 2585 501115
1025 2558 1086 2586 tam

922 176 1102 202 BULLARIUM
1125 176 1276 201 Romnum

1118 225 1202 258 intra
1234 235 1330 268 quam
1355 229 1445 257 extra
1467 224 1642 258 terminum
1666 223 1852 268 praedictae

1118 277 1313 311 visitationis
1338 283 1461 320 patrem
1487 277 1638 320 aliquem,
1658 277 1710 310 cui
1727 288 1763 310 ex
1782 287 1853 320 gra-

1120 332 1161 364 du
1185 333 1235 365 vel
1266 331 1372 364 officio
1404 341 1460 364 seu
1495 331 1573 364 alias
1604 341 1662 364 vox
1696 330 1795 363 activa
1818 330 1852 363 in

1119 383 1267 427 capitulis
1284 383 1534 426 provincialibus
1552 393 1609 415 seu
1626 383 1659 415 in
1684 382 1755 415 aliis
1779 382 1852 426 qui-

1119 437 1317 479 buscumque
1342 435 1557 468 electionibus
1575 440 1744 478 competat,
1761 445 1854 478 prae-

1120 488 1204 520 dicta
1227 499 1314 528 voce,
1342 489 1443 530 gradu
1467 489 1518 521 vel
1545 488 1650 521 officio
1676 487 1771 520 etiam
1794 497 1854 530 per

1120 542 1312 573 sententiam
1329 540 1574 574 declaratoriam
1591 540 1728 584 privare,
1745 545 1800 572 aut
1817 539 1855 571 ti-

1121 594 1185 625 tulo
1216 593 1453 635 suspensionis,
1478 595 1528 626 vel
1558 594 1617 626 sub
1651 602 1854 636 quocumque

1121 645 1240 678 motivo
1265 647 1312 678 vel
1339 651 1523 688 praetextu,
1550 646 1646 679 etiam
1671 645 1754 688 quod
1778 655 1853 677 reus

1120 699 1168 730 vel
1194 704 1394 740 processatus
1421 699 1544 739 existat,
1570 699 1610 732 ab
1635 699 1747 731 eadem
1763 707 1852 737 voce,

1120 751 1229 792 gradu,
1256 752 1362 784 officio
1388 753 1436 784 vel
1463 752 1636 791 electione,
1657 751 1779 784 directe
1803 751 1854 783 vel

1120 804 1287 844 indirecte,
1305 804 1443 837 mediate
1467 806 1517 837 vel
1543 803 1728 837 immediate
1753 804 1856 836 exclu-

1121 857 1196 888 dere
1223 858 1311 889 nullo
1335 858 1431 890 modo
1455 857 1579 900 possit:
1606 857 1662 889 sed
1680 857 1706 889 si
1730 855 1856 899 praedi-

1120 912 1166 940 cta
1185 919 1272 948 voce,
1290 911 1389 952 gradu
1410 911 1459 943 vel
1477 909 1581 943 officio
1602 914 1740 953 propter
1753 908 1856 951 quod-

1121 972 1260 1004 cumque
1295 963 1448 995 motivum
1488 964 1538 996 vel
1574 973 1701 995 causam
1742 971 1854 994 carere

1122 1015 1248 1053 debeat,
1264 1021 1349 1055 tunc,
1370 1017 1502 1049 servatis
1521 1015 1698 1054 servandis,
1712 1025 1772 1057 per
1789 1024 1856 1046 sen-

1123 1068 1254 1100 tentiam
1279 1069 1575 1102 condemnatoriam
1598 1070 1648 1101 vel
1680 1068 1857 1101 declarato-

1121 1121 1210 1155 riam„
1229 1131 1245 1152 a
1270 1121 1452 1154 detinitorio
1477 1123 1589 1154 saltem
1614 1120 1745 1164 capituli
1760 1124 1858 1162 prout

1122 1173 1161 1204 de
1187 1173 1256 1205 iure
1288 1173 1473 1213 serendam,
1498 1173 1678 1216 respective
1709 1172 1857 1215 privetur

1121 1228 1170 1259 vel
1191 1227 1336 1269 privatus
1360 1228 1550 1267 declaretur,
1569 1232 1622 1259 aut
1639 1227 1677 1259 ab
1696 1226 1856 1259 electione

1122 1281 1321 1320 excludatur,
1349 1285 1381 1312 et
1411 1291 1475 1313 non
1505 1281 1619 1321 aliter,
1652 1290 1759 1322 neque
1794 1279 1857 1312 alio

1122 1333 1237 1365 ruodo:
1265 1334 1349 1376 quod
1375 1334 1401 1365 si
1427 1339 1519 1376 pater
1546 1333 1752 1376 provincialis
1784 1342 1858 1365 con-

1123 1387 1256 1418 trarium
1288 1397 1387 1429 super
1419 1387 1469 1418 his
1496 1387 1606 1428 quovis
1630 1386 1725 1418 modo
1751 1386 1856 1417 facere

1123 1440 1171 1471 vel
1196 1444 1356 1471 attentare
1381 1439 1657 1482 praesumpserit,
1685 1443 1785 1470 totum
1815 1436 1858 1469 sit

1123 1493 1247 1525 irritum
1280 1503 1315 1524 ac
1343 1492 1439 1525 inane
1466 1492 1536 1534 ipso
1572 1491 1653 1524 sacto
1679 1497 1710 1523 et
1733 1490 1858 1533 absque

1124 1546 1184 1578 alia
1199 1546 1426 1584 declaratione,
1445 1545 1725 1588 privationemque
1742 1542 1858 1575 utrius-

1124 1609 1183 1640 que
1209 1599 1294 1630 vocis
1319 1608 1378 1641 per
1403 1597 1661 1641 quinquennium
1678 1597 1749 1641 ipso
1774 1597 1857 1629 sacto

1124 1657 1277 1684 incurrat.

1167 1716 1217 1737 xv.
1246 1703 1453 1737 Provincialis
1477 1705 1527 1737 vel
1554 1703 1748 1747 quicumque
1774 1703 1856 1736 alius
1891 1710 2048 1759 Ιῑρρτειηειιῑοοο

1125 1759 1272 1801 superior
1296 1758 1535 1791 sententialiter
1558 1759 1607 1790 vel
1632 1743 2010 1801 p1*0v1550na11-'c‘2‚3³l'5'1332².¹¹¹¹
2035 1744 2054 1760 Ἰ

1125 1819 1172 1845 ter
1197 1812 1386 1854 religiosum
1412 1811 1553 1854 aliquem
1580 1823 1598 1844 a
1622 1816 1792 1852 conventu,
1811 1821 1859 1844 011-

1125 1872 1194 1898 ratu
1219 1865 1370 1897 Indorum
1388 1865 1437 1897 vel
1455 1865 1587 1907 praedio
1609 1865 1791 1905 removerit,⁷
1809 1865 1860 1898 vel

1126 1920 1158 1951 in
1183 1919 1315 1951 exilium
1339 1918 1473 1958 miserit,
1500 1923 1657 1958 teneatur,
1673 1919 1730 1951 sub
1755 1920 1861 1962 poena

1126 1970 1315 2015 privationis
1330 1970 1496 2014 utriusque
1512 1971 1596 2003 vocis
1611 1981 1670 2014 per
1681 1970 1861 2015 quinquen-

1127 2025 1226 2065 nium,
1252 2025 1403 2057 eumdem
1429 2024 1617 2067 religiosum
1643 2025 1681 2057 de
1706 2024 1776 2057 eius
1801 2024 1863 2059 dis-

1127 2089 1217 2111 cessu
1242 2089 1302 2121 per
1327 2083 1388 2110 tres
1414 2078 1482 2110 dies
1513 2079 1551 2111 ad
1577 2078 1682 2111 minus
1707 2083 1780 2112 ante
1803 2088 1860 2111 re·

1126 2130 1279 2164 motionis
1303 2131 1354 2162 vel
1380 2130 1466 2163 exilii
1498 2131 1751 2173 exequutionem
1775 2141 1863 2174 prae·

1127 2194 1259 2216 monere
1276 2211 1283 2223 ,
1310 2188 1344 2215 ut
1370 2184 1407 2216 ad
1446 2190 1637 2217 conventum
1673 2195 1728 2217 5011
1753 2185 1863 2218 10011111

1128 2236 1187 2269 sibi
1203 2237 1398 2269 destinatum
1421 2237 1522 2280 possit
1539 2237 1675 2272 honeste
1697 2237 1864 2271 accedere.

1129 2290 1280 2322 Volumus
1294 2294 1467 2332 praeterea
1492 2301 1528 2322 ae
1545 2290 1748 2323 decernimus
1774 2291 1864 2333 quod

1129 2342 1154 2374 si
1180 2342 1296 2384 aliquis
1322 2343 1372 2374 vel
1398 2342 1496 2385 aliqui
1519 2353 1554 2375 ex
1580 2343 1724 2386 patribus
1748 2343 1865 2376 vocali-

1128 2395 1198 2433 bus,
1222 2395 1272 2426 vel
1298 2393 1481 2435 definitorii,
1508 2406 1525 2427 a
1549 2400 1715 2434 conventu,
1742 2394 1774 2428 in
1800 2406 1864 2438 quo

1130 2446 1303 2489 capitulum
1336 2447 1550 2489 provinciale,
1577 2447 1786 2490 congregatio
1820 2447 1864 2480 in-

1131 2500 1295 2539 termedia,
1316 2501 1365 2532 vel
1392 2500 1478 2533 aliud
1504 2501 1730 2544 quodcumque
1756 2500 1865 2534 defini-

1130 2553 1246 2586 torium
1283 2553 1403 2585 suerint
1437 2554 1651 2594 celebranda,
1676 2554 1770 2587 etiam
1805 2563 1865 2598 per

1856 172 1908 202 An.
1929 174 1959 203 C.
1976 174 2041 204 ¹679
