<?xml version="1.0" encoding="UTF-8"?>
<!DOCTYPE html PUBLIC "-//W3C//DTD XHTML 1.0 Transitional//EN"
    "http://www.w3.org/TR/xhtml1/DTD/xhtml1-transitional.dtd">
<html xmlns="http://www.w3.org/1999/xhtml" xml:lang="en" lang="en">
 <head>
  <title>
</title>
<meta http-equiv="Content-Type" content="text/html;charset=utf-8" />
  <meta name='ocr-system' content='tesseract 3.04.00' />
  <meta name='ocr-capabilities' content='ocr_page ocr_carea ocr_par ocr_line ocrx_word'/>
</head>
<body>
  <div class='ocr_page' id='page_1' title='image "./bullarumdiplomat19cath_0703.png"; bbox 0 0 2111 3157; ppageno 0'>
   <div class='ocr_carea' id='block_1_1' title="bbox 59 224 260 268">
    <p class='ocr_par' dir='ltr' id='par_1_1' title="bbox 59 224 260 268">
     <span class='ocr_line' id='line_1_1' title="bbox 59 224 260 268; baseline -0.01 -15"><span class='ocrx_word' id='word_1_1' title='bbox 59 227 126 268; x_wconf 39' lang='lat' dir='ltr'>&#39;Am</span> <span class='ocrx_word' id='word_1_2' title='bbox 143 226 171 252; x_wconf 86' lang='lat' dir='ltr'>C.</span> <span class='ocrx_word' id='word_1_3' title='bbox 195 224 260 251; x_wconf 68' lang='lat'>1086</span> 
     </span>
    </p>
   </div>
   <div class='ocr_carea' id='block_1_2' title="bbox 91 1494 247 1518">
    <p class='ocr_par' dir='ltr' id='par_1_2' title="bbox 91 1494 247 1518">
     <span class='ocr_line' id='line_1_2' title="bbox 91 1494 247 1518; baseline 0.019 -3"><span class='ocrx_word' id='word_1_4' title='bbox 91 1494 247 1518; x_wconf 78' lang='lat' dir='ltr'>Contrariorum</span> 
     </span>
    </p>
   </div>
   <div class='ocr_carea' id='block_1_3' title="bbox 65 1520 183 1548">
    <p class='ocr_par' dir='ltr' id='par_1_3' title="bbox 65 1520 183 1548">
     <span class='ocr_line' id='line_1_3' title="bbox 65 1520 183 1548; baseline 0.017 -7"><span class='ocrx_word' id='word_1_5' title='bbox 65 1520 183 1548; x_wconf 63' lang='lat' dir='ltr'>derogat-0.</span> 
     </span>
    </p>
   </div>
   <div class='ocr_carea' id='block_1_4' title="bbox 240 274 1001 2652">
    <p class='ocr_par' dir='ltr' id='par_1_4' title="bbox 259 274 1001 1479">
     <span class='ocr_line' id='line_1_4' title="bbox 267 274 999 320; baseline 0.003 -14"><span class='ocrx_word' id='word_1_6' title='bbox 267 283 320 307; x_wconf 90' lang='lat' dir='ltr'>ces</span> <span class='ocrx_word' id='word_1_7' title='bbox 347 274 485 309; x_wconf 74' lang='lat' dir='ltr'>existere</span> <span class='ocrx_word' id='word_1_8' title='bbox 511 281 540 309; x_wconf 90' lang='lat' dir='ltr'>et</span> <span class='ocrx_word' id='word_1_9' title='bbox 565 276 644 317; x_wconf 85' lang='lat' dir='ltr'>sore,</span> <span class='ocrx_word' id='word_1_10' title='bbox 670 286 809 320; x_wconf 86' lang='lat' dir='ltr'>suosque</span> <span class='ocrx_word' id='word_1_11' title='bbox 833 276 999 320; x_wconf 90' lang='lat' dir='ltr'>plenarios</span> 
     </span>
     <span class='ocr_line' id='line_1_5' title="bbox 268 327 997 371; baseline 0.003 -11"><span class='ocrx_word' id='word_1_12' title='bbox 268 333 299 360; x_wconf 87' lang='lat' dir='ltr'>et</span> <span class='ocrx_word' id='word_1_13' title='bbox 322 327 467 371; x_wconf 82' lang='lat' dir='ltr'>integros</span> <span class='ocrx_word' id='word_1_14' title='bbox 492 329 623 362; x_wconf 75' lang='lat' dir='ltr'>effectus</span> <span class='ocrx_word' id='word_1_15' title='bbox 649 330 756 362; x_wconf 89' lang='lat' dir='ltr'>sortiri</span> <span class='ocrx_word' id='word_1_16' title='bbox 782 335 813 363; x_wconf 90' lang='lat' dir='ltr'>et</span> <span class='ocrx_word' id='word_1_17' title='bbox 837 329 997 369; x_wconf 86' lang='lat' dir='ltr'>obtinere,</span> 
     </span>
     <span class='ocr_line' id='line_1_6' title="bbox 267 381 1001 426; baseline 0.003 -13"><span class='ocrx_word' id='word_1_18' title='bbox 267 391 304 413; x_wconf 89' lang='lat' dir='ltr'>ac</span> <span class='ocrx_word' id='word_1_19' title='bbox 330 381 403 414; x_wconf 87' lang='lat' dir='ltr'>Sedi</span> <span class='ocrx_word' id='word_1_20' title='bbox 421 388 452 415; x_wconf 90' lang='lat' dir='ltr'>et</span> <span class='ocrx_word' id='word_1_21' title='bbox 471 382 621 416; x_wconf 80' lang='lat' dir='ltr'>Gamerae</span> <span class='ocrx_word' id='word_1_22' title='bbox 647 383 818 426; x_wconf 88' lang='lat' dir='ltr'>praedictis</span> <span class='ocrx_word' id='word_1_23' title='bbox 842 383 874 415; x_wconf 94' lang='lat' dir='ltr'>in</span> <span class='ocrx_word' id='word_1_24' title='bbox 898 383 1001 416; x_wconf 93' lang='lat' dir='ltr'>omni-</span> 
     </span>
     <span class='ocr_line' id='line_1_7' title="bbox 266 433 998 479; baseline 0.001 -13"><span class='ocrx_word' id='word_1_25' title='bbox 266 433 326 466; x_wconf 89' lang='lat' dir='ltr'>bus</span> <span class='ocrx_word' id='word_1_26' title='bbox 343 439 375 467; x_wconf 90' lang='lat' dir='ltr'>et</span> <span class='ocrx_word' id='word_1_27' title='bbox 391 445 451 478; x_wconf 90' lang='lat' dir='ltr'>per</span> <span class='ocrx_word' id='word_1_28' title='bbox 474 436 584 468; x_wconf 87' lang='lat' dir='ltr'>omnia</span> <span class='ocrx_word' id='word_1_29' title='bbox 609 436 798 479; x_wconf 83' lang='lat' dir='ltr'>plenissime</span> <span class='ocrx_word' id='word_1_30' title='bbox 823 435 998 477; x_wconf 79' lang='lat' dir='ltr'>suffragari,</span> 
     </span>
     <span class='ocr_line' id='line_1_8' title="bbox 267 487 1000 532; baseline 0.001 -13"><span class='ocrx_word' id='word_1_31' title='bbox 267 491 299 519; x_wconf 85' lang='lat' dir='ltr'>et</span> <span class='ocrx_word' id='word_1_32' title='bbox 322 487 360 520; x_wconf 84' lang='lat' dir='ltr'>ab</span> <span class='ocrx_word' id='word_1_33' title='bbox 387 487 461 527; x_wconf 92' lang='lat' dir='ltr'>illis,</span> <span class='ocrx_word' id='word_1_34' title='bbox 479 488 516 521; x_wconf 87' lang='lat' dir='ltr'>ad</span> <span class='ocrx_word' id='word_1_35' title='bbox 535 499 615 531; x_wconf 90' lang='lat' dir='ltr'>quos</span> <span class='ocrx_word' id='word_1_36' title='bbox 637 494 763 532; x_wconf 87' lang='lat' dir='ltr'>spectat</span> <span class='ocrx_word' id='word_1_37' title='bbox 787 494 817 522; x_wconf 88' lang='lat' dir='ltr'>et</span> <span class='ocrx_word' id='word_1_38' title='bbox 840 499 898 531; x_wconf 90' lang='lat' dir='ltr'>pro</span> <span class='ocrx_word' id='word_1_39' title='bbox 924 493 1000 521; x_wconf 90' lang='lat' dir='ltr'>tem-</span> 
     </span>
     <span class='ocr_line' id='line_1_9' title="bbox 265 539 1000 583; baseline 0.001 -12"><span class='ocrx_word' id='word_1_40' title='bbox 265 549 346 581; x_wconf 91' lang='lat' dir='ltr'>pore</span> <span class='ocrx_word' id='word_1_41' title='bbox 372 540 640 583; x_wconf 82' lang='lat' dir='ltr'>quandocumque</span> <span class='ocrx_word' id='word_1_42' title='bbox 666 540 841 583; x_wconf 86' lang='lat' dir='ltr'>spectabit,</span> <span class='ocrx_word' id='word_1_43' title='bbox 867 539 1000 573; x_wconf 85' lang='lat' dir='ltr'>inviola-</span> 
     </span>
     <span class='ocr_line' id='line_1_10' title="bbox 264 592 998 636; baseline 0.001 -12"><span class='ocrx_word' id='word_1_44' title='bbox 264 592 375 625; x_wconf 88' lang='lat' dir='ltr'>biliter</span> <span class='ocrx_word' id='word_1_45' title='bbox 398 598 429 626; x_wconf 90' lang='lat' dir='ltr'>et</span> <span class='ocrx_word' id='word_1_46' title='bbox 453 593 644 627; x_wconf 81' lang='lat' dir='ltr'>inconcusse</span> <span class='ocrx_word' id='word_1_47' title='bbox 675 593 860 634; x_wconf 86' lang='lat' dir='ltr'>observari,</span> <span class='ocrx_word' id='word_1_48' title='bbox 889 593 998 636; x_wconf 86' lang='lat' dir='ltr'>sicque</span> 
     </span>
     <span class='ocr_line' id='line_1_11' title="bbox 265 645 997 689; baseline 0.001 -12"><span class='ocrx_word' id='word_1_49' title='bbox 265 650 298 677; x_wconf 87' lang='lat' dir='ltr'>et</span> <span class='ocrx_word' id='word_1_50' title='bbox 321 655 385 678; x_wconf 92' lang='lat' dir='ltr'>non</span> <span class='ocrx_word' id='word_1_51' title='bbox 411 645 504 679; x_wconf 86' lang='lat' dir='ltr'>aliter</span> <span class='ocrx_word' id='word_1_52' title='bbox 534 657 593 689; x_wconf 91' lang='lat' dir='ltr'>per</span> <span class='ocrx_word' id='word_1_53' title='bbox 623 656 842 689; x_wconf 89' lang='lat' dir='ltr'>quoscumque</span> <span class='ocrx_word' id='word_1_54' title='bbox 872 646 997 679; x_wconf 88' lang='lat' dir='ltr'>iudices</span> 
     </span>
     <span class='ocr_line' id='line_1_12' title="bbox 264 697 995 741; baseline 0.001 -12"><span class='ocrx_word' id='word_1_55' title='bbox 264 697 449 731; x_wconf 83' lang='lat' dir='ltr'>ordinarios</span> <span class='ocrx_word' id='word_1_56' title='bbox 467 704 500 731; x_wconf 88' lang='lat' dir='ltr'>et</span> <span class='ocrx_word' id='word_1_57' title='bbox 523 699 697 741; x_wconf 85' lang='lat' dir='ltr'>delegatos,</span> <span class='ocrx_word' id='word_1_58' title='bbox 715 698 808 731; x_wconf 89' lang='lat' dir='ltr'>etiam</span> <span class='ocrx_word' id='word_1_59' title='bbox 826 708 995 730; x_wconf 87' lang='lat' dir='ltr'>causarum</span> 
     </span>
     <span class='ocr_line' id='line_1_13' title="bbox 263 750 995 794; baseline 0.001 -12"><span class='ocrx_word' id='word_1_60' title='bbox 263 750 373 792; x_wconf 83' lang='lat' dir='ltr'>palatii</span> <span class='ocrx_word' id='word_1_61' title='bbox 399 751 567 794; x_wconf 84' lang='lat' dir='ltr'>apostolici</span> <span class='ocrx_word' id='word_1_62' title='bbox 592 751 768 791; x_wconf 74' lang='lat' dir='ltr'>auditores,</span> <span class='ocrx_word' id='word_1_63' title='bbox 789 762 825 783; x_wconf 90' lang='lat' dir='ltr'>ac</span> <span class='ocrx_word' id='word_1_64' title='bbox 851 751 995 783; x_wconf 88' lang='lat' dir='ltr'>eiusdem</span> 
     </span>
     <span class='ocr_line' id='line_1_14' title="bbox 262 802 996 844; baseline 0.001 -9"><span class='ocrx_word' id='word_1_65' title='bbox 262 802 294 835; x_wconf 88' lang='lat' dir='ltr'>S.</span> <span class='ocrx_word' id='word_1_66' title='bbox 318 803 355 836; x_wconf 83' lang='lat' dir='ltr'>R.</span> <span class='ocrx_word' id='word_1_67' title='bbox 377 803 412 836; x_wconf 88' lang='grc' dir='ltr'>Ε.</span> <span class='ocrx_word' id='word_1_68' title='bbox 435 804 625 844; x_wconf 85' lang='lat' dir='ltr'>cardinales,</span> <span class='ocrx_word' id='word_1_69' title='bbox 651 804 746 837; x_wconf 85' lang='lat' dir='ltr'>etiarn</span> <span class='ocrx_word' id='word_1_70' title='bbox 772 804 811 837; x_wconf 92' lang='lat' dir='ltr'>de</span> <span class='ocrx_word' id='word_1_71' title='bbox 837 805 935 837; x_wconf 89' lang='lat' dir='ltr'>latere</span> <span class='ocrx_word' id='word_1_72' title='bbox 957 804 996 836; x_wconf 89' lang='lat' dir='ltr'>le-</span> 
     </span>
     <span class='ocr_line' id='line_1_15' title="bbox 265 857 995 899; baseline 0.001 -11"><span class='ocrx_word' id='word_1_73' title='bbox 265 861 352 898; x_wconf 71' lang='lat' dir='ltr'>⁴gatos</span> <span class='ocrx_word' id='word_1_74' title='bbox 369 862 401 889; x_wconf 85' lang='lat' dir='ltr'>et</span> <span class='ocrx_word' id='word_1_75' title='bbox 420 857 626 899; x_wconf 84' lang='lat' dir='ltr'>Apostolicae</span> <span class='ocrx_word' id='word_1_76' title='bbox 647 857 738 890; x_wconf 90' lang='lat' dir='ltr'>Sedis</span> <span class='ocrx_word' id='word_1_77' title='bbox 759 857 907 897; x_wconf 77' lang='lat' dir='ltr'>nuncios,</span> <span class='ocrx_word' id='word_1_78' title='bbox 926 867 995 890; x_wconf 87' lang='lat' dir='ltr'>nec-</span> 
     </span>
     <span class='ocr_line' id='line_1_16' title="bbox 262 909 995 953; baseline 0 -11"><span class='ocrx_word' id='word_1_79' title='bbox 262 919 329 942; x_wconf 89' lang='lat' dir='ltr'>non</span> <span class='ocrx_word' id='word_1_80' title='bbox 353 909 456 942; x_wconf 86' lang='lat' dir='ltr'>dictae</span> <span class='ocrx_word' id='word_1_81' title='bbox 481 909 632 944; x_wconf 78' lang='lat' dir='ltr'>Gamerae</span> <span class='ocrx_word' id='word_1_82' title='bbox 656 910 880 953; x_wconf 78' lang='lat' dir='ltr'>praesidentes</span> <span class='ocrx_word' id='word_1_83' title='bbox 904 910 995 942; x_wconf 79' lang='lat' dir='ltr'>cleri-</span> 
     </span>
     <span class='ocr_line' id='line_1_17' title="bbox 261 962 995 1005; baseline 0.003 -11"><span class='ocrx_word' id='word_1_84' title='bbox 261 971 327 1002; x_wconf 89' lang='lat' dir='ltr'>cos,</span> <span class='ocrx_word' id='word_1_85' title='bbox 347 972 383 995; x_wconf 87' lang='lat' dir='ltr'>ac</span> <span class='ocrx_word' id='word_1_86' title='bbox 409 962 645 996; x_wconf 82' lang='lat' dir='ltr'>thesaurarium</span> <span class='ocrx_word' id='word_1_87' title='bbox 671 964 880 1005; x_wconf 86' lang='lat' dir='ltr'>generalem,</span> <span class='ocrx_word' id='word_1_88' title='bbox 909 969 995 996; x_wconf 85' lang='lat' dir='ltr'>cete-</span> 
     </span>
     <span class='ocr_line' id='line_1_18' title="bbox 261 1016 993 1058; baseline 0.001 -10"><span class='ocrx_word' id='word_1_89' title='bbox 261 1025 378 1058; x_wconf 85' lang='lat' dir='ltr'>rosque</span> <span class='ocrx_word' id='word_1_90' title='bbox 416 1016 569 1049; x_wconf 83' lang='lat' dir='ltr'>officiales</span> <span class='ocrx_word' id='word_1_91' title='bbox 602 1023 633 1049; x_wconf 90' lang='lat' dir='ltr'>et</span> <span class='ocrx_word' id='word_1_92' title='bbox 657 1016 843 1056; x_wconf 89' lang='lat' dir='ltr'>ministros,</span> <span class='ocrx_word' id='word_1_93' title='bbox 877 1016 993 1049; x_wconf 75' lang='lat' dir='ltr'>aliosve</span> 
     </span>
     <span class='ocr_line' id='line_1_19' title="bbox 260 1068 994 1112; baseline 0 -11"><span class='ocrx_word' id='word_1_94' title='bbox 260 1068 422 1111; x_wconf 87' lang='lat' dir='ltr'>quoslibet</span> <span class='ocrx_word' id='word_1_95' title='bbox 450 1079 650 1112; x_wconf 84' lang='lat' dir='ltr'>quacumque</span> <span class='ocrx_word' id='word_1_96' title='bbox 683 1069 938 1112; x_wconf 69' lang='lat' dir='ltr'>praeeminentia</span> <span class='ocrx_word' id='word_1_97' title='bbox 963 1075 994 1101; x_wconf 87' lang='lat' dir='ltr'>et</span> 
     </span>
     <span class='ocr_line' id='line_1_20' title="bbox 259 1121 994 1164; baseline 0.001 -11"><span class='ocrx_word' id='word_1_98' title='bbox 259 1126 419 1164; x_wconf 80' lang='lat' dir='ltr'>potestate</span> <span class='ocrx_word' id='word_1_99' title='bbox 445 1121 613 1164; x_wconf 77' lang='lat' dir='ltr'>fungentes</span> <span class='ocrx_word' id='word_1_100' title='bbox 630 1128 662 1155; x_wconf 91' lang='lat' dir='ltr'>et</span> <span class='ocrx_word' id='word_1_101' title='bbox 678 1122 852 1162; x_wconf 83' lang='lat' dir='ltr'>suncturos,</span> <span class='ocrx_word' id='word_1_102' title='bbox 870 1122 994 1155; x_wconf 76' lang='lat' dir='ltr'>sublata</span> 
     </span>
     <span class='ocr_line' id='line_1_21' title="bbox 261 1173 993 1217; baseline 0 -11"><span class='ocrx_word' id='word_1_103' title='bbox 261 1173 307 1206; x_wconf 88' lang='lat' dir='ltr'>eis</span> <span class='ocrx_word' id='word_1_104' title='bbox 331 1179 363 1206; x_wconf 87' lang='lat' dir='ltr'>et</span> <span class='ocrx_word' id='word_1_105' title='bbox 386 1184 498 1208; x_wconf 89' lang='lat' dir='ltr'>eorum</span> <span class='ocrx_word' id='word_1_106' title='bbox 522 1174 653 1215; x_wconf 80' lang='lat' dir='ltr'>cuilibet</span> <span class='ocrx_word' id='word_1_107' title='bbox 682 1175 792 1217; x_wconf 86' lang='lat' dir='ltr'>quavis</span> <span class='ocrx_word' id='word_1_108' title='bbox 824 1175 917 1208; x_wconf 88' lang='lat' dir='ltr'>aliter</span> <span class='ocrx_word' id='word_1_109' title='bbox 948 1174 993 1206; x_wconf 93' lang='lat' dir='ltr'>iu-</span> 
     </span>
     <span class='ocr_line' id='line_1_22' title="bbox 261 1225 992 1270; baseline 0 -11"><span class='ocrx_word' id='word_1_110' title='bbox 261 1225 388 1259; x_wconf 88' lang='lat' dir='ltr'>dicandi</span> <span class='ocrx_word' id='word_1_111' title='bbox 413 1232 443 1259; x_wconf 84' lang='lat' dir='ltr'>et</span> <span class='ocrx_word' id='word_1_112' title='bbox 464 1226 697 1270; x_wconf 88' lang='lat' dir='ltr'>interpretandi</span> <span class='ocrx_word' id='word_1_113' title='bbox 723 1227 870 1260; x_wconf 78' lang='lat' dir='ltr'>facultate</span> <span class='ocrx_word' id='word_1_114' title='bbox 888 1232 919 1259; x_wconf 88' lang='lat' dir='ltr'>et</span> <span class='ocrx_word' id='word_1_115' title='bbox 939 1238 992 1259; x_wconf 88' lang='lat' dir='ltr'>au-</span> 
     </span>
     <span class='ocr_line' id='line_1_23' title="bbox 260 1278 992 1319; baseline 0.003 -9"><span class='ocrx_word' id='word_1_116' title='bbox 260 1279 421 1319; x_wconf 86' lang='lat' dir='ltr'>ctoritate,</span> <span class='ocrx_word' id='word_1_117' title='bbox 444 1278 577 1311; x_wconf 88' lang='lat' dir='ltr'>iudicari</span> <span class='ocrx_word' id='word_1_118' title='bbox 603 1284 634 1312; x_wconf 92' lang='lat' dir='ltr'>et</span> <span class='ocrx_word' id='word_1_119' title='bbox 658 1279 783 1312; x_wconf 80' lang='lat' dir='ltr'>definiri</span> <span class='ocrx_word' id='word_1_120' title='bbox 808 1279 939 1319; x_wconf 89' lang='lat' dir='ltr'>debere,</span> <span class='ocrx_word' id='word_1_121' title='bbox 957 1290 992 1312; x_wconf 88' lang='lat' dir='ltr'>ac</span> 
     </span>
     <span class='ocr_line' id='line_1_24' title="bbox 259 1331 992 1375; baseline 0.003 -12"><span class='ocrx_word' id='word_1_122' title='bbox 259 1331 386 1364; x_wconf 86' lang='lat' dir='ltr'>irritum</span> <span class='ocrx_word' id='word_1_123' title='bbox 415 1337 446 1364; x_wconf 88' lang='lat' dir='ltr'>et</span> <span class='ocrx_word' id='word_1_124' title='bbox 469 1331 584 1372; x_wconf 90' lang='lat' dir='ltr'>inane,</span> <span class='ocrx_word' id='word_1_125' title='bbox 611 1332 637 1365; x_wconf 90' lang='lat' dir='ltr'>si</span> <span class='ocrx_word' id='word_1_126' title='bbox 663 1343 754 1365; x_wconf 88' lang='lat' dir='ltr'>secus</span> <span class='ocrx_word' id='word_1_127' title='bbox 779 1344 796 1365; x_wconf 86' lang='lat' dir='ltr'>a</span> <span class='ocrx_word' id='word_1_128' title='bbox 821 1343 992 1375; x_wconf 87' lang='lat' dir='ltr'>quoquam,</span> 
     </span>
     <span class='ocr_line' id='line_1_25' title="bbox 259 1383 993 1428; baseline 0.004 -13"><span class='ocrx_word' id='word_1_129' title='bbox 259 1383 368 1426; x_wconf 89' lang='lat' dir='ltr'>quavis</span> <span class='ocrx_word' id='word_1_130' title='bbox 394 1384 590 1425; x_wconf 86' lang='lat' dir='ltr'>auctoritate,</span> <span class='ocrx_word' id='word_1_131' title='bbox 613 1385 750 1418; x_wconf 86' lang='lat' dir='ltr'>scienter</span> <span class='ocrx_word' id='word_1_132' title='bbox 772 1386 821 1418; x_wconf 85' lang='lat' dir='ltr'>vel</span> <span class='ocrx_word' id='word_1_133' title='bbox 846 1386 993 1428; x_wconf 82' lang='lat' dir='ltr'>ignoran-</span> 
     </span>
     <span class='ocr_line' id='line_1_26' title="bbox 259 1437 697 1479; baseline 0.007 -12"><span class='ocrx_word' id='word_1_134' title='bbox 259 1441 316 1476; x_wconf 89' lang='lat' dir='ltr'>ter,</span> <span class='ocrx_word' id='word_1_135' title='bbox 335 1437 510 1479; x_wconf 82' lang='lat' dir='ltr'>contigerit</span> <span class='ocrx_word' id='word_1_136' title='bbox 533 1437 697 1470; x_wconf 87' lang='lat' dir='ltr'>attentari.</span> 
     </span>
    </p>

    <p class='ocr_par' dir='ltr' id='par_1_5' title="bbox 240 1488 992 2592">
     <span class='ocr_line' id='line_1_27' title="bbox 301 1488 989 1534; baseline 0 -11"><span class='ocrx_word' id='word_1_137' title='bbox 301 1489 316 1532; x_wconf 64' lang='grc' dir='ltr'><strong>ἓ</strong></span> <span class='ocrx_word' id='word_1_138' title='bbox 340 1488 372 1523; x_wconf 81' lang='grc'>3.</span> <span class='ocrx_word' id='word_1_139' title='bbox 398 1488 467 1522; x_wconf 89' lang='lat' dir='ltr'>Non</span> <span class='ocrx_word' id='word_1_140' title='bbox 489 1490 694 1523; x_wconf 84' lang='lat' dir='ltr'>obstantibus</span> <span class='ocrx_word' id='word_1_141' title='bbox 717 1491 910 1534; x_wconf 82' lang='lat' dir='ltr'>praemissis,</span> <span class='ocrx_word' id='word_1_142' title='bbox 942 1502 989 1532; x_wconf 87' lang='lat' dir='ltr'>ac,</span> 
     </span>
     <span class='ocr_line' id='line_1_28' title="bbox 258 1542 992 1586; baseline 0.003 -12"><span class='ocrx_word' id='word_1_143' title='bbox 258 1547 415 1584; x_wconf 86' lang='lat' dir='ltr'>quatenus</span> <span class='ocrx_word' id='word_1_144' title='bbox 440 1552 521 1586; x_wconf 89' lang='lat' dir='ltr'>opus</span> <span class='ocrx_word' id='word_1_145' title='bbox 538 1543 594 1583; x_wconf 89' lang='lat' dir='ltr'>sit,</span> <span class='ocrx_word' id='word_1_146' title='bbox 613 1542 759 1577; x_wconf 86' lang='lat' dir='ltr'>nostrae¹</span> <span class='ocrx_word' id='word_1_147' title='bbox 778 1549 810 1577; x_wconf 90' lang='lat' dir='ltr'>et</span> <span class='ocrx_word' id='word_1_148' title='bbox 827 1543 992 1577; x_wconf 88' lang='lat' dir='ltr'>Cancella-</span> 
     </span>
     <span class='ocr_line' id='line_1_29' title="bbox 257 1595 990 1640; baseline 0.003 -12"><span class='ocrx_word' id='word_1_149' title='bbox 257 1595 324 1628; x_wconf 90' lang='lat' dir='ltr'>riae</span> <span class='ocrx_word' id='word_1_150' title='bbox 342 1596 547 1639; x_wconf 86' lang='lat' dir='ltr'>Apostolicae</span> <span class='ocrx_word' id='word_1_151' title='bbox 569 1598 683 1639; x_wconf 75' lang='lat' dir='ltr'>regula</span> <span class='ocrx_word' id='word_1_152' title='bbox 700 1597 739 1630; x_wconf 90' lang='lat' dir='ltr'>dc</span> <span class='ocrx_word' id='word_1_153' title='bbox 758 1597 826 1630; x_wconf 91' lang='lat' dir='ltr'>iure</span> <span class='ocrx_word' id='word_1_154' title='bbox 844 1598 990 1640; x_wconf 88' lang='lat' dir='ltr'>quaesito</span> 
     </span>
     <span class='ocr_line' id='line_1_30' title="bbox 257 1649 991 1693; baseline 0.003 -12"><span class='ocrx_word' id='word_1_155' title='bbox 257 1658 323 1681; x_wconf 88' lang='lat' dir='ltr'>non</span> <span class='ocrx_word' id='word_1_156' title='bbox 349 1649 505 1689; x_wconf 89' lang='lat' dir='ltr'>tollendo,</span> <span class='ocrx_word' id='word_1_157' title='bbox 531 1654 563 1682; x_wconf 90' lang='lat' dir='ltr'>et</span> <span class='ocrx_word' id='word_1_158' title='bbox 586 1650 723 1693; x_wconf 81' lang='lat' dir='ltr'>praefati</span> <span class='ocrx_word' id='word_1_159' title='bbox 744 1650 788 1682; x_wconf 83' lang='lat' dir='ltr'>Pii</span> <span class='ocrx_word' id='word_1_160' title='bbox 807 1650 843 1683; x_wconf 82' lang='lat' dir='ltr'>lv</span> <span class='ocrx_word' id='word_1_161' title='bbox 861 1651 991 1693; x_wconf 92' lang='lat' dir='ltr'>praede-</span> 
     </span>
     <span class='ocr_line' id='line_1_31' title="bbox 257 1701 990 1746; baseline 0.004 -12"><span class='ocrx_word' id='word_1_162' title='bbox 257 1701 393 1734; x_wconf 85' lang='lat' dir='ltr'>cessoris</span> <span class='ocrx_word' id='word_1_163' title='bbox 412 1702 450 1734; x_wconf 90' lang='lat' dir='ltr'>de</span> <span class='ocrx_word' id='word_1_164' title='bbox 465 1702 585 1744; x_wconf 81' lang='lat' dir='ltr'>gratiis,</span> <span class='ocrx_word' id='word_1_165' title='bbox 605 1703 840 1746; x_wconf 82' lang='lat' dir='ltr'>qualecumque</span> <span class='ocrx_word' id='word_1_166' title='bbox 854 1703 990 1737; x_wconf 86' lang='lat' dir='ltr'>interes-</span> 
     </span>
     <span class='ocr_line' id='line_1_32' title="bbox 255 1753 988 1797; baseline 0.003 -11"><span class='ocrx_word' id='word_1_167' title='bbox 255 1764 289 1787; x_wconf 92' lang='lat' dir='ltr'>se</span> <span class='ocrx_word' id='word_1_168' title='bbox 315 1753 465 1788; x_wconf 82' lang='lat' dir='ltr'>Gamerae</span> <span class='ocrx_word' id='word_1_169' title='bbox 499 1754 684 1797; x_wconf 85' lang='lat' dir='ltr'>praedictae</span> <span class='ocrx_word' id='word_1_170' title='bbox 709 1756 988 1796; x_wconf 82' lang='lat' dir='ltr'>concernentibus,</span> 
     </span>
     <span class='ocr_line' id='line_1_33' title="bbox 256 1807 989 1842; baseline 0.003 -3"><span class='ocrx_word' id='word_1_171' title='bbox 256 1807 289 1840; x_wconf 91' lang='lat' dir='ltr'>in</span> <span class='ocrx_word' id='word_1_172' title='bbox 307 1807 419 1840; x_wconf 76' lang='lat' dir='ltr'>eadem</span> <span class='ocrx_word' id='word_1_173' title='bbox 438 1807 570 1840; x_wconf 57' lang='lat' dir='ltr'>Camere</span> <span class='ocrx_word' id='word_1_174' title='bbox 587 1808 672 1840; x_wconf 90' lang='lat' dir='ltr'>intra</span> <span class='ocrx_word' id='word_1_175' title='bbox 696 1814 820 1841; x_wconf 90' lang='lat' dir='ltr'>certum</span> <span class='ocrx_word' id='word_1_176' title='bbox 847 1814 922 1842; x_wconf 91' lang='lat' dir='ltr'>tunc</span> <span class='ocrx_word' id='word_1_177' title='bbox 937 1820 989 1841; x_wconf 82' lang='lat' dir='ltr'>cx-</span> 
     </span>
     <span class='ocr_line' id='line_1_34' title="bbox 256 1861 989 1904; baseline 0 -11"><span class='ocrx_word' id='word_1_178' title='bbox 256 1871 405 1904; x_wconf 89' lang='lat' dir='ltr'>pressum</span> <span class='ocrx_word' id='word_1_179' title='bbox 432 1866 557 1904; x_wconf 85' lang='lat' dir='ltr'>tempus</span> <span class='ocrx_word' id='word_1_180' title='bbox 582 1861 830 1904; x_wconf 83' lang='lat' dir='ltr'>praesentandis</span> <span class='ocrx_word' id='word_1_181' title='bbox 850 1868 882 1894; x_wconf 86' lang='lat' dir='ltr'>et</span> <span class='ocrx_word' id='word_1_182' title='bbox 906 1862 989 1904; x_wconf 75' lang='lat' dir='ltr'>regi-</span> 
     </span>
     <span class='ocr_line' id='line_1_35' title="bbox 256 1914 986 1957; baseline 0.001 -11"><span class='ocrx_word' id='word_1_183' title='bbox 256 1914 409 1953; x_wconf 86' lang='lat' dir='ltr'>strandis,</span> <span class='ocrx_word' id='word_1_184' title='bbox 425 1914 507 1946; x_wconf 84' lang='lat' dir='ltr'>itaut</span> <span class='ocrx_word' id='word_1_185' title='bbox 525 1920 711 1957; x_wconf 82' lang='lat' dir='ltr'>praesentes</span> <span class='ocrx_word' id='word_1_186' title='bbox 730 1914 853 1947; x_wconf 80' lang='lat' dir='ltr'>litteras</span> <span class='ocrx_word' id='word_1_187' title='bbox 868 1915 986 1947; x_wconf 83' lang='lat' dir='ltr'>ibidem</span> 
     </span>
     <span class='ocr_line' id='line_1_36' title="bbox 254 1967 988 2010; baseline 0.001 -11"><span class='ocrx_word' id='word_1_188' title='bbox 254 1967 457 2009; x_wconf 87' lang='lat' dir='ltr'>praesentari</span> <span class='ocrx_word' id='word_1_189' title='bbox 483 1972 515 1999; x_wconf 92' lang='lat' dir='ltr'>et</span> <span class='ocrx_word' id='word_1_190' title='bbox 538 1967 704 2009; x_wconf 75' lang='lat' dir='ltr'>registrari</span> <span class='ocrx_word' id='word_1_191' title='bbox 738 1978 901 2010; x_wconf 87' lang='lat' dir='ltr'>nunquam</span> <span class='ocrx_word' id='word_1_192' title='bbox 933 1978 988 2000; x_wconf 89' lang='lat' dir='ltr'>ne-</span> 
     </span>
     <span class='ocr_line' id='line_1_37' title="bbox 255 2019 987 2063; baseline 0.001 -11"><span class='ocrx_word' id='word_1_193' title='bbox 255 2029 344 2052; x_wconf 85' lang='lat' dir='ltr'>cesse</span> <span class='ocrx_word' id='word_1_194' title='bbox 374 2020 437 2060; x_wconf 85' lang='lat' dir='ltr'>sit,</span> <span class='ocrx_word' id='word_1_195' title='bbox 469 2019 606 2063; x_wconf 88' lang='lat' dir='ltr'>aliisque</span> <span class='ocrx_word' id='word_1_196' title='bbox 642 2020 924 2053; x_wconf 81' lang='lat' dir='ltr'>constitutionilnis</span> <span class='ocrx_word' id='word_1_197' title='bbox 957 2026 987 2053; x_wconf 87' lang='lat' dir='ltr'>et</span> 
     </span>
     <span class='ocr_line' id='line_1_38' title="bbox 255 2071 987 2115; baseline 0.005 -12"><span class='ocrx_word' id='word_1_198' title='bbox 255 2071 516 2105; x_wconf 81' lang='lat' dir='ltr'>ordinationibus</span> <span class='ocrx_word' id='word_1_199' title='bbox 532 2073 730 2115; x_wconf 85' lang='lat' dir='ltr'>apostolicis,</span> <span class='ocrx_word' id='word_1_200' title='bbox 745 2084 870 2106; x_wconf 88' lang='lat' dir='ltr'>necnon</span> <span class='ocrx_word' id='word_1_201' title='bbox 883 2074 987 2107; x_wconf 83' lang='lat' dir='ltr'>Came·</span> 
     </span>
     <span class='ocr_line' id='line_1_39' title="bbox 254 2127 986 2169; baseline 0.004 -12"><span class='ocrx_word' id='word_1_202' title='bbox 254 2134 309 2158; x_wconf 84' lang='lat' dir='ltr'>rae</span> <span class='ocrx_word' id='word_1_203' title='bbox 334 2135 370 2157; x_wconf 87' lang='lat' dir='ltr'>ac</span> <span class='ocrx_word' id='word_1_204' title='bbox 395 2130 550 2158; x_wconf 83' lang='lat' dir='ltr'>terrarum</span> <span class='ocrx_word' id='word_1_205' title='bbox 568 2129 601 2158; x_wconf 87' lang='lat' dir='ltr'>et</span> <span class='ocrx_word' id='word_1_206' title='bbox 623 2130 800 2158; x_wconf 87' lang='lat' dir='ltr'>castrorum</span> <span class='ocrx_word' id='word_1_207' title='bbox 825 2127 986 2169; x_wconf 82' lang='lat' dir='ltr'>praefato-</span> 
     </span>
     <span class='ocr_line' id='line_1_40' title="bbox 254 2177 984 2221; baseline 0.004 -11"><span class='ocrx_word' id='word_1_208' title='bbox 254 2187 338 2217; x_wconf 88' lang='lat' dir='ltr'>rum,</span> <span class='ocrx_word' id='word_1_209' title='bbox 356 2177 468 2211; x_wconf 90' lang='lat' dir='ltr'>aliisve</span> <span class='ocrx_word' id='word_1_210' title='bbox 492 2177 668 2220; x_wconf 85' lang='lat' dir='ltr'>quibusvis,</span> <span class='ocrx_word' id='word_1_211' title='bbox 683 2177 778 2211; x_wconf 89' lang='lat' dir='ltr'>ctiam</span> <span class='ocrx_word' id='word_1_212' title='bbox 796 2178 984 2221; x_wconf 89' lang='lat' dir='ltr'>iuramento,</span> 
     </span>
     <span class='ocr_line' id='line_1_41' title="bbox 255 2229 987 2275; baseline 0.001 -11"><span class='ocrx_word' id='word_1_213' title='bbox 255 2229 499 2264; x_wconf 79' lang='lat' dir='ltr'>confirmatione</span> <span class='ocrx_word' id='word_1_214' title='bbox 524 2230 711 2273; x_wconf 71' lang='lat' dir='ltr'>apostolica,</span> <span class='ocrx_word' id='word_1_215' title='bbox 730 2232 779 2264; x_wconf 90' lang='lat' dir='ltr'>vel</span> <span class='ocrx_word' id='word_1_216' title='bbox 804 2232 913 2275; x_wconf 89' lang='lat' dir='ltr'>quavis</span> <span class='ocrx_word' id='word_1_217' title='bbox 934 2232 987 2265; x_wconf 84' lang='lat' dir='ltr'>fir-</span> 
     </span>
     <span class='ocr_line' id='line_1_42' title="bbox 253 2283 986 2324; baseline 0.005 -9"><span class='ocrx_word' id='word_1_218' title='bbox 253 2283 363 2316; x_wconf 87' lang='lat' dir='ltr'>mitate</span> <span class='ocrx_word' id='word_1_219' title='bbox 382 2283 444 2316; x_wconf 76' lang='lat' dir='ltr'>alia</span> <span class='ocrx_word' id='word_1_220' title='bbox 463 2283 634 2324; x_wconf 88' lang='lat' dir='ltr'>roboratis,</span> <span class='ocrx_word' id='word_1_221' title='bbox 658 2284 784 2316; x_wconf 86' lang='lat' dir='ltr'>statutis</span> <span class='ocrx_word' id='word_1_222' title='bbox 801 2289 833 2317; x_wconf 86' lang='lat' dir='ltr'>et</span> <span class='ocrx_word' id='word_1_223' title='bbox 853 2296 986 2318; x_wconf 86' lang='lat' dir='ltr'>consuc-</span> 
     </span>
     <span class='ocr_line' id='line_1_43' title="bbox 255 2335 986 2379; baseline 0.004 -11"><span class='ocrx_word' id='word_1_224' title='bbox 255 2336 429 2376; x_wconf 89' lang='lat' dir='ltr'>tudinibus,</span> <span class='ocrx_word' id='word_1_225' title='bbox 455 2341 487 2368; x_wconf 88' lang='lat' dir='ltr'>et</span> <span class='ocrx_word' id='word_1_226' title='bbox 510 2336 599 2379; x_wconf 84' lang='lat' dir='ltr'>stylis</span> <span class='ocrx_word' id='word_1_227' title='bbox 618 2335 783 2378; x_wconf 90' lang='lat' dir='ltr'>etusibus,</span> <span class='ocrx_word' id='word_1_228' title='bbox 808 2337 903 2370; x_wconf 88' lang='lat' dir='ltr'>etiam</span> <span class='ocrx_word' id='word_1_229' title='bbox 928 2339 986 2371; x_wconf 88' lang='lat' dir='ltr'>im-</span> 
     </span>
     <span class='ocr_line' id='line_1_44' title="bbox 244 2385 985 2434; baseline 0.004 -12"><span class='ocrx_word' id='word_1_230' title='bbox 244 2385 533 2430; x_wconf 74' lang='lat' dir='ltr'>memorabilibus,</span> <span class='ocrx_word' id='word_1_231' title='bbox 553 2400 589 2421; x_wconf 90' lang='lat' dir='ltr'>ac</span> <span class='ocrx_word' id='word_1_232' title='bbox 602 2389 857 2434; x_wconf 85' lang='lat' dir='ltr'>quibuscumque</span> <span class='ocrx_word' id='word_1_233' title='bbox 875 2392 985 2425; x_wconf 82' lang='lat' dir='ltr'>decre-</span> 
     </span>
     <span class='ocr_line' id='line_1_45' title="bbox 254 2441 982 2485; baseline 0.004 -11"><span class='ocrx_word' id='word_1_234' title='bbox 254 2442 305 2482; x_wconf 92' lang='lat' dir='ltr'>tis,</span> <span class='ocrx_word' id='word_1_235' title='bbox 315 2442 410 2475; x_wconf 88' lang='lat' dir='ltr'>etiam</span> <span class='ocrx_word' id='word_1_236' title='bbox 424 2441 637 2475; x_wconf 86' lang='lat' dir='ltr'>cameralibus</span> <span class='ocrx_word' id='word_1_237' title='bbox 649 2448 680 2475; x_wconf 90' lang='lat' dir='ltr'>et</span> <span class='ocrx_word' id='word_1_238' title='bbox 689 2443 982 2485; x_wconf 77' lang='lat' dir='ltr'>consistorialibus,</span> 
     </span>
     <span class='ocr_line' id='line_1_46' title="bbox 252 2494 986 2541; baseline 0.007 -15"><span class='ocrx_word' id='word_1_239' title='bbox 252 2494 430 2538; x_wconf 85' lang='lat' dir='ltr'>privilegiis</span> <span class='ocrx_word' id='word_1_240' title='bbox 444 2505 586 2538; x_wconf 87' lang='lat' dir='ltr'>quoque,</span> <span class='ocrx_word' id='word_1_241' title='bbox 598 2494 729 2528; x_wconf 89' lang='lat' dir='ltr'>indultis</span> <span class='ocrx_word' id='word_1_242' title='bbox 745 2501 776 2528; x_wconf 91' lang='lat' dir='ltr'>et</span> <span class='ocrx_word' id='word_1_243' title='bbox 787 2496 899 2529; x_wconf 91' lang='lat' dir='ltr'>litteris</span> <span class='ocrx_word' id='word_1_244' title='bbox 913 2508 986 2541; x_wconf 86' lang='lat' dir='ltr'>apo-</span> 
     </span>
     <span class='ocr_line' id='line_1_47' title="bbox 240 2546 985 2592; baseline 0.004 -11"><span class='ocrx_word' id='word_1_245' title='bbox 240 2546 377 2589; x_wconf 67' lang='lat' dir='ltr'>,stolicis</span> <span class='ocrx_word' id='word_1_246' title='bbox 408 2547 577 2590; x_wconf 77' lang='lat' dir='ltr'>praefatiS,</span> <span class='ocrx_word' id='word_1_247' title='bbox 606 2547 753 2591; x_wconf 86' lang='lat' dir='ltr'>aliisque,</span> <span class='ocrx_word' id='word_1_248' title='bbox 786 2549 985 2592; x_wconf 82' lang='lat' dir='ltr'>quibuslibet</span> 
     </span>
    </p>

    <p class='ocr_par' dir='ltr' id='par_1_6' title="bbox 282 2604 859 2652">
     <span class='ocr_line' id='line_1_48' title="bbox 282 2604 859 2652; baseline 0.003 -17"><span class='ocrx_word' id='word_1_249' title='bbox 282 2608 310 2648; x_wconf 38' lang='lat'>„1¹</span> <span class='ocrx_word' id='word_1_250' title='bbox 323 2608 418 2647; x_wconf 73' lang='lat' dir='ltr'>Aptius</span> <span class='ocrx_word' id='word_1_251' title='bbox 434 2609 496 2649; x_wconf 80' lang='lat' dir='ltr'>lege</span> <span class='ocrx_word' id='word_1_252' title='bbox 514 2611 613 2647; x_wconf 56' lang='lat' dir='ltr'>nostra</span> <span class='ocrx_word' id='word_1_253' title='bbox 633 2615 668 2647; x_wconf 63' lang='lat' dir='ltr'>(tt.</span> <span class='ocrx_word' id='word_1_254' title='bbox 690 2611 738 2652; x_wconf 56' lang='lat' dir='ltr'>r).</span> <span class='ocrx_word' id='word_1_255' title='bbox 858 2604 859 2608; x_wconf 39' lang='lat'>¹</span> 
     </span>
    </p>
   </div>
   <div class='ocr_carea' id='block_1_5' title="bbox 845 226 1180 253">
    <p class='ocr_par' dir='ltr' id='par_1_7' title="bbox 845 226 1180 253">
     <span class='ocr_line' id='line_1_49' title="bbox 845 226 1180 253; baseline -0.003 -1"><span class='ocrx_word' id='word_1_256' title='bbox 845 229 898 253; x_wconf 70' lang='lat' dir='ltr'>mu</span> <span class='ocrx_word' id='word_1_257' title='bbox 903 226 1055 252; x_wconf 65' lang='lat' dir='ltr'>ocmwms</span> <span class='ocrx_word' id='word_1_258' title='bbox 1076 228 1106 251; x_wconf 77' lang='lat' dir='ltr'>XI</span> <span class='ocrx_word' id='word_1_259' title='bbox 1131 227 1180 251; x_wconf 66' lang='lat' dir='ltr'>Pr.</span> 
     </span>
    </p>
   </div>
   <div class='ocr_carea' id='block_1_6' title="bbox 1012 279 1023 1278">
    <p class='ocr_par' dir='ltr' id='par_1_8' title="bbox 1012 279 1023 1278">
     <span class='ocr_line' id='line_1_50' title="bbox 1012 279 1023 1278; baseline 0 0"><span class='ocrx_word' id='word_1_260' title='bbox 1012 279 1023 1278; x_wconf 95' lang='lat' dir='ltr'> </span> 
     </span>
    </p>
   </div>
   <div class='ocr_carea' id='block_1_7' title="bbox 1653 218 1734 252">
    <p class='ocr_par' dir='ltr' id='par_1_9' title="bbox 1653 218 1734 252">
     <span class='ocr_line' id='line_1_51' title="bbox 1653 218 1734 252; baseline 0 0"><span class='ocrx_word' id='word_1_261' title='bbox 1653 218 1734 252; x_wconf 57' lang='lat'>&gt;607</span> 
     </span>
    </p>
   </div>
   <div class='ocr_carea' id='block_1_8' title="bbox 1029 273 1777 2119">
    <p class='ocr_par' dir='ltr' id='par_1_10' title="bbox 1031 273 1775 1906">
     <span class='ocr_line' id='line_1_52' title="bbox 1042 273 1775 318; baseline 0.001 -10"><span class='ocrx_word' id='word_1_262' title='bbox 1042 274 1192 317; x_wconf 88' lang='lat' dir='ltr'>personis</span> <span class='ocrx_word' id='word_1_263' title='bbox 1224 279 1256 308; x_wconf 90' lang='lat' dir='ltr'>et</span> <span class='ocrx_word' id='word_1_264' title='bbox 1276 274 1369 316; x_wconf 88' lang='lat' dir='ltr'>locis,</span> <span class='ocrx_word' id='word_1_265' title='bbox 1396 274 1491 308; x_wconf 86' lang='lat' dir='ltr'>etiam</span> <span class='ocrx_word' id='word_1_266' title='bbox 1516 273 1664 318; x_wconf 77' lang='lat' dir='ltr'>specifica</span> <span class='ocrx_word' id='word_1_267' title='bbox 1680 281 1711 308; x_wconf 88' lang='lat' dir='ltr'>et</span> <span class='ocrx_word' id='word_1_268' title='bbox 1728 276 1775 309; x_wconf 95' lang='lat' dir='ltr'>in-</span> 
     </span>
     <span class='ocr_line' id='line_1_53' title="bbox 1043 327 1774 372; baseline 0.001 -12"><span class='ocrx_word' id='word_1_269' title='bbox 1043 327 1170 361; x_wconf 74' lang='lat' dir='ltr'>dividua</span> <span class='ocrx_word' id='word_1_270' title='bbox 1206 328 1372 362; x_wconf 86' lang='lat' dir='ltr'>mentione</span> <span class='ocrx_word' id='word_1_271' title='bbox 1401 328 1529 371; x_wconf 80' lang='lat' dir='ltr'>dignis,</span> <span class='ocrx_word' id='word_1_272' title='bbox 1556 328 1614 361; x_wconf 88' lang='lat' dir='ltr'>sub</span> <span class='ocrx_word' id='word_1_273' title='bbox 1646 329 1774 372; x_wconf 87' lang='lat' dir='ltr'>quibus-</span> 
     </span>
     <span class='ocr_line' id='line_1_54' title="bbox 1042 381 1770 424; baseline 0.004 -12"><span class='ocrx_word' id='word_1_274' title='bbox 1042 387 1180 424; x_wconf 87' lang='lat' dir='ltr'>cumque</span> <span class='ocrx_word' id='word_1_275' title='bbox 1200 381 1372 414; x_wconf 91' lang='lat' dir='ltr'>verborum</span> <span class='ocrx_word' id='word_1_276' title='bbox 1397 381 1565 415; x_wconf 85' lang='lat' dir='ltr'>tenoribus</span> <span class='ocrx_word' id='word_1_277' title='bbox 1590 386 1621 414; x_wconf 90' lang='lat' dir='ltr'>et</span> <span class='ocrx_word' id='word_1_278' title='bbox 1645 381 1770 423; x_wconf 80' lang='lat' dir='ltr'>formis,</span> 
     </span>
     <span class='ocr_line' id='line_1_55' title="bbox 1042 434 1773 477; baseline 0.004 -12"><span class='ocrx_word' id='word_1_279' title='bbox 1042 442 1078 465; x_wconf 84' lang='lat' dir='ltr'>ac</span> <span class='ocrx_word' id='word_1_280' title='bbox 1098 444 1171 467; x_wconf 90' lang='lat' dir='ltr'>cum</span> <span class='ocrx_word' id='word_1_281' title='bbox 1189 434 1356 477; x_wconf 90' lang='lat' dir='ltr'>quibusvis</span> <span class='ocrx_word' id='word_1_282' title='bbox 1383 434 1478 468; x_wconf 88' lang='lat' dir='ltr'>etiam</span> <span class='ocrx_word' id='word_1_283' title='bbox 1496 434 1773 477; x_wconf 82' lang='lat' dir='ltr'>derogatoriarum</span> 
     </span>
     <span class='ocr_line' id='line_1_56' title="bbox 1042 485 1774 531; baseline 0.004 -13"><span class='ocrx_word' id='word_1_284' title='bbox 1042 485 1278 529; x_wconf 60' lang='lat' dir='ltr'>derogatortis,</span> <span class='ocrx_word' id='word_1_285' title='bbox 1309 487 1444 531; x_wconf 86' lang='lat' dir='ltr'>aliisque</span> <span class='ocrx_word' id='word_1_286' title='bbox 1477 487 1709 522; x_wconf 81' lang='lat' dir='ltr'>efficacioribus</span> <span class='ocrx_word' id='word_1_287' title='bbox 1742 494 1774 522; x_wconf 90' lang='lat' dir='ltr'>et</span> 
     </span>
     <span class='ocr_line' id='line_1_57' title="bbox 1041 537 1771 584; baseline 0.005 -14"><span class='ocrx_word' id='word_1_288' title='bbox 1041 537 1178 571; x_wconf 89' lang='lat' dir='ltr'>insolitis</span> <span class='ocrx_word' id='word_1_289' title='bbox 1190 540 1351 580; x_wconf 81' lang='lat' dir='ltr'>clausulis,</span> <span class='ocrx_word' id='word_1_290' title='bbox 1366 540 1636 584; x_wconf 87' lang='lat' dir='ltr'>irritantibusque</span> <span class='ocrx_word' id='word_1_291' title='bbox 1653 546 1684 574; x_wconf 90' lang='lat' dir='ltr'>et</span> <span class='ocrx_word' id='word_1_292' title='bbox 1700 541 1771 574; x_wconf 89' lang='lat' dir='ltr'>aliis</span> 
     </span>
     <span class='ocr_line' id='line_1_58' title="bbox 1041 589 1772 637; baseline 0.007 -15"><span class='ocrx_word' id='word_1_293' title='bbox 1041 589 1189 631; x_wconf 89' lang='lat' dir='ltr'>decretis,</span> <span class='ocrx_word' id='word_1_294' title='bbox 1205 592 1238 624; x_wconf 90' lang='lat' dir='ltr'>in</span> <span class='ocrx_word' id='word_1_295' title='bbox 1262 603 1382 634; x_wconf 86' lang='lat' dir='ltr'>genere</span> <span class='ocrx_word' id='word_1_296' title='bbox 1405 594 1455 626; x_wconf 90' lang='lat' dir='ltr'>vel</span> <span class='ocrx_word' id='word_1_297' title='bbox 1480 593 1512 626; x_wconf 93' lang='lat' dir='ltr'>in</span> <span class='ocrx_word' id='word_1_298' title='bbox 1537 594 1658 637; x_wconf 89' lang='lat' dir='ltr'>specie,</span> <span class='ocrx_word' id='word_1_299' title='bbox 1677 594 1772 627; x_wconf 87' lang='lat' dir='ltr'>etiarn</span> 
     </span>
     <span class='ocr_line' id='line_1_59' title="bbox 1040 643 1770 690; baseline 0.008 -16"><span class='ocrx_word' id='word_1_300' title='bbox 1040 648 1138 683; x_wconf 91' lang='lat' dir='ltr'>motu,</span> <span class='ocrx_word' id='word_1_301' title='bbox 1157 643 1295 677; x_wconf 73' lang='lat' dir='ltr'>scientia</span> <span class='ocrx_word' id='word_1_302' title='bbox 1319 650 1350 678; x_wconf 89' lang='lat' dir='ltr'>et</span> <span class='ocrx_word' id='word_1_303' title='bbox 1374 646 1544 689; x_wconf 77' lang='lat' dir='ltr'>potestat-is</span> <span class='ocrx_word' id='word_1_304' title='bbox 1565 647 1770 690; x_wconf 87' lang='lat' dir='ltr'>plenitudine</span> 
     </span>
     <span class='ocr_line' id='line_1_60' title="bbox 1039 696 1772 744; baseline 0.01 -17"><span class='ocrx_word' id='word_1_305' title='bbox 1039 696 1181 738; x_wconf 87' lang='lat' dir='ltr'>paribus,</span> <span class='ocrx_word' id='word_1_306' title='bbox 1201 707 1235 729; x_wconf 90' lang='lat' dir='ltr'>ac</span> <span class='ocrx_word' id='word_1_307' title='bbox 1252 698 1537 739; x_wconf 87' lang='lat' dir='ltr'>consistorialiter,</span> <span class='ocrx_word' id='word_1_308' title='bbox 1556 706 1587 733; x_wconf 89' lang='lat' dir='ltr'>et</span> <span class='ocrx_word' id='word_1_309' title='bbox 1603 700 1680 733; x_wconf 75' lang='lat' dir='ltr'>alias</span> <span class='ocrx_word' id='word_1_310' title='bbox 1696 711 1772 744; x_wconf 91' lang='lat' dir='ltr'>quo-</span> 
     </span>
     <span class='ocr_line' id='line_1_61' title="bbox 1038 749 1772 795; baseline 0.01 -15"><span class='ocrx_word' id='word_1_311' title='bbox 1038 749 1217 782; x_wconf 88' lang='lat' dir='ltr'>modolibet</span> <span class='ocrx_word' id='word_1_312' title='bbox 1235 750 1267 782; x_wconf 92' lang='lat' dir='ltr'>in</span> <span class='ocrx_word' id='word_1_313' title='bbox 1293 752 1492 785; x_wconf 86' lang='lat' dir='ltr'>contrarium</span> <span class='ocrx_word' id='word_1_314' title='bbox 1517 754 1772 795; x_wconf 88' lang='lat' dir='ltr'>praemissorum</span> 
     </span>
     <span class='ocr_line' id='line_1_62' title="bbox 1038 802 1772 849; baseline 0.011 -17"><span class='ocrx_word' id='word_1_315' title='bbox 1038 802 1210 842; x_wconf 88' lang='lat' dir='ltr'>concessis,</span> <span class='ocrx_word' id='word_1_316' title='bbox 1229 808 1262 835; x_wconf 89' lang='lat' dir='ltr'>et</span> <span class='ocrx_word' id='word_1_317' title='bbox 1281 803 1403 846; x_wconf 88' lang='lat' dir='ltr'>pluries</span> <span class='ocrx_word' id='word_1_318' title='bbox 1427 804 1635 845; x_wconf 78' lang='lat' dir='ltr'>confirmatis,</span> <span class='ocrx_word' id='word_1_319' title='bbox 1655 817 1772 849; x_wconf 91' lang='lat' dir='ltr'>appro-</span> 
     </span>
     <span class='ocr_line' id='line_1_63' title="bbox 1037 853 1773 900; baseline 0.01 -15"><span class='ocrx_word' id='word_1_320' title='bbox 1037 853 1120 886; x_wconf 87' lang='lat' dir='ltr'>batis</span> <span class='ocrx_word' id='word_1_321' title='bbox 1146 859 1178 886; x_wconf 88' lang='lat' dir='ltr'>et</span> <span class='ocrx_word' id='word_1_322' title='bbox 1208 854 1389 896; x_wconf 65' lang='lat' dir='ltr'>innovans,</span> <span class='ocrx_word' id='word_1_323' title='bbox 1415 856 1532 900; x_wconf 91' lang='lat' dir='ltr'>quibus</span> <span class='ocrx_word' id='word_1_324' title='bbox 1564 858 1712 891; x_wconf 86' lang='lat' dir='ltr'>omnibus</span> <span class='ocrx_word' id='word_1_325' title='bbox 1742 865 1773 892; x_wconf 87' lang='lat' dir='ltr'>et</span> 
     </span>
     <span class='ocr_line' id='line_1_64' title="bbox 1037 906 1772 952; baseline 0.008 -14"><span class='ocrx_word' id='word_1_326' title='bbox 1037 906 1181 949; x_wconf 85' lang='lat' dir='ltr'>singulis,</span> <span class='ocrx_word' id='word_1_327' title='bbox 1210 908 1335 941; x_wconf 86' lang='lat' dir='ltr'>etiamsi</span> <span class='ocrx_word' id='word_1_328' title='bbox 1360 919 1419 952; x_wconf 91' lang='lat' dir='ltr'>pro</span> <span class='ocrx_word' id='word_1_329' title='bbox 1448 909 1618 943; x_wconf 82' lang='lat' dir='ltr'>sufficienti</span> <span class='ocrx_word' id='word_1_330' title='bbox 1644 911 1772 945; x_wconf 89' lang='lat' dir='ltr'>illorum</span> 
     </span>
     <span class='ocr_line' id='line_1_65' title="bbox 1037 959 1772 1007; baseline 0.008 -16"><span class='ocrx_word' id='word_1_331' title='bbox 1037 959 1272 1002; x_wconf 85' lang='lat' dir='ltr'>derogatione,</span> <span class='ocrx_word' id='word_1_332' title='bbox 1309 961 1349 995; x_wconf 95' lang='lat' dir='ltr'>de</span> <span class='ocrx_word' id='word_1_333' title='bbox 1387 962 1450 995; x_wconf 89' lang='lat' dir='ltr'>illis</span> <span class='ocrx_word' id='word_1_334' title='bbox 1486 973 1664 1007; x_wconf 89' lang='lat' dir='ltr'>eorumque</span> <span class='ocrx_word' id='word_1_335' title='bbox 1698 965 1772 998; x_wconf 88' lang='lat' dir='ltr'>totis</span> 
     </span>
     <span class='ocr_line' id='line_1_66' title="bbox 1037 1012 1771 1060; baseline 0.008 -16"><span class='ocrx_word' id='word_1_336' title='bbox 1037 1012 1204 1046; x_wconf 90' lang='lat' dir='ltr'>tenoribus</span> <span class='ocrx_word' id='word_1_337' title='bbox 1227 1014 1391 1057; x_wconf 89' lang='lat' dir='ltr'>specialis,</span> <span class='ocrx_word' id='word_1_338' title='bbox 1422 1015 1590 1059; x_wconf 81' lang='lat' dir='ltr'>specifica,</span> <span class='ocrx_word' id='word_1_339' title='bbox 1618 1027 1771 1060; x_wconf 80' lang='lat' dir='ltr'>expressa</span> 
     </span>
     <span class='ocr_line' id='line_1_67' title="bbox 1036 1065 1768 1112; baseline 0.008 -15"><span class='ocrx_word' id='word_1_340' title='bbox 1036 1070 1069 1097; x_wconf 91' lang='lat' dir='ltr'>et</span> <span class='ocrx_word' id='word_1_341' title='bbox 1100 1065 1280 1108; x_wconf 88' lang='lat' dir='ltr'>individua,</span> <span class='ocrx_word' id='word_1_342' title='bbox 1306 1078 1342 1100; x_wconf 91' lang='lat' dir='ltr'>ac</span> <span class='ocrx_word' id='word_1_343' title='bbox 1366 1068 1405 1101; x_wconf 87' lang='lat' dir='ltr'>de</span> <span class='ocrx_word' id='word_1_344' title='bbox 1432 1069 1530 1102; x_wconf 89' lang='lat' dir='ltr'>verbo</span> <span class='ocrx_word' id='word_1_345' title='bbox 1559 1070 1598 1102; x_wconf 85' lang='lat' dir='ltr'>ad</span> <span class='ocrx_word' id='word_1_346' title='bbox 1622 1070 1768 1112; x_wconf 84' lang='lat' dir='ltr'>verbum,</span> 
     </span>
     <span class='ocr_line' id='line_1_68' title="bbox 1037 1121 1772 1164; baseline 0.008 -14"><span class='ocrx_word' id='word_1_347' title='bbox 1037 1129 1101 1151; x_wconf 91' lang='lat' dir='ltr'>non</span> <span class='ocrx_word' id='word_1_348' title='bbox 1120 1125 1227 1153; x_wconf 87' lang='lat' dir='ltr'>autem</span> <span class='ocrx_word' id='word_1_349' title='bbox 1245 1131 1304 1164; x_wconf 92' lang='lat' dir='ltr'>per</span> <span class='ocrx_word' id='word_1_350' title='bbox 1321 1121 1482 1155; x_wconf 84' lang='lat' dir='ltr'>clausulas</span> <span class='ocrx_word' id='word_1_351' title='bbox 1499 1124 1668 1164; x_wconf 80' lang='lat' dir='ltr'>generales</span> <span class='ocrx_word' id='word_1_352' title='bbox 1687 1123 1772 1157; x_wconf 89' lang='lat' dir='ltr'>idem</span> 
     </span>
     <span class='ocr_line' id='line_1_69' title="bbox 1036 1171 1772 1218; baseline 0.008 -15"><span class='ocrx_word' id='word_1_353' title='bbox 1036 1171 1273 1214; x_wconf 88' lang='lat' dir='ltr'>importantes,</span> <span class='ocrx_word' id='word_1_354' title='bbox 1299 1174 1421 1207; x_wconf 86' lang='lat' dir='ltr'>mentio</span> <span class='ocrx_word' id='word_1_355' title='bbox 1457 1185 1514 1208; x_wconf 88' lang='lat' dir='ltr'>seu</span> <span class='ocrx_word' id='word_1_356' title='bbox 1547 1176 1678 1218; x_wconf 83' lang='lat' dir='ltr'>quaevis</span> <span class='ocrx_word' id='word_1_357' title='bbox 1709 1176 1772 1209; x_wconf 86' lang='lat' dir='ltr'>alia</span> 
     </span>
     <span class='ocr_line' id='line_1_70' title="bbox 1036 1225 1771 1272; baseline 0.01 -16"><span class='ocrx_word' id='word_1_358' title='bbox 1036 1225 1201 1268; x_wconf 78' lang='lat' dir='ltr'>expressio</span> <span class='ocrx_word' id='word_1_359' title='bbox 1228 1226 1378 1260; x_wconf 85' lang='lat' dir='ltr'>habenda</span> <span class='ocrx_word' id='word_1_360' title='bbox 1398 1233 1451 1260; x_wconf 89' lang='lat' dir='ltr'>aut</span> <span class='ocrx_word' id='word_1_361' title='bbox 1477 1229 1583 1272; x_wconf 86' lang='lat' dir='ltr'>aliqua</span> <span class='ocrx_word' id='word_1_362' title='bbox 1619 1230 1681 1262; x_wconf 90' lang='lat' dir='ltr'>alia</span> <span class='ocrx_word' id='word_1_363' title='bbox 1718 1241 1771 1263; x_wconf 82' lang='lat' dir='ltr'>ex-</span> 
     </span>
     <span class='ocr_line' id='line_1_71' title="bbox 1035 1278 1767 1325; baseline 0.01 -15"><span class='ocrx_word' id='word_1_364' title='bbox 1035 1278 1153 1320; x_wconf 87' lang='lat' dir='ltr'>quisita</span> <span class='ocrx_word' id='word_1_365' title='bbox 1184 1280 1287 1313; x_wconf 83' lang='lat' dir='ltr'>forma</span> <span class='ocrx_word' id='word_1_366' title='bbox 1318 1281 1356 1313; x_wconf 89' lang='lat' dir='ltr'>ad</span> <span class='ocrx_word' id='word_1_367' title='bbox 1389 1281 1451 1314; x_wconf 92' lang='lat' dir='ltr'>hoc</span> <span class='ocrx_word' id='word_1_368' title='bbox 1475 1283 1631 1316; x_wconf 85' lang='lat' dir='ltr'>servanda</span> <span class='ocrx_word' id='word_1_369' title='bbox 1661 1284 1767 1325; x_wconf 86' lang='lat' dir='ltr'>soret,</span> 
     </span>
     <span class='ocr_line' id='line_1_72' title="bbox 1035 1332 1770 1374; baseline 0.011 -12"><span class='ocrx_word' id='word_1_370' title='bbox 1035 1335 1166 1364; x_wconf 87' lang='lat' dir='ltr'>tenores</span> <span class='ocrx_word' id='word_1_371' title='bbox 1192 1332 1400 1374; x_wconf 86' lang='lat' dir='ltr'>huiusmodi,</span> <span class='ocrx_word' id='word_1_372' title='bbox 1427 1344 1463 1367; x_wconf 84' lang='lat' dir='ltr'>ac</span> <span class='ocrx_word' id='word_1_373' title='bbox 1488 1334 1513 1367; x_wconf 91' lang='lat' dir='ltr'>si</span> <span class='ocrx_word' id='word_1_374' title='bbox 1544 1336 1582 1369; x_wconf 90' lang='lat' dir='ltr'>de</span> <span class='ocrx_word' id='word_1_375' title='bbox 1608 1337 1705 1369; x_wconf 88' lang='lat' dir='ltr'>verbo</span> <span class='ocrx_word' id='word_1_376' title='bbox 1730 1337 1770 1369; x_wconf 89' lang='lat' dir='ltr'>ad</span> 
     </span>
     <span class='ocr_line' id='line_1_73' title="bbox 1035 1383 1771 1428; baseline 0.011 -14"><span class='ocrx_word' id='word_1_377' title='bbox 1035 1383 1180 1424; x_wconf 90' lang='lat' dir='ltr'>verbum,</span> <span class='ocrx_word' id='word_1_378' title='bbox 1200 1384 1281 1418; x_wconf 87' lang='lat' dir='ltr'>nihil</span> <span class='ocrx_word' id='word_1_379' title='bbox 1308 1387 1437 1428; x_wconf 89' lang='lat' dir='ltr'>penitus</span> <span class='ocrx_word' id='word_1_380' title='bbox 1463 1387 1594 1428; x_wconf 86' lang='lat' dir='ltr'>omisso,</span> <span class='ocrx_word' id='word_1_381' title='bbox 1618 1394 1650 1421; x_wconf 89' lang='lat' dir='ltr'>et</span> <span class='ocrx_word' id='word_1_382' title='bbox 1667 1390 1771 1422; x_wconf 71' lang='lat' dir='ltr'>forma</span> 
     </span>
     <span class='ocr_line' id='line_1_74' title="bbox 1035 1434 1769 1483; baseline 0.01 -16"><span class='ocrx_word' id='word_1_383' title='bbox 1035 1434 1066 1467; x_wconf 90' lang='lat' dir='ltr'>in</span> <span class='ocrx_word' id='word_1_384' title='bbox 1092 1435 1156 1469; x_wconf 91' lang='lat' dir='ltr'>illis</span> <span class='ocrx_word' id='word_1_385' title='bbox 1181 1437 1298 1470; x_wconf 75' lang='lat' dir='ltr'>tradita</span> <span class='ocrx_word' id='word_1_386' title='bbox 1315 1437 1493 1479; x_wconf 76' lang='lat' dir='ltr'>observata,</span> <span class='ocrx_word' id='word_1_387' title='bbox 1510 1440 1769 1483; x_wconf 78' lang='lat' dir='ltr'>exprimerentur</span> 
     </span>
     <span class='ocr_line' id='line_1_75' title="bbox 1035 1488 1769 1538; baseline 0.011 -18"><span class='ocrx_word' id='word_1_388' title='bbox 1035 1494 1066 1521; x_wconf 87' lang='lat' dir='ltr'>et</span> <span class='ocrx_word' id='word_1_389' title='bbox 1088 1488 1322 1531; x_wconf 87' lang='lat' dir='ltr'>insererentur,</span> <span class='ocrx_word' id='word_1_390' title='bbox 1342 1492 1572 1534; x_wconf 85' lang='lat' dir='ltr'>praesentibus</span> <span class='ocrx_word' id='word_1_391' title='bbox 1592 1504 1649 1537; x_wconf 88' lang='lat' dir='ltr'>pro</span> <span class='ocrx_word' id='word_1_392' title='bbox 1670 1496 1769 1538; x_wconf 90' lang='lat' dir='ltr'>plene</span> 
     </span>
     <span class='ocr_line' id='line_1_76' title="bbox 1034 1542 1769 1588; baseline 0.008 -14"><span class='ocrx_word' id='word_1_393' title='bbox 1034 1547 1065 1574; x_wconf 90' lang='lat' dir='ltr'>et</span> <span class='ocrx_word' id='word_1_394' title='bbox 1090 1542 1289 1577; x_wconf 84' lang='lat' dir='ltr'>sufficienter</span> <span class='ocrx_word' id='word_1_395' title='bbox 1309 1546 1472 1588; x_wconf 78' lang='lat' dir='ltr'>expressis</span> <span class='ocrx_word' id='word_1_396' title='bbox 1498 1552 1529 1579; x_wconf 91' lang='lat' dir='ltr'>et</span> <span class='ocrx_word' id='word_1_397' title='bbox 1560 1547 1687 1580; x_wconf 88' lang='lat' dir='ltr'>insertis</span> <span class='ocrx_word' id='word_1_398' title='bbox 1712 1548 1769 1581; x_wconf 89' lang='lat' dir='ltr'>ha-</span> 
     </span>
     <span class='ocr_line' id='line_1_77' title="bbox 1034 1595 1769 1643; baseline 0.008 -16"><span class='ocrx_word' id='word_1_399' title='bbox 1034 1595 1159 1636; x_wconf 88' lang='lat' dir='ltr'>bentes,</span> <span class='ocrx_word' id='word_1_400' title='bbox 1173 1596 1237 1629; x_wconf 90' lang='lat' dir='ltr'>illis</span> <span class='ocrx_word' id='word_1_401' title='bbox 1255 1597 1332 1630; x_wconf 77' lang='lat' dir='ltr'>alias</span> <span class='ocrx_word' id='word_1_402' title='bbox 1349 1598 1379 1630; x_wconf 92' lang='lat' dir='ltr'>in</span> <span class='ocrx_word' id='word_1_403' title='bbox 1403 1609 1460 1631; x_wconf 88' lang='lat' dir='ltr'>suo</span> <span class='ocrx_word' id='word_1_404' title='bbox 1485 1599 1603 1632; x_wconf 88' lang='lat' dir='ltr'>robore</span> <span class='ocrx_word' id='word_1_405' title='bbox 1622 1611 1769 1643; x_wconf 82' lang='lat' dir='ltr'>perman·</span> 
     </span>
     <span class='ocr_line' id='line_1_78' title="bbox 1033 1648 1768 1693; baseline 0.01 -14"><span class='ocrx_word' id='word_1_406' title='bbox 1033 1648 1124 1688; x_wconf 85' lang='lat' dir='ltr'>suris,</span> <span class='ocrx_word' id='word_1_407' title='bbox 1155 1648 1194 1682; x_wconf 90' lang='lat' dir='ltr'>ad</span> <span class='ocrx_word' id='word_1_408' title='bbox 1226 1650 1479 1692; x_wconf 81' lang='lat' dir='ltr'>praemissorum</span> <span class='ocrx_word' id='word_1_409' title='bbox 1510 1652 1673 1693; x_wconf 84' lang='lat' dir='ltr'>ess&#39;ectum,</span> <span class='ocrx_word' id='word_1_410' title='bbox 1709 1654 1768 1687; x_wconf 85' lang='lat' dir='ltr'>hac</span> 
     </span>
     <span class='ocr_line' id='line_1_79' title="bbox 1033 1700 1767 1749; baseline 0.011 -17"><span class='ocrx_word' id='word_1_411' title='bbox 1033 1700 1100 1733; x_wconf 91' lang='lat' dir='ltr'>vice</span> <span class='ocrx_word' id='word_1_412' title='bbox 1123 1701 1296 1743; x_wconf 76' lang='lat' dir='ltr'>dumtaxat,</span> <span class='ocrx_word' id='word_1_413' title='bbox 1324 1704 1512 1746; x_wconf 76' lang='lat' dir='ltr'>specialiter</span> <span class='ocrx_word' id='word_1_414' title='bbox 1545 1710 1577 1738; x_wconf 90' lang='lat' dir='ltr'>et</span> <span class='ocrx_word' id='word_1_415' title='bbox 1613 1716 1767 1749; x_wconf 80' lang='lat' dir='ltr'>expresse</span> 
     </span>
     <span class='ocr_line' id='line_1_80' title="bbox 1033 1753 1768 1801; baseline 0.01 -16"><span class='ocrx_word' id='word_1_416' title='bbox 1033 1753 1241 1796; x_wconf 81' lang='lat' dir='ltr'>derogamus,</span> <span class='ocrx_word' id='word_1_417' title='bbox 1269 1766 1306 1788; x_wconf 88' lang='lat' dir='ltr'>ac</span> <span class='ocrx_word' id='word_1_418' title='bbox 1331 1757 1518 1799; x_wconf 89' lang='lat' dir='ltr'>plenissime</span> <span class='ocrx_word' id='word_1_419' title='bbox 1544 1763 1575 1790; x_wconf 89' lang='lat' dir='ltr'>et</span> <span class='ocrx_word' id='word_1_420' title='bbox 1608 1759 1768 1801; x_wconf 88' lang='lat' dir='ltr'>amplissi-</span> 
     </span>
     <span class='ocr_line' id='line_1_81' title="bbox 1032 1808 1767 1855; baseline 0.007 -16"><span class='ocrx_word' id='word_1_421' title='bbox 1032 1817 1082 1839; x_wconf 91' lang='lat' dir='ltr'>me</span> <span class='ocrx_word' id='word_1_422' title='bbox 1101 1808 1288 1850; x_wconf 85' lang='lat' dir='ltr'>derogatum</span> <span class='ocrx_word' id='word_1_423' title='bbox 1308 1819 1380 1842; x_wconf 89' lang='lat' dir='ltr'>esse</span> <span class='ocrx_word' id='word_1_424' title='bbox 1397 1811 1564 1851; x_wconf 85' lang='lat' dir='ltr'>volumus;</span> <span class='ocrx_word' id='word_1_425' title='bbox 1584 1812 1767 1855; x_wconf 89' lang='lat' dir='ltr'>ceterisque</span> 
     </span>
     <span class='ocr_line' id='line_1_82' title="bbox 1031 1861 1487 1906; baseline 0.007 -14"><span class='ocrx_word' id='word_1_426' title='bbox 1031 1861 1201 1894; x_wconf 84' lang='lat' dir='ltr'>contrariis</span> <span class='ocrx_word' id='word_1_427' title='bbox 1215 1861 1487 1906; x_wconf 88' lang='lat' dir='ltr'>quibuscumque.</span> 
     </span>
    </p>

    <p class='ocr_par' dir='ltr' id='par_1_11' title="bbox 1029 1913 1777 2063">
     <span class='ocr_line' id='line_1_83' title="bbox 1073 1913 1767 1958; baseline 0.009 -13"><span class='ocrx_word' id='word_1_428' title='bbox 1073 1913 1189 1946; x_wconf 89' lang='lat' dir='ltr'>Datum</span> <span class='ocrx_word' id='word_1_429' title='bbox 1213 1914 1353 1955; x_wconf 84' lang='lat' dir='ltr'>Romae,</span> <span class='ocrx_word' id='word_1_430' title='bbox 1376 1916 1460 1958; x_wconf 88' lang='lat' dir='ltr'>apud</span> <span class='ocrx_word' id='word_1_431' title='bbox 1491 1915 1522 1949; x_wconf 83' lang='lat' dir='ltr'>S.</span> <span class='ocrx_word' id='word_1_432' title='bbox 1543 1916 1683 1957; x_wconf 89' lang='lat' dir='ltr'>Petrum,</span> <span class='ocrx_word' id='word_1_433' title='bbox 1708 1918 1767 1951; x_wconf 89' lang='lat' dir='ltr'>sub</span> 
     </span>
     <span class='ocr_line' id='line_1_84' title="bbox 1030 1967 1777 2011; baseline 0.008 -13"><span class='ocrx_word' id='word_1_434' title='bbox 1030 1968 1151 1999; x_wconf 88' lang='lat' dir='ltr'>annulo</span> <span class='ocrx_word' id='word_1_435' title='bbox 1177 1967 1372 2007; x_wconf 76' lang='lat' dir='ltr'>piscatoris,</span> <span class='ocrx_word' id='word_1_436' title='bbox 1412 1968 1464 2001; x_wconf 90' lang='lat' dir='ltr'>die</span> <span class='ocrx_word' id='word_1_437' title='bbox 1499 1979 1572 2003; x_wconf 75' lang='lat' dir='ltr'>xxvr</span> <span class='ocrx_word' id='word_1_438' title='bbox 1609 1970 1777 2011; x_wconf 55' lang='lat' dir='ltr'>februarii,</span> 
     </span>
     <span class='ocr_line' id='line_1_85' title="bbox 1029 2019 1742 2063; baseline 0.007 -12"><span class='ocrx_word' id='word_1_439' title='bbox 1029 2028 1220 2059; x_wconf 66' lang='lat' dir='ltr'>MDCLXXXVI,</span> <span class='ocrx_word' id='word_1_440' title='bbox 1246 2019 1454 2063; x_wconf 83' lang='lat' dir='ltr'>pontificatus</span> <span class='ocrx_word' id='word_1_441' title='bbox 1479 2021 1582 2055; x_wconf 91' lang='lat' dir='ltr'>nostri</span> <span class='ocrx_word' id='word_1_442' title='bbox 1602 2032 1687 2056; x_wconf 89' lang='lat' dir='ltr'>anno</span> <span class='ocrx_word' id='word_1_443' title='bbox 1710 2033 1742 2056; x_wconf 75' lang='lat' dir='ltr'>x·</span> 
     </span>
    </p>

    <p class='ocr_par' dir='ltr' id='par_1_12' title="bbox 1064 2080 1733 2119">
     <span class='ocr_line' id='line_1_86' title="bbox 1064 2080 1733 2119; baseline 0.006 -12"><span class='ocrx_word' id='word_1_444' title='bbox 1064 2080 1121 2108; x_wconf 90' lang='lat' dir='ltr'>Dat.</span> <span class='ocrx_word' id='word_1_445' title='bbox 1139 2080 1183 2108; x_wconf 85' lang='lat' dir='ltr'>die</span> <span class='ocrx_word' id='word_1_446' title='bbox 1203 2081 1236 2108; x_wconf 71' lang='lat'>26</span> <span class='ocrx_word' id='word_1_447' title='bbox 1255 2081 1385 2109; x_wconf 80' lang='lat' dir='ltr'>februarii</span> <span class='ocrx_word' id='word_1_448' title='bbox 1407 2083 1485 2118; x_wconf 81' lang='lat'>¹686,</span> <span class='ocrx_word' id='word_1_449' title='bbox 1507 2083 1602 2119; x_wconf 81' lang='lat' dir='ltr'>pontif.</span> <span class='ocrx_word' id='word_1_450' title='bbox 1620 2092 1690 2112; x_wconf 80' lang='lat' dir='ltr'>anno</span> <span class='ocrx_word' id='word_1_451' title='bbox 1706 2092 1733 2112; x_wconf 83' lang='lat' dir='ltr'>x.</span> 
     </span>
    </p>
   </div>
   <div class='ocr_carea' id='block_1_9' title="bbox 1312 2147 1481 2155">
    <p class='ocr_par' dir='ltr' id='par_1_13' title="bbox 1312 2147 1481 2155">
     <span class='ocr_line' id='line_1_87' title="bbox 1312 2147 1481 2155; baseline 0 0"><span class='ocrx_word' id='word_1_452' title='bbox 1312 2147 1481 2155; x_wconf 95' lang='lat' dir='ltr'> </span> 
     </span>
    </p>
   </div>
   <div class='ocr_carea' id='block_1_10' title="bbox 1329 2214 1454 2250">
    <p class='ocr_par' dir='ltr' id='par_1_14' title="bbox 1329 2214 1454 2250">
     <span class='ocr_line' id='line_1_88' title="bbox 1329 2214 1454 2250; baseline 0 0"><span class='ocrx_word' id='word_1_453' title='bbox 1329 2214 1454 2250; x_wconf 83' lang='lat' dir='ltr'>CLXIII.</span> 
     </span>
    </p>
   </div>
   <div class='ocr_carea' id='block_1_11' title="bbox 1030 2284 1771 2533">
    <p class='ocr_par' dir='ltr' id='par_1_15' title="bbox 1030 2284 1771 2533">
     <span class='ocr_line' id='line_1_89' title="bbox 1030 2284 1764 2332; baseline 0.004 -13"><span class='ocrx_word' id='word_1_454' title='bbox 1030 2284 1248 2327; x_wconf 80' lang='lat' dir='ltr'>Confirmalur</span> <span class='ocrx_word' id='word_1_455' title='bbox 1267 2290 1427 2319; x_wconf 77' lang='lat' dir='ltr'>statutum</span> <span class='ocrx_word' id='word_1_456' title='bbox 1445 2286 1586 2330; x_wconf 78' lang='lat' dir='ltr'>capituli</span> <span class='ocrx_word' id='word_1_457' title='bbox 1600 2288 1764 2332; x_wconf 74' lang='lat' dir='ltr'>yeneralis</span> 
     </span>
     <span class='ocr_line' id='line_1_90' title="bbox 1069 2339 1764 2381; baseline 0.009 -11"><span class='ocrx_word' id='word_1_458' title='bbox 1069 2339 1213 2381; x_wconf 76' lang='lat' dir='ltr'>fratrum</span> <span class='ocrx_word' id='word_1_459' title='bbox 1230 2339 1399 2373; x_wconf 78' lang='lat' dir='ltr'>Minorum</span> <span class='ocrx_word' id='word_1_460' title='bbox 1419 2341 1525 2373; x_wconf 79' lang='lat' dir='ltr'>sancti</span> <span class='ocrx_word' id='word_1_461' title='bbox 1540 2341 1711 2376; x_wconf 72' lang='lat' dir='ltr'>Franciscz·</span> <span class='ocrx_word' id='word_1_462' title='bbox 1726 2344 1764 2376; x_wconf 85' lang='lat' dir='ltr'>de</span> 
     </span>
     <span class='ocr_line' id='line_1_91' title="bbox 1072 2391 1763 2436; baseline 0.006 -11"><span class='ocrx_word' id='word_1_463' title='bbox 1072 2391 1281 2425; x_wconf 75' lang='lat' dir='ltr'>Obseruantia</span> <span class='ocrx_word' id='word_1_464' title='bbox 1295 2393 1553 2436; x_wconf 79' lang='lat' dir='ltr'>Reformatorum</span> <span class='ocrx_word' id='word_1_465' title='bbox 1572 2395 1658 2428; x_wconf 80' lang='lat' dir='ltr'>circa</span> <span class='ocrx_word' id='word_1_466' title='bbox 1676 2395 1763 2429; x_wconf 78' lang='lat' dir='ltr'>lecto-</span> 
     </span>
     <span class='ocr_line' id='line_1_92' title="bbox 1070 2445 1771 2490; baseline 0.01 -14"><span class='ocrx_word' id='word_1_467' title='bbox 1070 2455 1120 2477; x_wconf 79' lang='lat' dir='ltr'>res</span> <span class='ocrx_word' id='word_1_468' title='bbox 1156 2445 1243 2478; x_wconf 77' lang='lat' dir='ltr'>inter</span> <span class='ocrx_word' id='word_1_469' title='bbox 1277 2450 1386 2489; x_wconf 77' lang='lat' dir='ltr'>patres</span> <span class='ocrx_word' id='word_1_470' title='bbox 1423 2447 1613 2490; x_wconf 77' lang='lat' dir='ltr'>provinciae</span> <span class='ocrx_word' id='word_1_471' title='bbox 1642 2459 1771 2488; x_wconf 49' lang='lat' dir='ltr'>comm-s</span> 
     </span>
     <span class='ocr_line' id='line_1_93' title="bbox 1070 2497 1273 2533; baseline 0.01 -2"><span class='ocrx_word' id='word_1_472' title='bbox 1070 2497 1273 2533; x_wconf 71' lang='lat' dir='ltr'>mewndos&#39;.</span> 
     </span>
    </p>
   </div>
   <div class='ocr_carea' id='block_1_12' title="bbox 1024 2567 1768 2655">
    <p class='ocr_par' dir='ltr' id='par_1_16' title="bbox 1024 2567 1768 2655">
     <span class='ocr_line' id='line_1_94' title="bbox 1055 2567 1761 2608; baseline 0.008 -14"><span class='ocrx_word' id='word_1_473' title='bbox 1055 2567 1073 2595; x_wconf 70' lang='lat' dir='ltr'>&#39;l</span> <span class='ocrx_word' id='word_1_474' title='bbox 1098 2567 1253 2597; x_wconf 86' lang='lat' dir='ltr'>Lectoribus</span> <span class='ocrx_word' id='word_1_475' title='bbox 1272 2569 1390 2598; x_wconf 88' lang='lat' dir='ltr'>iubilatis</span> <span class='ocrx_word' id='word_1_476' title='bbox 1409 2579 1536 2599; x_wconf 83' lang='lat' dir='ltr'>concessa</span> <span class='ocrx_word' id='word_1_477' title='bbox 1555 2572 1630 2600; x_wconf 81' lang='lat' dir='ltr'>fuere</span> <span class='ocrx_word' id='word_1_478' title='bbox 1651 2572 1761 2608; x_wconf 88' lang='lat' dir='ltr'>privile-</span> 
     </span>
     <span class='ocr_line' id='line_1_95' title="bbox 1024 2613 1768 2655; baseline 0.009 -16"><span class='ocrx_word' id='word_1_479' title='bbox 1024 2613 1068 2649; x_wconf 79' lang='lat' dir='ltr'>gia</span> <span class='ocrx_word' id='word_1_480' title='bbox 1089 2613 1229 2641; x_wconf 84' lang='lat' dir='ltr'>doctorum</span> <span class='ocrx_word' id='word_1_481' title='bbox 1249 2616 1347 2642; x_wconf 84' lang='lat' dir='ltr'>artium</span> <span class='ocrx_word' id='word_1_482' title='bbox 1362 2620 1388 2643; x_wconf 91' lang='lat' dir='ltr'>et</span> <span class='ocrx_word' id='word_1_483' title='bbox 1404 2617 1593 2652; x_wconf 77' lang='lat' dir='ltr'>magistrorum</span> <span class='ocrx_word' id='word_1_484' title='bbox 1609 2616 1768 2655; x_wconf 53' lang='lat' dir='ltr'>theologiae</span> 
     </span>
    </p>
   </div>
   <div class='ocr_carea' id='block_1_13' title="bbox 1782 229 1967 256">
    <p class='ocr_par' dir='ltr' id='par_1_17' title="bbox 1782 229 1967 256">
     <span class='ocr_line' id='line_1_96' title="bbox 1782 229 1967 256; baseline 0.011 -3"><span class='ocrx_word' id='word_1_485' title='bbox 1782 229 1831 255; x_wconf 78' lang='lat' dir='ltr'>An.</span> <span class='ocrx_word' id='word_1_486' title='bbox 1850 229 1877 255; x_wconf 87' lang='lat' dir='ltr'>C.</span> <span class='ocrx_word' id='word_1_487' title='bbox 1899 230 1967 256; x_wconf 68' lang='lat' dir='ltr'>1138ss</span> 
     </span>
    </p>
   </div>
  </div>
 </body>
</html>
