<?xml version="1.0" encoding="UTF-8"?>
<!DOCTYPE html PUBLIC "-//W3C//DTD XHTML 1.0 Transitional//EN"
    "http://www.w3.org/TR/xhtml1/DTD/xhtml1-transitional.dtd">
<html xmlns="http://www.w3.org/1999/xhtml" xml:lang="en" lang="en">
 <head>
  <title>
</title>
<meta http-equiv="Content-Type" content="text/html;charset=utf-8" />
  <meta name='ocr-system' content='tesseract 3.04.00' />
  <meta name='ocr-capabilities' content='ocr_page ocr_carea ocr_par ocr_line ocrx_word'/>
</head>
<body>
  <div class='ocr_page' id='page_1' title='image "./bullarumdiplomat19cath_0286.png"; bbox 0 0 2111 3157; ppageno 0'>
   <div class='ocr_carea' id='block_1_1' title="bbox 180 166 475 208">
    <p class='ocr_par' dir='ltr' id='par_1_1' title="bbox 180 166 475 208">
     <span class='ocr_line' id='line_1_1' title="bbox 180 166 475 208; baseline -0.01 0"><span class='ocrx_word' id='word_1_1' title='bbox 180 182 228 208; x_wconf 68' lang='lat' dir='ltr'>An.</span> <span class='ocrx_word' id='word_1_2' title='bbox 247 179 275 208; x_wconf 84' lang='lat' dir='ltr'>e.</span> <span class='ocrx_word' id='word_1_3' title='bbox 299 180 365 208; x_wconf 69' lang='lat' dir='ltr'>iaso</span> <span class='ocrx_word' id='word_1_4' title='bbox 411 166 475 205; x_wconf 62' lang='lat'>252</span> 
     </span>
    </p>
   </div>
   <div class='ocr_carea' id='block_1_2' title="bbox 198 399 362 443">
    <p class='ocr_par' dir='ltr' id='par_1_2' title="bbox 198 399 362 443">
     <span class='ocr_line' id='line_1_2' title="bbox 204 399 362 420; baseline -0.006 0"><span class='ocrx_word' id='word_1_5' title='bbox 204 400 314 420; x_wconf 40' lang='lat' dir='ltr'>Inferiores</span> <span class='ocrx_word' id='word_1_6' title='bbox 325 399 362 419; x_wconf 65' lang='lat' dir='ltr'>ho-</span> 
     </span>
     <span class='ocr_line' id='line_1_3' title="bbox 198 432 228 443; baseline 0 -3"><span class='ocrx_word' id='word_1_7' title='bbox 198 432 204 443; x_wconf 52' lang='lat'><em>]</em></span> <span class='ocrx_word' id='word_1_8' title='bbox 224 434 228 440; x_wconf 83' lang='lat'>.</span> 
     </span>
    </p>
   </div>
   <div class='ocr_carea' id='block_1_3' title="bbox 373 227 1105 424">
    <p class='ocr_par' dir='ltr' id='par_1_3' title="bbox 373 227 1104 377">
     <span class='ocr_line' id='line_1_4' title="bbox 375 227 1104 272; baseline -0.007 -10"><span class='ocrx_word' id='word_1_9' title='bbox 375 241 445 262; x_wconf 85' lang='lat' dir='ltr'>cum</span> <span class='ocrx_word' id='word_1_10' title='bbox 460 229 566 262; x_wconf 74' lang='lat' dir='ltr'>debita</span> <span class='ocrx_word' id='word_1_11' title='bbox 584 229 745 272; x_wconf 73' lang='lat' dir='ltr'>gravitate,</span> <span class='ocrx_word' id='word_1_12' title='bbox 765 227 921 261; x_wconf 74' lang='lat' dir='ltr'>modestia</span> <span class='ocrx_word' id='word_1_13' title='bbox 936 233 967 259; x_wconf 91' lang='lat' dir='ltr'>et</span> <span class='ocrx_word' id='word_1_14' title='bbox 981 227 1104 264; x_wconf 83' lang='lat' dir='ltr'>decore,</span> 
     </span>
     <span class='ocr_line' id='line_1_5' title="bbox 374 279 1103 325; baseline -0.004 -12"><span class='ocrx_word' id='word_1_15' title='bbox 374 288 407 314; x_wconf 89' lang='lat' dir='ltr'>ut</span> <span class='ocrx_word' id='word_1_16' title='bbox 431 289 517 315; x_wconf 90' lang='lat' dir='ltr'>recta</span> <span class='ocrx_word' id='word_1_17' title='bbox 542 283 747 325; x_wconf 87' lang='lat' dir='ltr'>prudensque</span> <span class='ocrx_word' id='word_1_18' title='bbox 780 280 911 312; x_wconf 78' lang='lat' dir='ltr'>dictabit</span> <span class='ocrx_word' id='word_1_19' title='bbox 928 279 1022 318; x_wconf 85' lang='lat' dir='ltr'>ratio,</span> <span class='ocrx_word' id='word_1_20' title='bbox 1048 289 1103 310; x_wconf 80' lang='lat' dir='ltr'>ve-</span> 
     </span>
     <span class='ocr_line' id='line_1_6' title="bbox 373 333 913 377; baseline -0.006 -10"><span class='ocrx_word' id='word_1_21' title='bbox 373 335 572 367; x_wconf 85' lang='lat' dir='ltr'>nerationem</span> <span class='ocrx_word' id='word_1_22' title='bbox 597 335 706 377; x_wconf 90' lang='lat' dir='ltr'>paucis</span> <span class='ocrx_word' id='word_1_23' title='bbox 731 333 913 365; x_wconf 76' lang='lat' dir='ltr'>ostendant.</span> 
     </span>
    </p>

    <p class='ocr_par' dir='ltr' id='par_1_4' title="bbox 417 384 1105 424">
     <span class='ocr_line' id='line_1_7' title="bbox 417 384 1105 424; baseline -0.003 -6"><span class='ocrx_word' id='word_1_24' title='bbox 417 398 504 420; x_wconf 77' lang='lat' dir='ltr'>xxtii.</span> <span class='ocrx_word' id='word_1_25' title='bbox 532 387 661 424; x_wconf 83' lang='lat' dir='ltr'>Quoties</span> <span class='ocrx_word' id='word_1_26' title='bbox 686 387 771 418; x_wconf 89' lang='lat' dir='ltr'>domi</span> <span class='ocrx_word' id='word_1_27' title='bbox 797 387 845 418; x_wconf 82' lang='lat' dir='ltr'>vel</span> <span class='ocrx_word' id='word_1_28' title='bbox 874 385 949 417; x_wconf 77' lang='lat' dir='ltr'>l&#39;oris</span> <span class='ocrx_word' id='word_1_29' title='bbox 972 385 1031 416; x_wconf 80' lang='lat' dir='ltr'>sibi</span> <span class='ocrx_word' id='word_1_30' title='bbox 1059 384 1105 416; x_wconf 87' lang='lat' dir='ltr'>in-</span> 
     </span>
    </p>
   </div>
   <div class='ocr_carea' id='block_1_4' title="bbox 179 432 399 451">
    <p class='ocr_par' dir='ltr' id='par_1_5' title="bbox 179 432 399 451">
     <span class='ocr_line' id='line_1_8' title="bbox 179 432 399 451; baseline 0 -5"><span class='ocrx_word' id='word_1_31' title='bbox 179 432 201 446; x_wconf 67' lang='lat' dir='ltr'>nt</span> <span class='ocrx_word' id='word_1_32' title='bbox 209 434 227 446; x_wconf 60' lang='lat' dir='ltr'>rt</span> <span class='ocrx_word' id='word_1_33' title='bbox 242 432 360 451; x_wconf 66' lang='lat' dir='ltr'>=iiper¹ores</span> <span class='ocrx_word' id='word_1_34' title='bbox 393 440 399 446; x_wconf 85' lang='lat'>.</span> 
     </span>
    </p>
   </div>
   <div class='ocr_carea' id='block_1_5' title="bbox 177 456 323 477">
    <p class='ocr_par' dir='ltr' id='par_1_6' title="bbox 177 456 323 477">
     <span class='ocr_line' id='line_1_9' title="bbox 177 456 323 477; baseline 0 -5"><span class='ocrx_word' id='word_1_35' title='bbox 177 456 323 477; x_wconf 59' lang='lat' dir='ltr'>praeveniant.</span> 
     </span>
    </p>
   </div>
   <div class='ocr_carea' id='block_1_6' title="bbox 171 868 355 1021">
    <p class='ocr_par' dir='ltr' id='par_1_7' title="bbox 171 868 355 1021">
     <span class='ocr_line' id='line_1_10' title="bbox 198 868 355 895; baseline 0.032 -8"><span class='ocrx_word' id='word_1_36' title='bbox 198 868 247 889; x_wconf 82' lang='lat' dir='ltr'>Cum</span> <span class='ocrx_word' id='word_1_37' title='bbox 261 872 355 895; x_wconf 70' lang='lat' dir='ltr'>superio-</span> 
     </span>
     <span class='ocr_line' id='line_1_11' title="bbox 173 896 355 917; baseline 0.011 -2"><span class='ocrx_word' id='word_1_38' title='bbox 173 896 229 915; x_wconf 56' lang='lat' dir='ltr'>ribus</span> <span class='ocrx_word' id='word_1_39' title='bbox 260 903 307 917; x_wconf 65' lang='lat' dir='ltr'>raro</span> <span class='ocrx_word' id='word_1_40' title='bbox 336 900 355 917; x_wconf 74' lang='lat' dir='ltr'>et</span> 
     </span>
     <span class='ocr_line' id='line_1_12' title="bbox 172 923 354 945; baseline -0.011 -4"><span class='ocrx_word' id='word_1_41' title='bbox 172 923 281 945; x_wconf 54' lang='lat' dir='ltr'>Itimlioele·</span> <span class='ocrx_word' id='word_1_42' title='bbox 309 931 354 944; x_wconf 58' lang='lat' dir='ltr'>pum</span> 
     </span>
     <span class='ocr_line' id='line_1_13' title="bbox 172 949 353 973; baseline 0.011 -7"><span class='ocrx_word' id='word_1_43' title='bbox 172 949 297 973; x_wconf 50' lang='lat' dir='ltr'>‘av-qualibus</span> <span class='ocrx_word' id='word_1_44' title='bbox 319 951 353 970; x_wconf 75' lang='lat' dir='ltr'>lm-</span> 
     </span>
     <span class='ocr_line' id='line_1_14' title="bbox 171 976 353 1002; baseline 0.022 -9"><span class='ocrx_word' id='word_1_45' title='bbox 171 978 230 995; x_wconf 66' lang='lat' dir='ltr'>11e&gt;te</span> <span class='ocrx_word' id='word_1_46' title='bbox 265 976 353 1002; x_wconf 63' lang='lat' dir='ltr'>loquati»</span> 
     </span>
     <span class='ocr_line' id='line_1_15' title="bbox 172 1003 211 1021; baseline 0.026 -1"><span class='ocrx_word' id='word_1_47' title='bbox 172 1003 211 1021; x_wconf 74' lang='lat' dir='ltr'>tur.</span> 
     </span>
    </p>
   </div>
   <div class='ocr_carea' id='block_1_7' title="bbox 168 1238 350 1312">
    <p class='ocr_par' dir='ltr' id='par_1_8' title="bbox 168 1238 350 1312">
     <span class='ocr_line' id='line_1_16' title="bbox 195 1238 350 1258; baseline 0 -1"><span class='ocrx_word' id='word_1_48' title='bbox 195 1238 300 1257; x_wconf 64' lang='lat' dir='ltr'>Smndala</span> <span class='ocrx_word' id='word_1_49' title='bbox 316 1244 350 1258; x_wconf 73' lang='lat' dir='ltr'>su-</span> 
     </span>
     <span class='ocr_line' id='line_1_17' title="bbox 168 1266 350 1290; baseline 0.016 -8"><span class='ocrx_word' id='word_1_50' title='bbox 168 1266 284 1288; x_wconf 43' lang='lat' dir='ltr'>p-wiuiibils</span> <span class='ocrx_word' id='word_1_51' title='bbox 304 1271 350 1290; x_wconf 81' lang='lat' dir='ltr'>pru·</span> 
     </span>
     <span class='ocr_line' id='line_1_18' title="bbox 168 1292 350 1312; baseline 0.005 -1"><span class='ocrx_word' id='word_1_52' title='bbox 168 1293 236 1311; x_wconf 65' lang='lat' dir='ltr'>mutet</span> <span class='ocrx_word' id='word_1_53' title='bbox 250 1292 350 1312; x_wconf 59' lang='lat' dir='ltr'>autemut.</span> 
     </span>
    </p>
   </div>
   <div class='ocr_carea' id='block_1_8' title="bbox 165 1660 348 1763">
    <p class='ocr_par' dir='ltr' id='par_1_9' title="bbox 165 1660 348 1763">
     <span class='ocr_line' id='line_1_19' title="bbox 212 1660 348 1683; baseline 0.007 -4"><span class='ocrx_word' id='word_1_54' title='bbox 212 1660 348 1683; x_wconf 51' lang='lat' dir='ltr'>Sum-flurium</span> 
     </span>
     <span class='ocr_line' id='line_1_20' title="bbox 166 1691 347 1707; baseline 0.028 -5"><span class='ocrx_word' id='word_1_55' title='bbox 166 1691 207 1705; x_wconf 62' lang='lat' dir='ltr'>cnr.</span> <span class='ocrx_word' id='word_1_56' title='bbox 216 1691 316 1706; x_wconf 45' lang='lat' dir='ltr'>struunt-m</span> <span class='ocrx_word' id='word_1_57' title='bbox 329 1694 347 1707; x_wconf 82' lang='lat' dir='ltr'>in</span> 
     </span>
     <span class='ocr_line' id='line_1_21' title="bbox 165 1712 347 1738; baseline 0.027 -9"><span class='ocrx_word' id='word_1_58' title='bbox 165 1712 241 1732; x_wconf 61' lang='lat' dir='ltr'>humaui</span> <span class='ocrx_word' id='word_1_59' title='bbox 269 1718 347 1738; x_wconf 65' lang='lat' dir='ltr'>partem</span> 
     </span>
     <span class='ocr_line' id='line_1_22' title="bbox 166 1742 279 1763; baseline 0.009 -5"><span class='ocrx_word' id='word_1_60' title='bbox 166 1742 279 1763; x_wconf 60' lang='lat' dir='ltr'>accipiant.</span> 
     </span>
    </p>
   </div>
   <div class='ocr_carea' id='block_1_9' title="bbox 357 437 1104 2378">
    <p class='ocr_par' dir='ltr' id='par_1_10' title="bbox 365 437 1104 839">
     <span class='ocr_line' id='line_1_23' title="bbox 372 437 1103 480; baseline -0.005 -8"><span class='ocrx_word' id='word_1_61' title='bbox 372 451 472 472; x_wconf 75' lang='lat' dir='ltr'>vicem</span> <span class='ocrx_word' id='word_1_62' title='bbox 499 440 684 479; x_wconf 77' lang='lat' dir='ltr'>obviabunt,</span> <span class='ocrx_word' id='word_1_63' title='bbox 711 448 840 480; x_wconf 86' lang='lat' dir='ltr'>semper</span> <span class='ocrx_word' id='word_1_64' title='bbox 865 438 885 470; x_wconf 94' lang='lat' dir='ltr'>ii</span> <span class='ocrx_word' id='word_1_65' title='bbox 910 437 963 480; x_wconf 87' lang='lat' dir='ltr'>qui</span> <span class='ocrx_word' id='word_1_66' title='bbox 982 443 1054 469; x_wconf 90' lang='lat' dir='ltr'>sunt</span> <span class='ocrx_word' id='word_1_67' title='bbox 1072 437 1103 468; x_wconf 90' lang='lat' dir='ltr'>in</span> 
     </span>
     <span class='ocr_line' id='line_1_24' title="bbox 371 491 1104 525; baseline -0.003 -1"><span class='ocrx_word' id='word_1_68' title='bbox 371 493 524 525; x_wconf 70' lang='lat' dir='ltr'>interiere</span> <span class='ocrx_word' id='word_1_69' title='bbox 562 493 663 524; x_wconf 86' lang='lat' dir='ltr'>classe</span> <span class='ocrx_word' id='word_1_70' title='bbox 703 492 925 524; x_wconf 69' lang='lat' dir='ltr'>adolescentes</span> <span class='ocrx_word' id='word_1_71' title='bbox 955 491 1104 522; x_wconf 84' lang='lat' dir='ltr'>altiorum</span> 
     </span>
     <span class='ocr_line' id='line_1_25' title="bbox 370 542 1104 584; baseline -0.004 -8"><span class='ocrx_word' id='word_1_72' title='bbox 370 545 527 583; x_wconf 83' lang='lat' dir='ltr'>classium,</span> <span class='ocrx_word' id='word_1_73' title='bbox 555 555 666 576; x_wconf 87' lang='lat' dir='ltr'>omnes</span> <span class='ocrx_word' id='word_1_74' title='bbox 692 554 765 576; x_wconf 75' lang='lat' dir='ltr'>vero</span> <span class='ocrx_word' id='word_1_75' title='bbox 784 549 814 575; x_wconf 92' lang='lat' dir='ltr'>et</span> <span class='ocrx_word' id='word_1_76' title='bbox 832 542 948 584; x_wconf 75' lang='lat' dir='ltr'>singuli</span> <span class='ocrx_word' id='word_1_77' title='bbox 967 553 1042 574; x_wconf 85' lang='lat' dir='ltr'>suos</span> <span class='ocrx_word' id='word_1_78' title='bbox 1058 554 1104 574; x_wconf 63' lang='lat' dir='ltr'>su⁴</span> 
     </span>
     <span class='ocr_line' id='line_1_26' title="bbox 368 595 1104 639; baseline -0.004 -10"><span class='ocrx_word' id='word_1_79' title='bbox 368 597 513 639; x_wconf 84' lang='lat' dir='ltr'>periores</span> <span class='ocrx_word' id='word_1_80' title='bbox 539 597 682 639; x_wconf 81' lang='lat' dir='ltr'>aliosque</span> <span class='ocrx_word' id='word_1_81' title='bbox 703 597 887 628; x_wconf 67' lang='lat' dir='ltr'>sacerdotes</span> <span class='ocrx_word' id='word_1_82' title='bbox 907 595 1030 627; x_wconf 86' lang='lat' dir='ltr'>honore</span> <span class='ocrx_word' id='word_1_83' title='bbox 1050 595 1104 627; x_wconf 85' lang='lat' dir='ltr'>de-</span> 
     </span>
     <span class='ocr_line' id='line_1_27' title="bbox 367 648 1103 692; baseline -0.003 -11"><span class='ocrx_word' id='word_1_84' title='bbox 367 650 435 682; x_wconf 83' lang='lat' dir='ltr'>bito</span> <span class='ocrx_word' id='word_1_85' title='bbox 461 649 680 692; x_wconf 76' lang='lat' dir='ltr'>praeveniant,</span> <span class='ocrx_word' id='word_1_86' title='bbox 703 648 841 680; x_wconf 88' lang='lat' dir='ltr'>maiores</span> <span class='ocrx_word' id='word_1_87' title='bbox 867 658 995 690; x_wconf 80' lang='lat' dir='ltr'>qnoque</span> <span class='ocrx_word' id='word_1_88' title='bbox 1017 648 1103 679; x_wconf 85' lang='lat' dir='ltr'>dete-</span> 
     </span>
     <span class='ocr_line' id='line_1_28' title="bbox 367 701 1102 744; baseline 0 -12"><span class='ocrx_word' id='word_1_89' title='bbox 367 707 418 733; x_wconf 89' lang='lat' dir='ltr'>cto</span> <span class='ocrx_word' id='word_1_90' title='bbox 444 702 558 744; x_wconf 78' lang='lat' dir='ltr'>capite,</span> <span class='ocrx_word' id='word_1_91' title='bbox 577 702 757 744; x_wconf 73' lang='lat' dir='ltr'>superiores</span> <span class='ocrx_word' id='word_1_92' title='bbox 776 711 852 733; x_wconf 86' lang='lat' dir='ltr'>vero</span> <span class='ocrx_word' id='word_1_93' title='bbox 871 707 902 733; x_wconf 89' lang='lat' dir='ltr'>et</span> <span class='ocrx_word' id='word_1_94' title='bbox 918 701 1102 732; x_wconf 85' lang='lat' dir='ltr'>sacerdotes</span> 
     </span>
     <span class='ocr_line' id='line_1_29' title="bbox 367 753 1103 795; baseline -0.001 -10"><span class='ocrx_word' id='word_1_95' title='bbox 367 754 463 786; x_wconf 87' lang='lat' dir='ltr'>etiam</span> <span class='ocrx_word' id='word_1_96' title='bbox 496 765 568 786; x_wconf 92' lang='lat' dir='ltr'>cum</span> <span class='ocrx_word' id='word_1_97' title='bbox 602 753 811 786; x_wconf 72' lang='lat' dir='ltr'>inclinatione</span> <span class='ocrx_word' id='word_1_98' title='bbox 841 753 986 795; x_wconf 85' lang='lat' dir='ltr'>corporis</span> <span class='ocrx_word' id='word_1_99' title='bbox 1017 753 1103 784; x_wconf 86' lang='lat' dir='ltr'>salu-</span> 
     </span>
     <span class='ocr_line' id='line_1_30' title="bbox 365 810 483 839; baseline 0.017 -2"><span class='ocrx_word' id='word_1_100' title='bbox 365 810 483 839; x_wconf 74' lang='lat' dir='ltr'>lantes.</span> 
     </span>
    </p>

    <p class='ocr_par' dir='ltr' id='par_1_11' title="bbox 362 859 1101 1207">
     <span class='ocr_line' id='line_1_31' title="bbox 410 859 1101 903; baseline 0.001 -13"><span class='ocrx_word' id='word_1_101' title='bbox 410 869 492 892; x_wconf 83' lang='lat' dir='ltr'>xx1v.</span> <span class='ocrx_word' id='word_1_102' title='bbox 510 859 622 892; x_wconf 83' lang='lat' dir='ltr'>Coram</span> <span class='ocrx_word' id='word_1_103' title='bbox 641 859 865 903; x_wconf 83' lang='lat' dir='ltr'>superioribus</span> <span class='ocrx_word' id='word_1_104' title='bbox 880 865 911 891; x_wconf 88' lang='lat' dir='ltr'>et</span> <span class='ocrx_word' id='word_1_105' title='bbox 927 859 1101 892; x_wconf 86' lang='lat' dir='ltr'>maioribus</span> 
     </span>
     <span class='ocr_line' id='line_1_32' title="bbox 367 912 1101 955; baseline 0.003 -12"><span class='ocrx_word' id='word_1_106' title='bbox 367 922 400 944; x_wconf 82' lang='lat' dir='ltr'>se</span> <span class='ocrx_word' id='word_1_107' title='bbox 424 913 509 945; x_wconf 92' lang='lat' dir='ltr'>ultro</span> <span class='ocrx_word' id='word_1_108' title='bbox 537 923 599 945; x_wconf 91' lang='lat' dir='ltr'>non</span> <span class='ocrx_word' id='word_1_109' title='bbox 627 913 717 945; x_wconf 71' lang='lat' dir='ltr'>facile</span> <span class='ocrx_word' id='word_1_110' title='bbox 736 913 774 944; x_wconf 93' lang='lat' dir='ltr'>ad</span> <span class='ocrx_word' id='word_1_111' title='bbox 793 912 990 955; x_wconf 88' lang='lat' dir='ltr'>loquendum</span> <span class='ocrx_word' id='word_1_112' title='bbox 1011 913 1101 954; x_wconf 70' lang='lat' dir='ltr'>inge-</span> 
     </span>
     <span class='ocr_line' id='line_1_33' title="bbox 366 965 1100 1007; baseline 0.001 -11"><span class='ocrx_word' id='word_1_113' title='bbox 366 971 450 1003; x_wconf 83' lang='lat' dir='ltr'>rant,</span> <span class='ocrx_word' id='word_1_114' title='bbox 477 965 516 997; x_wconf 83' lang='lat' dir='ltr'>ad</span> <span class='ocrx_word' id='word_1_115' title='bbox 543 965 739 1006; x_wconf 75' lang='lat' dir='ltr'>interrogata</span> <span class='ocrx_word' id='word_1_116' title='bbox 764 975 840 997; x_wconf 80' lang='lat' dir='ltr'>vero</span> <span class='ocrx_word' id='word_1_117' title='bbox 867 965 975 1007; x_wconf 84' lang='lat' dir='ltr'>paucis</span> <span class='ocrx_word' id='word_1_118' title='bbox 992 966 1100 997; x_wconf 85' lang='lat' dir='ltr'>mode-</span> 
     </span>
     <span class='ocr_line' id='line_1_34' title="bbox 365 1016 1099 1060; baseline 0.001 -12"><span class='ocrx_word' id='word_1_119' title='bbox 365 1023 410 1049; x_wconf 85' lang='lat' dir='ltr'>ste</span> <span class='ocrx_word' id='word_1_120' title='bbox 437 1023 468 1049; x_wconf 87' lang='lat' dir='ltr'>et</span> <span class='ocrx_word' id='word_1_121' title='bbox 492 1018 628 1059; x_wconf 77' lang='lat' dir='ltr'>graviter</span> <span class='ocrx_word' id='word_1_122' title='bbox 646 1017 877 1059; x_wconf 73' lang='lat' dir='ltr'>respondeant.</span> <span class='ocrx_word' id='word_1_123' title='bbox 898 1016 973 1049; x_wconf 87' lang='lat' dir='ltr'>Cum</span> <span class='ocrx_word' id='word_1_124' title='bbox 989 1028 1099 1060; x_wconf 84' lang='lat' dir='ltr'>aequa-</span> 
     </span>
     <span class='ocr_line' id='line_1_35' title="bbox 363 1069 1097 1112; baseline 0.001 -12"><span class='ocrx_word' id='word_1_125' title='bbox 363 1069 447 1104; x_wconf 86' lang='lat' dir='ltr'>libus</span> <span class='ocrx_word' id='word_1_126' title='bbox 472 1081 508 1101; x_wconf 84' lang='lat' dir='ltr'>ea</span> <span class='ocrx_word' id='word_1_127' title='bbox 540 1080 635 1111; x_wconf 82' lang='lat' dir='ltr'>agere</span> <span class='ocrx_word' id='word_1_128' title='bbox 661 1075 692 1101; x_wconf 92' lang='lat' dir='ltr'>et</span> <span class='ocrx_word' id='word_1_129' title='bbox 716 1069 805 1111; x_wconf 90' lang='lat' dir='ltr'>loqui</span> <span class='ocrx_word' id='word_1_130' title='bbox 832 1069 980 1111; x_wconf 69' lang='lat' dir='ltr'>expedit,</span> <span class='ocrx_word' id='word_1_131' title='bbox 1016 1080 1097 1112; x_wconf 82' lang='lat' dir='ltr'>quae</span> 
     </span>
     <span class='ocr_line' id='line_1_36' title="bbox 362 1122 1097 1162; baseline 0.001 -8"><span class='ocrx_word' id='word_1_132' title='bbox 362 1123 412 1154; x_wconf 85' lang='lat' dir='ltr'>vel</span> <span class='ocrx_word' id='word_1_133' title='bbox 438 1122 601 1162; x_wconf 81' lang='lat' dir='ltr'>honestas,</span> <span class='ocrx_word' id='word_1_134' title='bbox 627 1123 674 1154; x_wconf 81' lang='lat' dir='ltr'>vel</span> <span class='ocrx_word' id='word_1_135' title='bbox 700 1122 830 1161; x_wconf 86' lang='lat' dir='ltr'>utilitas,</span> <span class='ocrx_word' id='word_1_136' title='bbox 856 1123 906 1154; x_wconf 87' lang='lat' dir='ltr'>vel</span> <span class='ocrx_word' id='word_1_137' title='bbox 923 1123 1097 1155; x_wconf 70' lang='lat' dir='ltr'>necessitas</span> 
     </span>
     <span class='ocr_line' id='line_1_37' title="bbox 362 1176 601 1207; baseline 0.004 -1"><span class='ocrx_word' id='word_1_138' title='bbox 362 1176 601 1207; x_wconf 90' lang='lat' dir='ltr'>commendant.</span> 
     </span>
    </p>

    <p class='ocr_par' dir='ltr' id='par_1_12' title="bbox 360 1227 1097 1640">
     <span class='ocr_line' id='line_1_38' title="bbox 406 1227 1096 1265; baseline 0.004 -7"><span class='ocrx_word' id='word_1_139' title='bbox 406 1238 476 1259; x_wconf 73' lang='lat' dir='ltr'>xxv.</span> <span class='ocrx_word' id='word_1_140' title='bbox 499 1227 632 1265; x_wconf 85' lang='lat' dir='ltr'>Quando</span> <span class='ocrx_word' id='word_1_141' title='bbox 658 1228 826 1260; x_wconf 79' lang='lat' dir='ltr'>advertent</span> <span class='ocrx_word' id='word_1_142' title='bbox 850 1239 886 1261; x_wconf 82' lang='lat' dir='ltr'>ex</span> <span class='ocrx_word' id='word_1_143' title='bbox 914 1228 1096 1261; x_wconf 70' lang='lat' dir='ltr'>domesticis</span> 
     </span>
     <span class='ocr_line' id='line_1_39' title="bbox 362 1280 1097 1324; baseline 0.004 -13"><span class='ocrx_word' id='word_1_144' title='bbox 362 1280 499 1321; x_wconf 84' lang='lat' dir='ltr'>aliquem</span> <span class='ocrx_word' id='word_1_145' title='bbox 515 1280 697 1322; x_wconf 77' lang='lat' dir='ltr'>deliquisse,</span> <span class='ocrx_word' id='word_1_146' title='bbox 717 1281 824 1313; x_wconf 88' lang='lat' dir='ltr'>autad</span> <span class='ocrx_word' id='word_1_147' title='bbox 844 1281 996 1313; x_wconf 84' lang='lat' dir='ltr'>delictum</span> <span class='ocrx_word' id='word_1_148' title='bbox 1017 1282 1097 1324; x_wconf 87' lang='lat' dir='ltr'>peri-</span> 
     </span>
     <span class='ocr_line' id='line_1_40' title="bbox 361 1333 1096 1377; baseline 0.005 -13"><span class='ocrx_word' id='word_1_149' title='bbox 361 1334 468 1365; x_wconf 91' lang='lat' dir='ltr'>culose</span> <span class='ocrx_word' id='word_1_150' title='bbox 488 1333 646 1372; x_wconf 85' lang='lat' dir='ltr'>inclinari,</span> <span class='ocrx_word' id='word_1_151' title='bbox 666 1335 714 1365; x_wconf 87' lang='lat' dir='ltr'>vel</span> <span class='ocrx_word' id='word_1_152' title='bbox 729 1334 753 1365; x_wconf 90' lang='lat' dir='ltr'>si</span> <span class='ocrx_word' id='word_1_153' title='bbox 769 1334 854 1366; x_wconf 90' lang='lat' dir='ltr'>aliud</span> <span class='ocrx_word' id='word_1_154' title='bbox 868 1335 1096 1377; x_wconf 82' lang='lat' dir='ltr'>quodcumque</span> 
     </span>
     <span class='ocr_line' id='line_1_41' title="bbox 362 1386 1097 1428; baseline 0.005 -12"><span class='ocrx_word' id='word_1_155' title='bbox 362 1386 547 1417; x_wconf 85' lang='lat' dir='ltr'>scandalum</span> <span class='ocrx_word' id='word_1_156' title='bbox 571 1386 742 1428; x_wconf 79' lang='lat' dir='ltr'>patiantur,</span> <span class='ocrx_word' id='word_1_157' title='bbox 763 1387 799 1418; x_wconf 81' lang='lat' dir='ltr'>ad</span> <span class='ocrx_word' id='word_1_158' title='bbox 819 1387 1020 1428; x_wconf 85' lang='lat' dir='ltr'>superiorem</span> <span class='ocrx_word' id='word_1_159' title='bbox 1042 1389 1097 1420; x_wconf 87' lang='lat' dir='ltr'>de-</span> 
     </span>
     <span class='ocr_line' id='line_1_42' title="bbox 361 1438 1097 1482; baseline 0.001 -11"><span class='ocrx_word' id='word_1_160' title='bbox 361 1438 426 1471; x_wconf 84' lang='lat' dir='ltr'>bita</span> <span class='ocrx_word' id='word_1_161' title='bbox 447 1449 518 1471; x_wconf 86' lang='lat' dir='ltr'>cum</span> <span class='ocrx_word' id='word_1_162' title='bbox 533 1439 699 1477; x_wconf 79' lang='lat' dir='ltr'>modestia,</span> <span class='ocrx_word' id='word_1_163' title='bbox 719 1441 791 1471; x_wconf 88' lang='lat' dir='ltr'>loco</span> <span class='ocrx_word' id='word_1_164' title='bbox 810 1445 841 1471; x_wconf 89' lang='lat' dir='ltr'>et</span> <span class='ocrx_word' id='word_1_165' title='bbox 858 1445 1003 1482; x_wconf 90' lang='lat' dir='ltr'>tempore</span> <span class='ocrx_word' id='word_1_166' title='bbox 1022 1451 1097 1472; x_wconf 88' lang='lat' dir='ltr'>con-</span> 
     </span>
     <span class='ocr_line' id='line_1_43' title="bbox 362 1491 1097 1532; baseline 0.005 -11"><span class='ocrx_word' id='word_1_167' title='bbox 362 1501 460 1532; x_wconf 77' lang='lat' dir='ltr'>gruo,</span> <span class='ocrx_word' id='word_1_168' title='bbox 497 1491 657 1523; x_wconf 81' lang='lat' dir='ltr'>fraternae</span> <span class='ocrx_word' id='word_1_169' title='bbox 691 1491 901 1524; x_wconf 70' lang='lat' dir='ltr'>correctionis</span> <span class='ocrx_word' id='word_1_170' title='bbox 937 1496 1012 1525; x_wconf 74' lang='lat' dir='ltr'>cura</span> <span class='ocrx_word' id='word_1_171' title='bbox 1043 1494 1097 1525; x_wconf 87' lang='lat' dir='ltr'>de-</span> 
     </span>
     <span class='ocr_line' id='line_1_44' title="bbox 361 1544 1094 1584; baseline 0.004 -9"><span class='ocrx_word' id='word_1_172' title='bbox 361 1544 445 1575; x_wconf 83' lang='lat' dir='ltr'>ferre</span> <span class='ocrx_word' id='word_1_173' title='bbox 472 1549 654 1584; x_wconf 86' lang='lat' dir='ltr'>teneantur,</span> <span class='ocrx_word' id='word_1_174' title='bbox 673 1550 706 1576; x_wconf 89' lang='lat' dir='ltr'>ut</span> <span class='ocrx_word' id='word_1_175' title='bbox 726 1551 850 1576; x_wconf 86' lang='lat' dir='ltr'>mature</span> <span class='ocrx_word' id='word_1_176' title='bbox 869 1546 952 1578; x_wconf 87' lang='lat' dir='ltr'>malo</span> <span class='ocrx_word' id='word_1_177' title='bbox 973 1547 1094 1578; x_wconf 89' lang='lat' dir='ltr'>occurri</span> 
     </span>
     <span class='ocr_line' id='line_1_45' title="bbox 360 1598 471 1640; baseline -0.009 -10"><span class='ocrx_word' id='word_1_178' title='bbox 360 1598 471 1640; x_wconf 84' lang='lat' dir='ltr'>possit.</span> 
     </span>
    </p>

    <p class='ocr_par' dir='ltr' id='par_1_13' title="bbox 357 1650 1096 2325">
     <span class='ocr_line' id='line_1_46' title="bbox 404 1650 1094 1693; baseline 0.004 -12"><span class='ocrx_word' id='word_1_179' title='bbox 404 1660 485 1683; x_wconf 76' lang='lat' dir='ltr'>xxvi.</span> <span class='ocrx_word' id='word_1_180' title='bbox 506 1650 622 1682; x_wconf 87' lang='lat' dir='ltr'>Contra</span> <span class='ocrx_word' id='word_1_181' title='bbox 638 1651 872 1683; x_wconf 86' lang='lat' dir='ltr'>correctionem</span> <span class='ocrx_word' id='word_1_182' title='bbox 892 1651 1094 1693; x_wconf 74' lang='lat' dir='ltr'>superiorum</span> 
     </span>
     <span class='ocr_line' id='line_1_47' title="bbox 360 1703 1095 1745; baseline 0.001 -11"><span class='ocrx_word' id='word_1_183' title='bbox 360 1713 423 1735; x_wconf 87' lang='lat' dir='ltr'>non</span> <span class='ocrx_word' id='word_1_184' title='bbox 449 1708 656 1742; x_wconf 82' lang='lat' dir='ltr'>mnrnmrent,</span> <span class='ocrx_word' id='word_1_185' title='bbox 684 1708 714 1735; x_wconf 87' lang='lat' dir='ltr'>et</span> <span class='ocrx_word' id='word_1_186' title='bbox 738 1703 762 1734; x_wconf 88' lang='lat' dir='ltr'>si</span> <span class='ocrx_word' id='word_1_187' title='bbox 788 1703 863 1745; x_wconf 87' lang='lat' dir='ltr'>quid</span> <span class='ocrx_word' id='word_1_188' title='bbox 894 1703 1009 1736; x_wconf 82' lang='lat' dir='ltr'>iniuste</span> <span class='ocrx_word' id='word_1_189' title='bbox 1035 1705 1095 1736; x_wconf 82' lang='lat' dir='ltr'>sibi</span> 
     </span>
     <span class='ocr_line' id='line_1_48' title="bbox 359 1756 1096 1800; baseline 0.003 -13"><span class='ocrx_word' id='word_1_190' title='bbox 359 1756 424 1799; x_wconf 86' lang='lat' dir='ltr'>pati</span> <span class='ocrx_word' id='word_1_191' title='bbox 440 1756 619 1793; x_wconf 84' lang='lat' dir='ltr'>videantur,</span> <span class='ocrx_word' id='word_1_192' title='bbox 638 1756 771 1798; x_wconf 89' lang='lat' dir='ltr'>patienti</span> <span class='ocrx_word' id='word_1_193' title='bbox 791 1756 1005 1789; x_wconf 69' lang='lat' dir='ltr'>taciturnitate</span> <span class='ocrx_word' id='word_1_194' title='bbox 1024 1768 1096 1800; x_wconf 90' lang='lat' dir='ltr'>pru—</span> 
     </span>
     <span class='ocr_line' id='line_1_49' title="bbox 359 1809 1094 1852; baseline 0.001 -11"><span class='ocrx_word' id='word_1_195' title='bbox 359 1810 473 1841; x_wconf 86' lang='lat' dir='ltr'>dentcr</span> <span class='ocrx_word' id='word_1_196' title='bbox 498 1809 658 1847; x_wconf 77' lang='lat' dir='ltr'>sutl&#39;erant,</span> <span class='ocrx_word' id='word_1_197' title='bbox 678 1814 709 1841; x_wconf 91' lang='lat' dir='ltr'>et</span> <span class='ocrx_word' id='word_1_198' title='bbox 734 1809 765 1840; x_wconf 91' lang='lat' dir='ltr'>in</span> <span class='ocrx_word' id='word_1_199' title='bbox 784 1809 951 1841; x_wconf 87' lang='lat' dir='ltr'>meliorem</span> <span class='ocrx_word' id='word_1_200' title='bbox 972 1816 1094 1852; x_wconf 87' lang='lat' dir='ltr'>partem</span> 
     </span>
     <span class='ocr_line' id='line_1_50' title="bbox 358 1862 1094 1904; baseline 0.001 -10"><span class='ocrx_word' id='word_1_201' title='bbox 358 1862 549 1904; x_wconf 79' lang='lat' dir='ltr'>accipiendo</span> <span class='ocrx_word' id='word_1_202' title='bbox 576 1863 719 1904; x_wconf 71' lang='lat' dir='ltr'>cogitent</span> <span class='ocrx_word' id='word_1_203' title='bbox 737 1873 770 1894; x_wconf 79' lang='lat' dir='ltr'>se</span> <span class='ocrx_word' id='word_1_204' title='bbox 790 1863 828 1894; x_wconf 88' lang='lat' dir='ltr'>de</span> <span class='ocrx_word' id='word_1_205' title='bbox 850 1863 1010 1904; x_wconf 77' lang='lat' dir='ltr'>praesenti</span> <span class='ocrx_word' id='word_1_206' title='bbox 1030 1874 1094 1895; x_wconf 91' lang='lat' dir='ltr'>non</span> 
     </span>
     <span class='ocr_line' id='line_1_51' title="bbox 358 1915 1093 1958; baseline 0.001 -11"><span class='ocrx_word' id='word_1_207' title='bbox 358 1915 540 1958; x_wconf 70' lang='lat' dir='ltr'>intelligere</span> <span class='ocrx_word' id='word_1_208' title='bbox 566 1915 775 1947; x_wconf 75' lang='lat' dir='ltr'>correctionis</span> <span class='ocrx_word' id='word_1_209' title='bbox 812 1926 1007 1947; x_wconf 81' lang='lat' dir='ltr'>mensuram.</span> <span class='ocrx_word' id='word_1_210' title='bbox 1035 1916 1093 1948; x_wconf 82' lang='lat' dir='ltr'>lin-</span> 
     </span>
     <span class='ocr_line' id='line_1_52' title="bbox 358 1968 1096 2011; baseline 0.001 -12"><span class='ocrx_word' id='word_1_211' title='bbox 358 1968 470 2010; x_wconf 87' lang='lat' dir='ltr'>primis</span> <span class='ocrx_word' id='word_1_212' title='bbox 497 1974 600 2000; x_wconf 80' lang='lat' dir='ltr'>autem</span> <span class='ocrx_word' id='word_1_213' title='bbox 627 1973 758 1999; x_wconf 85' lang='lat' dir='ltr'>caveant</span> <span class='ocrx_word' id='word_1_214' title='bbox 783 1978 823 1999; x_wconf 88' lang='lat' dir='ltr'>ne</span> <span class='ocrx_word' id='word_1_215' title='bbox 849 1968 887 2000; x_wconf 90' lang='lat' dir='ltr'>de</span> <span class='ocrx_word' id='word_1_216' title='bbox 913 1968 978 2000; x_wconf 82' lang='lat' dir='ltr'>suis</span> <span class='ocrx_word' id='word_1_217' title='bbox 1004 1979 1096 2011; x_wconf 78' lang='lat' dir='ltr'>supe-</span> 
     </span>
     <span class='ocr_line' id='line_1_53' title="bbox 357 2020 1096 2062; baseline 0 -10"><span class='ocrx_word' id='word_1_218' title='bbox 357 2021 497 2053; x_wconf 81' lang='lat' dir='ltr'>rioribus</span> <span class='ocrx_word' id='word_1_219' title='bbox 524 2021 606 2053; x_wconf 90' lang='lat' dir='ltr'>male</span> <span class='ocrx_word' id='word_1_220' title='bbox 638 2021 823 2062; x_wconf 79' lang='lat' dir='ltr'>loquantur,</span> <span class='ocrx_word' id='word_1_221' title='bbox 843 2022 891 2053; x_wconf 88' lang='lat' dir='ltr'>vel</span> <span class='ocrx_word' id='word_1_222' title='bbox 917 2021 990 2053; x_wconf 86' lang='lat' dir='ltr'>illos</span> <span class='ocrx_word' id='word_1_223' title='bbox 1015 2020 1096 2052; x_wconf 91' lang='lat' dir='ltr'>iudi-</span> 
     </span>
     <span class='ocr_line' id='line_1_54' title="bbox 359 2073 1093 2112; baseline -0.001 -6"><span class='ocrx_word' id='word_1_224' title='bbox 359 2078 441 2111; x_wconf 86' lang='lat' dir='ltr'>cent,</span> <span class='ocrx_word' id='word_1_225' title='bbox 469 2073 635 2111; x_wconf 88' lang='lat' dir='ltr'>irrideant,</span> <span class='ocrx_word' id='word_1_226' title='bbox 662 2078 716 2104; x_wconf 89' lang='lat' dir='ltr'>aut</span> <span class='ocrx_word' id='word_1_227' title='bbox 741 2073 870 2105; x_wconf 89' lang='lat' dir='ltr'>illorum</span> <span class='ocrx_word' id='word_1_228' title='bbox 892 2073 985 2110; x_wconf 84' lang='lat' dir='ltr'>dicta,</span> <span class='ocrx_word' id='word_1_229' title='bbox 1006 2073 1093 2112; x_wconf 78' lang='lat' dir='ltr'>saeta,</span> 
     </span>
     <span class='ocr_line' id='line_1_55' title="bbox 359 2125 1094 2169; baseline 0.001 -12"><span class='ocrx_word' id='word_1_230' title='bbox 359 2126 595 2169; x_wconf 74' lang='lat' dir='ltr'>correptiones,</span> <span class='ocrx_word' id='word_1_231' title='bbox 621 2125 857 2167; x_wconf 86' lang='lat' dir='ltr'>dispositiones,</span> <span class='ocrx_word' id='word_1_232' title='bbox 877 2131 938 2158; x_wconf 87' lang='lat' dir='ltr'>etc.</span> <span class='ocrx_word' id='word_1_233' title='bbox 966 2126 1094 2158; x_wconf 80' lang='lat' dir='ltr'>sinistre</span> 
     </span>
     <span class='ocr_line' id='line_1_56' title="bbox 357 2178 1094 2221; baseline 0.001 -11"><span class='ocrx_word' id='word_1_234' title='bbox 357 2178 629 2221; x_wconf 80' lang='lat' dir='ltr'>interpretentur,</span> <span class='ocrx_word' id='word_1_235' title='bbox 655 2179 756 2210; x_wconf 89' lang='lat' dir='ltr'>multo</span> <span class='ocrx_word' id='word_1_236' title='bbox 789 2178 894 2210; x_wconf 88' lang='lat' dir='ltr'>minus</span> <span class='ocrx_word' id='word_1_237' title='bbox 931 2178 1005 2210; x_wconf 80' lang='lat' dir='ltr'>talia</span> <span class='ocrx_word' id='word_1_238' title='bbox 1030 2179 1094 2211; x_wconf 84' lang='lat' dir='ltr'>suis</span> 
     </span>
     <span class='ocr_line' id='line_1_57' title="bbox 358 2230 1095 2274; baseline 0 -12"><span class='ocrx_word' id='word_1_239' title='bbox 358 2231 452 2263; x_wconf 85' lang='lat' dir='ltr'>sociis</span> <span class='ocrx_word' id='word_1_240' title='bbox 478 2236 532 2263; x_wconf 89' lang='lat' dir='ltr'>aut</span> <span class='ocrx_word' id='word_1_241' title='bbox 556 2231 656 2274; x_wconf 79' lang='lat' dir='ltr'>(quod</span> <span class='ocrx_word' id='word_1_242' title='bbox 683 2231 776 2274; x_wconf 88' lang='lat' dir='ltr'>peius</span> <span class='ocrx_word' id='word_1_243' title='bbox 802 2230 899 2273; x_wconf 85' lang='lat' dir='ltr'>soret)</span> <span class='ocrx_word' id='word_1_244' title='bbox 933 2231 1095 2262; x_wconf 79' lang='lat' dir='ltr'>extraneis</span> 
     </span>
     <span class='ocr_line' id='line_1_58' title="bbox 359 2285 523 2325; baseline 0 -10"><span class='ocrx_word' id='word_1_245' title='bbox 359 2285 523 2325; x_wconf 81' lang='lat' dir='ltr'>evulgent.</span> 
     </span>
    </p>

    <p class='ocr_par' dir='ltr' id='par_1_14' title="bbox 403 2336 1095 2378">
     <span class='ocr_line' id='line_1_59' title="bbox 403 2336 1095 2378; baseline 0 -11"><span class='ocrx_word' id='word_1_246' title='bbox 403 2346 497 2368; x_wconf 78' lang='lat' dir='ltr'>xxvii.</span> <span class='ocrx_word' id='word_1_247' title='bbox 525 2336 642 2369; x_wconf 84' lang='lat' dir='ltr'>Contra</span> <span class='ocrx_word' id='word_1_248' title='bbox 680 2336 953 2378; x_wconf 70' lang='lat' dir='ltr'>dispensationem</span> <span class='ocrx_word' id='word_1_249' title='bbox 982 2345 1095 2368; x_wconf 77' lang='lat' dir='ltr'>neces-</span> 
     </span>
    </p>
   </div>
   <div class='ocr_carea' id='block_1_10' title="bbox 224 2389 1094 2428">
    <p class='ocr_par' dir='ltr' id='par_1_15' title="bbox 224 2389 1094 2428">
     <span class='ocr_line' id='line_1_60' title="bbox 224 2389 1094 2428; baseline -0.002 -7"><span class='ocrx_word' id='word_1_250' title='bbox 224 2403 227 2414; x_wconf 56' lang='lat'>*</span> <span class='ocrx_word' id='word_1_251' title='bbox 258 2405 268 2415; x_wconf 78' lang='grc' dir='ltr'>ι·</span> <span class='ocrx_word' id='word_1_252' title='bbox 299 2402 309 2415; x_wconf 76' lang='lat' dir='ltr'>c</span> <span class='ocrx_word' id='word_1_253' title='bbox 340 2390 542 2428; x_wconf 81' lang='lat' dir='ltr'>-sariorum‚</span> <span class='ocrx_word' id='word_1_254' title='bbox 570 2390 674 2421; x_wconf 80' lang='lat' dir='ltr'>nullas</span> <span class='ocrx_word' id='word_1_255' title='bbox 701 2389 854 2421; x_wconf 81' lang='lat' dir='ltr'>sactiones</span> <span class='ocrx_word' id='word_1_256' title='bbox 878 2395 910 2420; x_wconf 89' lang='lat' dir='ltr'>et</span> <span class='ocrx_word' id='word_1_257' title='bbox 934 2399 1094 2420; x_wconf 83' lang='lat' dir='ltr'>murmura</span> 
     </span>
    </p>
   </div>
   <div class='ocr_carea' id='block_1_11' title="bbox 357 2441 1094 2590">
    <p class='ocr_par' dir='ltr' id='par_1_16' title="bbox 357 2441 1094 2590">
     <span class='ocr_line' id='line_1_61' title="bbox 358 2441 1093 2484; baseline -0.003 -10"><span class='ocrx_word' id='word_1_258' title='bbox 358 2443 508 2480; x_wconf 81' lang='lat' dir='ltr'>excitent,</span> <span class='ocrx_word' id='word_1_259' title='bbox 533 2442 598 2479; x_wconf 78' lang='lat' dir='ltr'>sed,</span> <span class='ocrx_word' id='word_1_260' title='bbox 617 2442 641 2473; x_wconf 91' lang='lat' dir='ltr'>si</span> <span class='ocrx_word' id='word_1_261' title='bbox 668 2452 762 2484; x_wconf 86' lang='lat' dir='ltr'>quem</span> <span class='ocrx_word' id='word_1_262' title='bbox 789 2442 951 2474; x_wconf 79' lang='lat' dir='ltr'>desectum</span> <span class='ocrx_word' id='word_1_263' title='bbox 977 2441 1093 2473; x_wconf 87' lang='lat' dir='ltr'>horum</span> 
     </span>
     <span class='ocr_line' id='line_1_62' title="bbox 357 2493 1092 2537; baseline -0.003 -11"><span class='ocrx_word' id='word_1_264' title='bbox 357 2494 604 2537; x_wconf 85' lang='lat' dir='ltr'>quomodolibet</span> <span class='ocrx_word' id='word_1_265' title='bbox 640 2494 671 2525; x_wconf 91' lang='lat' dir='ltr'>in</span> <span class='ocrx_word' id='word_1_266' title='bbox 711 2495 846 2526; x_wconf 82' lang='lat' dir='ltr'>veritate</span> <span class='ocrx_word' id='word_1_267' title='bbox 888 2493 1092 2532; x_wconf 80' lang='lat' dir='ltr'>notaverint,</span> 
     </span>
     <span class='ocr_line' id='line_1_63' title="bbox 358 2547 1094 2590; baseline -0.003 -9"><span class='ocrx_word' id='word_1_268' title='bbox 358 2547 553 2590; x_wconf 84' lang='lat' dir='ltr'>competenti</span> <span class='ocrx_word' id='word_1_269' title='bbox 569 2547 728 2590; x_wconf 76' lang='lat' dir='ltr'>superiori</span> <span class='ocrx_word' id='word_1_270' title='bbox 747 2547 882 2579; x_wconf 87' lang='lat' dir='ltr'>seorsim</span> <span class='ocrx_word' id='word_1_271' title='bbox 895 2547 1094 2587; x_wconf 88' lang='lat' dir='ltr'>indicabunt,</span> 
     </span>
    </p>
   </div>
   <div class='ocr_carea' id='block_1_12' title="bbox 960 174 1314 203">
    <p class='ocr_par' dir='ltr' id='par_1_17' title="bbox 960 174 1314 203">
     <span class='ocr_line' id='line_1_64' title="bbox 960 174 1314 203; baseline -0.006 0"><span class='ocrx_word' id='word_1_272' title='bbox 960 176 1139 203; x_wconf 59' lang='lat' dir='ltr'>vaLtmt&#39;M</span> <span class='ocrx_word' id='word_1_273' title='bbox 1163 174 1314 202; x_wconf 54' lang='lat' dir='ltr'>Romami</span> 
     </span>
    </p>
   </div>
   <div class='ocr_carea' id='block_1_13' title="bbox 1115 239 1130 2476">
    <p class='ocr_par' dir='ltr' id='par_1_18' title="bbox 1115 239 1130 2476">
     <span class='ocr_line' id='line_1_65' title="bbox 1115 239 1130 2476; baseline 0 0"><span class='ocrx_word' id='word_1_274' title='bbox 1115 239 1130 2476; x_wconf 95' lang='lat' dir='ltr'> </span> 
     </span>
    </p>
   </div>
   <div class='ocr_carea' id='block_1_14' title="bbox 1137 165 2073 2495">
    <p class='ocr_par' dir='ltr' id='par_1_19' title="bbox 1150 165 2073 311">
     <span class='ocr_line' id='line_1_66' title="bbox 1849 165 2073 205; baseline 0.009 -2"><span class='ocrx_word' id='word_1_275' title='bbox 1849 171 1854 176; x_wconf 93' lang='grc'><strong>’</strong></span> <span class='ocrx_word' id='word_1_276' title='bbox 1885 165 1937 204; x_wconf 71' lang='lat' dir='ltr'>An]</span> <span class='ocrx_word' id='word_1_277' title='bbox 1955 175 1983 205; x_wconf 86' lang='lat' dir='ltr'>c.</span> <span class='ocrx_word' id='word_1_278' title='bbox 2003 166 2073 205; x_wconf 53' lang='lat'>1‘680</span> 
     </span>
     <span class='ocr_line' id='line_1_67' title="bbox 1150 225 1881 269; baseline 0.003 -13"><span class='ocrx_word' id='word_1_279' title='bbox 1150 230 1183 256; x_wconf 87' lang='lat' dir='ltr'>ut</span> <span class='ocrx_word' id='word_1_280' title='bbox 1212 237 1267 258; x_wconf 82' lang='lat' dir='ltr'>sno</span> <span class='ocrx_word' id='word_1_281' title='bbox 1294 233 1440 269; x_wconf 84' lang='lat' dir='ltr'>tempore</span> <span class='ocrx_word' id='word_1_282' title='bbox 1467 228 1526 259; x_wconf 71' lang='lat' dir='ltr'>eo·</span> <span class='ocrx_word' id='word_1_283' title='bbox 1555 225 1651 259; x_wconf 88' lang='lat' dir='ltr'>modo</span> <span class='ocrx_word' id='word_1_284' title='bbox 1676 225 1756 260; x_wconf 87' lang='lat' dir='ltr'>sciat</span> <span class='ocrx_word' id='word_1_285' title='bbox 1779 235 1881 259; x_wconf 85' lang='lat' dir='ltr'>reme-</span> 
     </span>
     <span class='ocr_line' id='line_1_68' title="bbox 1150 278 1429 311; baseline 0.004 -1"><span class='ocrx_word' id='word_1_286' title='bbox 1150 278 1234 310; x_wconf 88' lang='lat' dir='ltr'>dium</span> <span class='ocrx_word' id='word_1_287' title='bbox 1260 279 1429 311; x_wconf 88' lang='lat' dir='ltr'>adhibere.</span> 
     </span>
    </p>

    <p class='ocr_par' dir='ltr' id='par_1_20' title="bbox 1146 321 1882 626">
     <span class='ocr_line' id='line_1_69' title="bbox 1193 321 1882 374; baseline 0.003 -12"><span class='ocrx_word' id='word_1_288' title='bbox 1193 321 1301 364; x_wconf 50' lang='lat' dir='ltr'>xfwm.</span> <span class='ocrx_word' id='word_1_289' title='bbox 1329 331 1375 363; x_wconf 81' lang='lat' dir='ltr'>Ab</span> <span class='ocrx_word' id='word_1_290' title='bbox 1392 331 1479 364; x_wconf 87' lang='lat' dir='ltr'>omni</span> <span class='ocrx_word' id='word_1_291' title='bbox 1502 331 1609 374; x_wconf 87' lang='lat' dir='ltr'>speeie</span> <span class='ocrx_word' id='word_1_292' title='bbox 1626 332 1784 364; x_wconf 88' lang='lat' dir='ltr'>mendacii</span> <span class='ocrx_word' id='word_1_293' title='bbox 1809 332 1882 364; x_wconf 86' lang='lat' dir='ltr'>abs-</span> 
     </span>
     <span class='ocr_line' id='line_1_70' title="bbox 1149 382 1882 427; baseline 0.003 -13"><span class='ocrx_word' id='word_1_294' title='bbox 1149 382 1260 421; x_wconf 88' lang='lat' dir='ltr'>tinere,</span> <span class='ocrx_word' id='word_1_295' title='bbox 1285 384 1452 416; x_wconf 82' lang='lat' dir='ltr'>veritatem</span> <span class='ocrx_word' id='word_1_296' title='bbox 1472 395 1556 423; x_wconf 74' lang='lat' dir='ltr'>vem,</span> <span class='ocrx_word' id='word_1_297' title='bbox 1583 394 1664 427; x_wconf 85' lang='lat' dir='ltr'>quae</span> <span class='ocrx_word' id='word_1_298' title='bbox 1690 385 1773 416; x_wconf 86' lang='lat' dir='ltr'>inter</span> <span class='ocrx_word' id='word_1_299' title='bbox 1789 394 1882 427; x_wconf 89' lang='lat' dir='ltr'>prae-</span> 
     </span>
     <span class='ocr_line' id='line_1_71' title="bbox 1147 436 1881 478; baseline 0.004 -12"><span class='ocrx_word' id='word_1_300' title='bbox 1147 436 1238 478; x_wconf 91' lang='lat' dir='ltr'>cipua</span> <span class='ocrx_word' id='word_1_301' title='bbox 1252 436 1334 468; x_wconf 87' lang='lat' dir='ltr'>bene</span> <span class='ocrx_word' id='word_1_302' title='bbox 1351 442 1491 469; x_wconf 86' lang='lat' dir='ltr'>moratae</span> <span class='ocrx_word' id='word_1_303' title='bbox 1507 437 1680 468; x_wconf 82' lang='lat' dir='ltr'>iuventutis</span> <span class='ocrx_word' id='word_1_304' title='bbox 1692 441 1881 469; x_wconf 81' lang='lat' dir='ltr'>ornamenta</span> 
     </span>
     <span class='ocr_line' id='line_1_72' title="bbox 1148 489 1880 532; baseline 0.001 -12"><span class='ocrx_word' id='word_1_305' title='bbox 1148 489 1262 520; x_wconf 75' lang='lat' dir='ltr'>merito</span> <span class='ocrx_word' id='word_1_306' title='bbox 1295 495 1503 529; x_wconf 83' lang='lat' dir='ltr'>numeratur,</span> <span class='ocrx_word' id='word_1_307' title='bbox 1531 495 1693 532; x_wconf 83' lang='lat' dir='ltr'>tamquam</span> <span class='ocrx_word' id='word_1_308' title='bbox 1723 489 1880 532; x_wconf 87' lang='lat' dir='ltr'>pupillam</span> 
     </span>
     <span class='ocr_line' id='line_1_73' title="bbox 1148 541 1878 573; baseline 0.003 -2"><span class='ocrx_word' id='word_1_309' title='bbox 1148 541 1229 573; x_wconf 85' lang='lat' dir='ltr'>oculi</span> <span class='ocrx_word' id='word_1_310' title='bbox 1255 541 1288 572; x_wconf 87' lang='lat' dir='ltr'>in</span> <span class='ocrx_word' id='word_1_311' title='bbox 1313 541 1463 573; x_wconf 90' lang='lat' dir='ltr'>omnibus</span> <span class='ocrx_word' id='word_1_312' title='bbox 1494 541 1600 573; x_wconf 86' lang='lat' dir='ltr'>verbis</span> <span class='ocrx_word' id='word_1_313' title='bbox 1632 546 1664 573; x_wconf 90' lang='lat' dir='ltr'>et</span> <span class='ocrx_word' id='word_1_314' title='bbox 1698 541 1878 573; x_wconf 79' lang='lat' dir='ltr'>actionibus</span> 
     </span>
     <span class='ocr_line' id='line_1_74' title="bbox 1146 593 1584 626; baseline 0.002 -2"><span class='ocrx_word' id='word_1_315' title='bbox 1146 593 1209 625; x_wconf 87' lang='lat' dir='ltr'>suis</span> <span class='ocrx_word' id='word_1_316' title='bbox 1234 594 1396 626; x_wconf 87' lang='lat' dir='ltr'>custodire</span> <span class='ocrx_word' id='word_1_317' title='bbox 1421 594 1584 625; x_wconf 89' lang='lat' dir='ltr'>studeant.</span> 
     </span>
    </p>

    <p class='ocr_par' dir='ltr' id='par_1_21' title="bbox 1143 646 2071 940">
     <span class='ocr_line' id='line_1_75' title="bbox 1187 646 2071 690; baseline 0.002 -12"><span class='ocrx_word' id='word_1_318' title='bbox 1187 657 1271 679; x_wconf 68' lang='lat' dir='ltr'>xxrx.</span> <span class='ocrx_word' id='word_1_319' title='bbox 1306 646 1375 678; x_wconf 88' lang='lat' dir='ltr'>Non</span> <span class='ocrx_word' id='word_1_320' title='bbox 1409 647 1602 685; x_wconf 82' lang='lat' dir='ltr'>adulentur,</span> <span class='ocrx_word' id='word_1_321' title='bbox 1628 657 1693 679; x_wconf 90' lang='lat' dir='ltr'>non</span> <span class='ocrx_word' id='word_1_322' title='bbox 1727 647 1878 689; x_wconf 85' lang='lat' dir='ltr'>pietatem</span> <span class='ocrx_word' id='word_1_323' title='bbox 1903 659 1953 680; x_wconf 72' lang='lat' dir='ltr'>nem</span> <span class='ocrx_word' id='word_1_324' title='bbox 1969 660 2071 690; x_wconf 49' lang='lat' dir='ltr'>aar-iau„-</span> 
     </span>
     <span class='ocr_line' id='line_1_76' title="bbox 1146 689 2071 742; baseline 0.004 -12"><span class='ocrx_word' id='word_1_325' title='bbox 1146 698 1278 740; x_wconf 73' lang='lat' dir='ltr'>fingant,</span> <span class='ocrx_word' id='word_1_326' title='bbox 1306 698 1467 731; x_wconf 86' lang='lat' dir='ltr'>neminem</span> <span class='ocrx_word' id='word_1_327' title='bbox 1493 699 1684 742; x_wconf 88' lang='lat' dir='ltr'>decipiendo</span> <span class='ocrx_word' id='word_1_328' title='bbox 1703 699 1807 732; x_wconf 82' lang='lat' dir='ltr'>verbis</span> <span class='ocrx_word' id='word_1_329' title='bbox 1824 699 1880 732; x_wconf 88' lang='lat' dir='ltr'>cir-</span> <span class='ocrx_word' id='word_1_330' title='bbox 1890 692 1935 733; x_wconf 54' lang='lat'>{¹23</span> <span class='ocrx_word' id='word_1_331' title='bbox 1946 689 2071 739; x_wconf 56' lang='lat'>§12131&#39;2&#39;331&#39;</span> 
     </span>
     <span class='ocr_line' id='line_1_77' title="bbox 1145 751 1879 790; baseline 0.003 -8"><span class='ocrx_word' id='word_1_332' title='bbox 1145 751 1361 790; x_wconf 69' lang='lat' dir='ltr'>eumeniam,</span> <span class='ocrx_word' id='word_1_333' title='bbox 1386 756 1417 783; x_wconf 91' lang='lat' dir='ltr'>et</span> <span class='ocrx_word' id='word_1_334' title='bbox 1438 751 1470 782; x_wconf 89' lang='lat' dir='ltr'>in</span> <span class='ocrx_word' id='word_1_335' title='bbox 1489 751 1673 783; x_wconf 82' lang='lat' dir='ltr'>narratione</span> <span class='ocrx_word' id='word_1_336' title='bbox 1695 761 1804 783; x_wconf 88' lang='lat' dir='ltr'>rerum</span> <span class='ocrx_word' id='word_1_337' title='bbox 1822 762 1879 784; x_wconf 91' lang='lat' dir='ltr'>au-</span> 
     </span>
     <span class='ocr_line' id='line_1_78' title="bbox 1145 803 1878 845; baseline 0.003 -11"><span class='ocrx_word' id='word_1_338' title='bbox 1145 803 1283 835; x_wconf 89' lang='lat' dir='ltr'>ditarum</span> <span class='ocrx_word' id='word_1_339' title='bbox 1319 803 1357 836; x_wconf 88' lang='lat' dir='ltr'>ab</span> <span class='ocrx_word' id='word_1_340' title='bbox 1391 803 1480 836; x_wconf 90' lang='lat' dir='ltr'>omni</span> <span class='ocrx_word' id='word_1_341' title='bbox 1516 803 1593 835; x_wconf 81' lang='lat' dir='ltr'>salsa</span> <span class='ocrx_word' id='word_1_342' title='bbox 1629 803 1878 845; x_wconf 75' lang='lat' dir='ltr'>amplificatione</span> 
     </span>
     <span class='ocr_line' id='line_1_79' title="bbox 1143 854 1877 897; baseline 0.003 -11"><span class='ocrx_word' id='word_1_343' title='bbox 1143 855 1336 893; x_wconf 81' lang='lat' dir='ltr'>abstineant,</span> <span class='ocrx_word' id='word_1_344' title='bbox 1363 860 1416 895; x_wconf 84' lang='lat' dir='ltr'>ut,</span> <span class='ocrx_word' id='word_1_345' title='bbox 1442 855 1524 887; x_wconf 88' lang='lat' dir='ltr'>sicut</span> <span class='ocrx_word' id='word_1_346' title='bbox 1548 865 1583 887; x_wconf 90' lang='lat' dir='ltr'>os</span> <span class='ocrx_word' id='word_1_347' title='bbox 1603 854 1752 897; x_wconf 87' lang='lat' dir='ltr'>loquitur,</span> <span class='ocrx_word' id='word_1_348' title='bbox 1778 855 1822 888; x_wconf 91' lang='lat' dir='ltr'>ita</span> <span class='ocrx_word' id='word_1_349' title='bbox 1844 856 1877 888; x_wconf 90' lang='lat' dir='ltr'>in</span> 
     </span>
     <span class='ocr_line' id='line_1_80' title="bbox 1143 907 1503 940; baseline 0 0"><span class='ocrx_word' id='word_1_350' title='bbox 1143 908 1273 940; x_wconf 86' lang='lat' dir='ltr'>veritate</span> <span class='ocrx_word' id='word_1_351' title='bbox 1298 907 1413 940; x_wconf 83' lang='lat' dir='ltr'>sentiat</span> <span class='ocrx_word' id='word_1_352' title='bbox 1437 918 1503 940; x_wconf 86' lang='lat' dir='ltr'>cor.</span> 
     </span>
    </p>

    <p class='ocr_par' dir='ltr' id='par_1_22' title="bbox 1140 960 2069 1425">
     <span class='ocr_line' id='line_1_81' title="bbox 1185 960 2069 996; baseline 0.002 -2"><span class='ocrx_word' id='word_1_353' title='bbox 1185 971 1253 994; x_wconf 72' lang='lat' dir='ltr'>xxx.</span> <span class='ocrx_word' id='word_1_354' title='bbox 1280 960 1381 993; x_wconf 87' lang='lat' dir='ltr'>Nemo</span> <span class='ocrx_word' id='word_1_355' title='bbox 1414 961 1553 993; x_wconf 85' lang='lat' dir='ltr'>alterum</span> <span class='ocrx_word' id='word_1_356' title='bbox 1582 960 1742 994; x_wconf 85' lang='lat' dir='ltr'>mendacii</span> <span class='ocrx_word' id='word_1_357' title='bbox 1767 960 1878 994; x_wconf 86' lang='lat' dir='ltr'>incivi-</span> <span class='ocrx_word' id='word_1_358' title='bbox 1909 973 2069 996; x_wconf 58' lang='lat' dir='ltr'>aomanorum</span> 
     </span>
     <span class='ocr_line' id='line_1_82' title="bbox 1142 1001 1987 1056; baseline 0.002 -11"><span class='ocrx_word' id='word_1_359' title='bbox 1142 1013 1216 1045; x_wconf 86' lang='lat' dir='ltr'>liter</span> <span class='ocrx_word' id='word_1_360' title='bbox 1241 1019 1365 1055; x_wconf 79' lang='lat' dir='ltr'>arguat,</span> <span class='ocrx_word' id='word_1_361' title='bbox 1393 1024 1451 1045; x_wconf 72' lang='lat' dir='ltr'>nec</span> <span class='ocrx_word' id='word_1_362' title='bbox 1476 1014 1508 1045; x_wconf 92' lang='lat' dir='ltr'>in</span> <span class='ocrx_word' id='word_1_363' title='bbox 1533 1013 1685 1056; x_wconf 83' lang='lat' dir='ltr'>passione</span> <span class='ocrx_word' id='word_1_364' title='bbox 1710 1013 1776 1047; x_wconf 86' lang='lat' dir='ltr'>irae</span> <span class='ocrx_word' id='word_1_365' title='bbox 1802 1024 1878 1056; x_wconf 85' lang='lat' dir='ltr'>erga</span> <span class='ocrx_word' id='word_1_366' title='bbox 1889 1001 1987 1023; x_wconf 58' lang='lat'>⁰³⁸⁸⁶²²&#39;</span> 
     </span>
     <span class='ocr_line' id='line_1_83' title="bbox 1141 1066 1876 1105; baseline 0.003 -8"><span class='ocrx_word' id='word_1_367' title='bbox 1141 1076 1175 1097; x_wconf 89' lang='lat' dir='ltr'>se</span> <span class='ocrx_word' id='word_1_368' title='bbox 1212 1066 1347 1098; x_wconf 84' lang='lat' dir='ltr'>invicem</span> <span class='ocrx_word' id='word_1_369' title='bbox 1382 1066 1598 1105; x_wconf 82' lang='lat' dir='ltr'>ess&#39;ervescant,</span> <span class='ocrx_word' id='word_1_370' title='bbox 1625 1071 1679 1098; x_wconf 86' lang='lat' dir='ltr'>aut</span> <span class='ocrx_word' id='word_1_371' title='bbox 1701 1066 1876 1099; x_wconf 86' lang='lat' dir='ltr'>vindictam</span> 
     </span>
     <span class='ocr_line' id='line_1_84' title="bbox 1141 1119 1877 1161; baseline 0.005 -12"><span class='ocrx_word' id='word_1_372' title='bbox 1141 1128 1268 1150; x_wconf 88' lang='lat' dir='ltr'>sumere</span> <span class='ocrx_word' id='word_1_373' title='bbox 1288 1129 1492 1161; x_wconf 86' lang='lat' dir='ltr'>quocumque</span> <span class='ocrx_word' id='word_1_374' title='bbox 1512 1119 1607 1151; x_wconf 90' lang='lat' dir='ltr'>modo</span> <span class='ocrx_word' id='word_1_375' title='bbox 1633 1124 1809 1159; x_wconf 82' lang='lat' dir='ltr'>attentent;</span> <span class='ocrx_word' id='word_1_376' title='bbox 1837 1120 1877 1153; x_wconf 88' lang='lat' dir='ltr'>ad</span> 
     </span>
     <span class='ocr_line' id='line_1_85' title="bbox 1141 1170 1876 1213; baseline 0.003 -11"><span class='ocrx_word' id='word_1_377' title='bbox 1141 1176 1377 1213; x_wconf 82' lang='lat' dir='ltr'>competentem</span> <span class='ocrx_word' id='word_1_378' title='bbox 1410 1181 1485 1203; x_wconf 90' lang='lat' dir='ltr'>vero</span> <span class='ocrx_word' id='word_1_379' title='bbox 1518 1170 1743 1213; x_wconf 88' lang='lat' dir='ltr'>superiorem,</span> <span class='ocrx_word' id='word_1_380' title='bbox 1770 1171 1796 1204; x_wconf 82' lang='lat' dir='ltr'>si</span> <span class='ocrx_word' id='word_1_381' title='bbox 1829 1171 1876 1204; x_wconf 84' lang='lat' dir='ltr'>rei</span> 
     </span>
     <span class='ocr_line' id='line_1_86' title="bbox 1140 1223 1876 1266; baseline 0.004 -12"><span class='ocrx_word' id='word_1_382' title='bbox 1140 1224 1277 1264; x_wconf 70' lang='lat' dir='ltr'>gravitas</span> <span class='ocrx_word' id='word_1_383' title='bbox 1289 1224 1504 1266; x_wconf 81' lang='lat' dir='ltr'>postulaverit,</span> <span class='ocrx_word' id='word_1_384' title='bbox 1514 1223 1749 1256; x_wconf 86' lang='lat' dir='ltr'>rationabiliter</span> <span class='ocrx_word' id='word_1_385' title='bbox 1763 1230 1794 1257; x_wconf 88' lang='lat' dir='ltr'>et</span> <span class='ocrx_word' id='word_1_386' title='bbox 1807 1224 1876 1257; x_wconf 86' lang='lat' dir='ltr'>sine</span> 
     </span>
     <span class='ocr_line' id='line_1_87' title="bbox 1140 1277 1877 1320; baseline 0.001 -11"><span class='ocrx_word' id='word_1_387' title='bbox 1140 1277 1316 1319; x_wconf 82' lang='lat' dir='ltr'>cupiditate</span> <span class='ocrx_word' id='word_1_388' title='bbox 1342 1277 1500 1309; x_wconf 82' lang='lat' dir='ltr'>vindictae</span> <span class='ocrx_word' id='word_1_389' title='bbox 1530 1277 1656 1309; x_wconf 81' lang='lat' dir='ltr'>deferre</span> <span class='ocrx_word' id='word_1_390' title='bbox 1682 1287 1777 1310; x_wconf 89' lang='lat' dir='ltr'>nemo</span> <span class='ocrx_word' id='word_1_391' title='bbox 1802 1287 1877 1320; x_wconf 91' lang='lat' dir='ltr'>pro-</span> 
     </span>
     <span class='ocr_line' id='line_1_88' title="bbox 1140 1329 1875 1373; baseline 0.003 -12"><span class='ocrx_word' id='word_1_392' title='bbox 1140 1330 1281 1369; x_wconf 81' lang='lat' dir='ltr'>hibetur,</span> <span class='ocrx_word' id='word_1_393' title='bbox 1307 1331 1361 1372; x_wconf 88' lang='lat' dir='ltr'>qui</span> <span class='ocrx_word' id='word_1_394' title='bbox 1386 1330 1511 1363; x_wconf 86' lang='lat' dir='ltr'>noverit</span> <span class='ocrx_word' id='word_1_395' title='bbox 1534 1329 1656 1373; x_wconf 89' lang='lat' dir='ltr'>optime</span> <span class='ocrx_word' id='word_1_396' title='bbox 1682 1330 1713 1362; x_wconf 92' lang='lat' dir='ltr'>in</span> <span class='ocrx_word' id='word_1_397' title='bbox 1739 1330 1875 1363; x_wconf 84' lang='lat' dir='ltr'>Domino</span> 
     </span>
     <span class='ocr_line' id='line_1_89' title="bbox 1140 1383 1322 1425; baseline 0.011 -12"><span class='ocrx_word' id='word_1_398' title='bbox 1140 1383 1322 1425; x_wconf 79' lang='lat' dir='ltr'>providere.</span> 
     </span>
    </p>

    <p class='ocr_par' dir='ltr' id='par_1_23' title="bbox 1139 1436 1876 1742">
     <span class='ocr_line' id='line_1_90' title="bbox 1182 1436 1871 1476; baseline 0.003 -9"><span class='ocrx_word' id='word_1_399' title='bbox 1182 1446 1265 1468; x_wconf 76' lang='lat' dir='ltr'>xxxi.</span> <span class='ocrx_word' id='word_1_400' title='bbox 1292 1436 1446 1468; x_wconf 82' lang='lat' dir='ltr'>Sermone</span> <span class='ocrx_word' id='word_1_401' title='bbox 1471 1440 1604 1468; x_wconf 84' lang='lat' dir='ltr'>utantur</span> <span class='ocrx_word' id='word_1_402' title='bbox 1627 1437 1786 1476; x_wconf 85' lang='lat' dir='ltr'>modestO,</span> <span class='ocrx_word' id='word_1_403' title='bbox 1808 1447 1871 1469; x_wconf 92' lang='lat' dir='ltr'>non</span> 
     </span>
     <span class='ocr_line' id='line_1_91' title="bbox 1139 1488 1872 1530; baseline 0.004 -11"><span class='ocrx_word' id='word_1_404' title='bbox 1139 1488 1317 1530; x_wconf 82' lang='lat' dir='ltr'>sapientiae</span> <span class='ocrx_word' id='word_1_405' title='bbox 1354 1488 1581 1520; x_wconf 86' lang='lat' dir='ltr'>sublimitatem</span> <span class='ocrx_word' id='word_1_406' title='bbox 1611 1488 1782 1529; x_wconf 74' lang='lat' dir='ltr'>affectent,</span> <span class='ocrx_word' id='word_1_407' title='bbox 1807 1500 1872 1522; x_wconf 89' lang='lat' dir='ltr'>non</span> 
     </span>
     <span class='ocr_line' id='line_1_92' title="bbox 1140 1541 1874 1581; baseline 0.004 -9"><span class='ocrx_word' id='word_1_408' title='bbox 1140 1542 1235 1573; x_wconf 81' lang='lat' dir='ltr'>salsae</span> <span class='ocrx_word' id='word_1_409' title='bbox 1270 1541 1460 1574; x_wconf 75' lang='lat' dir='ltr'>humilitatis</span> <span class='ocrx_word' id='word_1_410' title='bbox 1490 1541 1726 1581; x_wconf 85' lang='lat' dir='ltr'>abiectionem,</span> <span class='ocrx_word' id='word_1_411' title='bbox 1759 1542 1815 1575; x_wconf 75' lang='lat' dir='ltr'>sed</span> <span class='ocrx_word' id='word_1_412' title='bbox 1841 1542 1874 1575; x_wconf 91' lang='lat' dir='ltr'>in</span> 
     </span>
     <span class='ocr_line' id='line_1_93' title="bbox 1139 1594 1876 1637; baseline 0.001 -11"><span class='ocrx_word' id='word_1_413' title='bbox 1139 1594 1290 1626; x_wconf 86' lang='lat' dir='ltr'>omnibus</span> <span class='ocrx_word' id='word_1_414' title='bbox 1314 1600 1427 1626; x_wconf 84' lang='lat' dir='ltr'>curent</span> <span class='ocrx_word' id='word_1_415' title='bbox 1451 1594 1689 1637; x_wconf 83' lang='lat' dir='ltr'>simplieitatem</span> <span class='ocrx_word' id='word_1_416' title='bbox 1710 1595 1876 1628; x_wconf 82' lang='lat' dir='ltr'>sincerita-</span> 
     </span>
     <span class='ocr_line' id='line_1_94' title="bbox 1141 1648 1876 1690; baseline 0.003 -11"><span class='ocrx_word' id='word_1_417' title='bbox 1141 1653 1267 1689; x_wconf 79' lang='lat' dir='ltr'>temque</span> <span class='ocrx_word' id='word_1_418' title='bbox 1293 1648 1499 1679; x_wconf 81' lang='lat' dir='ltr'>christianam</span> <span class='ocrx_word' id='word_1_419' title='bbox 1525 1648 1799 1690; x_wconf 82' lang='lat' dir='ltr'>serva1·e,qnibus</span> <span class='ocrx_word' id='word_1_420' title='bbox 1824 1658 1876 1681; x_wconf 85' lang='lat' dir='ltr'>ae-</span> 
     </span>
     <span class='ocr_line' id='line_1_95' title="bbox 1139 1699 1791 1742; baseline 0.003 -11"><span class='ocrx_word' id='word_1_421' title='bbox 1139 1700 1286 1732; x_wconf 75' lang='lat' dir='ltr'>dificetur</span> <span class='ocrx_word' id='word_1_422' title='bbox 1310 1700 1479 1742; x_wconf 77' lang='lat' dir='ltr'>proximus,</span> <span class='ocrx_word' id='word_1_423' title='bbox 1506 1711 1570 1732; x_wconf 90' lang='lat' dir='ltr'>non</span> <span class='ocrx_word' id='word_1_424' title='bbox 1597 1699 1791 1733; x_wconf 72' lang='lat' dir='ltr'>offendatur.</span> 
     </span>
    </p>

    <p class='ocr_par' dir='ltr' id='par_1_24' title="bbox 1138 1752 2068 2050">
     <span class='ocr_line' id='line_1_96' title="bbox 1183 1752 2066 1798; baseline 0.003 -14"><span class='ocrx_word' id='word_1_425' title='bbox 1183 1762 1278 1784; x_wconf 63' lang='lat' dir='ltr'>xxxii.</span> <span class='ocrx_word' id='word_1_426' title='bbox 1305 1752 1338 1784; x_wconf 92' lang='lat' dir='ltr'>In</span> <span class='ocrx_word' id='word_1_427' title='bbox 1363 1753 1400 1784; x_wconf 85' lang='lat' dir='ltr'>iis</span> <span class='ocrx_word' id='word_1_428' title='bbox 1426 1752 1479 1795; x_wconf 91' lang='lat' dir='ltr'>qui</span> <span class='ocrx_word' id='word_1_429' title='bbox 1505 1759 1645 1791; x_wconf 84' lang='lat' dir='ltr'>narrant,</span> <span class='ocrx_word' id='word_1_430' title='bbox 1672 1754 1823 1795; x_wconf 83' lang='lat' dir='ltr'>ambages</span> <span class='ocrx_word' id='word_1_431' title='bbox 1843 1759 1889 1798; x_wconf 19' lang='lat' dir='ltr'>etp</span> <span class='ocrx_word' id='word_1_432' title='bbox 1923 1760 1945 1781; x_wconf 84' lang='lat' dir='ltr'>ln</span> <span class='ocrx_word' id='word_1_433' title='bbox 1971 1767 2066 1792; x_wconf 69' lang='lat' dir='ltr'>sermono</span> 
     </span>
     <span class='ocr_line' id='line_1_97' title="bbox 1138 1789 2068 1848; baseline 0.002 -11"><span class='ocrx_word' id='word_1_434' title='bbox 1138 1806 1321 1848; x_wconf 83' lang='lat' dir='ltr'>superfluos</span> <span class='ocrx_word' id='word_1_435' title='bbox 1347 1806 1520 1837; x_wconf 86' lang='lat' dir='ltr'>verborum</span> <span class='ocrx_word' id='word_1_436' title='bbox 1551 1806 1709 1846; x_wconf 89' lang='lat' dir='ltr'>ambitus,</span> <span class='ocrx_word' id='word_1_437' title='bbox 1736 1807 1819 1839; x_wconf 87' lang='lat' dir='ltr'>sicut</span> <span class='ocrx_word' id='word_1_438' title='bbox 1843 1789 2068 1840; x_wconf 49' lang='lat' dir='ltr'>etssl&#39;issefficllffiif</span> 
     </span>
     <span class='ocr_line' id='line_1_98' title="bbox 1139 1858 1872 1902; baseline 0.004 -12"><span class='ocrx_word' id='word_1_439' title='bbox 1139 1858 1391 1890; x_wconf 82' lang='lat' dir='ltr'>circumstantias</span> <span class='ocrx_word' id='word_1_440' title='bbox 1417 1859 1456 1891; x_wconf 89' lang='lat' dir='ltr'>ad</span> <span class='ocrx_word' id='word_1_441' title='bbox 1486 1869 1555 1890; x_wconf 82' lang='lat' dir='ltr'>rem</span> <span class='ocrx_word' id='word_1_442' title='bbox 1581 1869 1645 1891; x_wconf 92' lang='lat' dir='ltr'>non</span> <span class='ocrx_word' id='word_1_443' title='bbox 1671 1860 1872 1902; x_wconf 84' lang='lat' dir='ltr'>pertinentes</span> 
     </span>
     <span class='ocr_line' id='line_1_99' title="bbox 1138 1911 1872 1954; baseline 0.001 -11"><span class='ocrx_word' id='word_1_444' title='bbox 1138 1911 1346 1949; x_wconf 87' lang='lat' dir='ltr'>abscindant,</span> <span class='ocrx_word' id='word_1_445' title='bbox 1382 1917 1413 1942; x_wconf 90' lang='lat' dir='ltr'>et</span> <span class='ocrx_word' id='word_1_446' title='bbox 1448 1911 1544 1943; x_wconf 85' lang='lat' dir='ltr'>modo</span> <span class='ocrx_word' id='word_1_447' title='bbox 1579 1917 1667 1943; x_wconf 80' lang='lat' dir='ltr'>recto</span> <span class='ocrx_word' id='word_1_448' title='bbox 1704 1922 1741 1943; x_wconf 84' lang='lat' dir='ltr'>ac</span> <span class='ocrx_word' id='word_1_449' title='bbox 1775 1913 1872 1954; x_wconf 88' lang='lat' dir='ltr'>plano</span> 
     </span>
     <span class='ocr_line' id='line_1_100' title="bbox 1138 1964 1872 2007; baseline 0.003 -11"><span class='ocrx_word' id='word_1_450' title='bbox 1138 1966 1175 1997; x_wconf 87' lang='lat' dir='ltr'>ad</span> <span class='ocrx_word' id='word_1_451' title='bbox 1194 1975 1325 2007; x_wconf 87' lang='lat' dir='ltr'>scopum</span> <span class='ocrx_word' id='word_1_452' title='bbox 1351 1965 1399 1996; x_wconf 89' lang='lat' dir='ltr'>sui</span> <span class='ocrx_word' id='word_1_453' title='bbox 1425 1964 1588 1997; x_wconf 84' lang='lat' dir='ltr'>discursus</span> <span class='ocrx_word' id='word_1_454' title='bbox 1613 1964 1776 2004; x_wconf 78' lang='lat' dir='ltr'>festinent,</span> <span class='ocrx_word' id='word_1_455' title='bbox 1802 1965 1872 1998; x_wconf 88' lang='lat' dir='ltr'>aliis</span> 
     </span>
     <span class='ocr_line' id='line_1_101' title="bbox 1139 2017 1868 2050; baseline 0 -1"><span class='ocrx_word' id='word_1_456' title='bbox 1139 2018 1233 2050; x_wconf 87' lang='lat' dir='ltr'>etiam</span> <span class='ocrx_word' id='word_1_457' title='bbox 1255 2018 1456 2050; x_wconf 80' lang='lat' dir='ltr'>discurrendi</span> <span class='ocrx_word' id='word_1_458' title='bbox 1478 2019 1582 2050; x_wconf 90' lang='lat' dir='ltr'>locum</span> <span class='ocrx_word' id='word_1_459' title='bbox 1608 2017 1742 2050; x_wconf 84' lang='lat' dir='ltr'>cessuri.</span> <span class='ocrx_word' id='word_1_460' title='bbox 1862 2021 1868 2025; x_wconf 85' lang='lat'><em>&#39;</em></span> 
     </span>
    </p>

    <p class='ocr_par' dir='ltr' id='par_1_25' title="bbox 1137 2070 1875 2421">
     <span class='ocr_line' id='line_1_102' title="bbox 1182 2070 1874 2113; baseline 0.001 -11"><span class='ocrx_word' id='word_1_461' title='bbox 1182 2080 1293 2103; x_wconf 75' lang='lat' dir='ltr'>xxxin.</span> <span class='ocrx_word' id='word_1_462' title='bbox 1316 2070 1354 2102; x_wconf 82' lang='lat' dir='ltr'>Se</span> <span class='ocrx_word' id='word_1_463' title='bbox 1382 2070 1470 2112; x_wconf 85' lang='lat' dir='ltr'>ipsos</span> <span class='ocrx_word' id='word_1_464' title='bbox 1494 2081 1573 2113; x_wconf 85' lang='lat' dir='ltr'>prae</span> <span class='ocrx_word' id='word_1_465' title='bbox 1599 2070 1669 2103; x_wconf 86' lang='lat' dir='ltr'>aliis</span> <span class='ocrx_word' id='word_1_466' title='bbox 1687 2081 1752 2103; x_wconf 91' lang='lat' dir='ltr'>non</span> <span class='ocrx_word' id='word_1_467' title='bbox 1773 2071 1874 2104; x_wconf 74' lang='lat' dir='ltr'>extol-</span> 
     </span>
     <span class='ocr_line' id='line_1_103' title="bbox 1138 2123 1874 2166; baseline 0.001 -10"><span class='ocrx_word' id='word_1_468' title='bbox 1138 2124 1216 2162; x_wconf 84' lang='lat' dir='ltr'>lant,</span> <span class='ocrx_word' id='word_1_469' title='bbox 1242 2134 1346 2166; x_wconf 84' lang='lat' dir='ltr'>neque</span> <span class='ocrx_word' id='word_1_470' title='bbox 1372 2123 1508 2156; x_wconf 86' lang='lat' dir='ltr'>interius</span> <span class='ocrx_word' id='word_1_471' title='bbox 1534 2124 1565 2155; x_wconf 85' lang='lat' dir='ltr'>in</span> <span class='ocrx_word' id='word_1_472' title='bbox 1601 2124 1664 2156; x_wconf 87' lang='lat' dir='ltr'>suis</span> <span class='ocrx_word' id='word_1_473' title='bbox 1693 2125 1788 2157; x_wconf 85' lang='lat' dir='ltr'>rebus</span> <span class='ocrx_word' id='word_1_474' title='bbox 1813 2124 1874 2157; x_wconf 89' lang='lat' dir='ltr'>sibi</span> 
     </span>
     <span class='ocr_line' id='line_1_104' title="bbox 1137 2176 1875 2220; baseline 0.004 -13"><span class='ocrx_word' id='word_1_475' title='bbox 1137 2187 1215 2208; x_wconf 75' lang='lat' dir='ltr'>rane</span> <span class='ocrx_word' id='word_1_476' title='bbox 1242 2178 1476 2219; x_wconf 85' lang='lat' dir='ltr'>complaceant,</span> <span class='ocrx_word' id='word_1_477' title='bbox 1502 2178 1600 2210; x_wconf 88' lang='lat' dir='ltr'>multo</span> <span class='ocrx_word' id='word_1_478' title='bbox 1626 2176 1732 2209; x_wconf 85' lang='lat' dir='ltr'>minus</span> <span class='ocrx_word' id='word_1_479' title='bbox 1751 2177 1875 2220; x_wconf 85' lang='lat' dir='ltr'>seipsos</span> 
     </span>
     <span class='ocr_line' id='line_1_105' title="bbox 1137 2229 1874 2272; baseline 0.003 -12"><span class='ocrx_word' id='word_1_480' title='bbox 1137 2234 1191 2261; x_wconf 87' lang='lat' dir='ltr'>aut</span> <span class='ocrx_word' id='word_1_481' title='bbox 1216 2240 1272 2261; x_wconf 87' lang='lat' dir='ltr'>sua</span> <span class='ocrx_word' id='word_1_482' title='bbox 1298 2230 1428 2261; x_wconf 85' lang='lat' dir='ltr'>laudare</span> <span class='ocrx_word' id='word_1_483' title='bbox 1455 2234 1486 2261; x_wconf 89' lang='lat' dir='ltr'>et</span> <span class='ocrx_word' id='word_1_484' title='bbox 1511 2240 1568 2272; x_wconf 91' lang='lat' dir='ltr'>per</span> <span class='ocrx_word' id='word_1_485' title='bbox 1593 2229 1777 2262; x_wconf 86' lang='lat' dir='ltr'>iactantiam</span> <span class='ocrx_word' id='word_1_486' title='bbox 1807 2240 1874 2262; x_wconf 87' lang='lat' dir='ltr'>ma-</span> 
     </span>
     <span class='ocr_line' id='line_1_106' title="bbox 1138 2281 1874 2324; baseline 0.001 -11"><span class='ocrx_word' id='word_1_487' title='bbox 1138 2282 1189 2324; x_wconf 73' lang='lat' dir='ltr'>gni</span> <span class='ocrx_word' id='word_1_488' title='bbox 1217 2282 1320 2314; x_wconf 78' lang='lat' dir='ltr'>facere</span> <span class='ocrx_word' id='word_1_489' title='bbox 1356 2288 1580 2324; x_wconf 85' lang='lat' dir='ltr'>praesumant,</span> <span class='ocrx_word' id='word_1_490' title='bbox 1608 2282 1748 2323; x_wconf 76' lang='lat' dir='ltr'>cogitare</span> <span class='ocrx_word' id='word_1_491' title='bbox 1787 2281 1874 2314; x_wconf 83' lang='lat' dir='ltr'>enim</span> 
     </span>
     <span class='ocr_line' id='line_1_107' title="bbox 1137 2334 1875 2377; baseline 0.003 -11"><span class='ocrx_word' id='word_1_492' title='bbox 1137 2335 1258 2367; x_wconf 84' lang='lat' dir='ltr'>debent</span> <span class='ocrx_word' id='word_1_493' title='bbox 1278 2345 1372 2367; x_wconf 87' lang='lat' dir='ltr'>omne</span> <span class='ocrx_word' id='word_1_494' title='bbox 1397 2336 1517 2367; x_wconf 88' lang='lat' dir='ltr'>bonum</span> <span class='ocrx_word' id='word_1_495' title='bbox 1542 2345 1611 2366; x_wconf 85' lang='lat' dir='ltr'>esse</span> <span class='ocrx_word' id='word_1_496' title='bbox 1632 2334 1772 2377; x_wconf 85' lang='lat' dir='ltr'>desuper</span> <span class='ocrx_word' id='word_1_497' title='bbox 1787 2345 1804 2367; x_wconf 86' lang='lat' dir='ltr'>a</span> <span class='ocrx_word' id='word_1_498' title='bbox 1821 2335 1875 2368; x_wconf 79' lang='lat' dir='ltr'>Pa-</span> 
     </span>
     <span class='ocr_line' id='line_1_108' title="bbox 1138 2380 1852 2421; baseline 0.003 -2"><span class='ocrx_word' id='word_1_499' title='bbox 1138 2394 1185 2420; x_wconf 91' lang='lat' dir='ltr'>tre</span> <span class='ocrx_word' id='word_1_500' title='bbox 1216 2388 1387 2421; x_wconf 90' lang='lat' dir='ltr'>luminum.</span> <span class='ocrx_word' id='word_1_501' title='bbox 1849 2380 1852 2382; x_wconf 18' lang='lat' dir='ltr'>v</span> 
     </span>
    </p>

    <p class='ocr_par' dir='ltr' id='par_1_26' title="bbox 1180 2440 2066 2495">
     <span class='ocr_line' id='line_1_109' title="bbox 1180 2440 2066 2495; baseline 0.002 -23"><span class='ocrx_word' id='word_1_502' title='bbox 1180 2451 1283 2473; x_wconf 74' lang='lat' dir='ltr'>xxxiv.</span> <span class='ocrx_word' id='word_1_503' title='bbox 1300 2441 1367 2473; x_wconf 86' lang='lat' dir='ltr'>Non</span> <span class='ocrx_word' id='word_1_504' title='bbox 1382 2441 1444 2473; x_wconf 84' lang='lat' dir='ltr'>sint</span> <span class='ocrx_word' id='word_1_505' title='bbox 1455 2440 1585 2477; x_wconf 78' lang='lat' dir='ltr'>morosi.</span> <span class='ocrx_word' id='word_1_506' title='bbox 1602 2450 1677 2482; x_wconf 83' lang='lat' dir='ltr'>erga</span> <span class='ocrx_word' id='word_1_507' title='bbox 1694 2450 1806 2473; x_wconf 87' lang='lat' dir='ltr'>omnes</span> <span class='ocrx_word' id='word_1_508' title='bbox 1819 2444 2066 2495; x_wconf 59' lang='lat' dir='ltr'>³¹1·„⁵,‘,”,‘,}ffgg,³‚¹”</span> 
     </span>
    </p>
   </div>
   <div class='ocr_carea' id='block_1_15' title="bbox 1139 2493 1873 2590">
    <p class='ocr_par' dir='ltr' id='par_1_27' title="bbox 1139 2493 1873 2590">
     <span class='ocr_line' id='line_1_110' title="bbox 1139 2493 1873 2541; baseline 0.003 -16"><span class='ocrx_word' id='word_1_509' title='bbox 1139 2498 1200 2525; x_wconf 90' lang='lat' dir='ltr'>tem</span> <span class='ocrx_word' id='word_1_510' title='bbox 1215 2493 1371 2533; x_wconf 72' lang='lat' dir='ltr'>affabiles,</span> <span class='ocrx_word' id='word_1_511' title='bbox 1398 2504 1493 2526; x_wconf 87' lang='lat' dir='ltr'>mane</span> <span class='ocrx_word' id='word_1_512' title='bbox 1518 2499 1550 2526; x_wconf 90' lang='lat' dir='ltr'>et</span> <span class='ocrx_word' id='word_1_513' title='bbox 1575 2503 1708 2536; x_wconf 89' lang='lat' dir='ltr'>vespere</span> <span class='ocrx_word' id='word_1_514' title='bbox 1733 2494 1873 2541; x_wconf 76' lang='lat' dir='ltr'>salutem</span> 
     </span>
     <span class='ocr_line' id='line_1_111' title="bbox 1174 2554 1749 2590; baseline 0.002 -9"><span class='ocrx_word' id='word_1_515' title='bbox 1174 2556 1184 2581; x_wconf 79' lang='lat'><strong>1</strong></span> <span class='ocrx_word' id='word_1_516' title='bbox 1204 2554 1304 2582; x_wconf 85' lang='lat' dir='ltr'>Forsan</span> <span class='ocrx_word' id='word_1_517' title='bbox 1321 2558 1347 2582; x_wconf 78' lang='lat' dir='ltr'>et</span> <span class='ocrx_word' id='word_1_518' title='bbox 1366 2563 1415 2590; x_wconf 87' lang='lat' dir='ltr'>pro</span> <span class='ocrx_word' id='word_1_519' title='bbox 1436 2563 1466 2582; x_wconf 88' lang='lat' dir='ltr'>eo</span> <span class='ocrx_word' id='word_1_520' title='bbox 1486 2554 1630 2590; x_wconf 83' lang='lat' dir='ltr'>legendum</span> <span class='ocrx_word' id='word_1_521' title='bbox 1647 2557 1684 2589; x_wconf 81' lang='lat' dir='ltr'>(a.</span> <span class='ocrx_word' id='word_1_522' title='bbox 1699 2554 1749 2588; x_wconf 84' lang='grc' dir='ltr'>τ.).</span> 
     </span>
    </p>
   </div>
   <div class='ocr_carea' id='block_1_16' title="bbox 1892 345 2072 393">
    <p class='ocr_par' dir='ltr' id='par_1_28' title="bbox 1892 345 2072 393">
     <span class='ocr_line' id='line_1_112' title="bbox 1941 345 2072 365; baseline 0 0"><span class='ocrx_word' id='word_1_523' title='bbox 1941 345 2072 365; x_wconf 61' lang='lat' dir='ltr'>Mi-mtacimu</span> 
     </span>
     <span class='ocr_line' id='line_1_113' title="bbox 1892 373 2030 393; baseline -0.007 0"><span class='ocrx_word' id='word_1_524' title='bbox 1892 373 2030 393; x_wconf 63' lang='lat' dir='ltr'>detestentur.</span> 
     </span>
    </p>
   </div>
   <div class='ocr_carea' id='block_1_17' title="bbox 1883 1444 2068 1546">
    <p class='ocr_par' dir='ltr' id='par_1_29' title="bbox 1883 1444 2068 1520">
     <span class='ocr_line' id='line_1_114' title="bbox 1923 1444 2067 1467; baseline -0.007 -2"><span class='ocrx_word' id='word_1_525' title='bbox 1923 1444 1944 1465; x_wconf 83' lang='lat' dir='ltr'>In</span> <span class='ocrx_word' id='word_1_526' title='bbox 1971 1445 2067 1467; x_wconf 70' lang='lat' dir='ltr'>omnibns</span> 
     </span>
     <span class='ocr_line' id='line_1_115' title="bbox 1883 1471 2068 1498; baseline 0.005 -6"><span class='ocrx_word' id='word_1_527' title='bbox 1883 1471 2036 1498; x_wconf 70' lang='lat' dir='ltr'>simplicitatum</span> <span class='ocrx_word' id='word_1_528' title='bbox 2048 1475 2068 1493; x_wconf 69' lang='grc' dir='ltr'>ιῑ</span> 
     </span>
     <span class='ocr_line' id='line_1_116' title="bbox 1903 1502 2045 1520; baseline 0.028 -4"><span class='ocrx_word' id='word_1_529' title='bbox 1903 1502 2045 1520; x_wconf 51' lang='lat' dir='ltr'>&gt;austeritatum</span> 
     </span>
    </p>

    <p class='ocr_par' dir='ltr' id='par_1_30' title="bbox 1884 1528 1975 1546">
     <span class='ocr_line' id='line_1_117' title="bbox 1884 1528 1975 1546; baseline 0 -1"><span class='ocrx_word' id='word_1_530' title='bbox 1884 1528 1975 1546; x_wconf 78' lang='lat' dir='ltr'>servent.</span> 
     </span>
    </p>
   </div>
   <div class='ocr_carea' id='block_1_18' title="bbox 1884 2074 2093 2129">
    <p class='ocr_par' dir='ltr' id='par_1_31' title="bbox 1884 2074 2093 2129">
     <span class='ocr_line' id='line_1_118' title="bbox 1918 2074 2093 2098; baseline 0.017 -2"><span class='ocrx_word' id='word_1_531' title='bbox 1918 2076 1968 2097; x_wconf 72' lang='lat' dir='ltr'>Itum</span> <span class='ocrx_word' id='word_1_532' title='bbox 1987 2076 2066 2098; x_wconf 79' lang='lat' dir='ltr'>iactan-</span> <span class='ocrx_word' id='word_1_533' title='bbox 2090 2074 2093 2077; x_wconf 86' lang='lat'>&#39;</span> 
     </span>
     <span class='ocr_line' id='line_1_119' title="bbox 1884 2103 2080 2129; baseline 0.005 -6"><span class='ocrx_word' id='word_1_534' title='bbox 1884 2103 1935 2124; x_wconf 74' lang='lat' dir='ltr'>tiam</span> <span class='ocrx_word' id='word_1_535' title='bbox 1949 2103 2036 2129; x_wconf 67' lang='lat' dir='ltr'>fugiant.</span> <span class='ocrx_word' id='word_1_536' title='bbox 2078 2108 2080 2110; x_wconf 79' lang='grc'>’</span> 
     </span>
    </p>
   </div>
  </div>
 </body>
</html>
