2111 3157
144 191 194 216 An.
217 189 245 215 e.
270 188 339 215 isso
383 179 448 215 380

340 244 447 272 tamen
474 238 675 272 distributiva
698 238 828 278 iustitia,
848 238 880 271 in
898 239 1076 281 praelatum

341 292 508 335 deputare.
536 293 566 325 Si
593 303 674 336 quae
698 293 729 325 in
747 291 921 335 praedictis
947 291 1076 324 casibus

340 351 452 377 contra
477 346 571 378 liuius
597 345 838 378 constitutionis
867 345 1001 377 sormam
1036 344 1075 377 de

340 404 447 431 cetero
471 398 538 430 fieri
571 398 778 440 contingant,
807 398 898 431 nulla
922 408 959 430 ac
982 396 1076 430 irrita

339 461 409 483 esse
435 451 641 483 decernimus
668 455 699 482 ct
722 450 935 483 declaramus.

383 514 452 536 vlu.
472 503 582 536 Nullus
600 508 705 535 autem
723 504 884 546 praelatus
902 503 967 536 sive
984 503 1075 546 prior

339 561 391 588 aut
416 556 575 595 decanus,
601 557 650 588 vel
677 556 791 598 aliquis
816 566 852 588 ex
878 556 1070 596 monachis,

337 614 519 651 praesumat
538 609 634 640 huius
655 609 912 650 congregationis
926 614 1073 652 tempore

338 662 375 693 ad
392 661 633 700 monasterium,
650 661 681 692 in
696 671 758 703 quo
776 661 960 694 celebratur
977 661 1071 701 dieta,

337 714 384 745 rel
411 714 449 746 ad
476 715 546 746 loca
570 713 797 745 circumvicina
824 714 976 746 accedere
1007 724 1072 746 non

336 772 476 806 vocatus,
497 766 555 798 sub
580 766 695 808 poenis
720 765 854 798 cuilibet
876 765 1029 808 ipsorum,
1046 765 1071 796 si

337 819 544 859 accesserint,
566 819 599 851 in
617 819 719 862 prima
732 823 837 862 parte,
857 829 927 861 cap.
950 829 983 860 11,
1001 829 1033 851 n.
1053 829 1072 852 v

338 872 463 904 taxatis.
884 886 891 903 2

380 935 422 957 ix.
450 924 493 957 Ne
518 934 594 957 vero
619 935 656 957 ex
681 924 869 958 huiusmodi
894 924 1070 958 vacationi-

336 978 395 1010 bus
411 978 617 1020 dispendium
637 977 769 1021 aliquod
787 977 993 1010 monasteriis
1013 987 1071 1009 no-

336 1029 419 1069 stris,
437 1030 628 1072 praesertin]
647 1030 679 1062 in
694 1029 924 1073 spiritualibus,
940 1029 1070 1062 evenire

336 1087 450 1123 queat,
478 1082 645 1114 statuimus
664 1087 699 1114 ut
724 1082 763 1115 de
788 1087 908 1122 cetero,
932 1081 965 1113 in
990 1082 1070 1115 locis

335 1134 381 1165 sie
404 1134 602 1174 vacantibus,
619 1135 673 1177 qui
692 1134 777 1167 vices
793 1133 930 1178 praelati
954 1139 1071 1177 gerunt

334 1186 366 1217 in
398 1186 477 1229 ipsis
503 1187 731 1228 monasteriis,
764 1187 987 1221 auctoritatem
1012 1186 1071 1220 ha-

333 1239 432 1271 beant
457 1239 488 1270 in
514 1239 733 1282 spiritualibus
759 1251 795 1272 ac
819 1239 1067 1284 temporalibus,

333 1302 441 1334 quam,
469 1292 542 1324 dum
566 1292 689 1325 viveret
716 1298 769 1325 aut
795 1303 952 1336 praesens
976 1298 1066 1333 erat,

335 1345 403 1387 ipse
436 1346 600 1388 praelatus
629 1345 786 1386 babebat3
820 1346 905 1379 idem
939 1355 1069 1390 quoque

336 1408 516 1437 censemus,
535 1409 604 1429 cum
622 1398 758 1440 praelati
773 1399 812 1431 ad
826 1400 1000 1441 capitulum
1020 1410 1071 1442 ge-

336 1451 444 1483 nerale
460 1450 672 1483 accesserint:
689 1461 786 1493 (piam
801 1452 1024 1484 auctoritatem
1037 1452 1069 1485 in

335 1502 507 1545 praedictis
532 1508 653 1535 tantum
685 1503 811 1536 duobus
836 1504 961 1536 casibus
985 1505 1069 1537 vices

334 1556 555 1598 praelatorum
592 1560 740 1597 gerentes
776 1556 897 1589 habere
922 1559 1067 1590 volumus

335 1618 437 1651 usque
462 1609 500 1641 ad
527 1609 716 1641 instituendi
740 1610 876 1652 praelati
902 1620 1068 1642 accessum

336 1662 374 1693 ad
396 1661 636 1702 monasterium,
656 1662 703 1694 vel
719 1662 781 1694 iam
801 1662 939 1694 instituti
953 1673 1066 1697 novam

336 1714 594 1757 dispositionem,
618 1714 742 1746 etiamsi
768 1714 840 1747 talis
865 1707 1069 1757 vicesgerens

334 1767 458 1799 interca
483 1771 623 1798 mutatus
647 1766 754 1799 suerit.
774 1767 807 1799 ln
833 1767 904 1799 aliis
928 1778 1005 1799 vcro
1024 1778 1069 1799 ca-

335 1821 440 1861 sibus,
465 1831 523 1859 ne,
550 1826 684 1863 propter
708 1821 927 1864 praelatorum
953 1820 1069 1853 absen-

335 1873 419 1911 tiam,
445 1873 641 1905 monasteria
676 1873 903 1906 detrimentum
932 1873 1068 1905 maxime

334 1926 367 1958 in
385 1926 606 1969 spiritualibus
624 1926 796 1966 incurrant,
816 1926 883 1969 ipsc
907 1927 1069 1969 praelatus

335 1978 486 2018 declaret,
517 1980 590 2021 qua,
617 1978 648 2010 in
673 1979 772 2021 ipsius
799 1978 954 2019 absentia,
979 1978 1068 2020 fungi

334 2032 412 2063 velit
437 2031 626 2064 auctoritate
657 2031 851 2063 constitutos
883 2031 1069 2064 monasterii

336 2084 506 2124 officiales,
537 2084 725 2127 praesertim
750 2084 890 2127 priorem
917 2085 1070 2116 claustra-

333 2137 398 2168 lem
424 2147 520 2179 super
544 2137 668 2169 casibus
693 2136 864 2168 reservatis
886 2141 917 2168 et
944 2136 1013 2168 aliis
1031 2136 1069 2168 ad

336 2190 584 2231 gubernatorem
617 2189 806 2221 monasterii
833 2189 1066 2231 spectantibus.

379 2252 408 2274 x.
436 2241 624 2281 Cellerarii,
652 2247 682 2273 et
706 2241 759 2273 alii
790 2242 842 2284 qui
882 2241 1092 2283 temporalia*

337 2293 560 2325 administrant
590 2293 763 2335 praedictis
789 2293 1005 2336 temporibus,
1031 2294 1068 2325 ad

336 2345 435 2387 ipsos,
460 2351 491 2376 ut
518 2345 754 2387 praemisimus,
779 2346 880 2377 vicem
910 2346 1070 2388 praelato·

336 2408 405 2428 rtu‘n
444 2403 591 2439 gerentes

338 2450 424 2480 sint:
460 2450 661 2492 (pusilioque
700 2456 729 2481 et
763 2452 927 2483 voluntate
960 2461 1069 2483 eorum

337 2506 449 2533 cuneta
478 2501 594 2532 iaciant.
619 2507 649 2533 et.
673 2502 859 2544 disponant.

379 2564 421 2586 xr.
450 2553 642 2585 Orilinauius
667 2560 783 2591 autem,
811 2556 896 2597 quod
925 2555 1068 2597 praelati,

628 2404 796 2430 recurrant
825 2404 855 2430 et
880 2398 1091 2430 obedientes,

924 189 1104 214 BULLARIUM
1126 189 1278 215 ROMANUM

1119 238 1158 271 ad
1183 248 1294 281 pacem
1319 237 1576 272 conservandam
1598 237 1684 272 inter
1706 248 1781 273 suos
1797 238 1855 273 mi-

1120 291 1255 332 nistros,
1282 297 1357 325 ante
1381 301 1546 325 recessum
1569 292 1678 326 omnia
1699 293 1745 327 ita
1768 293 1855 327 ordi-

1120 349 1200 376 nent
1213 348 1245 377 et
1258 344 1440 387 disponant,
1458 349 1494 376 ut
1513 344 1604 388 prior
1621 350 1652 378 et.
1665 346 1853 379 cellerarius

1118 396 1222 429 sciant
1246 397 1321 440 quid
1347 397 1505 440 agendum
1524 397 1564 431 sit
1580 397 1613 431 in
1629 398 1771 441 negotiis
1787 409 1855 432 mo-

1102 449 1270 490 'nasterii,
1302 454 1335 482 et
1366 449 1539 493 praecipue
1562 450 1596 483 in
1619 450 1796 484 vendendis
1822 455 1856 484 et

1117 501 1263 534 emendis
1288 502 1398 534 rebus.

1161 565 1183 587 1.
1211 553 1297 586 Sient
1313 555 1541 597 praelatorum,
1558 553 1601 587 ita
1616 555 1854 589 monachorum

1116 612 1246 638 nostrae
1268 606 1538 649 Congregationis
1558 607 1694 641 discreta
1716 608 1852 642 mutatio

1115 659 1309 702 plerumque
1335 659 1423 691 utilis
1447 664 1480 692 et
1502 660 1686 693 necessaria
1705 665 1763 701 est,
1783 665 1851 693 tum

1115 711 1153 743 ad
1179 711 1415 744 ostendendum
1439 716 1569 745 nostrae
1589 712 1852 755 Congregationis

1115 763 1313 796 individuam
1348 763 1504 797 unitatem
1530 764 1651 808 (multa
1674 765 1762 798 enim
1783 776 1853 799 mo-

1115 815 1258 848 nasteria
1283 815 1317 848 in
1341 815 1428 849 idem
1453 826 1570 860 corpus
1594 816 1765 852 charitatis
1783 817 1852 851 vin-

1115 868 1188 900 culo
1204 869 1386 902 coalescere
1404 869 1672 913 conspiciuntur),
1684 874 1751 902 tum
1766 869 1851 913 quia,

1115 921 1191 953 dum
1209 921 1248 954 de
1265 922 1464 955 monasterio
1482 922 1515 955 in
1532 923 1766 956 monasterium
1784 933 1852 956 mo-

1115 973 1210 1006 nachi
1229 974 1481 1017 transferuntur,
1505 980 1537 1009 et
1553 985 1643 1008 amor
1667 980 1797 1008 mutuus
1817 975 1852 1008 in

1113 1026 1224 1069 plures
1250 1026 1451 1068 diffunditur,
1477 1028 1659 1071 prudentia,
1675 1027 1767 1061 cuius
1787 1038 1851 1061 ma-

1114 1083 1162 1111 ter
1179 1084 1229 1111 est
1242 1079 1453 1122 experientia,
1473 1080 1639 1123 perficitur
1655 1085 1687 1112 et
1699 1085 1848 1123 augetur.

1157 1142 1191 1165 Π.
1217 1132 1247 1165 Si
1274 1133 1403 1176 quando
1428 1143 1516 1175 erge,
1538 1133 1634 1166 etiam
1659 1139 1747 1166 extra
1771 1138 1850 1167 tem-

1113 1195 1173 1227 pus
1195 1185 1336 1228 capituli,
1354 1186 1589 1219 monachorum
1607 1186 1748 1228 aliquem
1762 1186 1848 1229 (ipso

1113 1237 1225 1277 etiam,
1259 1239 1310 1270 vel
1341 1239 1487 1281 praelato
1513 1248 1571 1270 suo
1597 1237 1715 1281 invito)
1739 1243 1849 1281 patres

1113 1290 1280 1332 regiminis
1299 1291 1338 1324 ad
1355 1291 1442 1324 aliud
1459 1290 1691 1324 monasterium
1715 1291 1850 1324 transse-

1112 1343 1258 1384 rendum,
1273 1348 1306 1376 et
1318 1343 1358 1377 ad
1376 1344 1419 1376 ibi
1438 1344 1703 1377 commorandum
1720 1343 1850 1377 manda-

1112 1395 1225 1435 verint,
1250 1396 1295 1428 eis
1320 1397 1454 1429 omnino
1479 1396 1660 1439 parendum
1684 1396 1846 1429 iubemus.

1113 1448 1277 1489 Similiter,
1295 1449 1319 1481 si
1337 1449 1369 1481 in
1386 1449 1571 1482 visitatione
1592 1454 1646 1483 aut
1664 1449 1760 1483 etiam
1777 1455 1851 1493 post

1112 1502 1329 1535 visitationem
1355 1503 1489 1537 alicuius
1513 1503 1718 1545 monasterii,
1742 1503 1850 1537 visita-

1114 1560 1197 1587 tores
1217 1555 1248 1587 id
1270 1556 1431 1597 agendum
1451 1555 1680 1596 indicaverint,
1698 1557 1850 1589 volumus

1112 1612 1146 1639 ut
1163 1607 1208 1639 eis
1222 1607 1400 1649 obediatur,
1419 1613 1455 1640 ut
1471 1618 1567 1651 supra
1591 1608 1623 1640 in
1643 1607 1851 1651 praecedenti

1113 1659 1267 1702 capitulo.

1157 1723 1205 1745 111.
1222 1712 1387 1753 Similiter,
1405 1713 1442 1753 si,
1461 1714 1605 1756 legitima
1621 1719 1652 1747 et
1668 1714 1851 1747 necessaria

1113 1767 1208 1797 causa
1233 1765 1483 1807 interveniente,
1510 1771 1622 1809 utpote
1641 1777 1701 1809 pro
1722 1777 1851 1801 monas-

1114 1818 1197 1851 terio
1230 1818 1465 1860 reformando,
1490 1820 1540 1852 vel
1574 1819 1758 1853 infirmitate
1789 1830 1848 1853 ur-

1113 1875 1217 1911 gente,
1236 1871 1285 1903 vcl
1307 1876 1442 1914 propter
1465 1871 1637 1905 imminens
1654 1872 1850 1906 infirmitatis

1114 1924 1297 1966 periculum
1334 1924 1360 1956 si
1385 1923 1479 1957 citius
1511 1925 1647 1958 mutatio
1673 1925 1755 1958 aeris
1784 1935 1852 1958 non

1113 1982 1297 2017 succurrat,
1324 1982 1378 2010 aut
1402 1988 1461 2020 pro
1486 1977 1618 2019 vitando
1639 1979 1801 2018 scandalo,
1820 1983 1852 2011 et

1113 2029 1284 2069 similibus,
1308 2030 1498 2073 praesidens
1525 2036 1557 2063 et
1581 2031 1645 2064 duo
1669 2031 1755 2064 illius
1780 2041 1850 2064 mo-

1113 2083 1243 2115 nasterii
1270 2083 1454 2115 visitatores
1488 2084 1684 2116 monachum
1709 2083 1850 2126 aliquem

1113 2135 1301 2168 mutandum
1329 2136 1479 2168 duxerint
1496 2136 1614 2179 (etiam
1631 2136 1739 2169 invitis
1759 2146 1851 2179 prae-

1113 2188 1193 2227 latis,
1220 2194 1283 2220 tam
1308 2188 1454 2222 mittente
1479 2200 1576 2231 quam
1600 2189 1789 2232 recipiente,
1815 2199 1851 2222 ac

1113 2241 1206 2272 etiam
1244 2241 1312 2283 ipso
1338 2241 1536 2285 monacho),
1563 2241 1608 2274 eis
1631 2241 1851 2274 obediendum

1113 2294 1312 2325 mandamus.
1342 2293 1482 2336 Urgcnte
1509 2304 1585 2327 vero
1611 2297 1706 2326 eausa
1730 2293 1850 2326 arduae

1113 2346 1326 2385 necessitatis,
1348 2347 1396 2379 vel
1424 2347 1478 2378 ubi
1503 2347 1683 2389 perieulum
1709 2351 1793 2379 esset
1818 2346 1851 2378 in

1113 2401 1221 2433 mora.
1255 2399 1476 2441 praecipiente
1507 2405 1630 2432 tantum
1666 2409 1731 2431 uno
1764 2399 1851 2432 illius

1114 2450 1301 2482 inonasterii
1329 2451 1503 2490 visitatore,
1529 2452 1557 2483 ei
1579 2452 1713 2484 omnino
1738 2462 1852 2495 parea-

1114 2508 1175 2533 tur.
1204 2503 1370 2535 Praedicta
1396 2510 1503 2536 autem
1532 2514 1632 2547 usque
1658 2504 1698 2536 ad
1728 2504 1852 2547 capitu-

1114 2556 1178 2587 lum
1198 2557 1248 2587 vel
1269 2556 1388 2588 dietam
1409 2557 1630 2590 tantummodo
1657 2557 1780 2590 servari
1798 2558 1853 2591 de-

1863 187 1915 225 ᾼρ).
1934 188 1964 220 C.
1977 184 2046 222 1680

1897 568 1966 589 Cum*
1979 567 2015 591 1v.

1890 594 1920 615 De
1935 595 2045 616 monacho-

1864 625 1907 641 rum
1921 622 1942 640 ot
1956 621 2044 642 aliorum

1882 646 2026 672 religiosorum

1863 673 1987 696 mutatione.
