<?xml version="1.0" encoding="UTF-8"?>
<!DOCTYPE html PUBLIC "-//W3C//DTD XHTML 1.0 Transitional//EN"
    "http://www.w3.org/TR/xhtml1/DTD/xhtml1-transitional.dtd">
<html xmlns="http://www.w3.org/1999/xhtml" xml:lang="en" lang="en">
 <head>
  <title>
</title>
<meta http-equiv="Content-Type" content="text/html;charset=utf-8" />
  <meta name='ocr-system' content='tesseract 3.04.00' />
  <meta name='ocr-capabilities' content='ocr_page ocr_carea ocr_par ocr_line ocrx_word'/>
</head>
<body>
  <div class='ocr_page' id='page_1' title='image "./bullarumdiplomat19cath_0469.png"; bbox 0 0 2111 3157; ppageno 0'>
   <div class='ocr_carea' id='block_1_1' title="bbox 50 223 238 254">
    <p class='ocr_par' dir='ltr' id='par_1_1' title="bbox 50 223 238 254">
     <span class='ocr_line' id='line_1_1' title="bbox 50 223 238 254; baseline -0.016 0"><span class='ocrx_word' id='word_1_1' title='bbox 50 224 104 254; x_wconf 70' lang='lat' dir='ltr'>Au.</span> <span class='ocrx_word' id='word_1_2' title='bbox 123 223 153 252; x_wconf 80' lang='lat' dir='ltr'>C.</span> <span class='ocrx_word' id='word_1_3' title='bbox 170 223 238 252; x_wconf 74' lang='lat'><strong>1682</strong></span> 
     </span>
    </p>
   </div>
   <div class='ocr_carea' id='block_1_2' title="bbox 235 271 977 2371">
    <p class='ocr_par' dir='ltr' id='par_1_2' title="bbox 235 271 977 2371">
     <span class='ocr_line' id='line_1_2' title="bbox 238 271 971 317; baseline 0 -12"><span class='ocrx_word' id='word_1_4' title='bbox 238 271 431 316; x_wconf 72' lang='lat' dir='ltr'>deputandis</span> <span class='ocrx_word' id='word_1_5' title='bbox 445 277 609 317; x_wconf 87' lang='lat' dir='ltr'>tamquam</span> <span class='ocrx_word' id='word_1_6' title='bbox 621 271 855 313; x_wconf 89' lang='lat' dir='ltr'>coniudicihus‚</span> <span class='ocrx_word' id='word_1_7' title='bbox 866 272 971 316; x_wconf 82' lang='lat' dir='ltr'>possit</span> 
     </span>
     <span class='ocr_line' id='line_1_3' title="bbox 238 325 970 360; baseline -0.001 -2"><span class='ocrx_word' id='word_1_8' title='bbox 238 330 271 358; x_wconf 87' lang='lat' dir='ltr'>et</span> <span class='ocrx_word' id='word_1_9' title='bbox 294 325 410 360; x_wconf 85' lang='lat' dir='ltr'>debeat</span> <span class='ocrx_word' id='word_1_10' title='bbox 435 326 597 360; x_wconf 75' lang='lat' dir='ltr'>definitive</span> <span class='ocrx_word' id='word_1_11' title='bbox 622 326 765 360; x_wconf 88' lang='lat' dir='ltr'>iudicare</span> <span class='ocrx_word' id='word_1_12' title='bbox 790 331 822 359; x_wconf 90' lang='lat' dir='ltr'>et</span> <span class='ocrx_word' id='word_1_13' title='bbox 845 331 970 359; x_wconf 90' lang='lat' dir='ltr'>senten-</span> 
     </span>
     <span class='ocr_line' id='line_1_4' title="bbox 238 377 969 422; baseline -0.003 -11"><span class='ocrx_word' id='word_1_14' title='bbox 238 378 319 411; x_wconf 85' lang='lat' dir='ltr'>tiare</span> <span class='ocrx_word' id='word_1_15' title='bbox 343 379 376 411; x_wconf 92' lang='lat' dir='ltr'>in</span> <span class='ocrx_word' id='word_1_16' title='bbox 407 379 511 412; x_wconf 86' lang='lat' dir='ltr'>causis</span> <span class='ocrx_word' id='word_1_17' title='bbox 543 378 808 422; x_wconf 81' lang='lat' dir='ltr'>appellationum,</span> <span class='ocrx_word' id='word_1_18' title='bbox 846 377 895 410; x_wconf 88' lang='lat' dir='ltr'>cui</span> <span class='ocrx_word' id='word_1_19' title='bbox 931 377 969 409; x_wconf 87' lang='lat' dir='ltr'>ad</span> 
     </span>
     <span class='ocr_line' id='line_1_5' title="bbox 238 431 970 474; baseline -0.001 -11"><span class='ocrx_word' id='word_1_20' title='bbox 238 431 326 464; x_wconf 88' lang='lat' dir='ltr'>hunc</span> <span class='ocrx_word' id='word_1_21' title='bbox 349 431 498 465; x_wconf 78' lang='lat' dir='ltr'>effectum</span> <span class='ocrx_word' id='word_1_22' title='bbox 521 432 651 474; x_wconf 83' lang='lat' dir='ltr'><strong>plenam</strong></span> <span class='ocrx_word' id='word_1_23' title='bbox 683 431 891 465; x_wconf 84' lang='lat' dir='ltr'><strong>concedimus</strong></span> <span class='ocrx_word' id='word_1_24' title='bbox 915 440 970 462; x_wconf 87' lang='lat' dir='ltr'>au-</span> 
     </span>
     <span class='ocr_line' id='line_1_6' title="bbox 238 483 970 526; baseline -0.004 -9"><span class='ocrx_word' id='word_1_25' title='bbox 238 484 418 518; x_wconf 88' lang='lat' dir='ltr'>ctoritatem</span> <span class='ocrx_word' id='word_1_26' title='bbox 433 510 440 523; x_wconf 95' lang='lat'>,</span> <span class='ocrx_word' id='word_1_27' title='bbox 465 485 601 517; x_wconf 90' lang='lat' dir='ltr'>servatis</span> <span class='ocrx_word' id='word_1_28' title='bbox 626 484 775 518; x_wconf 90' lang='lat' dir='ltr'>omnibus</span> <span class='ocrx_word' id='word_1_29' title='bbox 800 493 881 526; x_wconf 84' lang='lat' dir='ltr'>quae</span> <span class='ocrx_word' id='word_1_30' title='bbox 908 483 970 515; x_wconf 88' lang='lat' dir='ltr'>sue-</span> 
     </span>
     <span class='ocr_line' id='line_1_7' title="bbox 237 535 970 579; baseline -0.004 -9"><span class='ocrx_word' id='word_1_31' title='bbox 237 537 303 570; x_wconf 86' lang='lat' dir='ltr'><strong>rint</strong></span> <span class='ocrx_word' id='word_1_32' title='bbox 327 537 367 570; x_wconf 93' lang='lat' dir='ltr'>de</span> <span class='ocrx_word' id='word_1_33' title='bbox 391 537 462 570; x_wconf 90' lang='lat' dir='ltr'>iure</span> <span class='ocrx_word' id='word_1_34' title='bbox 488 537 659 577; x_wconf 86' lang='lat' dir='ltr'>servanda;</span> <span class='ocrx_word' id='word_1_35' title='bbox 685 537 818 579; x_wconf 89' lang='lat' dir='ltr'>eiusque</span> <span class='ocrx_word' id='word_1_36' title='bbox 850 535 970 578; x_wconf 91' lang='lat' dir='ltr'>praesi-</span> 
     </span>
     <span class='ocr_line' id='line_1_8' title="bbox 238 588 970 622; baseline -0.003 0"><span class='ocrx_word' id='word_1_37' title='bbox 238 590 346 622; x_wconf 90' lang='lat' dir='ltr'>dentis</span> <span class='ocrx_word' id='word_1_38' title='bbox 364 594 395 622; x_wconf 87' lang='lat' dir='ltr'>et</span> <span class='ocrx_word' id='word_1_39' title='bbox 411 589 571 622; x_wconf 89' lang='lat' dir='ltr'>dictorum</span> <span class='ocrx_word' id='word_1_40' title='bbox 588 589 791 622; x_wconf 88' lang='lat' dir='ltr'>coniudicum</span> <span class='ocrx_word' id='word_1_41' title='bbox 808 588 970 621; x_wconf 87' lang='lat' dir='ltr'>conscien-</span> 
     </span>
     <span class='ocr_line' id='line_1_9' title="bbox 238 640 968 674; baseline -0.003 0"><span class='ocrx_word' id='word_1_42' title='bbox 238 642 313 674; x_wconf 87' lang='lat' dir='ltr'>tiam</span> <span class='ocrx_word' id='word_1_43' title='bbox 351 641 385 674; x_wconf 91' lang='lat' dir='ltr'>in</span> <span class='ocrx_word' id='word_1_44' title='bbox 420 641 697 674; x_wconf 79' lang='lat' dir='ltr'>administratione</span> <span class='ocrx_word' id='word_1_45' title='bbox 743 640 822 674; x_wconf 87' lang='lat' dir='ltr'>recti</span> <span class='ocrx_word' id='word_1_46' title='bbox 860 640 968 673; x_wconf 88' lang='lat' dir='ltr'>iudicii</span> 
     </span>
     <span class='ocr_line' id='line_1_10' title="bbox 237 692 969 735; baseline -0.001 -10"><span class='ocrx_word' id='word_1_47' title='bbox 237 693 424 735; x_wconf 87' lang='lat' dir='ltr'>gravissime</span> <span class='ocrx_word' id='word_1_48' title='bbox 460 703 645 726; x_wconf 78' lang='lat' dir='ltr'>oneramus.</span> <span class='ocrx_word' id='word_1_49' title='bbox 685 693 753 726; x_wconf 89' lang='lat' dir='ltr'>Hoc</span> <span class='ocrx_word' id='word_1_50' title='bbox 785 697 891 725; x_wconf 88' lang='lat' dir='ltr'>autem</span> <span class='ocrx_word' id='word_1_51' title='bbox 926 692 969 725; x_wconf 88' lang='lat' dir='ltr'>ita</span> 
     </span>
     <span class='ocr_line' id='line_1_11' title="bbox 236 745 968 788; baseline -0.001 -10"><span class='ocrx_word' id='word_1_52' title='bbox 236 747 387 778; x_wconf 88' lang='lat' dir='ltr'>volumus</span> <span class='ocrx_word' id='word_1_53' title='bbox 413 746 594 779; x_wconf 77' lang='lat' dir='ltr'>executioni</span> <span class='ocrx_word' id='word_1_54' title='bbox 612 745 808 785; x_wconf 86' lang='lat' dir='ltr'>demandari,</span> <span class='ocrx_word' id='word_1_55' title='bbox 827 750 863 777; x_wconf 92' lang='lat' dir='ltr'>ut</span> <span class='ocrx_word' id='word_1_56' title='bbox 882 755 968 788; x_wconf 87' lang='lat' dir='ltr'>prae·</span> 
     </span>
     <span class='ocr_line' id='line_1_12' title="bbox 235 798 969 831; baseline -0.001 -1"><span class='ocrx_word' id='word_1_57' title='bbox 235 808 286 831; x_wconf 90' lang='lat' dir='ltr'>ses</span> <span class='ocrx_word' id='word_1_58' title='bbox 310 808 382 831; x_wconf 92' lang='lat' dir='ltr'>cum</span> <span class='ocrx_word' id='word_1_59' title='bbox 406 798 470 830; x_wconf 90' lang='lat' dir='ltr'>suis</span> <span class='ocrx_word' id='word_1_60' title='bbox 494 798 717 830; x_wconf 84' lang='lat' dir='ltr'>coniudieibus</span> <span class='ocrx_word' id='word_1_61' title='bbox 741 798 849 830; x_wconf 87' lang='lat' dir='ltr'>audiat</span> <span class='ocrx_word' id='word_1_62' title='bbox 872 803 902 830; x_wconf 90' lang='lat' dir='ltr'>et</span> <span class='ocrx_word' id='word_1_63' title='bbox 927 798 969 829; x_wconf 92' lang='lat' dir='ltr'>iu-</span> 
     </span>
     <span class='ocr_line' id='line_1_13' title="bbox 236 850 968 893; baseline -0.001 -10"><span class='ocrx_word' id='word_1_64' title='bbox 236 850 320 883; x_wconf 91' lang='lat' dir='ltr'>dicet</span> <span class='ocrx_word' id='word_1_65' title='bbox 343 860 470 891; x_wconf 80' lang='lat' dir='ltr'>causas,</span> <span class='ocrx_word' id='word_1_66' title='bbox 497 860 562 883; x_wconf 91' lang='lat' dir='ltr'>non</span> <span class='ocrx_word' id='word_1_67' title='bbox 595 850 682 883; x_wconf 89' lang='lat' dir='ltr'>illius</span> <span class='ocrx_word' id='word_1_68' title='bbox 715 850 899 893; x_wconf 90' lang='lat' dir='ltr'>provinciae</span> <span class='ocrx_word' id='word_1_69' title='bbox 932 861 968 882; x_wconf 79' lang='lat' dir='ltr'>ex</span> 
     </span>
     <span class='ocr_line' id='line_1_14' title="bbox 236 903 970 946; baseline -0.001 -11"><span class='ocrx_word' id='word_1_70' title='bbox 236 913 299 946; x_wconf 87' lang='lat' dir='ltr'>qua</span> <span class='ocrx_word' id='word_1_71' title='bbox 323 903 377 936; x_wconf 88' lang='lat' dir='ltr'>ille</span> <span class='ocrx_word' id='word_1_72' title='bbox 402 908 459 942; x_wconf 89' lang='lat' dir='ltr'>est,</span> <span class='ocrx_word' id='word_1_73' title='bbox 486 903 542 935; x_wconf 91' lang='lat' dir='ltr'>sed</span> <span class='ocrx_word' id='word_1_74' title='bbox 567 903 709 942; x_wconf 88' lang='lat' dir='ltr'>alterius,</span> <span class='ocrx_word' id='word_1_75' title='bbox 735 903 815 935; x_wconf 85' lang='lat' dir='ltr'>itaut</span> <span class='ocrx_word' id='word_1_76' title='bbox 839 903 893 945; x_wconf 87' lang='lat' dir='ltr'>qui</span> <span class='ocrx_word' id='word_1_77' title='bbox 922 908 970 935; x_wconf 89' lang='lat' dir='ltr'>est</span> 
     </span>
     <span class='ocr_line' id='line_1_15' title="bbox 236 955 968 998; baseline -0.001 -10"><span class='ocrx_word' id='word_1_78' title='bbox 236 966 274 988; x_wconf 86' lang='lat' dir='ltr'>ex</span> <span class='ocrx_word' id='word_1_79' title='bbox 298 955 462 998; x_wconf 79' lang='lat' dir='ltr'>provincia</span> <span class='ocrx_word' id='word_1_80' title='bbox 492 955 523 988; x_wconf 91' lang='lat' dir='ltr'>S.</span> <span class='ocrx_word' id='word_1_81' title='bbox 550 955 691 988; x_wconf 84' lang='lat' dir='ltr'>Thomae</span> <span class='ocrx_word' id='word_1_82' title='bbox 722 955 874 988; x_wconf 76' lang='lat' dir='ltr'>inserviat</span> <span class='ocrx_word' id='word_1_83' title='bbox 909 966 968 998; x_wconf 89' lang='lat' dir='ltr'>pro</span> 
     </span>
     <span class='ocr_line' id='line_1_16' title="bbox 235 1007 967 1051; baseline 0 -10"><span class='ocrx_word' id='word_1_84' title='bbox 235 1008 402 1051; x_wconf 70' lang='lat' dir='ltr'>provincia</span> <span class='ocrx_word' id='word_1_85' title='bbox 425 1008 531 1040; x_wconf 88' lang='lat' dir='ltr'>Matris</span> <span class='ocrx_word' id='word_1_86' title='bbox 556 1008 623 1046; x_wconf 85' lang='lat' dir='ltr'>Dei,</span> <span class='ocrx_word' id='word_1_87' title='bbox 642 1014 673 1041; x_wconf 93' lang='lat' dir='ltr'>et</span> <span class='ocrx_word' id='word_1_88' title='bbox 697 1019 713 1041; x_wconf 90' lang='lat' dir='ltr'>e</span> <span class='ocrx_word' id='word_1_89' title='bbox 739 1013 861 1041; x_wconf 87' lang='lat' dir='ltr'>contra.</span> <span class='ocrx_word' id='word_1_90' title='bbox 881 1007 967 1046; x_wconf 83' lang='lat' dir='ltr'>Quod</span> 
     </span>
     <span class='ocr_line' id='line_1_17' title="bbox 237 1062 968 1105; baseline -0.001 -10"><span class='ocrx_word' id='word_1_91' title='bbox 237 1062 264 1095; x_wconf 92' lang='lat' dir='ltr'>si</span> <span class='ocrx_word' id='word_1_92' title='bbox 289 1062 462 1104; x_wconf 82' lang='lat' dir='ltr'>contigerit</span> <span class='ocrx_word' id='word_1_93' title='bbox 493 1062 611 1094; x_wconf 90' lang='lat' dir='ltr'>dictum</span> <span class='ocrx_word' id='word_1_94' title='bbox 644 1062 885 1105; x_wconf 79' lang='lat' dir='ltr'>praesidentem</span> <span class='ocrx_word' id='word_1_95' title='bbox 919 1063 968 1094; x_wconf 93' lang='lat' dir='ltr'>vel</span> 
     </span>
     <span class='ocr_line' id='line_1_18' title="bbox 235 1114 969 1158; baseline -0.003 -10"><span class='ocrx_word' id='word_1_96' title='bbox 235 1125 296 1158; x_wconf 86' lang='lat' dir='ltr'>per</span> <span class='ocrx_word' id='word_1_97' title='bbox 320 1120 466 1156; x_wconf 85' lang='lat' dir='ltr'>mortem,</span> <span class='ocrx_word' id='word_1_98' title='bbox 490 1116 538 1147; x_wconf 90' lang='lat' dir='ltr'>vel</span> <span class='ocrx_word' id='word_1_99' title='bbox 564 1125 622 1157; x_wconf 89' lang='lat' dir='ltr'>per</span> <span class='ocrx_word' id='word_1_100' title='bbox 643 1114 828 1154; x_wconf 81' lang='lat' dir='ltr'>discessum,</span> <span class='ocrx_word' id='word_1_101' title='bbox 846 1115 895 1147; x_wconf 92' lang='lat' dir='ltr'>vel</span> <span class='ocrx_word' id='word_1_102' title='bbox 912 1125 969 1157; x_wconf 92' lang='lat' dir='ltr'>per</span> 
     </span>
     <span class='ocr_line' id='line_1_19' title="bbox 236 1166 967 1210; baseline -0.001 -10"><span class='ocrx_word' id='word_1_103' title='bbox 236 1167 331 1200; x_wconf 82' lang='lat' dir='ltr'>aliam</span> <span class='ocrx_word' id='word_1_104' title='bbox 367 1178 603 1210; x_wconf 81' lang='lat' dir='ltr'>quamcumque</span> <span class='ocrx_word' id='word_1_105' title='bbox 643 1178 771 1199; x_wconf 85' lang='lat' dir='ltr'>causam</span> <span class='ocrx_word' id='word_1_106' title='bbox 813 1166 967 1207; x_wconf 77' lang='lat' dir='ltr'>deficere,</span> 
     </span>
     <span class='ocr_line' id='line_1_20' title="bbox 235 1219 970 1262; baseline -0.001 -11"><span class='ocrx_word' id='word_1_107' title='bbox 235 1219 443 1262; x_wconf 85' lang='lat' dir='ltr'>provincialis</span> <span class='ocrx_word' id='word_1_108' title='bbox 468 1225 500 1251; x_wconf 86' lang='lat' dir='ltr'>et</span> <span class='ocrx_word' id='word_1_109' title='bbox 523 1219 710 1252; x_wconf 82' lang='lat' dir='ltr'>definitores</span> <span class='ocrx_word' id='word_1_110' title='bbox 735 1219 821 1252; x_wconf 87' lang='lat' dir='ltr'>illius</span> <span class='ocrx_word' id='word_1_111' title='bbox 845 1219 970 1261; x_wconf 87' lang='lat' dir='ltr'>provin-</span> 
     </span>
     <span class='ocr_line' id='line_1_21' title="bbox 236 1271 970 1314; baseline -0.003 -10"><span class='ocrx_word' id='word_1_112' title='bbox 236 1271 323 1311; x_wconf 86' lang='lat' dir='ltr'>ciae,</span> <span class='ocrx_word' id='word_1_113' title='bbox 349 1272 401 1314; x_wconf 84' lang='lat' dir='ltr'>qui</span> <span class='ocrx_word' id='word_1_114' title='bbox 438 1282 510 1304; x_wconf 88' lang='lat' dir='ltr'>eum</span> <span class='ocrx_word' id='word_1_115' title='bbox 548 1273 739 1314; x_wconf 79' lang='lat' dir='ltr'>elegerunt,</span> <span class='ocrx_word' id='word_1_116' title='bbox 767 1272 805 1304; x_wconf 88' lang='lat' dir='ltr'>ad</span> <span class='ocrx_word' id='word_1_117' title='bbox 837 1272 970 1304; x_wconf 85' lang='lat' dir='ltr'>alterius</span> 
     </span>
     <span class='ocr_line' id='line_1_22' title="bbox 236 1323 969 1366; baseline 0 -11"><span class='ocrx_word' id='word_1_118' title='bbox 236 1323 452 1366; x_wconf 84' lang='lat' dir='ltr'>praesidentis</span> <span class='ocrx_word' id='word_1_119' title='bbox 476 1324 666 1356; x_wconf 86' lang='lat' dir='ltr'>electionem</span> <span class='ocrx_word' id='word_1_120' title='bbox 692 1324 786 1356; x_wconf 87' lang='lat' dir='ltr'>etiam</span> <span class='ocrx_word' id='word_1_121' title='bbox 812 1329 899 1356; x_wconf 75' lang='lat' dir='ltr'>extra</span> <span class='ocrx_word' id='word_1_122' title='bbox 924 1334 969 1356; x_wconf 82' lang='lat' dir='ltr'>ca-</span> 
     </span>
     <span class='ocr_line' id='line_1_23' title="bbox 235 1376 969 1418; baseline 0.001 -11"><span class='ocrx_word' id='word_1_123' title='bbox 235 1376 374 1418; x_wconf 90' lang='lat' dir='ltr'>pitulum</span> <span class='ocrx_word' id='word_1_124' title='bbox 417 1381 449 1408; x_wconf 87' lang='lat' dir='ltr'>et</span> <span class='ocrx_word' id='word_1_125' title='bbox 487 1376 774 1418; x_wconf 73' lang='lat' dir='ltr'>congregationem</span> <span class='ocrx_word' id='word_1_126' title='bbox 815 1376 969 1409; x_wconf 79' lang='lat' dir='ltr'>devenire</span> 
     </span>
     <span class='ocr_line' id='line_1_24' title="bbox 236 1428 969 1471; baseline 0 -10"><span class='ocrx_word' id='word_1_127' title='bbox 236 1429 362 1471; x_wconf 79' lang='lat' dir='ltr'>possint</span> <span class='ocrx_word' id='word_1_128' title='bbox 386 1433 418 1462; x_wconf 89' lang='lat' dir='ltr'>et</span> <span class='ocrx_word' id='word_1_129' title='bbox 442 1428 592 1461; x_wconf 86' lang='lat' dir='ltr'>debeant.</span> <span class='ocrx_word' id='word_1_130' title='bbox 620 1428 685 1466; x_wconf 84' lang='lat' dir='ltr'>Quo</span> <span class='ocrx_word' id='word_1_131' title='bbox 703 1434 810 1461; x_wconf 88' lang='lat' dir='ltr'>autem</span> <span class='ocrx_word' id='word_1_132' title='bbox 828 1429 866 1461; x_wconf 90' lang='lat' dir='ltr'>ad</span> <span class='ocrx_word' id='word_1_133' title='bbox 889 1440 969 1462; x_wconf 86' lang='lat' dir='ltr'>com-</span> 
     </span>
     <span class='ocr_line' id='line_1_25' title="bbox 235 1480 970 1524; baseline 0.001 -11"><span class='ocrx_word' id='word_1_134' title='bbox 235 1480 419 1521; x_wconf 81' lang='lat' dir='ltr'>missarios,</span> <span class='ocrx_word' id='word_1_135' title='bbox 445 1481 499 1523; x_wconf 88' lang='lat' dir='ltr'>qui</span> <span class='ocrx_word' id='word_1_136' title='bbox 525 1481 563 1513; x_wconf 89' lang='lat' dir='ltr'>ad</span> <span class='ocrx_word' id='word_1_137' title='bbox 588 1481 763 1514; x_wconf 84' lang='lat' dir='ltr'>visitandas</span> <span class='ocrx_word' id='word_1_138' title='bbox 789 1482 970 1524; x_wconf 82' lang='lat' dir='ltr'>provincias</span> 
     </span>
     <span class='ocr_line' id='line_1_26' title="bbox 236 1533 969 1576; baseline 0 -11"><span class='ocrx_word' id='word_1_139' title='bbox 236 1543 273 1566; x_wconf 87' lang='lat' dir='ltr'>ac</span> <span class='ocrx_word' id='word_1_140' title='bbox 297 1533 491 1566; x_wconf 86' lang='lat' dir='ltr'>celebranda</span> <span class='ocrx_word' id='word_1_141' title='bbox 515 1534 654 1576; x_wconf 88' lang='lat' dir='ltr'>capitula</span> <span class='ocrx_word' id='word_1_142' title='bbox 674 1534 822 1576; x_wconf 88' lang='lat' dir='ltr'>deputari</span> <span class='ocrx_word' id='word_1_143' title='bbox 841 1534 969 1573; x_wconf 87' lang='lat' dir='ltr'>debent,</span> 
     </span>
     <span class='ocr_line' id='line_1_27' title="bbox 237 1586 970 1629; baseline 0.001 -11"><span class='ocrx_word' id='word_1_144' title='bbox 237 1597 309 1619; x_wconf 89' lang='lat' dir='ltr'>eum</span> <span class='ocrx_word' id='word_1_145' title='bbox 341 1587 405 1619; x_wconf 90' lang='lat' dir='ltr'>hoc</span> <span class='ocrx_word' id='word_1_146' title='bbox 438 1586 608 1629; x_wconf 86' lang='lat' dir='ltr'>hueusque</span> <span class='ocrx_word' id='word_1_147' title='bbox 640 1587 726 1619; x_wconf 89' lang='lat' dir='ltr'>varie</span> <span class='ocrx_word' id='word_1_148' title='bbox 759 1587 970 1629; x_wconf 83' lang='lat' dir='ltr'>practicatum</span> 
     </span>
     <span class='ocr_line' id='line_1_28' title="bbox 238 1639 969 1679; baseline 0.001 -8"><span class='ocrx_word' id='word_1_149' title='bbox 238 1639 352 1679; x_wconf 80' lang='lat' dir='ltr'>fuerit,</span> <span class='ocrx_word' id='word_1_150' title='bbox 385 1640 531 1672; x_wconf 88' lang='lat' dir='ltr'>volentes</span> <span class='ocrx_word' id='word_1_151' title='bbox 556 1650 625 1672; x_wconf 87' lang='lat' dir='ltr'>rem</span> <span class='ocrx_word' id='word_1_152' title='bbox 658 1640 740 1672; x_wconf 85' lang='lat' dir='ltr'>hane</span> <span class='ocrx_word' id='word_1_153' title='bbox 765 1640 804 1672; x_wconf 86' lang='lat' dir='ltr'>ad</span> <span class='ocrx_word' id='word_1_154' title='bbox 829 1646 969 1679; x_wconf 86' lang='lat' dir='ltr'>certam,</span> 
     </span>
     <span class='ocr_line' id='line_1_29' title="bbox 238 1692 972 1735; baseline 0.001 -11"><span class='ocrx_word' id='word_1_155' title='bbox 238 1692 387 1725; x_wconf 88' lang='lat' dir='ltr'>stabilem</span> <span class='ocrx_word' id='word_1_156' title='bbox 408 1702 444 1724; x_wconf 87' lang='lat' dir='ltr'>ac</span> <span class='ocrx_word' id='word_1_157' title='bbox 468 1692 568 1734; x_wconf 83' lang='lat' dir='ltr'>magis</span> <span class='ocrx_word' id='word_1_158' title='bbox 587 1702 762 1735; x_wconf 77' lang='lat' dir='ltr'>congruam</span> <span class='ocrx_word' id='word_1_159' title='bbox 783 1694 972 1726; x_wconf 82' lang='lat' dir='ltr'>methodum</span> 
     </span>
     <span class='ocr_line' id='line_1_30' title="bbox 237 1745 972 1789; baseline 0.001 -11"><span class='ocrx_word' id='word_1_160' title='bbox 237 1745 408 1788; x_wconf 83' lang='lat' dir='ltr'>redigere,</span> <span class='ocrx_word' id='word_1_161' title='bbox 447 1745 650 1778; x_wconf 87' lang='lat' dir='ltr'>decernimus</span> <span class='ocrx_word' id='word_1_162' title='bbox 689 1751 723 1778; x_wconf 90' lang='lat' dir='ltr'>ut</span> <span class='ocrx_word' id='word_1_163' title='bbox 760 1746 972 1789; x_wconf 73' lang='lat' dir='ltr'>imposterum</span> 
     </span>
     <span class='ocr_line' id='line_1_31' title="bbox 239 1797 970 1841; baseline 0.003 -11"><span class='ocrx_word' id='word_1_164' title='bbox 239 1797 380 1830; x_wconf 87' lang='lat' dir='ltr'>debeant</span> <span class='ocrx_word' id='word_1_165' title='bbox 414 1797 531 1830; x_wconf 89' lang='lat' dir='ltr'>assumi</span> <span class='ocrx_word' id='word_1_166' title='bbox 565 1808 629 1830; x_wconf 92' lang='lat' dir='ltr'>non</span> <span class='ocrx_word' id='word_1_167' title='bbox 655 1808 691 1830; x_wconf 86' lang='lat' dir='ltr'>ex</span> <span class='ocrx_word' id='word_1_168' title='bbox 717 1799 772 1831; x_wconf 79' lang='lat' dir='ltr'>illa</span> <span class='ocrx_word' id='word_1_169' title='bbox 797 1800 970 1841; x_wconf 75' lang='lat' dir='ltr'>provincia,</span> 
     </span>
     <span class='ocr_line' id='line_1_32' title="bbox 239 1850 972 1893; baseline 0.001 -10"><span class='ocrx_word' id='word_1_170' title='bbox 239 1850 294 1883; x_wconf 91' lang='lat' dir='ltr'>ubi</span> <span class='ocrx_word' id='word_1_171' title='bbox 319 1850 495 1893; x_wconf 85' lang='lat' dir='ltr'>capitulum</span> <span class='ocrx_word' id='word_1_172' title='bbox 521 1856 568 1883; x_wconf 90' lang='lat' dir='ltr'>est</span> <span class='ocrx_word' id='word_1_173' title='bbox 592 1851 832 1890; x_wconf 88' lang='lat' dir='ltr'>celebrandum,</span> <span class='ocrx_word' id='word_1_174' title='bbox 858 1852 913 1884; x_wconf 89' lang='lat' dir='ltr'>sed</span> <span class='ocrx_word' id='word_1_175' title='bbox 935 1863 972 1884; x_wconf 82' lang='lat' dir='ltr'>ex</span> 
     </span>
     <span class='ocr_line' id='line_1_33' title="bbox 239 1903 973 1946; baseline 0.003 -11"><span class='ocrx_word' id='word_1_176' title='bbox 239 1903 350 1943; x_wconf 72' lang='lat' dir='ltr'>altera,</span> <span class='ocrx_word' id='word_1_177' title='bbox 376 1913 416 1936; x_wconf 87' lang='lat' dir='ltr'>ne</span> <span class='ocrx_word' id='word_1_178' title='bbox 440 1904 536 1936; x_wconf 84' lang='lat' dir='ltr'>rebus</span> <span class='ocrx_word' id='word_1_179' title='bbox 562 1904 702 1946; x_wconf 89' lang='lat' dir='ltr'>propriis</span> <span class='ocrx_word' id='word_1_180' title='bbox 735 1909 766 1937; x_wconf 88' lang='lat' dir='ltr'>et</span> <span class='ocrx_word' id='word_1_181' title='bbox 798 1905 973 1937; x_wconf 84' lang='lat' dir='ltr'>amicorum</span> 
     </span>
     <span class='ocr_line' id='line_1_34' title="bbox 240 1956 975 1999; baseline 0.003 -11"><span class='ocrx_word' id='word_1_182' title='bbox 240 1956 441 1989; x_wconf 90' lang='lat' dir='ltr'>solummodo</span> <span class='ocrx_word' id='word_1_183' title='bbox 466 1956 700 1998; x_wconf 80' lang='lat' dir='ltr'>incumbentes,</span> <span class='ocrx_word' id='word_1_184' title='bbox 726 1958 816 1999; x_wconf 79' lang='lat' dir='ltr'>leges</span> <span class='ocrx_word' id='word_1_185' title='bbox 841 1958 975 1990; x_wconf 87' lang='lat' dir='ltr'>consun-</span> 
     </span>
     <span class='ocr_line' id='line_1_35' title="bbox 241 2009 975 2051; baseline 0 -9"><span class='ocrx_word' id='word_1_186' title='bbox 241 2009 325 2048; x_wconf 73' lang='lat' dir='ltr'>dant„</span> <span class='ocrx_word' id='word_1_187' title='bbox 352 2019 387 2041; x_wconf 89' lang='lat' dir='ltr'>ae</span> <span class='ocrx_word' id='word_1_188' title='bbox 411 2019 528 2041; x_wconf 91' lang='lat' dir='ltr'>munus</span> <span class='ocrx_word' id='word_1_189' title='bbox 553 2009 633 2041; x_wconf 86' lang='lat' dir='ltr'>tanti</span> <span class='ocrx_word' id='word_1_190' title='bbox 658 2010 825 2051; x_wconf 86' lang='lat' dir='ltr'>momenti,</span> <span class='ocrx_word' id='word_1_191' title='bbox 852 2012 900 2043; x_wconf 92' lang='lat' dir='ltr'>vel</span> <span class='ocrx_word' id='word_1_192' title='bbox 927 2011 975 2042; x_wconf 90' lang='lat' dir='ltr'>in-</span> 
     </span>
     <span class='ocr_line' id='line_1_36' title="bbox 237 2062 974 2097; baseline 0.004 -3"><span class='ocrx_word' id='word_1_193' title='bbox 237 2062 323 2095; x_wconf 70' lang='lat' dir='ltr'>‘iuste</span> <span class='ocrx_word' id='word_1_194' title='bbox 357 2063 406 2094; x_wconf 90' lang='lat' dir='ltr'>vel</span> <span class='ocrx_word' id='word_1_195' title='bbox 430 2062 589 2095; x_wconf 87' lang='lat' dir='ltr'>violenter</span> <span class='ocrx_word' id='word_1_196' title='bbox 605 2069 786 2096; x_wconf 79' lang='lat' dir='ltr'>exerceant.</span> <span class='ocrx_word' id='word_1_197' title='bbox 806 2064 849 2096; x_wconf 90' lang='lat' dir='ltr'>De</span> <span class='ocrx_word' id='word_1_198' title='bbox 867 2070 974 2097; x_wconf 87' lang='lat' dir='ltr'>cetero</span> 
     </span>
     <span class='ocr_line' id='line_1_37' title="bbox 240 2115 976 2159; baseline 0.003 -11"><span class='ocrx_word' id='word_1_199' title='bbox 240 2115 328 2157; x_wconf 83' lang='lat' dir='ltr'>leges</span> <span class='ocrx_word' id='word_1_200' title='bbox 354 2120 386 2147; x_wconf 85' lang='lat' dir='ltr'>et</span> <span class='ocrx_word' id='word_1_201' title='bbox 409 2115 660 2148; x_wconf 82' lang='lat' dir='ltr'>consuetudines</span> <span class='ocrx_word' id='word_1_202' title='bbox 691 2117 842 2159; x_wconf 85' lang='lat' dir='ltr'>antiquae</span> <span class='ocrx_word' id='word_1_203' title='bbox 868 2118 976 2150; x_wconf 80' lang='lat' dir='ltr'>obser-</span> 
     </span>
     <span class='ocr_line' id='line_1_38' title="bbox 241 2167 976 2211; baseline 0.004 -11"><span class='ocrx_word' id='word_1_204' title='bbox 241 2173 364 2207; x_wconf 81' lang='lat' dir='ltr'>ventur,</span> <span class='ocrx_word' id='word_1_205' title='bbox 390 2172 424 2199; x_wconf 91' lang='lat' dir='ltr'>ut</span> <span class='ocrx_word' id='word_1_206' title='bbox 447 2167 571 2200; x_wconf 88' lang='lat' dir='ltr'>scilicet</span> <span class='ocrx_word' id='word_1_207' title='bbox 595 2169 802 2211; x_wconf 84' lang='lat' dir='ltr'>provincialis</span> <span class='ocrx_word' id='word_1_208' title='bbox 828 2180 899 2202; x_wconf 90' lang='lat' dir='ltr'>cum</span> <span class='ocrx_word' id='word_1_209' title='bbox 921 2171 976 2203; x_wconf 89' lang='lat' dir='ltr'>de-</span> 
     </span>
     <span class='ocr_line' id='line_1_39' title="bbox 241 2219 975 2265; baseline 0.004 -13"><span class='ocrx_word' id='word_1_210' title='bbox 241 2219 392 2258; x_wconf 82' lang='lat' dir='ltr'>finitorio,</span> <span class='ocrx_word' id='word_1_211' title='bbox 419 2225 450 2252; x_wconf 90' lang='lat' dir='ltr'>et</span> <span class='ocrx_word' id='word_1_212' title='bbox 474 2225 581 2262; x_wconf 87' lang='lat' dir='ltr'>patres</span> <span class='ocrx_word' id='word_1_213' title='bbox 603 2221 796 2263; x_wconf 85' lang='lat' dir='ltr'>provinciae,</span> <span class='ocrx_word' id='word_1_214' title='bbox 822 2223 975 2265; x_wconf 78' lang='lat' dir='ltr'>magistro</span> 
     </span>
     <span class='ocr_line' id='line_1_40' title="bbox 242 2274 977 2317; baseline 0.004 -12"><span class='ocrx_word' id='word_1_215' title='bbox 242 2274 385 2314; x_wconf 85' lang='lat' dir='ltr'>generali</span> <span class='ocrx_word' id='word_1_216' title='bbox 423 2284 477 2306; x_wconf 90' lang='lat' dir='ltr'>seu</span> <span class='ocrx_word' id='word_1_217' title='bbox 510 2274 729 2307; x_wconf 84' lang='lat' dir='ltr'>commissario</span> <span class='ocrx_word' id='word_1_218' title='bbox 760 2276 902 2317; x_wconf 79' lang='lat' dir='ltr'>generali</span> <span class='ocrx_word' id='word_1_219' title='bbox 936 2277 977 2308; x_wconf 78' lang='lat' dir='ltr'>sa-</span> 
     </span>
     <span class='ocr_line' id='line_1_41' title="bbox 242 2325 975 2371; baseline 0.005 -14"><span class='ocrx_word' id='word_1_220' title='bbox 242 2325 361 2365; x_wconf 83' lang='lat' dir='ltr'>miliae,</span> <span class='ocrx_word' id='word_1_221' title='bbox 388 2326 427 2358; x_wconf 90' lang='lat' dir='ltr'>ad</span> <span class='ocrx_word' id='word_1_222' title='bbox 452 2336 532 2368; x_wconf 78' lang='lat' dir='ltr'>quos</span> <span class='ocrx_word' id='word_1_223' title='bbox 559 2337 615 2368; x_wconf 91' lang='lat' dir='ltr'>pro</span> <span class='ocrx_word' id='word_1_224' title='bbox 642 2332 785 2370; x_wconf 87' lang='lat' dir='ltr'>tempore</span> <span class='ocrx_word' id='word_1_225' title='bbox 806 2329 975 2371; x_wconf 79' lang='lat' dir='ltr'>spectabit,</span> 
     </span>
    </p>
   </div>
   <div class='ocr_carea' id='block_1_3' title="bbox 242 2378 1000 2527">
    <p class='ocr_par' dir='ltr' id='par_1_3' title="bbox 242 2378 1000 2527">
     <span class='ocr_line' id='line_1_42' title="bbox 242 2378 999 2423; baseline 0.005 -14"><span class='ocrx_word' id='word_1_226' title='bbox 242 2383 425 2420; x_wconf 80' lang='lat' dir='ltr'>proponant</span> <span class='ocrx_word' id='word_1_227' title='bbox 449 2389 504 2410; x_wconf 86' lang='lat' dir='ltr'>seu</span> <span class='ocrx_word' id='word_1_228' title='bbox 530 2378 697 2411; x_wconf 85' lang='lat' dir='ltr'>nominent</span> <span class='ocrx_word' id='word_1_229' title='bbox 725 2385 787 2411; x_wconf 89' lang='lat' dir='ltr'>tres</span> <span class='ocrx_word' id='word_1_230' title='bbox 807 2380 975 2423; x_wconf 82' lang='lat' dir='ltr'>religiosos</span> <span class='ocrx_word' id='word_1_231' title='bbox 997 2384 999 2400; x_wconf 87' lang='lat'><strong>¹</strong></span> 
     </span>
     <span class='ocr_line' id='line_1_43' title="bbox 244 2430 999 2473; baseline 0.005 -12"><span class='ocrx_word' id='word_1_232' title='bbox 244 2430 376 2462; x_wconf 87' lang='lat' dir='ltr'>alterius</span> <span class='ocrx_word' id='word_1_233' title='bbox 401 2431 565 2473; x_wconf 67' lang='lat' dir='ltr'>praefatae</span> <span class='ocrx_word' id='word_1_234' title='bbox 592 2430 775 2473; x_wconf 77' lang='lat' dir='ltr'>provinciae</span> <span class='ocrx_word' id='word_1_235' title='bbox 806 2432 880 2464; x_wconf 82' lang='lat' dir='ltr'>huic</span> <span class='ocrx_word' id='word_1_236' title='bbox 913 2445 999 2465; x_wconf 61' lang='lat' dir='ltr'>{flu-&#39;r</span> 
     </span>
     <span class='ocr_line' id='line_1_44' title="bbox 243 2483 1000 2527; baseline 0.008 -13"><span class='ocrx_word' id='word_1_237' title='bbox 243 2483 312 2515; x_wconf 86' lang='lat' dir='ltr'>neri</span> <span class='ocrx_word' id='word_1_238' title='bbox 337 2483 480 2522; x_wconf 47' lang='lat' dir='ltr'>idoneo&amp;</span> <span class='ocrx_word' id='word_1_239' title='bbox 508 2494 542 2516; x_wconf 81' lang='lat' dir='ltr'>ex</span> <span class='ocrx_word' id='word_1_240' title='bbox 570 2484 687 2526; x_wconf 87' lang='lat' dir='ltr'>quibus</span> <span class='ocrx_word' id='word_1_241' title='bbox 723 2495 820 2517; x_wconf 87' lang='lat' dir='ltr'>unum</span> <span class='ocrx_word' id='word_1_242' title='bbox 854 2486 1000 2527; x_wconf 71' lang='lat' dir='ltr'>eligeret</span> 
     </span>
    </p>
   </div>
   <div class='ocr_carea' id='block_1_4' title="bbox 243 2534 976 2578">
    <p class='ocr_par' dir='ltr' id='par_1_4' title="bbox 243 2534 976 2578">
     <span class='ocr_line' id='line_1_45' title="bbox 243 2534 976 2578; baseline 0.005 -12"><span class='ocrx_word' id='word_1_243' title='bbox 243 2534 381 2577; x_wconf 79' lang='lat' dir='ltr'>possint.</span> <span class='ocrx_word' id='word_1_244' title='bbox 405 2536 491 2568; x_wconf 87' lang='lat' dir='ltr'>llanc</span> <span class='ocrx_word' id='word_1_245' title='bbox 511 2542 614 2567; x_wconf 82' lang='lat' dir='ltr'>tamen</span> <span class='ocrx_word' id='word_1_246' title='bbox 634 2536 889 2578; x_wconf 71' lang='lat' dir='ltr'>propositionem</span> <span class='ocrx_word' id='word_1_247' title='bbox 922 2549 976 2571; x_wconf 63' lang='lat' dir='ltr'>seu</span> 
     </span>
    </p>
   </div>
   <div class='ocr_carea' id='block_1_5' title="bbox 816 219 1154 249">
    <p class='ocr_par' dir='ltr' id='par_1_5' title="bbox 816 219 1154 249">
     <span class='ocr_line' id='line_1_46' title="bbox 816 219 1154 249; baseline 0 0"><span class='ocrx_word' id='word_1_248' title='bbox 816 223 1028 249; x_wconf 76' lang='lat' dir='ltr'>mNOCEN&#39;rIUs</span> <span class='ocrx_word' id='word_1_249' title='bbox 1048 224 1080 249; x_wconf 80' lang='lat' dir='ltr'>xl</span> <span class='ocrx_word' id='word_1_250' title='bbox 1104 219 1154 249; x_wconf 70' lang='lat'>1⁵1⁵.</span> 
     </span>
    </p>
   </div>
   <div class='ocr_carea' id='block_1_6' title="bbox 992 1614 1001 2617">
    <p class='ocr_par' dir='ltr' id='par_1_6' title="bbox 992 1614 1001 2617">
     <span class='ocr_line' id='line_1_47' title="bbox 992 1614 1001 2617; baseline 0 0"><span class='ocrx_word' id='word_1_251' title='bbox 992 1614 1001 2617; x_wconf 95' lang='lat' dir='ltr'> </span> 
     </span>
    </p>
   </div>
   <div class='ocr_carea' id='block_1_7' title="bbox 244 2586 997 2631">
    <p class='ocr_par' dir='ltr' id='par_1_7' title="bbox 244 2586 997 2631">
     <span class='ocr_line' id='line_1_48' title="bbox 244 2586 997 2631; baseline 0.005 -13"><span class='ocrx_word' id='word_1_252' title='bbox 244 2586 496 2619; x_wconf 69' lang='lat' dir='ltr'>nominationem</span> <span class='ocrx_word' id='word_1_253' title='bbox 537 2590 683 2621; x_wconf 87' lang='lat' dir='ltr'>volumus</span> <span class='ocrx_word' id='word_1_254' title='bbox 717 2589 756 2622; x_wconf 87' lang='lat' dir='ltr'>ad</span> <span class='ocrx_word' id='word_1_255' title='bbox 793 2591 997 2631; x_wconf 67' lang='lat' dir='ltr'>generalem,</span> 
     </span>
    </p>
   </div>
   <div class='ocr_carea' id='block_1_8' title="bbox 1012 270 1758 2634">
    <p class='ocr_par' dir='ltr' id='par_1_8' title="bbox 1012 270 1758 2476">
     <span class='ocr_line' id='line_1_49' title="bbox 1012 270 1746 316; baseline 0 -12"><span class='ocrx_word' id='word_1_256' title='bbox 1012 272 1093 305; x_wconf 84' lang='lat' dir='ltr'>mitti</span> <span class='ocrx_word' id='word_1_257' title='bbox 1117 281 1176 315; x_wconf 89' lang='lat' dir='ltr'>per</span> <span class='ocrx_word' id='word_1_258' title='bbox 1207 270 1344 316; x_wconf 81' lang='lat' dir='ltr'>primam</span> <span class='ocrx_word' id='word_1_259' title='bbox 1375 274 1447 316; x_wconf 87' lang='lat' dir='ltr'>post</span> <span class='ocrx_word' id='word_1_260' title='bbox 1482 271 1657 316; x_wconf 84' lang='lat' dir='ltr'>capitulum</span> <span class='ocrx_word' id='word_1_261' title='bbox 1689 282 1746 315; x_wconf 88' lang='lat' dir='ltr'>op-</span> 
     </span>
     <span class='ocr_line' id='line_1_50' title="bbox 1013 325 1748 369; baseline 0.001 -12"><span class='ocrx_word' id='word_1_262' title='bbox 1013 325 1245 368; x_wconf 86' lang='lat' dir='ltr'>portunitatem</span> <span class='ocrx_word' id='word_1_263' title='bbox 1269 325 1403 358; x_wconf 89' lang='lat' dir='ltr'>alicuius</span> <span class='ocrx_word' id='word_1_264' title='bbox 1421 325 1517 366; x_wconf 89' lang='lat' dir='ltr'>navis,</span> <span class='ocrx_word' id='word_1_265' title='bbox 1544 335 1625 369; x_wconf 88' lang='lat' dir='ltr'>quae</span> <span class='ocrx_word' id='word_1_266' title='bbox 1650 325 1748 359; x_wconf 90' lang='lat' dir='ltr'>Euro-</span> 
     </span>
     <span class='ocr_line' id='line_1_51' title="bbox 1012 377 1746 421; baseline 0.001 -11"><span class='ocrx_word' id='word_1_267' title='bbox 1012 387 1085 419; x_wconf 87' lang='lat' dir='ltr'>pam</span> <span class='ocrx_word' id='word_1_268' title='bbox 1110 388 1222 411; x_wconf 87' lang='lat' dir='ltr'>versus</span> <span class='ocrx_word' id='word_1_269' title='bbox 1254 377 1420 420; x_wconf 82' lang='lat' dir='ltr'>dirigetur.</span> <span class='ocrx_word' id='word_1_270' title='bbox 1462 378 1496 410; x_wconf 92' lang='lat' dir='ltr'>In</span> <span class='ocrx_word' id='word_1_271' title='bbox 1526 389 1589 421; x_wconf 88' lang='lat' dir='ltr'>quo</span> <span class='ocrx_word' id='word_1_272' title='bbox 1622 378 1647 410; x_wconf 87' lang='lat' dir='ltr'>si</span> <span class='ocrx_word' id='word_1_273' title='bbox 1672 388 1746 421; x_wconf 90' lang='lat' dir='ltr'>pro-</span> 
     </span>
     <span class='ocr_line' id='line_1_52' title="bbox 1012 429 1745 473; baseline 0.003 -12"><span class='ocrx_word' id='word_1_274' title='bbox 1012 429 1156 462; x_wconf 87' lang='lat' dir='ltr'>vincialis</span> <span class='ocrx_word' id='word_1_275' title='bbox 1192 431 1243 463; x_wconf 92' lang='lat' dir='ltr'>vel</span> <span class='ocrx_word' id='word_1_276' title='bbox 1285 430 1339 463; x_wconf 87' lang='lat' dir='ltr'>alii</span> <span class='ocrx_word' id='word_1_277' title='bbox 1379 430 1584 473; x_wconf 82' lang='lat' dir='ltr'>negligentes</span> <span class='ocrx_word' id='word_1_278' title='bbox 1623 431 1745 473; x_wconf 88' lang='lat' dir='ltr'>reperti</span> 
     </span>
     <span class='ocr_line' id='line_1_53' title="bbox 1013 481 1746 525; baseline 0.001 -12"><span class='ocrx_word' id='word_1_279' title='bbox 1013 481 1144 523; x_wconf 82' lang='lat' dir='ltr'>suerint,</span> <span class='ocrx_word' id='word_1_280' title='bbox 1170 482 1314 515; x_wconf 86' lang='lat' dir='ltr'>eiusdem</span> <span class='ocrx_word' id='word_1_281' title='bbox 1339 482 1500 525; x_wconf 85' lang='lat' dir='ltr'>generalis</span> <span class='ocrx_word' id='word_1_282' title='bbox 1523 482 1656 515; x_wconf 89' lang='lat' dir='ltr'>arbitrio</span> <span class='ocrx_word' id='word_1_283' title='bbox 1675 493 1746 524; x_wconf 77' lang='lat' dir='ltr'>gra-</span> 
     </span>
     <span class='ocr_line' id='line_1_54' title="bbox 1012 534 1744 578; baseline 0.001 -12"><span class='ocrx_word' id='word_1_284' title='bbox 1012 535 1094 567; x_wconf 87' lang='lat' dir='ltr'>viter</span> <span class='ocrx_word' id='word_1_285' title='bbox 1116 535 1282 578; x_wconf 83' lang='lat' dir='ltr'>puniatur.</span> <span class='ocrx_word' id='word_1_286' title='bbox 1309 534 1398 573; x_wconf 89' lang='lat' dir='ltr'>Quod</span> <span class='ocrx_word' id='word_1_287' title='bbox 1423 535 1447 567; x_wconf 91' lang='lat' dir='ltr'>si</span> <span class='ocrx_word' id='word_1_288' title='bbox 1473 535 1513 567; x_wconf 89' lang='lat' dir='ltr'>ob</span> <span class='ocrx_word' id='word_1_289' title='bbox 1533 536 1744 578; x_wconf 75' lang='lat' dir='ltr'>naufragium,</span> 
     </span>
     <span class='ocr_line' id='line_1_55' title="bbox 1012 587 1745 627; baseline 0.003 -8"><span class='ocrx_word' id='word_1_290' title='bbox 1012 587 1142 620; x_wconf 85' lang='lat' dir='ltr'>nimiam</span> <span class='ocrx_word' id='word_1_291' title='bbox 1168 587 1362 627; x_wconf 84' lang='lat' dir='ltr'>distantiam,</span> <span class='ocrx_word' id='word_1_292' title='bbox 1382 589 1432 621; x_wconf 89' lang='lat' dir='ltr'>vel</span> <span class='ocrx_word' id='word_1_293' title='bbox 1452 587 1537 620; x_wconf 90' lang='lat' dir='ltr'>aliud</span> <span class='ocrx_word' id='word_1_294' title='bbox 1562 588 1745 621; x_wconf 84' lang='lat' dir='ltr'>inevitabile</span> 
     </span>
     <span class='ocr_line' id='line_1_56' title="bbox 1012 639 1744 683; baseline 0.001 -12"><span class='ocrx_word' id='word_1_295' title='bbox 1012 639 1287 682; x_wconf 89' lang='lat' dir='ltr'>impedimentum,</span> <span class='ocrx_word' id='word_1_296' title='bbox 1300 650 1366 673; x_wconf 91' lang='lat' dir='ltr'>non</span> <span class='ocrx_word' id='word_1_297' title='bbox 1384 640 1542 673; x_wconf 81' lang='lat' dir='ltr'>habeatur</span> <span class='ocrx_word' id='word_1_298' title='bbox 1558 651 1575 673; x_wconf 89' lang='lat' dir='ltr'>a</span> <span class='ocrx_word' id='word_1_299' title='bbox 1592 641 1744 683; x_wconf 82' lang='lat' dir='ltr'>magistre</span> 
     </span>
     <span class='ocr_line' id='line_1_57' title="bbox 1012 692 1746 736; baseline 0.001 -12"><span class='ocrx_word' id='word_1_300' title='bbox 1012 692 1157 734; x_wconf 82' lang='lat' dir='ltr'>generali</span> <span class='ocrx_word' id='word_1_301' title='bbox 1189 703 1381 735; x_wconf 87' lang='lat' dir='ltr'>responsum</span> <span class='ocrx_word' id='word_1_302' title='bbox 1413 697 1552 736; x_wconf 88' lang='lat' dir='ltr'>quatuor</span> <span class='ocrx_word' id='word_1_303' title='bbox 1582 694 1746 726; x_wconf 88' lang='lat' dir='ltr'>mensibus</span> 
     </span>
     <span class='ocr_line' id='line_1_58' title="bbox 1012 746 1746 788; baseline 0.004 -12"><span class='ocrx_word' id='word_1_304' title='bbox 1012 749 1085 777; x_wconf 85' lang='lat' dir='ltr'>ante</span> <span class='ocrx_word' id='word_1_305' title='bbox 1119 750 1245 788; x_wconf 88' lang='lat' dir='ltr'>tempus</span> <span class='ocrx_word' id='word_1_306' title='bbox 1280 746 1456 788; x_wconf 76' lang='lat' dir='ltr'>praefixum</span> <span class='ocrx_word' id='word_1_307' title='bbox 1492 751 1523 778; x_wconf 90' lang='lat' dir='ltr'>et</span> <span class='ocrx_word' id='word_1_308' title='bbox 1558 750 1746 779; x_wconf 87' lang='lat' dir='ltr'>consuetum</span> 
     </span>
     <span class='ocr_line' id='line_1_59' title="bbox 1012 797 1746 842; baseline 0.004 -13"><span class='ocrx_word' id='word_1_309' title='bbox 1012 797 1144 840; x_wconf 85' lang='lat' dir='ltr'>capituli</span> <span class='ocrx_word' id='word_1_310' title='bbox 1169 798 1364 838; x_wconf 82' lang='lat' dir='ltr'>celebrandi,</span> <span class='ocrx_word' id='word_1_311' title='bbox 1392 804 1465 831; x_wconf 85' lang='lat' dir='ltr'>tnnc</span> <span class='ocrx_word' id='word_1_312' title='bbox 1490 800 1592 841; x_wconf 89' lang='lat' dir='ltr'>possit</span> <span class='ocrx_word' id='word_1_313' title='bbox 1617 800 1746 842; x_wconf 90' lang='lat' dir='ltr'>provin-</span> 
     </span>
     <span class='ocr_line' id='line_1_60' title="bbox 1012 851 1746 895; baseline 0.004 -13"><span class='ocrx_word' id='word_1_314' title='bbox 1012 851 1101 883; x_wconf 84' lang='lat' dir='ltr'>cialis</span> <span class='ocrx_word' id='word_1_315' title='bbox 1126 861 1196 883; x_wconf 90' lang='lat' dir='ltr'>cum</span> <span class='ocrx_word' id='word_1_316' title='bbox 1222 851 1406 884; x_wconf 81' lang='lat' dir='ltr'>definitorio</span> <span class='ocrx_word' id='word_1_317' title='bbox 1437 857 1468 884; x_wconf 91' lang='lat' dir='ltr'>et</span> <span class='ocrx_word' id='word_1_318' title='bbox 1491 852 1640 895; x_wconf 85' lang='lat' dir='ltr'>patribus</span> <span class='ocrx_word' id='word_1_319' title='bbox 1672 863 1746 895; x_wconf 90' lang='lat' dir='ltr'>pro-</span> 
     </span>
     <span class='ocr_line' id='line_1_61' title="bbox 1012 904 1744 948; baseline 0.001 -12"><span class='ocrx_word' id='word_1_320' title='bbox 1012 904 1133 937; x_wconf 88' lang='lat' dir='ltr'>vinciae</span> <span class='ocrx_word' id='word_1_321' title='bbox 1159 914 1259 937; x_wconf 89' lang='lat' dir='ltr'>unum</span> <span class='ocrx_word' id='word_1_322' title='bbox 1284 915 1318 937; x_wconf 78' lang='lat' dir='ltr'>ex</span> <span class='ocrx_word' id='word_1_323' title='bbox 1345 904 1446 937; x_wconf 89' lang='lat' dir='ltr'>tribus</span> <span class='ocrx_word' id='word_1_324' title='bbox 1472 905 1533 937; x_wconf 87' lang='lat' dir='ltr'>iam</span> <span class='ocrx_word' id='word_1_325' title='bbox 1566 906 1744 948; x_wconf 86' lang='lat' dir='ltr'>propositis</span> 
     </span>
     <span class='ocr_line' id='line_1_62' title="bbox 1013 957 1745 999; baseline 0.003 -11"><span class='ocrx_word' id='word_1_326' title='bbox 1013 961 1172 999; x_wconf 89' lang='lat' dir='ltr'>tamquam</span> <span class='ocrx_word' id='word_1_327' title='bbox 1186 957 1443 990; x_wconf 87' lang='lat' dir='ltr'>commissarium</span> <span class='ocrx_word' id='word_1_328' title='bbox 1468 957 1666 990; x_wconf 90' lang='lat' dir='ltr'>visitatorem</span> <span class='ocrx_word' id='word_1_329' title='bbox 1692 959 1745 990; x_wconf 90' lang='lat' dir='ltr'>ad-</span> 
     </span>
     <span class='ocr_line' id='line_1_63' title="bbox 1012 1009 1746 1052; baseline 0.004 -12"><span class='ocrx_word' id='word_1_330' title='bbox 1012 1018 1138 1048; x_wconf 83' lang='lat' dir='ltr'>vocare,</span> <span class='ocrx_word' id='word_1_331' title='bbox 1165 1009 1220 1051; x_wconf 87' lang='lat' dir='ltr'>qui</span> <span class='ocrx_word' id='word_1_332' title='bbox 1244 1009 1351 1041; x_wconf 84' lang='lat' dir='ltr'>onmia</span> <span class='ocrx_word' id='word_1_333' title='bbox 1376 1014 1408 1041; x_wconf 90' lang='lat' dir='ltr'>et</span> <span class='ocrx_word' id='word_1_334' title='bbox 1431 1009 1557 1052; x_wconf 77' lang='lat' dir='ltr'>singula</span> <span class='ocrx_word' id='word_1_335' title='bbox 1580 1016 1746 1052; x_wconf 85' lang='lat' dir='ltr'>praestare</span> 
     </span>
     <span class='ocr_line' id='line_1_64' title="bbox 1012 1061 1745 1105; baseline 0.004 -13"><span class='ocrx_word' id='word_1_336' title='bbox 1012 1061 1114 1103; x_wconf 83' lang='lat' dir='ltr'>possit</span> <span class='ocrx_word' id='word_1_337' title='bbox 1138 1066 1169 1093; x_wconf 90' lang='lat' dir='ltr'>et</span> <span class='ocrx_word' id='word_1_338' title='bbox 1193 1062 1305 1101; x_wconf 83' lang='lat' dir='ltr'>valeat,</span> <span class='ocrx_word' id='word_1_339' title='bbox 1330 1071 1411 1104; x_wconf 89' lang='lat' dir='ltr'>quae</span> <span class='ocrx_word' id='word_1_340' title='bbox 1433 1062 1519 1094; x_wconf 86' lang='lat' dir='ltr'>missi</span> <span class='ocrx_word' id='word_1_341' title='bbox 1553 1067 1585 1094; x_wconf 86' lang='lat' dir='ltr'>et</span> <span class='ocrx_word' id='word_1_342' title='bbox 1605 1062 1745 1105; x_wconf 87' lang='lat' dir='ltr'>deputati</span> 
     </span>
     <span class='ocr_line' id='line_1_65' title="bbox 1013 1114 1745 1157; baseline 0.003 -12"><span class='ocrx_word' id='word_1_343' title='bbox 1013 1124 1030 1145; x_wconf 87' lang='lat' dir='ltr'>a</span> <span class='ocrx_word' id='word_1_344' title='bbox 1055 1114 1199 1155; x_wconf 78' lang='lat' dir='ltr'>generali</span> <span class='ocrx_word' id='word_1_345' title='bbox 1237 1114 1393 1156; x_wconf 78' lang='lat' dir='ltr'>magistro</span> <span class='ocrx_word' id='word_1_346' title='bbox 1429 1120 1594 1157; x_wconf 83' lang='lat' dir='ltr'>praestare</span> <span class='ocrx_word' id='word_1_347' title='bbox 1631 1116 1745 1155; x_wconf 86' lang='lat' dir='ltr'>solent,</span> 
     </span>
     <span class='ocr_line' id='line_1_66' title="bbox 1014 1165 1746 1210; baseline 0.004 -13"><span class='ocrx_word' id='word_1_348' title='bbox 1014 1165 1056 1198; x_wconf 89' lang='lat' dir='ltr'>ita</span> <span class='ocrx_word' id='word_1_349' title='bbox 1081 1171 1112 1198; x_wconf 89' lang='lat' dir='ltr'>et</span> <span class='ocrx_word' id='word_1_350' title='bbox 1136 1166 1253 1206; x_wconf 80' lang='lat' dir='ltr'>taliter,</span> <span class='ocrx_word' id='word_1_351' title='bbox 1271 1167 1367 1209; x_wconf 85' lang='lat' dir='ltr'>quod,</span> <span class='ocrx_word' id='word_1_352' title='bbox 1385 1167 1480 1199; x_wconf 82' lang='lat' dir='ltr'>etiam</span> <span class='ocrx_word' id='word_1_353' title='bbox 1498 1168 1746 1210; x_wconf 82' lang='lat' dir='ltr'>superveniente</span> 
     </span>
     <span class='ocr_line' id='line_1_67' title="bbox 1013 1218 1742 1262; baseline 0.004 -12"><span class='ocrx_word' id='word_1_354' title='bbox 1013 1223 1125 1260; x_wconf 87' lang='lat' dir='ltr'>postca</span> <span class='ocrx_word' id='word_1_355' title='bbox 1149 1218 1355 1261; x_wconf 84' lang='lat' dir='ltr'>deputatione</span> <span class='ocrx_word' id='word_1_356' title='bbox 1381 1219 1461 1252; x_wconf 77' lang='lat' dir='ltr'>sacta</span> <span class='ocrx_word' id='word_1_357' title='bbox 1483 1230 1499 1252; x_wconf 90' lang='lat' dir='ltr'>a</span> <span class='ocrx_word' id='word_1_358' title='bbox 1516 1220 1668 1262; x_wconf 75' lang='lat' dir='ltr'>praefatis</span> <span class='ocrx_word' id='word_1_359' title='bbox 1687 1231 1742 1253; x_wconf 89' lang='lat' dir='ltr'>ma-</span> 
     </span>
     <span class='ocr_line' id='line_1_68' title="bbox 1014 1271 1748 1314; baseline 0.007 -12"><span class='ocrx_word' id='word_1_360' title='bbox 1014 1271 1113 1313; x_wconf 77' lang='lat' dir='ltr'>gistro</span> <span class='ocrx_word' id='word_1_361' title='bbox 1153 1272 1297 1313; x_wconf 82' lang='lat' dir='ltr'>generali</span> <span class='ocrx_word' id='word_1_362' title='bbox 1334 1273 1383 1305; x_wconf 90' lang='lat' dir='ltr'>vel</span> <span class='ocrx_word' id='word_1_363' title='bbox 1413 1274 1642 1314; x_wconf 85' lang='lat' dir='ltr'>commissario,</span> <span class='ocrx_word' id='word_1_364' title='bbox 1676 1275 1748 1307; x_wconf 88' lang='lat' dir='ltr'>talis</span> 
     </span>
     <span class='ocr_line' id='line_1_69' title="bbox 1014 1323 1746 1365; baseline 0.007 -11"><span class='ocrx_word' id='word_1_365' title='bbox 1014 1323 1179 1365; x_wconf 84' lang='lat' dir='ltr'>deputatio</span> <span class='ocrx_word' id='word_1_366' title='bbox 1192 1325 1316 1356; x_wconf 90' lang='lat' dir='ltr'>nullum</span> <span class='ocrx_word' id='word_1_367' title='bbox 1332 1325 1486 1357; x_wconf 87' lang='lat' dir='ltr'>sortiatur</span> <span class='ocrx_word' id='word_1_368' title='bbox 1500 1325 1657 1365; x_wconf 71' lang='lat' dir='ltr'>effectum,</span> <span class='ocrx_word' id='word_1_369' title='bbox 1672 1337 1707 1359; x_wconf 91' lang='lat' dir='ltr'>ac</span> <span class='ocrx_word' id='word_1_370' title='bbox 1721 1327 1746 1359; x_wconf 87' lang='lat' dir='ltr'>si</span> 
     </span>
     <span class='ocr_line' id='line_1_70' title="bbox 1014 1375 1745 1419; baseline 0.008 -13"><span class='ocrx_word' id='word_1_371' title='bbox 1014 1375 1094 1407; x_wconf 86' lang='lat' dir='ltr'>sacta</span> <span class='ocrx_word' id='word_1_372' title='bbox 1107 1385 1170 1408; x_wconf 89' lang='lat' dir='ltr'>non</span> <span class='ocrx_word' id='word_1_373' title='bbox 1190 1376 1314 1408; x_wconf 82' lang='lat' dir='ltr'>suisset.</span> <span class='ocrx_word' id='word_1_374' title='bbox 1336 1376 1494 1410; x_wconf 88' lang='lat' dir='ltr'>Utautem</span> <span class='ocrx_word' id='word_1_375' title='bbox 1509 1379 1745 1419; x_wconf 87' lang='lat' dir='ltr'>contentiones,</span> 
     </span>
     <span class='ocr_line' id='line_1_71' title="bbox 1015 1428 1748 1473; baseline 0.007 -14"><span class='ocrx_word' id='word_1_376' title='bbox 1015 1439 1096 1471; x_wconf 80' lang='lat' dir='ltr'>quae</span> <span class='ocrx_word' id='word_1_377' title='bbox 1112 1438 1148 1460; x_wconf 81' lang='lat' dir='ltr'>ex</span> <span class='ocrx_word' id='word_1_378' title='bbox 1163 1428 1289 1461; x_wconf 75' lang='lat' dir='ltr'>defectu</span> <span class='ocrx_word' id='word_1_379' title='bbox 1305 1429 1534 1462; x_wconf 85' lang='lat' dir='ltr'>declarationis</span> <span class='ocrx_word' id='word_1_380' title='bbox 1549 1432 1748 1473; x_wconf 81' lang='lat' dir='ltr'>praeceden-</span> 
     </span>
     <span class='ocr_line' id='line_1_72' title="bbox 1016 1481 1749 1526; baseline 0.005 -14"><span class='ocrx_word' id='word_1_381' title='bbox 1016 1481 1078 1513; x_wconf 87' lang='lat' dir='ltr'>tiae</span> <span class='ocrx_word' id='word_1_382' title='bbox 1103 1492 1197 1524; x_wconf 88' lang='lat' dir='ltr'>quam</span> <span class='ocrx_word' id='word_1_383' title='bbox 1224 1482 1344 1514; x_wconf 85' lang='lat' dir='ltr'>habere</span> <span class='ocrx_word' id='word_1_384' title='bbox 1370 1482 1490 1515; x_wconf 91' lang='lat' dir='ltr'>debent</span> <span class='ocrx_word' id='word_1_385' title='bbox 1517 1483 1591 1516; x_wconf 89' lang='lat' dir='ltr'>dicti</span> <span class='ocrx_word' id='word_1_386' title='bbox 1624 1485 1749 1526; x_wconf 86' lang='lat' dir='ltr'>praesi—</span> 
     </span>
     <span class='ocr_line' id='line_1_73' title="bbox 1015 1534 1750 1578; baseline 0.004 -12"><span class='ocrx_word' id='word_1_387' title='bbox 1015 1534 1129 1567; x_wconf 89' lang='lat' dir='ltr'>dentes</span> <span class='ocrx_word' id='word_1_388' title='bbox 1151 1540 1215 1567; x_wconf 91' lang='lat' dir='ltr'>tam</span> <span class='ocrx_word' id='word_1_389' title='bbox 1244 1535 1276 1567; x_wconf 89' lang='lat' dir='ltr'>in</span> <span class='ocrx_word' id='word_1_390' title='bbox 1304 1536 1437 1578; x_wconf 78' lang='lat' dir='ltr'>propria</span> <span class='ocrx_word' id='word_1_391' title='bbox 1466 1546 1561 1578; x_wconf 85' lang='lat' dir='ltr'>quam</span> <span class='ocrx_word' id='word_1_392' title='bbox 1588 1537 1618 1568; x_wconf 91' lang='lat' dir='ltr'>in</span> <span class='ocrx_word' id='word_1_393' title='bbox 1644 1537 1750 1569; x_wconf 71' lang='lat' dir='ltr'>aliena</span> 
     </span>
     <span class='ocr_line' id='line_1_74' title="bbox 1015 1587 1751 1631; baseline 0.004 -13"><span class='ocrx_word' id='word_1_394' title='bbox 1015 1587 1180 1629; x_wconf 72' lang='lat' dir='ltr'>provincia</span> <span class='ocrx_word' id='word_1_395' title='bbox 1191 1587 1269 1620; x_wconf 92' lang='lat' dir='ltr'>oriri</span> <span class='ocrx_word' id='word_1_396' title='bbox 1283 1594 1428 1631; x_wconf 87' lang='lat' dir='ltr'>possunt,</span> <span class='ocrx_word' id='word_1_397' title='bbox 1442 1588 1640 1628; x_wconf 86' lang='lat' dir='ltr'>dirimantur,</span> <span class='ocrx_word' id='word_1_398' title='bbox 1658 1590 1751 1622; x_wconf 81' lang='lat' dir='ltr'>sacul-</span> 
     </span>
     <span class='ocr_line' id='line_1_75' title="bbox 1015 1640 1750 1685; baseline 0.004 -14"><span class='ocrx_word' id='word_1_399' title='bbox 1015 1644 1113 1671; x_wconf 86' lang='lat' dir='ltr'>tatem</span> <span class='ocrx_word' id='word_1_400' title='bbox 1135 1640 1342 1672; x_wconf 87' lang='lat' dir='ltr'>concedimus</span> <span class='ocrx_word' id='word_1_401' title='bbox 1367 1640 1560 1673; x_wconf 88' lang='lat' dir='ltr'>definitoriis</span> <span class='ocrx_word' id='word_1_402' title='bbox 1582 1641 1750 1685; x_wconf 81' lang='lat' dir='ltr'>utriusque</span> 
     </span>
     <span class='ocr_line' id='line_1_76' title="bbox 1016 1693 1752 1738; baseline 0.004 -14"><span class='ocrx_word' id='word_1_403' title='bbox 1016 1693 1199 1735; x_wconf 83' lang='lat' dir='ltr'>provinciae</span> <span class='ocrx_word' id='word_1_404' title='bbox 1215 1694 1412 1726; x_wconf 82' lang='lat' dir='ltr'>decernendi</span> <span class='ocrx_word' id='word_1_405' title='bbox 1428 1705 1495 1726; x_wconf 86' lang='lat' dir='ltr'>eam</span> <span class='ocrx_word' id='word_1_406' title='bbox 1511 1694 1541 1726; x_wconf 88' lang='lat' dir='ltr'>in</span> <span class='ocrx_word' id='word_1_407' title='bbox 1559 1696 1689 1738; x_wconf 70' lang='lat' dir='ltr'>propria</span> <span class='ocrx_word' id='word_1_408' title='bbox 1704 1706 1752 1728; x_wconf 90' lang='lat' dir='ltr'>re-</span> 
     </span>
     <span class='ocr_line' id='line_1_77' title="bbox 1016 1746 1752 1790; baseline 0.003 -13"><span class='ocrx_word' id='word_1_409' title='bbox 1016 1746 1156 1788; x_wconf 82' lang='lat' dir='ltr'>spective</span> <span class='ocrx_word' id='word_1_410' title='bbox 1181 1747 1344 1788; x_wconf 76' lang='lat' dir='ltr'>provincia</span> <span class='ocrx_word' id='word_1_411' title='bbox 1365 1748 1637 1789; x_wconf 76' lang='lat' dir='ltr'>praecedentiam,</span> <span class='ocrx_word' id='word_1_412' title='bbox 1658 1758 1752 1790; x_wconf 79' lang='lat' dir='ltr'>quam</span> 
     </span>
     <span class='ocr_line' id='line_1_78' title="bbox 1017 1799 1753 1841; baseline 0.001 -11"><span class='ocrx_word' id='word_1_413' title='bbox 1017 1799 1132 1830; x_wconf 89' lang='lat' dir='ltr'>rationi</span> <span class='ocrx_word' id='word_1_414' title='bbox 1160 1804 1191 1830; x_wconf 90' lang='lat' dir='ltr'>et</span> <span class='ocrx_word' id='word_1_415' title='bbox 1215 1799 1366 1841; x_wconf 83' lang='lat' dir='ltr'>aequitati</span> <span class='ocrx_word' id='word_1_416' title='bbox 1393 1804 1642 1832; x_wconf 72' lang='lat' dir='ltr'>consentaneam</span> <span class='ocrx_word' id='word_1_417' title='bbox 1669 1800 1753 1833; x_wconf 90' lang='lat' dir='ltr'>iudi—</span> 
     </span>
     <span class='ocr_line' id='line_1_79' title="bbox 1017 1851 1751 1896; baseline 0.003 -13"><span class='ocrx_word' id='word_1_418' title='bbox 1017 1851 1181 1892; x_wconf 85' lang='lat' dir='ltr'>caverint,</span> <span class='ocrx_word' id='word_1_419' title='bbox 1211 1853 1325 1884; x_wconf 83' lang='lat' dir='ltr'>suturis</span> <span class='ocrx_word' id='word_1_420' title='bbox 1359 1854 1558 1895; x_wconf 84' lang='lat' dir='ltr'>temporibus</span> <span class='ocrx_word' id='word_1_421' title='bbox 1590 1859 1751 1896; x_wconf 86' lang='lat' dir='ltr'>perpetuo</span> 
     </span>
     <span class='ocr_line' id='line_1_80' title="bbox 1018 1905 1753 1949; baseline 0.005 -14"><span class='ocrx_word' id='word_1_422' title='bbox 1018 1905 1197 1937; x_wconf 84' lang='lat' dir='ltr'>valituram.</span> <span class='ocrx_word' id='word_1_423' title='bbox 1225 1906 1269 1937; x_wconf 86' lang='lat' dir='ltr'>Ac</span> <span class='ocrx_word' id='word_1_424' title='bbox 1287 1905 1414 1937; x_wconf 86' lang='lat' dir='ltr'>tandem</span> <span class='ocrx_word' id='word_1_425' title='bbox 1432 1906 1647 1949; x_wconf 78' lang='lat' dir='ltr'>praecipimus</span> <span class='ocrx_word' id='word_1_426' title='bbox 1664 1907 1753 1939; x_wconf 88' lang='lat' dir='ltr'>vobis</span> 
     </span>
     <span class='ocr_line' id='line_1_81' title="bbox 1017 1958 1753 1997; baseline 0.003 -8"><span class='ocrx_word' id='word_1_427' title='bbox 1017 1958 1049 1989; x_wconf 93' lang='lat' dir='ltr'>in</span> <span class='ocrx_word' id='word_1_428' title='bbox 1076 1958 1192 1990; x_wconf 86' lang='lat' dir='ltr'>virtute</span> <span class='ocrx_word' id='word_1_429' title='bbox 1218 1963 1348 1990; x_wconf 85' lang='lat' dir='ltr'>sanetae</span> <span class='ocrx_word' id='word_1_430' title='bbox 1380 1959 1605 1997; x_wconf 84' lang='lat' dir='ltr'>obedientiae,</span> <span class='ocrx_word' id='word_1_431' title='bbox 1640 1964 1670 1991; x_wconf 87' lang='lat' dir='ltr'>et</span> <span class='ocrx_word' id='word_1_432' title='bbox 1695 1959 1753 1991; x_wconf 83' lang='lat' dir='ltr'>sub</span> 
     </span>
     <span class='ocr_line' id='line_1_82' title="bbox 1018 2010 1755 2053; baseline 0.003 -11"><span class='ocrx_word' id='word_1_433' title='bbox 1018 2010 1130 2053; x_wconf 88' lang='lat' dir='ltr'>poenis</span> <span class='ocrx_word' id='word_1_434' title='bbox 1166 2010 1300 2043; x_wconf 90' lang='lat' dir='ltr'>arbitrio</span> <span class='ocrx_word' id='word_1_435' title='bbox 1341 2017 1452 2043; x_wconf 87' lang='lat' dir='ltr'>nostro</span> <span class='ocrx_word' id='word_1_436' title='bbox 1490 2011 1685 2053; x_wconf 78' lang='lat' dir='ltr'>infligendis,</span> <span class='ocrx_word' id='word_1_437' title='bbox 1720 2017 1755 2044; x_wconf 91' lang='lat' dir='ltr'>ut</span> 
     </span>
     <span class='ocr_line' id='line_1_83' title="bbox 1019 2063 1753 2106; baseline 0.003 -12"><span class='ocrx_word' id='word_1_438' title='bbox 1019 2063 1098 2095; x_wconf 84' lang='lat' dir='ltr'>haee</span> <span class='ocrx_word' id='word_1_439' title='bbox 1125 2063 1233 2095; x_wconf 83' lang='lat' dir='ltr'>omnia</span> <span class='ocrx_word' id='word_1_440' title='bbox 1265 2074 1281 2095; x_wconf 90' lang='lat' dir='ltr'>a</span> <span class='ocrx_word' id='word_1_441' title='bbox 1306 2064 1395 2096; x_wconf 87' lang='lat' dir='ltr'>vobis</span> <span class='ocrx_word' id='word_1_442' title='bbox 1426 2063 1536 2106; x_wconf 83' lang='lat' dir='ltr'>petita,</span> <span class='ocrx_word' id='word_1_443' title='bbox 1561 2069 1592 2096; x_wconf 88' lang='lat' dir='ltr'>et</span> <span class='ocrx_word' id='word_1_444' title='bbox 1617 2075 1633 2096; x_wconf 90' lang='lat' dir='ltr'>a</span> <span class='ocrx_word' id='word_1_445' title='bbox 1658 2064 1753 2096; x_wconf 87' lang='lat' dir='ltr'>nobis</span> 
     </span>
     <span class='ocr_line' id='line_1_84' title="bbox 1019 2116 1755 2159; baseline 0 -11"><span class='ocrx_word' id='word_1_446' title='bbox 1019 2121 1050 2148; x_wconf 89' lang='lat' dir='ltr'>et</span> <span class='ocrx_word' id='word_1_447' title='bbox 1074 2116 1226 2158; x_wconf 77' lang='lat' dir='ltr'>magistro</span> <span class='ocrx_word' id='word_1_448' title='bbox 1256 2116 1399 2158; x_wconf 81' lang='lat' dir='ltr'>generali</span> <span class='ocrx_word' id='word_1_449' title='bbox 1431 2117 1611 2159; x_wconf 85' lang='lat' dir='ltr'>respective</span> <span class='ocrx_word' id='word_1_450' title='bbox 1638 2116 1668 2148; x_wconf 89' lang='lat' dir='ltr'>in</span> <span class='ocrx_word' id='word_1_451' title='bbox 1693 2116 1755 2149; x_wconf 88' lang='lat' dir='ltr'>uti-</span> 
     </span>
     <span class='ocr_line' id='line_1_85' title="bbox 1019 2169 1753 2211; baseline 0.001 -11"><span class='ocrx_word' id='word_1_452' title='bbox 1019 2169 1142 2201; x_wconf 84' lang='lat' dir='ltr'>litatem</span> <span class='ocrx_word' id='word_1_453' title='bbox 1168 2173 1199 2201; x_wconf 87' lang='lat' dir='ltr'>et</span> <span class='ocrx_word' id='word_1_454' title='bbox 1223 2169 1364 2211; x_wconf 80' lang='lat' dir='ltr'>quietem</span> <span class='ocrx_word' id='word_1_455' title='bbox 1396 2169 1556 2211; x_wconf 88' lang='lat' dir='ltr'>publicam</span> <span class='ocrx_word' id='word_1_456' title='bbox 1589 2179 1753 2209; x_wconf 84' lang='lat' dir='ltr'>concessa,</span> 
     </span>
     <span class='ocr_line' id='line_1_86' title="bbox 1020 2222 1755 2264; baseline 0.003 -11"><span class='ocrx_word' id='word_1_457' title='bbox 1020 2222 1174 2264; x_wconf 84' lang='lat' dir='ltr'>deinceps</span> <span class='ocrx_word' id='word_1_458' title='bbox 1198 2227 1345 2254; x_wconf 85' lang='lat' dir='ltr'>accurate</span> <span class='ocrx_word' id='word_1_459' title='bbox 1372 2222 1506 2255; x_wconf 73' lang='lat' dir='ltr'>servetis</span> <span class='ocrx_word' id='word_1_460' title='bbox 1543 2227 1574 2254; x_wconf 84' lang='lat' dir='ltr'>et</span> <span class='ocrx_word' id='word_1_461' title='bbox 1610 2223 1649 2254; x_wconf 88' lang='lat' dir='ltr'>ab</span> <span class='ocrx_word' id='word_1_462' title='bbox 1686 2223 1755 2255; x_wconf 88' lang='lat' dir='ltr'>aliis</span> 
     </span>
     <span class='ocr_line' id='line_1_87' title="bbox 1020 2275 1755 2318; baseline 0 -11"><span class='ocrx_word' id='word_1_463' title='bbox 1020 2275 1153 2308; x_wconf 88' lang='lat' dir='ltr'>omnino</span> <span class='ocrx_word' id='word_1_464' title='bbox 1179 2275 1299 2307; x_wconf 86' lang='lat' dir='ltr'>servari</span> <span class='ocrx_word' id='word_1_465' title='bbox 1325 2275 1457 2308; x_wconf 81' lang='lat' dir='ltr'>faciatis.</span> <span class='ocrx_word' id='word_1_466' title='bbox 1485 2275 1605 2315; x_wconf 84' lang='lat' dir='ltr'>Valete‚</span> <span class='ocrx_word' id='word_1_467' title='bbox 1631 2286 1755 2318; x_wconf 82' lang='lat' dir='ltr'>nosque</span> 
     </span>
     <span class='ocr_line' id='line_1_88' title="bbox 1020 2328 1756 2361; baseline 0 -1"><span class='ocrx_word' id='word_1_468' title='bbox 1020 2328 1085 2361; x_wconf 86' lang='lat' dir='ltr'>Deo</span> <span class='ocrx_word' id='word_1_469' title='bbox 1111 2328 1236 2360; x_wconf 80' lang='lat' dir='ltr'>assidue</span> <span class='ocrx_word' id='word_1_470' title='bbox 1263 2329 1499 2361; x_wconf 86' lang='lat' dir='ltr'>commendate.</span> <span class='ocrx_word' id='word_1_471' title='bbox 1534 2328 1656 2360; x_wconf 83' lang='lat' dir='ltr'>Romae</span> <span class='ocrx_word' id='word_1_472' title='bbox 1691 2337 1756 2360; x_wconf 81' lang='lat' dir='ltr'>xv11</span> 
     </span>
     <span class='ocr_line' id='line_1_89' title="bbox 1021 2380 1758 2413; baseline -0.003 0"><span class='ocrx_word' id='word_1_473' title='bbox 1021 2381 1203 2413; x_wconf 85' lang='lat' dir='ltr'>decembris</span> <span class='ocrx_word' id='word_1_474' title='bbox 1221 2390 1451 2413; x_wconf 64' lang='lat' dir='ltr'>aiDCLxxx11.——</span> <span class='ocrx_word' id='word_1_475' title='bbox 1467 2381 1502 2412; x_wconf 84' lang='grc' dir='ltr'>Α.</span> <span class='ocrx_word' id='word_1_476' title='bbox 1523 2380 1647 2413; x_wconf 83' lang='lat' dir='ltr'>cardin.</span> <span class='ocrx_word' id='word_1_477' title='bbox 1670 2380 1758 2413; x_wconf 67' lang='lat' dir='ltr'>Crno</span> 
     </span>
     <span class='ocr_line' id='line_1_90' title="bbox 1020 2433 1708 2476; baseline 0 -12"><span class='ocrx_word' id='word_1_478' title='bbox 1020 2439 1194 2476; x_wconf 75' lang='lat' dir='ltr'>protector.</span> <span class='ocrx_word' id='word_1_479' title='bbox 1222 2433 1358 2466; x_wconf 60' lang='lat' dir='ltr'>Ioanxsss</span> <span class='ocrx_word' id='word_1_480' title='bbox 1378 2434 1531 2466; x_wconf 44' lang='lat' dir='ltr'>Bai-risu</span> <span class='ocrx_word' id='word_1_481' title='bbox 1556 2434 1660 2467; x_wconf 69' lang='lat' dir='ltr'>Rrsct</span> <span class='ocrx_word' id='word_1_482' title='bbox 1680 2446 1708 2465; x_wconf 55' lang='grc' dir='ltr'>ν.</span> 
     </span>
    </p>

    <p class='ocr_par' dir='ltr' id='par_1_9' title="bbox 1020 2485 1757 2634">
     <span class='ocr_line' id='line_1_91' title="bbox 1065 2485 1757 2529; baseline 0.003 -12"><span class='ocrx_word' id='word_1_483' title='bbox 1065 2489 1078 2528; x_wconf 59' lang='lat' dir='ltr'>g</span> <span class='ocrx_word' id='word_1_484' title='bbox 1103 2485 1134 2518; x_wconf 60' lang='lat'>⁰2.</span> <span class='ocrx_word' id='word_1_485' title='bbox 1162 2486 1238 2518; x_wconf 82' lang='lat' dir='ltr'>Cum</span> <span class='ocrx_word' id='word_1_486' title='bbox 1265 2492 1383 2525; x_wconf 84' lang='lat' dir='ltr'>autem,</span> <span class='ocrx_word' id='word_1_487' title='bbox 1410 2486 1493 2517; x_wconf 85' lang='lat' dir='ltr'>sicut</span> <span class='ocrx_word' id='word_1_488' title='bbox 1518 2487 1631 2518; x_wconf 84' lang='lat' dir='ltr'>eadem</span> <span class='ocrx_word' id='word_1_489' title='bbox 1659 2497 1757 2529; x_wconf 78' lang='lat' dir='ltr'>expo·</span> 
     </span>
     <span class='ocr_line' id='line_1_92' title="bbox 1021 2538 1755 2581; baseline 0.003 -12"><span class='ocrx_word' id='word_1_490' title='bbox 1021 2538 1095 2570; x_wconf 87' lang='lat' dir='ltr'>sitio</span> <span class='ocrx_word' id='word_1_491' title='bbox 1122 2538 1350 2580; x_wconf 66' lang='lat' dir='ltr'>subiungelmt,</span> <span class='ocrx_word' id='word_1_492' title='bbox 1375 2540 1537 2581; x_wconf 76' lang='lat' dir='ltr'>praefatus</span> <span class='ocrx_word' id='word_1_493' title='bbox 1565 2540 1755 2571; x_wconf 61' lang='lat' dir='ltr'>Ambrosius</span> 
     </span>
     <span class='ocr_line' id='line_1_93' title="bbox 1020 2592 1756 2634; baseline 0.001 -11"><span class='ocrx_word' id='word_1_494' title='bbox 1020 2592 1212 2634; x_wconf 78' lang='lat' dir='ltr'>praemissa,</span> <span class='ocrx_word' id='word_1_495' title='bbox 1234 2603 1295 2633; x_wconf 80' lang='lat' dir='ltr'>quo</span> <span class='ocrx_word' id='word_1_496' title='bbox 1312 2592 1432 2623; x_wconf 69' lang='lat' dir='ltr'>firmius</span> <span class='ocrx_word' id='word_1_497' title='bbox 1450 2594 1625 2625; x_wconf 73' lang='lat' dir='ltr'>subsistant</span> <span class='ocrx_word' id='word_1_498' title='bbox 1645 2598 1676 2624; x_wconf 84' lang='lat' dir='ltr'>et</span> <span class='ocrx_word' id='word_1_499' title='bbox 1694 2603 1756 2624; x_wconf 75' lang='lat' dir='ltr'>ser·</span> 
     </span>
    </p>
   </div>
   <div class='ocr_carea' id='block_1_9' title="bbox 1642 203 1935 249">
    <p class='ocr_par' dir='ltr' id='par_1_10' title="bbox 1642 203 1935 249">
     <span class='ocr_line' id='line_1_94' title="bbox 1642 203 1935 249; baseline 0.007 -2"><span class='ocrx_word' id='word_1_500' title='bbox 1642 213 1707 248; x_wconf 71' lang='lat'>435</span> <span class='ocrx_word' id='word_1_501' title='bbox 1751 203 1801 249; x_wconf 59' lang='lat' dir='ltr'>n.</span> <span class='ocrx_word' id='word_1_502' title='bbox 1822 206 1850 249; x_wconf 84' lang='lat' dir='ltr'>c.</span> <span class='ocrx_word' id='word_1_503' title='bbox 1868 203 1935 249; x_wconf 63' lang='lat' dir='ltr'>isse</span> 
     </span>
    </p>
   </div>
   <div class='ocr_carea' id='block_1_10' title="bbox 1816 2491 1949 2515">
    <p class='ocr_par' dir='ltr' id='par_1_11' title="bbox 1816 2491 1949 2515">
     <span class='ocr_line' id='line_1_95' title="bbox 1816 2491 1949 2515; baseline 0.023 -3"><span class='ocrx_word' id='word_1_504' title='bbox 1816 2491 1949 2515; x_wconf 59' lang='lat' dir='ltr'>Confirmatio</span> 
     </span>
    </p>
   </div>
   <div class='ocr_carea' id='block_1_11' title="bbox 1768 2519 1880 2540">
    <p class='ocr_par' dir='ltr' id='par_1_12' title="bbox 1768 2519 1880 2540">
     <span class='ocr_line' id='line_1_96' title="bbox 1768 2519 1880 2540; baseline 0.018 -2"><span class='ocrx_word' id='word_1_505' title='bbox 1768 2519 1880 2540; x_wconf 77' lang='lat' dir='ltr'>l&#39;ontiticis.</span> 
     </span>
    </p>
   </div>
  </div>
 </body>
</html>
