2111 3157
156 203 205 232 An,
227 201 253 228 (ἶ.
281 201 344 227 lffii'

200 995 228 1016 De
253 1001 354 1021 procoso

173 1029 210 1044 nu:
250 1028 356 1042 conmma-

173 1052 270 1070 continu».

192 1313 220 1332 Do
236 1312 359 1338 [norisii-ni-

178 1341 216 1360 ttm
233 1344 250 1358 ,ἰ
268 1340 360 1366 karulum.

204 1373 220 1386 Γ.

391 189 454 223 ιμὴξζ
931 189 1108 214 arimanni
1135 186 1283 211 nontam!
1867 183 1915 209 An.
1931 182 1963 211 C.
1985 180 2055 213 ¹689

351 249 545 291 signatume,
565 251 592 279 et
621 246 652 277 in
677 239 988 286 Congregationibus
1015 236 1089 270 emi-

352 302 616 335 nentissimorum
654 295 865 330 cardinalium
896 302 1004 326 eoram
1031 290 1089 323 do-

353 356 448 388 minis
482 354 642 397 praesccto
675 350 755 383 sacri
790 347 917 392 palatii,
943 344 1090 378 auditore

355 406 562 445 Sanctissimi,
582 405 714 447 aliisque
734 402 894 434 iudicibus
913 403 1002 431 extra
1022 407 1092 440 pro·

356 462 426 504 pria
442 458 612 492 tribunalia
628 462 658 489 et
672 456 775 488 curias
795 453 984 487 eorumdem
1005 459 1092 483 man-

358 513 554 546 (latariorum
574 509 855 554 praetendentium
873 517 906 539 se
924 506 996 538 illas
1014 509 1094 536 tam-

359 576 453 609 quam
472 570 558 597 actus
574 562 831 596 extraiudiciales
845 560 950 592 facere
972 562 1005 590 et
1027 566 1094 589 exe-

359 619 410 662 qui
433 628 541 661 posse·,
562 614 777 658 Congregatio
803 611 995 656 supradicta,
1010 610 1096 642 utra-

360 682 420 714 que
441 676 531 714 parte
556 669 676 713 pluries
693 668 808 707 audita,
828 665 1015 704 declaravit,
1033 664 1096 696 hoc

361 726 438 768 ipsIs
464 735 527 757 non
554 724 662 761 licere,
689 722 744 755 sed
771 720 867 753 etiam
893 718 999 763 quoad
1022 717 1097 749 istas

361 779 531 811 servandas
550 787 619 809 esse
641 775 886 809 constitutiones
904 770 1098 815 apostolicas

363 832 421 864 sub
448 831 563 874 poenis
596 830 628 862 in
661 829 781 862 eisdem
812 823 1098 861 constitutionibus

364 884 538 922 contentis,
562 882 694 925 aliisque
713 879 844 913 arbitrio
864 878 1007 911 eiusdem
1021 875 1101 909 Con-

366 936 562 981 gregationis
588 934 781 977 infligendis.

412 992 457 1023 Ad
485 989 643 1023 tollendas
677 986 913 1021 controversias
939 982 1102 1027 quomodo

368 1043 614 1088 procedendum
641 1042 682 1073 sit
708 1046 851 1082 tempore
877 1037 969 1071 Sedis
993 1045 1104 1068 vacan-

371 1098 409 1128 tis
429 1097 459 1128 in
483 1094 691 1138 processibus
717 1090 1003 1126 contumacialibus
1028 1097 1105 1121 con-

368 1148 559 1182 fi12ientlisin
575 1147 676 1186 Curia,
690 1143 907 1188 Congregatio
922 1141 1104 1179 declaravit,

370 1201 613 1245 procedendum
641 1209 713 1232 esse
739 1208 796 1241 per
821 1196 926 1229 edicta
951 1193 1104 1238 publica,

371 1266 435 1288 non
462 1260 566 1287 autem
593 1264 650 1297 per
675 1250 902 1284 contradictus.

415 1308 572 1346 Quoniam
595 1316 671 1338 vero
691 1305 790 1337 fertur
816 1302 904 1346 quod
921 1299 1059 1335 ministri
1077 1304 1108 1332 et

372 1361 522 1406 officiales
548 1359 722 1396 civitatum,
748 1356 943 1399 oppidorum
968 1358 1000 1386 et
1022 1354 1109 1385 loce-

373 1409 500 1452 rumfin
516 1413 630 1456 quibus
647 1411 767 1445 domini
786 1408 895 1442 clerici
914 1413 944 1440 et
963 1405 1109 1439 commis-

373 1467 474 1499 sarius
492 1466 656 1504 Gamerae,
682 1474 715 1496 ac
741 1463 836 1495 etiam
861 1459 984 1493 domini
1006 1457 1109 1491 cardi-

374 1520 485 1556 nales,
518 1517 635 1560 aliique
662 1515 810 1559 praelati,
827 1513 951 1547 ratione
977 1511 1109 1555 episco-

374 1578 507 1614 patuum
540 1572 586 1602 vel
617 1569 815 1602 abbatiarum
844 1573 874 1599 et
903 1564 1109 1598 commenda-

375 1635 454 1664 runt,
474 1628 505 1655 et
525 1623 707 1666 praefectus
722 1620 802 1653 sacri
817 1618 927 1663 palatii
941 1616 1110 1661 apostolici

376 1681 527 1708 exercent
553 1674 806 1706 iurisdictionem
833 1671 1057 1714 temporalem,
1076 1679 1111 1701 at:

377 1729 469 1760 etiam
496 1727 632 1760 ministri
664 1732 693 1759 et
719 1726 873 1759 officiales
896 1725 1056 1756 baronum
1082 1728 1113 1755 et

377 1781 625 1813 ‹lomieellorum
639 1785 670 1812 et
683 1779 819 1811 aliorum
837 1783 1112 1820 quorumcumque

377 1834 415 1866 de
439 1834 519 1865 sacto
553 1833 697 1865 indebite
721 1831 917 1874 quaudoque
946 1834 1113 1872 praestare

378 1887 496 1919 audent
522 1885 796 1928 impedimentum,
817 1894 856 1916 ne
874 1883 905 1915 in
923 1882 1017 1914 dictis
1034 1881 1114 1914 locis

379 1949 556 1981 eorumque
573 1937 742 1969 territoriis
762 1940 963 1979 exequantur
975 1944 1034 1978 per
1047 1944 1115 1967 cur-

379 1999 469 2021 sores
486 1994 514 2021 et
539 1987 754 2021 inanzlatarios
781 1986 926 2029 aliosque
952 1984 1115 2017 ministros

380 2047 407 2074 et
428 2047 617 2074 executores
633 2040 842 2072 tribunalium
860 2038 964 2077 Urbis,
984 2042 1015 2070 et
1035 2037 1114 2070 alios

380 2095 495 2136 quibus
522 2093 749 2127 demandatum
775 2091 879 2129 suerit,
898 2091 1069 2123 citationes
1086 2094 1117 2122 et

381 2148 541 2186 mandata,
568 2144 727 2188 aliasque*
747 2144 947 2188 provisiones
974 2142 1114 2176 iudicum

381 2206 411 2232 et
430 2200 635 2232 tribunalium
655 2199 815 2231 llomauac
831 2198 954 2237 Curiae,
974 2201 1005 2229 et
1024 2207 1116 2239 prae-

381 2254 492 2286 sertim
518 2252 673 2285 auditoris
691 2251 853 2289 Gamerae,
869 2250 991 2292 absque
1005 2258 1115 2282 eorum

382 2307 510 2339 licentia
536 2311 565 2338 ct
591 2303 796 2347 beneplacito
833 2303 864 2335 in
901 2302 1052 2345 scriptis,
1081 2307 1117 2333 ut

382 2361 475 2402 vulgo
502 2359 617 2391 divitur
641 2358 849 2400 Erequatur:
871 2356 990 2388 idcirco
1017 2355 1117 2388 deela-

384 2418 484 2444 ratuni
512 2418 542 2444 et
567 2412 730 2443 decretum
758 2409 826 2448 tuit,
848 2408 932 2451 quod
959 2414 1022 2440 tam
1039 2408 1116 2441 cita-

385 2466 487 2497 tiones
512 2464 651 2496 verbale<
676 2469 705 2494 et
731 2463 930 2505 personales,
953 2462 1001 2493 vel
1020 2461 1116 2501 domi,

384 2518 448 2550 siw-
476 2518 505 2549 in
533 2517 677 2548 manilius
703 2515 961 2553 domesticorum,
980 2518 1035 2545 aut
1058 2523 1116 2557 per

422 2580 431 2605 1
454 2580 593 2613 oporteret
614 2576 702 2610 legere
723 2576 854 2610 aliaeque
875 2576 911 2607 (R.
933 2575 981 2609 τ.).

1131 235 1254 275 edicta,
1280 244 1376 278 quarn
1402 233 1497 266 etiam
1522 232 1670 265 mandata
1692 241 1867 275 quaecum-

1133 299 1194 331 que
1212 286 1331 331 pariter
1352 292 1413 319 tam
1432 286 1464 319 in
1478 286 1625 329 personis
1641 295 1737 330 quam
1757 285 1789 318 in
1809 286 1864 319 bo-

1134 340 1194 380 nis,
1215 340 1247 372 in
1265 339 1519 383 quibuscumque
1543 339 1647 371 causis
1671 338 1819 372 civilibus
1837 342 1869 371 et

1135 392 1367 434 criminalibus,
1383 392 1486 425 libere
1511 392 1638 435 possint
1653 391 1722 425 fieri
1748 396 1780 424 et
1800 401 1870 425 exe-

1135 446 1188 489 qui
1215 447 1335 489 absque
1366 445 1428 478 alia
1464 445 1592 478 licentia
1608 471 1615 485 ,
1640 444 1846 486 beneplacito
1862 470 1870 484 ,

1135 501 1184 533 vel
1210 499 1416 543 Exequalur,
1442 502 1496 531 aut
1520 497 1731 542 requisitione
1756 498 1872 531 officia-

1137 553 1214 586 lium
1240 558 1271 586 ct
1294 552 1511 585 ministrorum
1536 551 1616 591 loci,
1639 562 1744 595 neque
1769 552 1872 587 dictos

1138 606 1293 639 officiales
1326 610 1357 638 et
1387 604 1574 644 ministros,
1600 604 1696 638 etiam
1720 604 1874 648 ipsosmet

1139 659 1318 691 cardinales
1352 663 1383 691 et
1407 659 1589 702 praelatos,
1617 663 1649 691 et
1671 657 1818 696 clericos.
1843 663 1875 691 et.

1140 711 1395 745 commissarium
1419 711 1592 752 Gamerae,
1618 722 1653 744 ac
1677 711 1817 744 barones
1843 715 1875 744 et

1142 764 1351 804 domicellos,
1377 769 1409 797 et
1433 764 1512 797 alios
1536 773 1756 807 quoscumque
1781 772 1876 807 posse

1142 818 1174 850 in
1200 818 1262 850 hoc
1287 818 1419 861 aliquod
1440 817 1596 850 directum
1615 818 1665 850 vel
1683 817 1877 850 indirectum

1145 871 1415 915 impedimentum
1454 876 1641 915 praestare,
1667 872 1726 904 sub
1760 870 1877 914 poenis

1145 924 1303 957 contentis
1329 924 1360 957 in
1382 924 1668 957 constitutionibus
1692 923 1880 967 apostolicis

1145 983 1258 1010 contra
1281 983 1476 1020 usurpantes
1510 976 1764 1011 iurisdietionem
1788 976 1880 1010 Sedis

1149 1030 1363 1073 Apostolicae‚
1393 1031 1441 1062 vel
1468 1030 1555 1063 illam
1582 1030 1715 1073 eiusque
1740 1030 1880 1063 liberum

1147 1082 1331 1115 exercitium
1352 1083 1577 1125 impedientes,
1595 1088 1649 1115 aut
1668 1083 1779 1116 Curiae
1803 1083 1883 1116 resi-

1148 1135 1298 1169 stentiam
1326 1135 1499 1175 facientes3
1526 1141 1558 1168 et
1581 1135 1822 1169 inadvertenter
1846 1146 1883 1169 ac

1149 1188 1291 1221 indebite
1316 1188 1464 1231 requisiti
1489 1189 1528 1221 de
1553 1188 1659 1232 aliqua
1682 1188 1810 1222 licentia
1833 1190 1883 1222 vel

1148 1241 1365 1284 beneplacito,
1392 1241 1578 1274 nullatenus
1601 1241 1730 1285 possint
1749 1251 1811 1275 nec
1830 1241 1885 1275 de-

1149 1295 1256 1334 beant,
1274 1294 1335 1327 sub
1353 1294 1475 1327 eisdem
1488 1294 1614 1338 poenis,
1630 1304 1795 1338 apponere
1805 1294 1886 1328 Exe-

1150 1351 1289 1390 qualur,
1314 1348 1364 1380 vel
1397 1346 1474 1380 alias
1499 1347 1532 1379 in
1557 1346 1685 1390 scriptis
1719 1356 1885 1390 apponere

1151 1408 1261 1432 manus
1286 1399 1317 1432 in
1344 1399 1421 1443 ipsis
1455 1399 1716 1443 expeditionibus
1740 1399 1887 1432 tribuna-

1151 1452 1228 1485 lium
1254 1452 1416 1487 Romanae
1440 1453 1565 1486 Curiae.

1195 1506 1229 1538 In
1254 1506 1324 1549 ipsa
1352 1516 1427 1539 vero
1459 1506 1554 1547 Urbe,
1572 1506 1700 1549 quando
1723 1505 1886 1545 mandata,

1152 1558 1282 1591 servatis
1299 1558 1474 1597 servandis,
1489 1559 1631 1591 relaxata
1656 1558 1787 1591 suerunt
1810 1568 1889 1592 eon·

1155 1616 1200 1643 tra
1225 1619 1383 1653 personas
1407 1610 1647 1654 privilegiatus,
1673 1621 1754 1654 quae
1778 1611 1889 1654 negle-

1153 1664 1259 1696 xerint
1283 1665 1426 1706 allegare
1451 1663 1705 1703 declinatoriam,
1724 1668 1757 1697 et
1774 1668 1888 1707 petere

1154 1723 1338 1760 opportuno
1366 1722 1511 1760 ternpore
1530 1716 1757 1751 remissionem
1774 1727 1890 1750 causae

1155 1771 1192 1803 ad
1218 1770 1388 1813 proprium
1413 1774 1443 1802 et
1467 1769 1694 1812 particularem
1724 1769 1863 1803 iudicem
1880 1796 1888 1810 ,

1155 1823 1276 1866 pariter
1300 1822 1357 1856 illa
1380 1822 1497 1865 exequi
1522 1822 1668 1865 possint,
1698 1822 1891 1865 nullumque

1156 1875 1347 1919 Ereqnatm·
1377 1875 1440 1918 peti
1469 1876 1519 1908 vel
1552 1874 1733 1918 respective
1757 1874 1891 1907 concedi

1158 1929 1289 1967 debeat,
1314 1932 1349 1959 ut
1373 1927 1416 1959 ita
1447 1933 1638 1960 occurratur
1670 1926 1835 1959 fraudibus
1861 1930 1894 1959 et

1157 1980 1460 2015 inconvenientibus
1489 1990 1572 2023 quae
1606 1979 1808 2022 experientia
1839 1979 1894 2012 do-

1158 2035 1224 2067 cuit
1248 2034 1364 2067 exinde
1389 2033 1505 2076 sequi·‚
1531 2033 1590 2066 sibi
1623 2043 1762 2076 namque
1787 2032 1894 2075 impu-

1159 2093 1236 2127 tent,
1262 2097 1317 2120 cur
1342 2087 1433 2120 initio
1452 2092 1483 2119 et
1507 2097 1541 2119 re
1567 2086 1694 2129 integra
1718 2085 1823 2119 sorum
1841 2085 1895 2119 de-

1158 2142 1278 2176 clinare
1303 2140 1518 2183 neglexerint.

1202 2195 1236 2227 ln
1254 2193 1555 2227 subliastationibus
1571 2191 1726 2226 faciendis
1740 2191 1779 2226 de
1799 2191 1918 2245 boniss
1931 2198 1964 2245 ὓρι
1976 2198 2084 2244 ευὴὴιιιῆκ·

1159 2247 1325 2280 stabilibus
1355 2247 1407 2279 vel
1436 2245 1516 2278 locis
1548 2244 1699 2277 Montium
1735 2249 1789 2277 aut
1819 2230 2083 2298 οθη-ἒὲἓὲἒιιῗῑὲυέὲὲ

1158 2300 1246 2333 sibus
1273 2298 1303 2331 in
1328 2298 1412 2331 Urbe
1437 2297 1606 2340 affigantur
1630 2297 1735 2330 edicta
1762 2298 1801 2330 ad
1828 2297 1963 2330 val-tium·

1159 2365 1212 2386 vas
1237 2354 1351 2386 domus
1377 2351 1490 2384 iudicis
1523 2355 1555 2383 et
1590 2350 1622 2382 in
1647 2351 1754 2393 platea
1778 2349 1896 2383 banco-

1159 2416 1240 2445 rum,
1262 2411 1290 2438 et
1316 2409 1404 2437 extra
1424 2403 1542 2437 Urbem
1560 2403 1591 2435 in
1610 2403 1689 2436 locis
1703 2402 1815 2442 solitis,
1837 2413 1895 2446 per

1159 2460 1227 2491 dies
1253 2457 1436 2501 quindecim
1461 2461 1563 2495 antea,
1594 2456 1625 2488 in
1651 2455 1766 2498 quibus
1792 2455 1897 2498 expri-

1158 2516 1264 2544 matur
1289 2510 1437 2543 distincte
1462 2508 1592 2541 situatio
1618 2513 1649 2541 et
1673 2508 1810 2551 qualitas
1839 2508 1895 2540 bo-

1160 2574 1295 2605 norum,
1321 2568 1361 2604 et,
1381 2563 1484 2606 quoad
1503 2562 1574 2595 loca
1598 2561 1763 2601 Montium,
1788 2561 1894 2605 expri-
