2111 3157
99 219 145 244 Ani
169 216 196 245 c,
223 217 288 245 1683

131 1818 152 1835 Si
163 1819 241 1835 stow-nt
253 1816 286 1836 dc-

105 1849 136 1862 rv·
147 1850 178 1862 :inm
189 1844 287 1865 :vidntur

105 1871 202 1890 selmum.

335 209 399 243 514

289 268 427 302 iusmodi
454 266 661 305 mentionem,
679 270 711 298 et
735 264 937 308 quibuslibet
957 262 1027 296 aliis

289 321 477 364 privilegiis,
503 318 790 361 exemptionibus,
815 316 1028 349 immunitati-

289 374 543 415 biis.iiig‹}11c1·e
558 373 606 404 vel
624 371 657 403 in
676 370 795 413 specie,
813 369 1029 413 quandocum-

291 437 352 469 que
379 425 550 463 concessis,
577 422 774 456 confirmatis
800 427 832 454 et
857 421 1027 460 innovatis,

291 480 384 513 ctiam
402 478 596 511 solutionem
616 476 816 509 decimarum
834 475 913 508 alias
933 484 1028 517 quam

290 532 467 565 secundum
501 530 664 572 antiquam
697 534 819 567 uuam,
846 532 878 560 et
909 526 970 559 nisi
995 526 1028 559 in

291 584 466 616 universali
492 582 691 615 decimarum
717 591 776 625 per
794 580 906 613 orbem
930 579 1029 622 impo-

291 638 441 670 sitionem
456 635 526 669 lieri
540 634 802 678 prohibentibus,
816 642 943 666 necnon
957 642 1029 675 pro-

290 690 509 729 missionibus
535 688 822 732 applicationibus,
847 685 1029 719 donationi-

291 745 397 784 nibus,
417 742 678 785 obligationibus,
701 739 901 780 iuramentis,
916 748 1029 771 renun-

291 797 494 836 ciationibus,
512 794 646 828 vinculis
671 799 703 827 et
727 793 871 833 cautelis,
895 792 927 825 in
953 791 1030 824 assi-

291 851 445 892 gnatione
463 849 702 893 praedictarum
716 846 910 891 pensionum
928 844 1028 884 iactis,

292 904 409 948 quibus
424 913 483 946 per
500 901 743 945 impositionem
761 899 958 932 decimarum
976 898 1029 930 hu-

292 957 434 990 iusmodi
467 956 629 989 neminem
647 981 654 995 ,
688 963 793 996 neque
819 963 895 992 eas,
921 951 1028 995 quoad

291 1010 489 1053 praemissa,
515 1014 629 1042 contra
653 1016 890 1051 quemcumque
922 1006 1028 1039 locum

292 1064 430 1103 habere,
457 1062 607 1095 similiter
638 1062 863 1094 declaramus:
891 1058 1029 1100 aliisque

292 1117 438 1156 indultis,
461 1115 577 1149 litteris
601 1113 800 1157 apostolicis,
821 1111 1030 1155 generalibus

292 1172 340 1203 vel
362 1168 565 1213 specialibus,
581 1167 812 1210 cuiuscumque
831 1165 952 1198 tenoris
967 1163 1030 1197 exi-

293 1228 398 1263 stant,
424 1232 483 1265 per
514 1231 597 1265 quae
630 1219 857 1264 praesentibus
883 1228 950 1251 non
975 1228 1030 1251 ex-

293 1287 405 1320 pressa
432 1281 486 1308 aut
510 1274 641 1308 omnino
666 1283 733 1306 non
755 1272 874 1305 inserta
898 1271 1031 1304 effectus

295 1340 404 1362 carum
423 1327 572 1371 impediri
593 1328 696 1360 valeat
714 1325 962 1370 quomodolibet
982 1325 1031 1356 vel

296 1381 429 1420 differri,
451 1386 482 1413 ct
502 1381 540 1413 de
562 1379 680 1422 quibus
702 1388 878 1421 eorumque
895 1377 970 1410 totis
988 1381 1033 1409 te-

295 1435 431 1468 noribus
465 1433 613 1466 habenda
645 1432 741 1465 sitin
766 1431 884 1464 nostris
917 1429 1033 1463 litteris

297 1488 418 1521 mentio
432 1487 592 1531 specialis,
607 1496 689 1528 quae
704 1485 811 1518 omnia
825 1488 934 1517 contra
945 1493 1034 1526 prae-

297 1541 394 1573 missa
426 1541 576 1574 nolumus
609 1538 758 1581 cuiquam
783 1537 815 1569 in
840 1536 947 1580 aliquo
972 1535 1033 1568 sus-

297 1593 433 1636 sragari:
461 1602 588 1625 necnon
621 1591 691 1623 aliis
724 1589 907 1623 huiusmodi
932 1589 1034 1631 impo-

299 1645 473 1679 sitionibus
500 1650 530 1677 et
555 1643 819 1677 concessionibus
844 1643 882 1675 ad
909 1647 1034 1684 tempus

299 1699 442 1733 nondum
468 1700 624 1743 elapsum,
648 1698 672 1730 si
691 1707 771 1740 quac
791 1697 854 1729 sint
874 1697 966 1736 sacta,
989 1706 1035 1728 ce-

300 1755 441 1796 terisque
467 1752 638 1786 contrariis
664 1751 935 1795 (plibuscumque.

343 1809 357 1852 ξ
377 1806 429 1839 10.
450 1806 489 1839 Ut
507 1803 581 1840 vero
600 1805 742 1838 subsidia
768 1803 953 1836 huiusmodi
971 1814 1037 1836 ma-

299 1862 346 1904 gis
371 1865 521 1904 prompta
543 1859 654 1891 liabcri
682 1857 817 1902 possint,
840 1862 872 1889 et
897 1856 1037 1889 decimas

300 1915 481 1958 praedictas
507 1914 633 1945 solvere
660 1911 816 1944 debentes
842 1911 881 1943 ad
906 1920 1038 1952 compo-

300 1968 453 2001 sitionem
478 1976 548 1998 cum
575 1965 660 1997 dicta
688 1964 821 1996 Camere
854 1962 1038 2005 Apostolica

301 2019 539 2053 deveniendum
557 2017 753 2062 peramplius
769 2015 959 2055 invitentur,
977 2020 1038 2047 sta-

303 2075 422 2107 tuimus
459 2078 490 2105 et
525 2071 752 2111 deceruimus,
778 2069 887 2113 quod,
913 2068 940 2101 si
965 2073 1038 2101 ante

302 2125 517 2171 quinquennii
535 2124 692 2168 praedicti
711 2122 972 2156 terminationem
990 2121 1040 2155 de-

303 2181 459 2215 cimarum
485 2178 602 2211 solutio
623 2182 657 2209 ut
681 2176 765 2210 infra
789 2175 973 2215 cessaverit,
991 2185 1039 2208 ea-

303 2235 376 2266 dem
393 2233 525 2266 Camera
542 2230 727 2275 Apostoliea
746 2229 784 2262 ad
801 2229 1040 2262 restitutionem

304 2292 334 2319 et
359 2286 571 2318 resectionem
596 2283 828 2327 pecuniarum,
855 2282 894 2314 ab
919 2281 1039 2314 eisdem

304 2338 436 2372 decimis
451 2336 720 2382 provenientium,
733 2335 810 2375 illis,
823 2334 887 2378 qui,
901 2339 935 2367 ut
949 2344 1040 2377 prae-

304 2392 413 2431 fertur,
429 2401 500 2422 cum
511 2392 547 2422 ea
557 2388 836 2427 concordaverint,
851 2387 1039 2427 faciendam,

304 2455 362 2487 pro
381 2445 448 2476 rata
467 2448 572 2476 tamen
592 2442 745 2486 temporis
763 2446 838 2474 ante
856 2441 932 2474 dieti
950 2440 1042 2484 quin-

305 2497 436 2541 quennii
461 2498 584 2539 lapsum
610 2496 738 2528 decursi
764 2501 794 2528 et
820 2505 963 2527 summae
982 2505 1042 2538 per
1063 2522 1064 2529 ,

876 215 1054 240 BULLARIUM
1079 213 1230 239 nourxNUM

1072 267 1206 305 propter
1231 272 1310 306 quas
1346 262 1543 295 decimarum
1569 261 1807 305 praedictarum

1072 315 1235 358 impositio
1262 315 1431 355 emanavit,
1450 319 1522 348 ante
1549 314 1807 358 quinquennium

1072 368 1258 401 huiusmodi
1276 367 1485 408 cessaverint,
1501 368 1596 400 etiam
1613 367 1807 410 decimarum

1072 420 1257 454 huiusmodi
1274 421 1394 454 solutio
1408 426 1514 454 cesset
1530 425 1716 453 etcessasse
1734 431 1808 454 cen-

1071 480 1181 507 seatur
1205 485 1244 508 eo
1269 474 1352 517 ipso.
1375 474 1512 517 Insuper
1531 474 1563 506 in
1588 473 1808 517 percipiendis

1072 526 1204 560 decimis
1239 527 1414 571 praedictis
1450 525 1722 560 Constitutionem
1759 537 1808 560 re-

1071 580 1227 613 colendae
1252 580 1425 613 memoriae
1457 579 1631 613 Clementis
1656 579 1761 622 Papae
1785 579 1808 612 V

1072 633 1220 667 similiter
1244 633 1511 677 praedecessoris
1540 631 1643 666 nostri
1667 632 1700 665 in
1728 631 1809 666 Con-

1072 686 1146 719 cilio
1170 686 1345 720 Viennensi
1376 686 1518 726 editam,
1545 685 1632 729 quod
1664 685 1808 719 decimae

1073 738 1112 771 ad
1133 744 1296 772 monetam
1321 743 1503 771 currentem
1529 737 1744 771 communiter
1767 738 1809 771 le-

1071 790 1149 831 vari,
1171 801 1231 824 nec
1254 791 1382 832 calices,
1405 791 1492 830 libri,
1509 796 1679 834 ceteraque
1704 791 1809 824 eccle-

1071 844 1191 877 siarum
1215 849 1408 878 ornamenta
1442 844 1550 878 divino
1581 843 1680 878 cultui
1705 843 1809 877 dicata

1073 907 1109 930 ex
1134 899 1231 930 causa
1254 898 1403 942 pignoris
1427 897 1508 941 capi,
1525 897 1649 940 percipi
1673 898 1723 931 vel
1744 897 1809 931 dis-

1074 950 1178 991 trahi,
1206 955 1261 983 aut
1285 951 1363 983 alias
1387 950 1635 993 quomodolibet
1657 951 1808 994 occupari

1073 1003 1222 1044 debeant,
1235 1003 1356 1046 ubique
1369 1004 1518 1037 volumus
1535 1002 1711 1037 observari.
1726 1002 1809 1042 Quin

1073 1056 1169 1088 etiam
1193 1055 1423 1100 praecipimus
1445 1066 1487 1089 ne
1504 1055 1687 1099 quisquam,
1711 1055 1808 1089 etiam

1073 1109 1166 1151 plura
1205 1109 1459 1155 quanticumque
1495 1108 1614 1142 valoris
1650 1108 1810 1142 beneficia

1074 1158 1313 1203 ecclesiastica,
1337 1172 1394 1195 seu
1425 1163 1536 1206 plures
1560 1161 1734 1205 pensiones
1757 1166 1811 1194 aut

1075 1215 1211 1255 fructus,
1233 1225 1289 1248 seu
1313 1215 1390 1248 talia
1413 1215 1537 1248 mixtim
1561 1214 1730 1255 obtinens,
1751 1225 1811 1258 pro

1075 1268 1180 1302 littera
1205 1274 1236 1301 et
1259 1268 1365 1311 sigillo
1386 1268 1584 1312 quietantiae
1609 1267 1810 1309 universalis,

1075 1321 1100 1353 si
1118 1321 1205 1354 illam
1223 1321 1345 1354 habere
1362 1320 1516 1361 voluerit,
1535 1321 1621 1354 ultra
1643 1330 1742 1353 unum
1760 1331 1812 1353 ca-

1075 1374 1234 1414 rolenum,
1252 1372 1477 1407 conficientem
1492 1378 1665 1417 quatrenos
1680 1373 1812 1416 triginta

1076 1432 1201 1470 septem
1236 1432 1386 1461 monetae
1416 1437 1588 1466 romanae,
1614 1427 1737 1460 solvere
1769 1431 1814 1459 te-

1076 1486 1209 1521 neatur,
1234 1492 1294 1514 nec
1318 1481 1357 1514 ad
1383 1480 1470 1513 aliud
1496 1491 1576 1513 onus
1602 1480 1698 1513 etiam
1722 1490 1814 1523 prae-

1079 1539 1163 1566 textu
1188 1533 1303 1566 cambii
1329 1534 1455 1576 uspiam
1475 1534 1699 1576 compellatur.
1717 1533 1814 1566 Volu-

1077 1596 1146 1618 mus
1172 1591 1290 1626 autem,
1312 1577 1410 1619 immo
1435 1586 1593 1626 iubemus,
1616 1585 1701 1628 quod
1727 1585 1814 1618 deei-

1079 1649 1149 1672 mae
1166 1640 1330 1682 praefatae
1348 1639 1487 1682 integre,
1506 1644 1568 1671 tam
1589 1639 1642 1671 hic
1661 1638 1694 1671 in
1710 1638 1812 1678 Urbe,

1078 1703 1173 1736 qnam
1191 1697 1288 1733 extra,
1307 1693 1427 1736 absque
1443 1693 1508 1726 ulla
1525 1696 1610 1725 ratae
1620 1691 1814 1725 deductione

1079 1748 1319 1790 <praeterquam
1345 1751 1446 1779 ratam
1471 1745 1686 1789 competentis
1705 1744 1813 1778 salarii

1079 1801 1111 1832 in
1136 1799 1420 1839 subeollectorum,
1440 1799 1472 1831 in
1492 1798 1639 1842 partibus
1657 1798 1815 1841 deputan-

1080 1854 1202 1893 dorum,
1220 1851 1336 1885 litteris
1356 1850 1554 1894 patentibus,
1570 1855 1606 1883 ut
1623 1850 1814 1894 praefertur,

1080 1905 1334 1948 designandam,
1367 1914 1448 1947 quae
1483 1914 1641 1936 summam
1677 1908 1818 1947 quatuor

1080 1969 1138 2002 pro
1155 1957 1341 1992 centenario
1355 1968 1420 1991 non
1429 1957 1598 2000 excedat),
1614 1967 1716 2001 penes
1735 1957 1817 1990 eius-

1082 2014 1154 2047 dem
1178 2013 1331 2046 Gamerae
1355 2011 1562 2055 Apostolicae
1589 2010 1818 2054 depositarium

1082 2067 1307 2110 deponantur,
1333 2075 1397 2098 non
1431 2064 1580 2097 obstante
1615 2073 1818 2107 quacumque

1082 2118 1317 2154 consuetudine
1332 2118 1365 2151 in
1382 2117 1540 2150 similibus
1557 2116 1818 2160 impositionibus

1083 2179 1115 2206 et
1129 2171 1351 2206 exactionibus
1365 2171 1524 2204 hactenus
1540 2169 1574 2203 in
1591 2170 1733 2203 savorem
1747 2180 1819 2213 qua-

1083 2235 1295 2268 rumcumque
1313 2234 1540 2268 personarum,
1558 2223 1596 2256 de
1615 2223 1732 2266 quibus
1748 2233 1820 2266 spe-

1082 2280 1173 2313 cialis
1188 2306 1195 2319 ,
1220 2278 1392 2322 specifica,
1418 2286 1570 2320 expressa
1602 2281 1633 2309 et
1656 2275 1821 2309 individua

1082 2332 1205 2367 mentio
1231 2331 1379 2365 facienda
1403 2334 1498 2371 esset,
1521 2334 1583 2362 tam
1607 2328 1733 2362 ratione
1753 2328 1821 2362 offi-

1084 2387 1209 2420 ciorum
1225 2395 1321 2430 quam
1337 2384 1485 2418 laborum
1499 2411 1506 2424 ,
1525 2382 1696 2426 quamdam
1718 2387 1820 2416 ratam

1084 2450 1121 2473 cx
1147 2440 1270 2472 eisdem
1303 2437 1437 2472 decimis
1469 2436 1587 2470 exactis
1615 2435 1820 2479 percipiendi

1085 2494 1265 2526 observata.
1285 2491 1448 2529 Ceterum,
1468 2491 1612 2523 volentes
1634 2489 1721 2528 illos,
1740 2499 1821 2531 quos

307 2561 361 2583 eos
373 2550 510 2589 solutae,
528 2549 659 2582 omnino
678 2553 836 2581 teneatur.
856 2548 893 2580 Et
911 2547 1043 2590 insuper
1085 2546 1139 2578 Dei
1167 2545 1263 2578 timor
1288 2556 1305 2576 a
1330 2545 1414 2576 malo
1441 2553 1504 2575 non
1531 2547 1680 2581 revocat,
1706 2542 1820 2574 saltem

306 2603 453 2637 volumus
480 2602 580 2646 quod,
606 2601 651 2643 si,
673 2601 795 2635 favente
822 2601 907 2642 Deo,
926 2610 1041 2633 causae
1088 2597 1258 2632 formidine
1284 2607 1410 2641 poenae
1443 2601 1471 2630 et
1498 2594 1628 2643 publica
1652 2594 1823 2645 disciplina

1818 212 1867 238 An.
1889 210 1917 239 C.
1933 211 2010 256 1683β
