2111 3157
187 243 236 269 Aa.
253 241 281 269 C.
308 241 372 269 tss87

419 231 484 265 744

380 290 571 334 legitimum,
590 288 644 332 qui
671 292 776 320 tamen
803 297 872 320 esse
898 290 1039 329 nequeat
1063 297 1118 319 ne-

381 355 443 388 que
470 344 554 377 ullus
587 353 623 375 ex
660 341 812 374 fratribus
844 339 1060 373 residentibus
1086 339 1117 372 in

381 399 477 431 domo
506 396 561 429 nbi
586 396 640 429 siet
665 395 795 435 electio,
824 404 929 438 neque
955 394 1041 426 ullus
1063 394 1117 438 qui

381 452 458 485 alias
483 450 524 483 sit
555 449 684 489 vocalis,
712 447 907 481 convenient
931 457 1057 480 omnes.
1087 447 1117 480 Si

382 503 509 547 quando
530 512 613 541 vero,
636 502 808 534 adiuvante
833 500 981 540 Domino,
1008 500 1119 543 hospi-

383 556 495 589 talium
521 565 675 588 numerus
708 554 740 588 in
773 564 886 597 regno,
913 553 969 586 uhi
1001 553 1117 587 electio

381 608 611 649 celebrabitur,
630 607 817 651 pervenerit
835 607 874 640 ad
889 607 1002 640 decem
1021 612 1120 640 0100-

380 672 459 700 vem,
479 661 534 693 tali
555 671 631 694 casu
657 665 761 694 cesset
781 660 812 693 in
838 660 999 694 electione
1025 670 1119 702 prae-

383 715 453 747 fecti
470 714 632 757 generalis
652 719 760 747 votum
778 713 1041 757 supradictorum
1061 713 1118 746 dis-

380 773 543 801 cretorum
589 767 811 810 hospitalium.
856 765 913 805 Qui
958 768 1117 800 electores

380 832 451 853 cum
474 820 560 854 dicto
586 820 706 853 vicario
736 820 880 863 generali
899 820 1018 853 debent
1042 830 1117 852 con-

380 874 509 917 gregari
529 873 559 906 in
579 875 650 907 aula
675 873 844 917 capitulari
870 878 1054 916 opportune
1074 873 1118 905 in-

381 929 504 967 1111010,
531 926 743 970 invocatoque
770 927 801 959 in
834 926 947 970 primis
980 926 1118 969 Spiritus

379 979 487 1013 Sancti
512 979 643 1020 auxilio,
662 979 865 1022 praesidente
891 980 962 1022 ipso
988 978 1118 1019 vicario,

379 1033 558 1076 procedant
575 1033 613 1065 ad
640 1032 818 1065 faciendam
840 1042 897 1076 per
914 1036 1039 1064 secreta
1056 1031 1119 1063 sus-

381 1087 482 1128 110010
516 1086 671 1130 praetecti
713 1086 874 1128 generalis
912 1085 1114 1118 electionem.

379 1140 517 1173 Proinde
544 1139 664 1182 singuli
696 1140 822 1172 vocales
848 1138 989 1171 habeant
1013 1149 1118 1171 secum

379 1195 487 1237 plures
512 1193 682 1226 schedulas
708 1192 885 1226 uniformes
918 1192 964 1225 eis
990 1203 1047 1235 per
1071 1202 1119 1224 sc-

379 1247 552 1280 cretarium
579 1246 780 1286 distributas,
808 1256 889 1289 quae
916 1245 1017 1278 tribus
1045 1245 1119 1277 rici-

380 1300 440 1332 bus
453 1299 566 1343 plicari
584 1299 722 1342 possint.
742 1299 778 1332 Et
797 1299 827 1331 in
846 1298 1007 1342 superiori
1025 1304 1116 1341 parte

380 1354 525 1386 eiusdem
543 1353 719 1386 schedulae
737 1353 875 1396 quilibet
896 1363 933 1386 ex
955 1351 1116 1385 vocalibus

379 1407 497 1440 scribet
512 1418 632 1440 nomeu
649 1406 818 1450 proprium
834 1416 891 1450 per
909 1406 989 1442 haec
1004 1405 1115 1439 verba:

378 1461 444 1503 Eyo
468 1461 570 1503 frater
594 1460 658 1500 Nm,
690 1460 722 1492 in
758 1460 899 1493 secunda
935 1469 1008 1492 vero
1034 1459 1117 1501 plica

380 1513 497 1545 scribat
514 1524 521 1545 ·.
542 1512 635 1555 Eli'yo
655 1513 689 1544 in
705 1512 902 1555 praefhclum
921 1510 1117 1554 yeneralem;

381 1572 412 1598 01
438 1566 469 1598 in
496 1565 589 1599 tertia
614 1565 698 1608 plica
723 1565 898 1598 schedulae
925 1564 1045 1597 scribat
1062 1575 1117 1597 no-

380 1629 452 1653 men
480 1618 585 1658 illius,
612 1629 709 1661 quem
735 1618 844 1660 eliget.
873 1617 1014 1660 Quisque
1043 1627 1117 1650 vero

379 1677 503 1715 partem
528 1671 712 1711 schedulae,
734 1670 789 1704 uhi
809 1671 966 1714 scriptum
995 1675 1041 1702 est
1062 1680 1118 1701 no-

380 1736 453 1757 men
480 1725 580 1768 ipsius
598 1725 728 1765 vocalis,
746 1725 850 1768 primo
876 1726 946 1758 1000
971 1724 1116 1768 1111001111,

381 1784 409 1809 et
436 1778 541 1820 sigillo
566 1778 704 1818 claudet,
723 1789 762 1811 ne
781 1778 952 1821 aperiatur,
970 1788 1030 1811 nee
1056 1778 1117 1820 legi

380 1831 494 1875 possit,
510 1837 541 1863 et
557 1831 673 1864 deinde
692 1831 850 1874 reliquum
865 1832 1009 1864 eiusdem
1028 1831 1119 1864 schc-

381 1886 473 1918 dulae
499 1884 541 1916 ita
567 1884 713 1927 plicabit,
733 1889 766 1916 ut
783 1885 869 1927 quod
895 1884 1049 1928 scriptum
1072 1889 1119 1917 est

380 1949 445 1970 non
472 1937 631 1970 videatur.
656 1937 797 1981 Quisque
824 1937 918 1970 etiam
944 1948 980 1969 ex
1005 1937 1119 1970 vocali-

380 1992 441 2024 bus
467 1991 511 2024 ita
535 1991 665 2031 scribet,
684 1997 717 2023 ut
742 1991 827 2034 quod
854 1991 892 2023 ah
918 2002 981 2024 uno
1007 1990 1119 2023 scribi-

382 2050 443 2084 tur,
464 2044 501 2076 ab
526 2045 629 2077 altero
654 2055 719 2077 11011
745 2044 899 2077 videatur.
927 2044 964 2077 Et
989 2044 1039 2077 his
1064 2055 1119 2087 pe-

381 2098 486 2138 ractis,
505 2098 676 2131 schedulas
703 2097 888 2130 huiusmodi
913 2098 1119 2140 complicatas

382 2153 466 2184 iuxta
491 2151 636 2184 ordinem
664 2162 775 2184 eorum
802 2151 1002 2194 antiquitatis
1028 2151 1119 2193 proii-

383 2206 469 2237 eient
495 2205 525 2237 in
552 2216 663 2237 urnam
684 2216 739 2237 seu
765 2206 927 2238 vasculum
945 2205 984 2237 011
1002 2204 1032 2237 id
1054 2205 1119 2237 col-

382 2259 555 2292 locandum
589 2269 688 2302 super
721 2261 831 2291 mensa
863 2264 937 2291 ante
967 2258 1119 2291 vicarium

392 2312 546 2355 apposita.
571 2311 726 2345 Omnibus
758 2318 863 2345 autem
890 2311 1052 2344 schedulis
1076 2313 1120 2344 al-

384 2365 466 2405 latis,
492 2376 572 2398 urna
597 2366 783 2398 huiusmodi
810 2376 918 2398 eoram
944 2364 1062 2398 vicario
1088 2370 1120 2397 01

386 2418 512 2451 duobus
543 2419 695 2452 fratribus
724 2418 944 2452 assistentibus
977 2430 1012 2451 ex
1039 2419 1120 2451 anti-

387 2471 557 2514 quioribus
581 2472 753 2514 aperietur,
770 2478 796 2504 01
826 2472 863 2504 de
890 2471 1118 2505 schedularum

965 236 1144 261 ammaum
1168 235 1318 261 noatAMJM

1160 284 1359 328 descriptum
1384 285 1446 318 erit
1471 295 1588 318 nomen
1609 287 1763 330 eligendi,
1785 289 1897 324 relicta

1160 337 1287 380 integra
1311 339 1413 372 altera
1437 343 1540 382 parte,
1559 339 1592 372 in
1621 351 1684 384 qua
1709 347 1757 375 est
1778 353 1896 377 nomen

1160 391 1323 434 eligentis.
1349 391 1386 424 Et
1411 392 1602 435 successive,
1628 400 1726 437 prout
1749 397 1897 439 aperien-

1162 449 1225 486 tur,
1251 445 1291 479 ab
1325 445 1439 480 iisdem
1473 446 1593 481 vicario
1617 452 1649 480 et
1673 448 1898 484 assistentibus

1161 503 1448 541 recognoscentur,
1468 504 1500 533 et
1528 501 1591 534 alta
1614 511 1691 535 voce
1717 512 1775 545 per
1792 512 1899 537 seere-

1162 553 1279 584 tarium
1313 552 1568 595 publicabuntur
1608 555 1739 588 nomina
1771 557 1898 590 electo-

1161 615 1242 646 rum,
1269 610 1308 645 et,
1323 610 1421 648 prout
1446 605 1477 638 in
1503 617 1701 651 unoquoque
1726 613 1800 642 vota
1824 610 1899 644 data

1161 657 1374 701 reperientur,
1396 659 1638 693 adnotabuntur
1655 660 1687 694 in
1705 661 1783 695 solio
1806 662 1844 695 ad
1865 663 1898 697 id

1160 710 1320 744 destinato
1336 738 1344 752 ,
1367 716 1399 744 et
1422 712 1647 756 unusquisque
1684 724 1721 747 ex
1757 715 1898 748 interve-

1161 763 1325 797 nientibus
1342 764 1375 797 in
1401 765 1563 799 electione
1583 766 1738 800 adnotare
1764 768 1896 811 poterit.

1160 817 1316 850 Omnibus
1341 823 1447 851 autem
1472 819 1637 862 perlectis,
1666 820 1693 852 si
1719 822 1899 864 reperiatur

1161 871 1276 914 aliquis
1300 870 1333 904 in
1359 882 1455 914 quem
1487 878 1661 906 concurrat
1695 874 1798 908 maior
1821 886 1898 919 pars

1160 930 1322 965 votorum,
1348 925 1474 958 scilicet
1497 927 1582 959 ultra
1606 926 1814 960 medietatem
1840 928 1899 962 eli-

1161 977 1325 1019 gentium,
1353 978 1431 1011 itaut
1454 988 1536 1011 unus
1571 989 1669 1023 supra
1693 980 1899 1015 medietatem

1161 1031 1305 1071 sufficiat,
1323 1031 1349 1063 is
1366 1031 1566 1074 intelligatur
1583 1033 1714 1074 electus,
1733 1038 1764 1067 et
1781 1035 1898 1068 0100110

1163 1085 1305 1127 legitima
1337 1085 1620 1128 pronimciahitur.
1659 1085 1689 1118 Si
1726 1092 1833 1121 autem
1865 1088 1898 1120 in

1162 1138 1350 1182 supradicto
1368 1138 1525 1171 scrutinio
1543 1138 1575 1171 in
1594 1139 1683 1172 nullo
1708 1140 1899 1183 respicietur

1161 1201 1354 1224 concurrere
1369 1191 1470 1224 maior
1487 1202 1561 1234 pars
1578 1197 1739 1233 votorum,
1756 1193 1810 1225 tali
1825 1204 1899 1227 casu

1161 1244 1198 1276 ad
1225 1255 1342 1277 novum
1368 1244 1568 1284 scrutinium,
1594 1255 1650 1277 seu
1677 1246 1715 1278 ad
1741 1250 1789 1278 tot
1813 1256 1900 1279 scru-

1162 1297 1238 1329 tinia
1256 1297 1460 1340 procedatur,
1479 1297 1582 1330 donec
1601 1298 1717 1342 aliquis
1733 1304 1900 1332 remaneat

1161 1351 1292 1383 clectus.
1319 1350 1428 1382 Eleeto
1451 1360 1527 1383 vero
1565 1350 1597 1383 in
1622 1351 1822 1394 praesectum
1845 1362 1900 1396 ge-

1161 1404 1304 1437 neralem
1331 1404 1443 1438 fratres
1475 1415 1608 1446 omnes,
1635 1415 1652 1438 a
1675 1405 1794 1440 vicario
1825 1406 1898 1450 ipso

1161 1456 1357 1500 incipiendo,
1376 1457 1595 1491 obedientiam
1619 1458 1842 1501 praestabunt.
1863 1459 1900 1492 In

1160 1518 1232 1541 casu
1259 1520 1322 1553 quo
1346 1510 1390 1542 ita
1414 1510 1446 1543 in
1479 1511 1677 1553 praesectum
1713 1512 1900 1554 generalem

1160 1563 1280 1595 electus
1298 1573 1315 1596 a
1340 1563 1412 1596 loeo
1438 1559 1607 1597 electionis
1631 1563 1818 1598 huiusmodi
1843 1564 1899 1598 ab·

1161 1615 1266 1656 suerit,
1291 1626 1331 1649 ne
1357 1616 1487 1649 interim
1513 1617 1649 1651 societas
1681 1617 1812 1661 aliquod
1838 1627 1898 1651 suo

1161 1669 1192 1701 10
1218 1669 1376 1712 regimine
1401 1670 1606 1713 dispendium
1630 1669 1788 1713 patiatur,
1817 1671 1900 1704 vica-

1161 1722 1225 1755 rius
1250 1722 1426 1766 superioris
1452 1728 1562 1766 partes
1580 1722 1619 1755 ad
1636 1722 1807 1756 vicariatus
1824 1734 1900 1757 nor-

1161 1786 1245 1808 mam
1271 1775 1385 1819 exequi
1412 1775 1625 1817 continuabit,
1652 1776 1756 1809 donec
1781 1776 1842 1820 ipsi
1859 1777 1899 1810 de

1161 1829 1384 1872 acceptatione
1411 1829 1449 1861 ab
1476 1830 1580 1862 electo
1612 1829 1777 1872 praesecto
1801 1840 1900 1873 gene-

1161 1882 1219 1914 rali
1255 1882 1336 1914 sacta
1368 1881 1561 1915 constiterit.
1589 1881 1679 1920 Quod
1714 1882 1742 1915 si
1772 1883 1900 1916 noviter

1162 1936 1299 1968 electum
1325 1936 1355 1968 in
1382 1936 1580 1979 praesectum
1614 1937 1799 1978 generalem
1824 1942 1899 1970 ante

1161 1987 1254 2020 istam
1279 1987 1534 2031 acceptationem
1552 1988 1633 2021 mori
1652 1989 1837 2031 contigerit,
1856 1988 1900 2022 vi-

1162 2042 1330 2074 carius'ee
1364 2052 1429 2085 quo
1453 2051 1549 2084 supra
1573 2043 1669 2075 modo
1694 2041 1899 2076 continuabit

1161 2105 1262 2138 usque
1282 2096 1320 2127 011
1347 2106 1461 2128 novam
1483 2095 1638 2139 praefecti
1657 2095 1819 2138 generalis
1836 2096 1899 2129 cle-

1162 2148 1311 2181 ctionem.

1205 2202 1236 2234 6.
1263 2201 1299 2233 Et
1331 2212 1403 2235 cum
1436 2202 1536 2245 possit
1566 2201 1754 2246 contingere
1785 2208 1821 2236 ut
1851 2202 1899 2237 in-

1163 2262 1210 2289 ter
1234 2257 1363 2289 vocales
1387 2256 1471 2288 adsit
1502 2255 1728 2298 suffragiorum
1762 2256 1899 2300 aequali·

1163 2315 1221 2351 tas,
1250 2320 1288 2342 ne
1315 2319 1414 2352 super
1443 2309 1506 2341 hoe
1533 2307 1609 2347 oriri
1638 2308 1763 2351 possint
1791 2309 1899 2341 turba-

1163 2363 1278 2403 tiones,
1299 2363 1482 2395 declaratur
1505 2360 1670 2401 vicarium,
1690 2360 1743 2404 qui
1769 2360 1900 2394 electio-

1163 2427 1202 2449 ne
1223 2415 1431 2460 praesidebit,
1461 2415 1617 2447 eiusmodi
1645 2414 1762 2447 debere
1787 2413 1900 2447 suffra-

1163 2470 1249 2512 gium
1275 2470 1407 2507 habere,
1426 2473 1459 2500 ut
1476 2469 1508 2501 in
1534 2467 1760 2511 suffragiorum
1784 2478 1899 2512 aequa-

1901 239 1952 267 An.
1970 240 1999 269 C.
2023 241 2087 269 1687

387 2534 520 2556 numero
538 2525 717 2558 numeratio
736 2525 800 2564 siet,
822 2525 924 2568 iisque
946 2524 1120 2567 compertis
1162 2523 1249 2556 litate
1276 2523 1362 2556 illam
1388 2522 1516 2554 dirimat
1544 2521 1679 2554 vicarius
1712 2531 1795 2554 novo
1824 2525 1898 2554 voto
1931 2548 1933 2550 .

388 2577 505 2618 ab-que
522 2577 643 2609 numeri
660 2578 785 2610 defectu
801 2583 831 2610 et
845 2577 963 2621 absque
977 2588 1119 2615 excessu,
1163 2588 1220 2619 per
1237 2577 1340 2620 ipsum
1359 2581 1435 2608 tunc
1451 2575 1660 2618 praestando;
1684 2574 1769 2618 quod
1788 2574 1813 2608 si
1831 2574 1899 2618 ipse

388 2628 540 2673 incipient
573 2631 690 2672 aperiri
726 2631 756 2663 in
783 2632 818 2663 ea
853 2637 942 2674 parte
957 2657 966 2672 ,
1000 2630 1033 2662 in
1058 2640 1120 2674 qua
1140 2655 1142 2671 ,
1162 2629 1298 2662 vicarius
1315 2629 1355 2661 sit
1370 2628 1549 2676 inparitate
1568 2632 1716 2660 votorum
1733 2626 1900 2661 electionis
