2111 3157
142 216 190 245 Αη.
213 215 242 244 C.
267 215 333 244 ¹68⁴

379 206 443 240 554

337 266 380 298 ita
402 260 434 298 e't
447 274 501 297 cor
519 262 645 301 sentiat,
664 260 827 303 animique
849 258 1023 291 eandorem
1042 261 1074 290 et

338 317 553 351 sinceritatem
569 321 631 347 tam
647 313 679 346 in
693 313 799 346 veihis
818 322 912 354 quam
926 311 957 343 in
972 310 1071 350 factis,

338 370 465 404 exclusa
489 368 576 401 omni
607 366 740 410 politica
771 365 973 398 simulatione
987 391 994 405 ,
1027 364 1074 397 sic

337 422 569 467 praeseferant,
583 425 617 452 ut
634 418 766 459 subditi,
777 419 815 452 de
830 417 992 451 contrario
1004 418 1075 450 nul-

338 478 400 510 lam
417 474 635 518 suspicionem
657 472 825 511 habentes,
839 482 913 505 vere
934 471 1074 504 sentiant

339 534 407 562 tuto
440 539 474 561 se
497 527 559 561 illis
581 526 679 559 fidere
707 536 815 570 posse.
843 525 954 558 Datam
979 524 1073 558 fidem

338 592 416 624 ergo
443 590 555 614 omnes
582 578 721 612 fideliter
755 577 958 616 custodiant,
994 582 1025 610 et
1049 577 1073 610 si

338 635 413 678 quid
428 639 627 667 secretorum
643 631 763 665 subditi
780 631 844 664 illis
863 630 1073 671 credideriut,

338 688 435 722 silere
450 687 564 720 sciant.

382 752 483 776 Lxxtv.
503 741 551 774 Ad
568 739 665 773 animi
681 739 905 773 fortitudinem
920 738 952 770 in
970 737 1076 771 adver-

338 796 382 836 sis
400 795 433 829 in
450 794 538 828 omni
557 793 620 826 vita
633 795 690 826 sua
707 793 808 835 magis
826 797 994 832 conentur,
1013 802 1076 835 qua

339 849 593 883 domesticorum
620 852 652 880 et
678 845 818 889 propriis
844 845 933 878 malis
951 845 1075 888 possint

338 903 505 942 resistere,
523 907 619 945 atque
644 910 749 943 aequo
768 899 875 933 animo
900 899 939 931 ad
969 909 1076 933 cxem-

337 958 428 1001 plurn
445 954 562 989 Christi
581 960 613 988 et
630 954 819 987 Sanctorum
834 953 902 986 eius
921 954 1072 986 tolerare.

338 1010 485 1044 Pondere
506 1007 701 1042 fortitudinis
725 1011 872 1046 caveant,
893 1016 948 1045 ne,
975 1005 1075 1039 nimia

338 1062 438 1096 animi
462 1062 628 1100 facilitate,
657 1062 694 1094 ad
717 1070 847 1093 omnem
874 1059 1076 1093 subditorum

339 1115 591 1160 propensionem
630 1124 808 1158 precesque
825 1140 832 1153 ‚
875 1112 1074 1156 propositam

338 1175 412 1204 ante
431 1168 625 1202 sententiam
644 1172 780 1200 mutent.
807 1167 841 1199 In
867 1167 963 1199 rebus
981 1176 1078 1209 agen-

338 1222 387 1255 dis
406 1221 660 1256 deliberationes
686 1219 784 1253 serias
799 1219 1019 1263 praemittant,
1037 1219 1075 1252 ad

339 1286 417 1319 quas
437 1280 500 1309 tam
519 1274 720 1318 experientia
748 1284 843 1317 quam
869 1274 983 1306 natura
1001 1283 1077 1316 pru·
1095 1264 1098 1273 ¹

339 1329 504 1362 dentiores
525 1326 718 1367 adhibeant,
740 1331 927 1370 proponant
944 1337 994 1359 res
1012 1326 1078 1359 dis-

337 1382 504 1415 cutiendas
522 1381 643 1424 absque
664 1380 884 1414 inclinationis
914 1390 989 1413 suae
1012 1390 1078 1413 ma-

338 1434 542 1469 nifestatione
576 1433 608 1466 in
633 1438 803 1476 utramque
828 1439 969 1476 partem,
996 1432 1078 1465 inte-

338 1489 397 1522 rim
431 1494 526 1521 tacite
569 1498 678 1521 secum
716 1486 879 1520 rationum
914 1491 1077 1519 momenta

338 1542 527 1581 discutiant,
544 1540 788 1583 concedantque
804 1539 1076 1573 consultatoribus

338 1594 501 1628 sufficiens
525 1604 585 1637 pro
603 1594 649 1627 rei
683 1593 837 1636 gravitate
855 1597 981 1636 tempus
1002 1593 1077 1626 deli-

338 1648 491 1688 berandi,
518 1654 552 1681 nt
581 1647 626 1680 sic
659 1647 692 1680 in
728 1646 872 1681 ferendis
905 1646 1075 1679 sententiis

337 1702 517 1745 prudenter
541 1701 731 1745 procedant.

382 1766 471 1790 Lxxv.
491 1755 525 1788 ln
545 1754 718 1794 sententia,
737 1765 832 1797 quam
853 1755 954 1788 semel
973 1754 1077 1788 consi-

338 1810 381 1844 lio
411 1810 599 1851 elegerunt,
632 1807 807 1841 fortissime
842 1806 1075 1850 persistentes,

338 1862 435 1896 etiam
474 1872 539 1895 non
576 1861 780 1895 obstantibus
817 1860 1076 1903 quibuscumque

339 1915 525 1955 contrariis,
556 1915 595 1947 ad
630 1916 851 1947 executionem
876 1923 982 1946 rerum
1000 1923 1077 1946 con-

338 1969 535 2003 stantissime
561 1968 791 2011 provehantur.
814 1967 977 2008 Sijtamen
1003 1976 1077 2009 pro-

338 2028 410 2066 pter
435 2020 695 2055 circumstantias
717 2020 857 2063 primum
883 2029 920 2052 ex
946 2024 1018 2062 post
1036 2019 1079 2051 fa-

337 2080 388 2108 cto
412 2074 691 2118 supervenientes
717 2079 771 2106 aut
795 2073 883 2116 prius
900 2073 1074 2115 ignoratas,

337 2128 468 2161 moralis
493 2126 737 2170 impossibilitas
771 2135 882 2158 rerum
914 2134 1076 2168 exequen-

339 2181 465 2220 darum,
486 2186 539 2213 aut
555 2179 680 2213 maiora
698 2179 815 2212 damna
833 2178 872 2211 ab
887 2177 1076 2211 executione

338 2239 535 2279 proventura
567 2233 829 2276 conspiciantur,
854 2231 1077 2275 providentiae

340 2287 401 2321 erit
425 2297 496 2320 cum
524 2286 663 2320 consilio
693 2285 858 2319 seniorum
883 2284 978 2318 aliam
995 2285 1077 2317 riam

339 2340 479 2383 ingredi.
499 2339 673 2373 Praeterea
700 2339 846 2371 innatum
863 2337 962 2371 animi
987 2343 1078 2382 tepo-

339 2402 408 2427 rem
429 2392 563 2426 viriliter
585 2392 769 2434 corrigant,
797 2396 988 2435 matureque
1012 2402 1078 2425 ma-

339 2446 444 2481 lorum
462 2445 560 2478 initiis
589 2445 756 2485 obsistant,
775 2444 951 2478 medicinas
977 2455 1079 2488 oppo-

340 2499 416 2533 sitas
441 2508 504 2531 non
522 2498 561 2531 ad
580 2503 722 2531 extrema
739 2496 916 2531 coniiciant
932 2496 1078 2531 laborum

341 2551 497 2597 pertaesi.

384 2614 485 2642 Lxxvl.
512 2603 668 2640 Iustitiam
699 2603 844 2648 diligant¹
872 2614 1008 2649 eamque
1034 2603 1080 2636 in-

919 210 1097 234 nntmmml
1123 209 1273 233 ROMANUM

1114 256 1299 290 differenter
1322 267 1399 300 erga
1424 266 1537 289 omnes
1562 256 1754 296 observent,
1778 265 1851 289 suo-

1114 321 1249 354 rumque
1264 310 1384 343 delicta
1400 309 1558 353 impunita
1571 320 1635 343 non
1648 309 1848 353 relinquant;

1115 364 1146 397 in
1164 364 1280 397 horum
1297 369 1401 396 tamen
1418 363 1636 397 vindicatione
1649 373 1708 407 pro
1723 363 1769 396 rei
1784 373 1850 407 gra-

1114 417 1211 450 vitate
1234 422 1265 450 et
1281 427 1496 461 personarum
1516 416 1670 460 qualitate
1691 416 1733 450 ita
1748 427 1782 450 se
1801 426 1850 459 ge-

1115 481 1187 505 rere
1207 470 1369 510 studeant,
1392 475 1427 502 ut
1444 480 1557 503 omnes
1584 469 1778 503 medicinam
1799 480 1851 513 po-

1117 525 1176 558 tius
1202 534 1298 568 quam
1324 523 1499 558 vindictam
1527 522 1687 564 sentiant;
1718 523 1852 567 insuper

1116 578 1287 622 prudentia
1303 582 1445 618 utantur,
1472 588 1534 621 qua
1556 577 1589 610 in
1614 577 1740 611 delictis
1758 587 1853 622 quae-

1117 633 1187 666 dam
1216 632 1418 666 dissimulare
1450 631 1563 672 sciant,
1592 642 1674 676 quae
1706 636 1852 676 tempore

1116 686 1219 729 magis
1259 695 1401 728 congruo
1437 685 1666 728 corrigantur;
1708 685 1853 729 graviora

1117 739 1207 783 prius
1228 739 1403 783 corrigant,
1429 744 1461 773 et
1480 738 1639 782 gradatim
1663 739 1702 773 ad
1726 738 1861 776 minora

1117 793 1163 826 sie
1183 794 1396 834 descendant,
1415 797 1680 836 cognoscantque
1698 792 1852 836 cuiusque

1116 852 1273 887 naturam,
1300 847 1416 890 quibus
1441 846 1646 890 potissimum
1664 844 1783 889 singuli
1809 845 1853 878 fa-

1117 900 1208 933 cilius
1226 900 1345 942 corrigi
1362 910 1459 944 posse
1478 900 1658 933 videantur.

1161 963 1274 986 Lxxvu.
1294 952 1329 986 In
1361 953 1458 986 rebus
1487 952 1621 995 agendis
1642 956 1785 985 extrema
1802 951 1851 985 de-

1118 1006 1277 1046 vitentur·‚
1318 1005 1459 1050 proinde
1498 1005 1690 1048 rigidiorem
1728 1009 1854 1049 partem

1118 1068 1284 1101 uunquam
1312 1058 1405 1091 facile
1434 1058 1683 1102 amplectentur,
1701 1056 1854 1101 quamdiu

1119 1122 1176 1155 per
1190 1111 1350 1145 mitiorem
1363 1111 1445 1145 viam
1461 1122 1494 1145 se
1509 1110 1658 1145 obtinere
1675 1120 1772 1154 posse
1788 1121 1854 1145 cor-

1119 1165 1296 1198 rectionem
1325 1170 1472 1208 sperant·,
1498 1174 1604 1208 neque
1630 1165 1772 1204 interim,
1796 1173 1856 1208 per

1118 1219 1305 1260 neglectum
1337 1222 1392 1251 aut
1421 1222 1640 1260 contemptum
1669 1216 1852 1257 minorum,

1119 1269 1196 1304 solis
1223 1271 1427 1314 gravioribus
1452 1271 1685 1314 invigilandum
1704 1280 1777 1304 esse
1794 1269 1855 1303 sihi

1120 1324 1199 1357 falso
1225 1324 1468 1367 persuadeant,
1495 1330 1550 1357 aut
1574 1324 1607 1357 in
1633 1323 1721 1358 hisce
1746 1333 1856 1359 erran-

1121 1382 1167 1410 tes
1191 1378 1364 1411 admonere
1390 1382 1422 1410 et
1446 1377 1563 1421 punire
1588 1377 1766 1420 negligant.
1792 1376 1857 1410 Me-

1119 1441 1226 1464 mores
1253 1441 1383 1474 quoque
1414 1430 1583 1474 potestatis
1616 1429 1856 1473 superioritatis

1120 1484 1181 1516 sibi
1199 1484 1309 1524 sactae,
1332 1483 1523 1517 humilitatis
1549 1483 1667 1524 studio,
1693 1493 1749 1516 sua
1766 1492 1857 1517 man-

1119 1537 1194 1570 data
1224 1547 1322 1581 seque
1352 1537 1439 1580 ipsos
1464 1536 1710 1579 subiungendo,
1744 1541 1857 1570 conte-

1119 1591 1186 1624 mni
1211 1600 1275 1624 non
1300 1590 1501 1634 permittant,
1527 1591 1628 1623 multo
1651 1589 1759 1624 minus
1786 1590 1857 1623 sub-

1120 1644 1261 1677 ditorum
1299 1643 1419 1677 iudicia
1455 1643 1521 1676 suis
1555 1642 1599 1676 ita
1627 1647 1856 1688 anteponant,

1119 1702 1153 1730 ut
1177 1698 1291 1731 malint
1315 1707 1353 1730 ex
1384 1696 1514 1730 illorum
1546 1697 1710 1730 sententia
1734 1706 1857 1737 errare,

1119 1762 1215 1795 quam
1243 1761 1281 1784 ex
1315 1752 1371 1784 sua
1402 1750 1581 1795 prudenter
1613 1750 1737 1794 aliquid
1771 1749 1859 1784 ordi-

1120 1815 1211 1838 nare.

1164 1867 1290 1891 Lxxvm.
1318 1857 1358 1891 Ut
1381 1857 1413 1890 in
1439 1857 1598 1901 perpetua
1623 1856 1762 1900 quadam
1789 1865 1859 1891 ere>-

1121 1913 1169 1944 cta
1193 1911 1310 1945 mentis
1336 1911 1475 1944 statione
1497 1921 1553 1944 suo
1572 1909 1677 1945 officio
1691 1910 1859 1954 invigilare

1120 1966 1270 2005 valeant,
1298 1963 1531 2007 temperantiae
1557 1964 1682 2007 fulgore
1711 1965 1860 1998 omnibus

1121 2023 1185 2051 tam
1218 2017 1305 2051 domi
1339 2028 1435 2061 quam
1461 2017 1537 2051 foris
1562 2019 1794 2061 praeluceant,
1828 2024 1861 2053 et

1121 2070 1266 2104 convivia
1291 2070 1453 2112 devitent;
1481 2081 1598 2115 neque,
1619 2076 1730 2115 spreto
1748 2071 1861 2105 dome-

1121 2123 1275 2156 sticorum
1301 2133 1433 2156 suorum
1463 2123 1682 2165 commercio,
1709 2128 1860 2158 externo-

1122 2188 1191 2210 rum
1216 2177 1499 2212 conversationem
1533 2182 1564 2211 et
1593 2177 1768 2211 amicitiam
1794 2188 1860 2212 am-

1121 2231 1231 2272 biant;
1259 2231 1314 2264 sed
1339 2231 1480 2264 libenter
1504 2241 1577 2264 cum
1601 2230 1666 2265 suis
1687 2241 1770 2272 esse,
1788 2240 1860 2266 con·

1121 2284 1241 2317 versari
1268 2290 1300 2317 et
1324 2283 1471 2317 convesci
1493 2288 1656 2326 satagant;
1676 2293 1752 2326 erga
1777 2291 1859 2328 quos

1122 2337 1228 2377 etiam,
1239 2336 1285 2369 uti
1300 2347 1377 2380 erga
1392 2346 1505 2370 omnes
1519 2336 1606 2377 alios,
1623 2336 1775 2371 liberales
1788 2347 1860 2371 cum

1122 2391 1232 2424 debita
1259 2396 1365 2424 tamen
1400 2391 1626 2425 moderatione
1650 2391 1797 2424 existant.
1825 2391 1859 2424 ln

1122 2446 1367 2478 conversatione
1385 2455 1418 2478 se
1435 2445 1499 2478 suis
1519 2444 1674 2478 ridendos
1691 2455 1857 2488 nunquam

1123 2497 1306 2537 exhibeant,
1333 2507 1393 2530 nec
1410 2497 1505 2530 rebus
1524 2497 1586 2530 illis
1605 2507 1638 2530 se
1659 2492 1862 2530 immisceant

1124 2561 1201 2594 quas
1228 2551 1394 2594 ignorant,
1422 2555 1476 2583 aut
1501 2550 1531 2582 in
1559 2559 1694 2593 quarum
1727 2549 1860 2583 scientia

1124 2614 1189 2637 non
1216 2604 1389 2641 excellunt,
1417 2603 1491 2637 inde
1518 2604 1603 2638 enim
1629 2603 1771 2637 dedecus
1805 2613 1862 2648 po·

1856 208 1902 234 Λη.
1923 207 1952 234 C.
1976 207 2040 236 ¹68⁴
