2111 3157
161 246 210 274 Au,
227 245 255 273 C.
279 246 344 274 1087

392 239 455 272 748
939 249 1116 272 nummum
1142 247 1292 272 nouantur
1878 246 1926 273 An.
1943 247 1970 273 c.
1991 247 2057 275 1687

352 306 423 329 rum
447 302 608 341 perpetuo
644 297 676 329 in
713 307 751 330 eo
784 300 959 340 ponentur,
984 306 1091 339 neque

353 350 412 383 has
439 356 627 394 praesentes
653 350 712 383 sub
740 352 846 393 poena
872 349 1091 383 excommuni-

354 404 487 438 cationis
514 404 643 437 maioris
667 405 749 437 latae
777 404 967 445 sententiae,
993 414 1090 447 quam

355 467 394 490 eo
419 458 500 500 ipso,
526 458 646 500 absque
677 458 743 490 ulla
767 458 830 491 alia
854 457 1088 495 declaratione,

354 509 498 543 incurret
523 510 625 543 dictus
652 514 743 553 paler
767 511 955 554 praefectus,
971 514 1001 544 et
1026 510 1092 553 qui-

353 572 490 605 cumque
516 563 570 595 alii
591 564 882 603 contravenientes,
901 573 962 596 nec
986 563 1092 596 minus

352 616 518 658 permittet
550 621 584 648 ut
614 616 689 649 inde
716 617 927 650 extrahantur
962 623 1019 649 aut
1048 617 1093 650 le-

353 674 476 709 ventur,
492 669 554 702 nisi
568 670 610 702 ob
625 670 839 702 necessariam
854 681 994 710 causam,
1011 681 1092 713 quae

353 722 393 755 sit
416 723 596 765 approbata
631 733 648 755 a
684 723 849 766 praefecto
885 723 1031 766 generali
1064 727 1094 756 et

353 774 590 815 assistentibus,
616 776 664 808 vel
690 776 787 810 fratre
813 777 852 809 ab
879 776 924 809 eis
945 777 1094 809 commis-

353 827 478 860 sionem
504 828 644 861 habente
678 829 716 862 ad
752 829 985 862 extrahendam
1018 833 1095 863 atte-

354 880 527 914 stationem
552 891 590 914 ex
615 881 847 924 originalibus,
874 893 938 926 quo
963 887 1092 926 peracto

353 932 387 965 in
413 933 556 967 archivio
582 940 795 978 reponentur.

398 987 451 1021 20.
478 988 508 1021 Si
535 988 606 1031 quis
632 988 766 1022 fratrum
793 999 858 1023 non
877 990 974 1024 fuerit
1000 994 1093 1034 aptus

355 1041 394 1074 ad
420 1041 533 1074 domus
565 1042 821 1076 aedificationem
853 1048 884 1077 et
914 1054 1095 1088 pauperum

353 1094 560 1135 servitutem,
589 1099 638 1136 et,
677 1106 748 1128 cum
782 1097 939 1131 charitate
971 1097 1097 1141 aliquo-

355 1147 413 1180 ties
439 1148 642 1188 admonitus,
676 1149 935 1193 incorrigibilem
967 1161 1000 1184 se
1034 1152 1095 1184 de-

353 1201 590 1240 monstraverit,
607 1202 789 1245 praefectus
810 1203 983 1237 certiorem
1001 1204 1097 1238 faciet

355 1255 540 1297 generalem
555 1256 762 1298 praefectum,
779 1260 813 1290 ut
826 1256 935 1291 iubeat
947 1259 1011 1290 una
1024 1268 1095 1290 cum

355 1308 582 1341 assistentibus
600 1309 646 1341 illi
664 1309 854 1343 missionem
870 1310 988 1350 facere,
1006 1316 1037 1345 et
1054 1311 1098 1345 di—

354 1361 473 1393 missus
499 1372 516 1393 a
540 1361 619 1394 votis
643 1362 807 1395 absolutus
831 1364 1023 1397 remanebit.

401 1412 454 1445 ⁹21.
479 1413 515 1446 Et
533 1414 663 1456 quando
683 1415 755 1457 quis
783 1415 881 1449 frater
901 1421 1094 1457 nostrorum,

356 1467 444 1509 quod
471 1466 553 1499 Deus
580 1471 710 1507 avertat,
732 1468 855 1501 crimen
876 1470 981 1502 laesae
999 1471 1096 1503 maie-

357 1519 447 1553 statis
472 1524 539 1554 tum
561 1521 688 1553 divinae
714 1525 779 1554 tum
806 1523 966 1556 humanae
992 1524 1097 1556 incur-

356 1573 444 1613 rerit,
483 1577 535 1607 aut
570 1573 644 1607 fidei
681 1580 851 1618 suspectae
888 1577 1000 1617 fuerit,
1039 1589 1094 1610 seu

358 1628 586 1670 quodcumque
612 1628 698 1661 aliud
717 1630 852 1671 capitale
870 1630 1021 1664 delictum
1047 1632 1097 1664 ad-

357 1681 491 1720 miserit,
519 1682 702 1724 expelletur
737 1693 755 1714 a
789 1685 897 1715 nostra
929 1685 1094 1725 societate,

358 1734 454 1777 eique
478 1734 566 1767 illius
594 1734 723 1767 habitus
749 1736 924 1769 auferatur.

403 1786 455 1819 ⁶202.
484 1787 595 1819 Frater
620 1788 803 1830 praefectus
826 1790 952 1823 noviter
972 1792 1096 1824 electus

358 1840 500 1873 rationes
536 1846 643 1872 sumat
677 1851 694 1873 a
727 1842 892 1883 praefecto
923 1844 1095 1886 hospitalis

359 1893 414 1936 qui
441 1903 557 1925 munus
583 1904 675 1925 suum
703 1893 842 1934 finierit,
873 1896 1097 1929 assistentibus

360 1952 498 1989 quatuor
523 1946 673 1978 fratribus
693 1947 838 1980 diseretis
863 1954 1014 1981 recenter
1034 1951 1098 1982 elc-

361 2000 430 2039 ctis,
459 2005 490 2032 et
514 2010 530 2032 a
555 1999 669 2032 maiori
706 1999 894 2041 infirmario,
929 2003 1097 2046 dictusque

360 2052 543 2095 praefectus
562 2058 649 2095 petet
675 2053 714 2084 ab
744 2059 947 2087 antecessore
974 2066 1033 2087 suo
1061 2055 1099 2087 li-

361 2106 436 2138 bros
457 2111 488 2138 et
509 2116 620 2138 omnes
645 2106 722 2138 alias
747 2108 924 2149 scripturas
949 2109 1096 2141 archivii.

406 2158 458 2192 23.
490 2159 520 2191 Si
554 2159 624 2201 quis
656 2160 755 2191 frater
780 2161 947 2194 admiserit
972 2164 1098 2205 culpan]

363 2211 490 2253 dignam
518 2212 776 2253 reprehensione
803 2213 885 2245 hanc
905 2214 952 2247 illi
977 2216 1100 2257 praefe-

363 2270 433 2296 ctus
451 2265 568 2297 blande
585 2270 615 2297 et
630 2265 772 2298 olliciose
787 2266 1001 2309 impartietur,
1018 2275 1058 2308 et,
1073 2269 1098 2301 si

364 2318 458 2359 culpa
484 2317 581 2349 fuerit
605 2319 712 2360 magui
732 2320 897 2361 momenti,
923 2326 956 2352 ut
981 2321 1100 2354 iudicet

363 2370 610 2412 reprehensioni
649 2372 824 2414 adiungere
866 2374 1100 2416 poenitentiam

365 2432 421 2455 seu
449 2424 664 2463 punitionem,
693 2425 723 2457 id
749 2427 929 2468 prudenter
954 2428 1059 2460 faciet.

409 2475 460 2507 24.
497 2477 605 2508 Aderit
638 2478 669 2509 in
703 2479 853 2511 omnibus
886 2481 1101 2523 hospitalibus

366 2539 462 2570 capsa
487 2539 557 2561 cum
586 2530 689 2562 tribus
715 2533 864 2570 clavibus,
888 2534 941 2566 ubi
968 2535 1102 2577 pecunia

1134 296 1235 336 creti,
1263 300 1295 329 et
1319 295 1352 328 in
1376 295 1447 339 ipsa
1470 298 1544 329 arca
1568 296 1631 329 duo
1656 301 1751 329 erunt
1777 295 1867 336 libri,

1133 354 1168 381 ut
1191 348 1223 381 in
1240 359 1305 382 uno
1322 349 1407 392 quod
1425 348 1589 392 recipitur,
1609 349 1642 383 in
1659 349 1760 383 altero
1781 348 1869 393 quod

1135 402 1330 445 expenditur
1353 402 1560 435 adscribatur.

1178 455 1231 488 25.
1265 456 1386 489 Vocent
1409 466 1442 489 se
1470 456 1603 489 invicem
1631 455 1725 489 titulo
1749 459 1871 489 vestrae

1134 509 1307 542 charitatis
1342 515 1374 543 et
1404 510 1545 550 fratrum,
1574 509 1669 543 etiam
1698 509 1870 543 scribendo

1135 573 1191 596 seu
1210 563 1374 606 loquendo
1394 563 1432 596 ad
1451 563 1636 605 generalem
1653 562 1869 606 praefectum.

1179 615 1232 648 26.
1252 615 1467 650 Continuetur
1491 616 1578 659 pium
1605 621 1636 648 et
1652 614 1872 649 necessarium

1136 669 1362 710 ministerium,
1382 670 1467 713 quod
1494 669 1714 702 introductum
1738 667 1874 712 reliquit

1136 729 1247 756 noster
1282 723 1379 756 frater
1413 723 1524 756 Petrus
1556 733 1572 755 a
1597 722 1628 755 S.
1654 721 1793 765 Iosepho
1818 721 1872 755 do-

1137 776 1230 809 cendi
1256 786 1375 819 pueros
1401 786 1561 820 pauperes
1585 776 1705 818 legere,
1731 773 1873 808 scribere
1911 784 1913 786 ·

1137 835 1168 862 et
1192 835 1380 873 supputare,
1398 840 1434 862 ac
1459 829 1639 863 doctrinam
1665 828 1874 861 christianam

1137 883 1169 915 in
1194 884 1306 916 schola
1330 884 1474 927 speciali,
1495 893 1576 926 quae
1598 881 1695 915 debet
1713 886 1823 914 extare
1840 880 1874 913 in

1138 936 1286 979 quolibet
1299 937 1461 979 hospitali3
1477 936 1602 979 eritque
1619 935 1774 978 magister
1790 943 1874 967 unus

1138 1000 1174 1022 ex
1200 990 1320 1022 nostris
1342 989 1514 1030 fratribuS,
1541 989 1763 1026 animadverso
1788 987 1875 1032 quod

1139 1043 1163 1075 is
1190 1043 1261 1076 talis
1287 1043 1336 1083 sit,
1362 1043 1450 1076 cuius
1482 1043 1592 1076 virtuti
1623 1042 1742 1076 confidi
1773 1041 1877 1086 possit

1138 1096 1224 1129 bona
1249 1096 1397 1129 educatio
1423 1101 1454 1129 et
1474 1096 1620 1130 doctrina
1639 1106 1826 1140 puerorum,
1843 1099 1877 1128 et

1140 1150 1201 1182 hoc
1226 1150 1325 1192 gratis
1351 1150 1472 1193 absque
1496 1150 1682 1194 receptione
1707 1147 1877 1183 solutionis

1140 1208 1171 1235 et
1195 1202 1347 1246 stipendii
1373 1203 1521 1236 alicuius.

1184 1255 1236 1288 97.
1253 1256 1382 1294 Quoties
1399 1256 1449 1289 bis
1464 1256 1584 1300 poterit
1601 1255 1716 1289 haberi
1735 1255 1877 1290 oblecta-

1142 1309 1185 1343 tio
1208 1309 1275 1342 ruri
1295 1311 1345 1343 vel
1367 1310 1477 1342 domui
1495 1310 1533 1343 ad
1551 1310 1720 1342 arbitrium
1735 1309 1878 1354 superio·

1141 1363 1194 1404 ris,
1219 1368 1254 1395 ut
1278 1363 1394 1396 exinde
1415 1363 1547 1406 aliquod
1578 1363 1672 1396 detur
1697 1363 1801 1396 labori
1826 1373 1878 1396 su-

1140 1417 1333 1456 blevamen;
1361 1422 1393 1449 et
1417 1417 1460 1449 ita
1485 1417 1517 1450 id
1542 1416 1597 1449 fiet
1620 1422 1656 1449 ut
1680 1427 1746 1450 non
1772 1416 1879 1450 desint

1140 1470 1252 1503 fratres
1278 1470 1438 1512 obsequio
1463 1480 1642 1513 pauperum
1661 1469 1875 1503 infirmorum.

1183 1523 1214 1556 t.
1249 1523 1308 1556 Pro
1346 1523 1493 1566 quolibet
1532 1534 1568 1556 ex
1613 1523 1788 1564 fratribus,
1822 1523 1877 1566 qui
1924 1529 2037 1579 gargan.
2065 1559 2073 1579 ι

1140 1576 1291 1616 obierint,
1311 1576 1437 1609 dicetur
1462 1576 1494 1608 in
1520 1576 1576 1609 illo
1602 1576 1755 1619 hospitali
1780 1562 2072 1633 ΠήεεᾶιέῃῖσᾹ-Ῐτιῖᾛιῆ

1140 1631 1302 1668 solemnis,
1320 1635 1355 1662 ut
1372 1631 1472 1669 aiunt,
1490 1630 1529 1663 de
1550 1640 1685 1672 corpore
1702 1629 1876 1672 praesenti,
1888 1617 2074 1686 isaffiffgsglriffiig

1140 1689 1171 1716 et
1195 1683 1347 1716 similiter
1371 1684 1434 1716 alia
1459 1685 1543 1716 nona
1566 1688 1642 1726 post
1662 1683 1729 1716 eius
1754 1683 1877 1717 obitum
1889 1680 2013 1714 stotzam.

1141 1738 1203 1775 die,
1228 1737 1458 1780 curabiturque
1484 1748 1542 1780 pro
1572 1737 1640 1770 eius
1665 1737 1771 1770 anima
1795 1738 1879 1771 cele-

1141 1790 1226 1822 brari
1254 1790 1385 1833 triginta
1414 1791 1528 1823 missas
1560 1791 1686 1832 planas,
1714 1796 1746 1824 et
1770 1790 1878 1824 omnia

1142 1843 1326 1887 hospitalia,
1353 1854 1434 1886 quae
1467 1844 1526 1876 sub
1552 1844 1776 1878 iurisdictione
1811 1844 1879 1878 fue-

1142 1898 1206 1930 rint
1229 1897 1404 1940 praefecti,
1430 1897 1482 1939 qui
1516 1897 1613 1930 fuerit
1636 1898 1786 1941 superior
1820 1898 1879 1931 ho-

1142 1951 1268 1993 spitalis
1294 1951 1348 1983 ubi
1366 1950 1465 1983 frater
1489 1951 1616 1991 obierit,
1637 1952 1664 1984 ei
1684 1956 1749 1984 tres
1762 1951 1878 1985 missas

1143 2004 1254 2046 planas
1280 2014 1339 2046 pro
1354 2003 1421 2036 eius
1446 2004 1552 2036 anima
1571 2005 1690 2037 facient
1710 2005 1879 2046 celebrari,

1143 2062 1173 2089 et
1198 2067 1310 2090 omnes
1336 2057 1450 2090 fratres
1483 2057 1570 2090 illius
1596 2058 1709 2091 domus
1735 2058 1804 2092 vel¹
1825 2058 1880 2091 de-

1144 2110 1269 2142 functus
1296 2110 1400 2147 fuerit,
1427 2121 1539 2143 novem
1574 2111 1697 2144 dierum
1738 2112 1777 2144 ah
1812 2112 1880 2145 eius

1144 2169 1247 2196 morte
1272 2164 1477 2206 sequentium
1504 2165 1607 2206 spatio
1632 2175 1692 2207 pro
1718 2164 1795 2198 dicti
1821 2165 1881 2198 sra-

1144 2216 1201 2248 tris
1227 2216 1368 2249 defuncti
1395 2216 1500 2249 anima
1533 2217 1742 2260 applicabunt
1773 2219 1882 2252 omnia

1144 2269 1291 2309 rosaria,
1318 2279 1454 2302 coronas
1494 2274 1526 2302 et
1563 2270 1625 2303 alia
1660 2271 1881 2313 poenitentiae

1144 2334 1251 2365 opera,
1279 2333 1360 2366 quae
1387 2323 1532 2363 fecerint,
1552 2324 1694 2367 exceptis
1716 2325 1779 2358 illis
1798 2336 1881 2369 quae

1145 2376 1342 2409 tenebuntur
1353 2387 1412 2419 pro
1427 2376 1688 2410 benefactoribus
1703 2378 1879 2421 applicare;

1145 2429 1239 2471 eique
1280 2429 1489 2472 applicabunt
1529 2431 1607 2463 alias
1647 2431 1879 2474 indulgentias,

1146 2493 1222 2524 quas
1248 2483 1401 2525 consequi
1428 2485 1659 2526 procurabunt,
1686 2490 1782 2527 prout
1806 2485 1882 2518 visi-

1148 2535 1223 2567 tatio
1257 2535 1400 2578 quinque
1433 2537 1592 2578 altarium,
1626 2538 1736 2580 vigore
1771 2539 1893 2587 bullat-3

366 2587 552 2624 reponatur,
567 2593 742 2625 earuuupie
763 2596 856 2617 unam
871 2586 1104 2629 liabebitprae-
1147 2594 1274 2620 sanctae
1296 2589 1469 2623 cruciatae.

366 2633 480 2670 fectus.
497 2641 527 2667 et
541 2635 617 2667 alias
637 2636 713 2669 duas
739 2638 801 2670 duo
821 2639 1019 2682 antiquiores
1038 2640 1103 2673 dis-

1184 2650 1309 2690 1l¹otius
1329 2650 1387 2686 lege
1407 2652 1454 2679 aba·
1474 2660 1521 2687 pro
1540 2653 1582 2680 vel
1599 2653 1638 2693 (¹37
1655 2652 1703 2698 Tzl:
