2111 3157
0 209 53 237 An.
66 206 95 235 C.
116 205 184 234 1680

188 258 358 298 sequutam
374 252 559 286 vacantibus
577 252 792 296 provideatur,
807 250 920 283 modus

188 306 358 340 electionis
383 305 612 345 instituendae,
635 310 696 336 tam
717 304 756 336 de
776 303 840 336 illis
865 303 920 345 qui

187 358 371 392 immediate
396 364 490 391 antea
514 363 606 391 erant
630 355 790 400 praelati,
824 365 920 398 quam

188 410 226 444 de
251 410 316 444 illis
345 410 399 454 qui
429 411 468 444 de
493 420 576 443 novo
608 409 647 442 ad
683 407 919 451 praelationem

187 463 397 506 promovendi
422 467 515 501 sunt,
533 461 593 495 erit
617 462 698 494 iste:

232 525 274 549 ιν.
301 515 407 549 Primo
433 514 621 548 definitores
645 514 755 546 ineant
778 512 864 544 inter
884 521 916 544 se

187 573 360 600 tractatum
378 568 416 600 de
434 567 577 610 patribus
605 565 658 609 qui
679 564 838 608 gubernio
855 564 918 596 sint

187 620 398 660 restituendi,
427 620 466 652 de
493 619 532 652 iis
561 618 616 662 qui
641 616 852 661 promovendi
878 617 917 649 de

186 683 279 713 novo,
301 673 387 705 etde
412 672 476 705 illis
495 671 550 714 qui
577 676 651 703 sunt
674 669 836 702 mutandi:
858 679 918 702 nec

186 725 289 758 ullum
314 725 442 767 possint
470 725 652 757 absolutum
677 734 693 756 a
716 723 916 766 praelatione

186 776 379 819 relinquere,
400 778 450 810 vel
475 777 513 809 de
538 787 620 809 novo
645 776 682 809 ad
704 776 916 819 praelaturam

186 839 386 872 promovere,
404 828 465 861 nisi
491 830 530 862 de
554 828 604 862 his
622 829 707 861 inter
731 827 916 860 definitores

186 878 320 914 tractatu
342 886 374 914 et
393 881 547 914 scrutinio
564 881 751 924 praemisso.
768 880 869 921 Unde,
892 880 916 912 si

186 933 325 976 aliquem
350 944 385 967 ex
411 933 563 977 praelatis
581 933 656 966 anni
680 933 846 976 praeteriti
867 944 918 976 pa-

185 997 256 1019 rum
290 986 443 1020 idoneum
476 987 646 1029 regimini,
671 985 804 1030 praevio
835 986 918 1020 dicto

186 1044 334 1079 tractatu,
362 1038 551 1072 definitores
577 1039 837 1078 existimaverint,
862 1050 918 1082 po-

186 1096 296 1124 terunt
321 1092 429 1129 talem,
449 1101 490 1124 ne
514 1101 571 1134 per
595 1091 699 1134 ipsum
724 1091 846 1134 aliquid
864 1092 919 1124 de-

186 1143 339 1182 trimenti‚
366 1144 432 1177 sive
458 1143 489 1176 in
515 1144 769 1186 temporalibus,
794 1144 860 1177 sive
884 1145 916 1177 in

186 1195 419 1238 spiritualibus,
444 1195 660 1238 Congregatio
679 1201 791 1228 nostra
817 1197 918 1240 patia-

187 1253 260 1289 tur,
291 1249 467 1282 seeundum
498 1249 663 1292 propriam
687 1249 917 1282 conscientiam

186 1303 252 1334 nen
269 1301 423 1334 idoneum
445 1301 630 1342 iudicatum,
647 1302 680 1334 in
698 1301 856 1344 suffragiis
873 1303 918 1335 se-

186 1353 297 1386 rendis
314 1364 331 1386 a
350 1354 553 1396 praelatione
579 1354 760 1387 excludere.
786 1355 851 1387 Hac
872 1360 917 1388 ta-

185 1416 262 1439 men
287 1405 477 1447 differenfizi,
503 1407 604 1450 quod,
630 1411 664 1439 ut
689 1407 877 1440 excludatur
901 1418 917 1440 a

185 1459 388 1502 praelatione
402 1459 457 1493 ille
474 1460 526 1502 qui
545 1470 630 1493 anno
646 1460 824 1504 praeterito
841 1460 916 1494 erit¹

185 1513 486 1555 p1·aelatus,septem
508 1523 544 1546 ex
561 1523 676 1546 novem
694 1513 917 1546 definitoribus

186 1574 246 1607 per
268 1570 342 1597 vota
366 1571 494 1598 secreta
518 1566 701 1598 consentire
727 1566 862 1607 debent;
883 1572 917 1599 ut

186 1627 262 1650 vero
285 1628 302 1650 a
318 1619 500 1661 praelatura
523 1624 671 1652 arceatur
687 1619 725 1652 de
742 1629 824 1652 novo
841 1630 918 1662 pro-

186 1671 374 1710 movenduS,
391 1672 517 1711 sufficit,
534 1671 560 1704 si
577 1683 594 1704 a
611 1671 728 1712 tribus,
742 1683 778 1704 ex
793 1672 918 1705 iisdem-

186 1728 254 1756 met
276 1733 392 1756 noveni
417 1724 507 1762 votis,
524 1728 560 1756 ut
579 1733 676 1766 supra
699 1724 919 1757 convenienti-

186 1774 255 1816 bus,
280 1776 487 1819 reprobetur.
514 1775 604 1814 Quod
627 1777 713 1809 idem
739 1776 778 1809 de
802 1776 918 1820 priori-

185 1827 246 1862 hus
271 1828 435 1862 observari
461 1830 623 1861 volumus.

230 1890 262 1914 v.
281 1881 411 1913 Demum
426 1881 563 1924 quilibet
577 1881 783 1914 definitorum
802 1874 920 1914 scribat

188 1932 221 1965 in
245 1933 390 1976 praefata
420 1934 575 1966 schedula
604 1934 736 1967 nomina
759 1935 920 1976 praelato-

188 1994 258 2018 rum
281 1995 362 2028 quos
386 1985 553 2018 nominare
582 1985 727 2025 voluerit,
744 1986 919 2029 unicuique

189 2037 386 2071 monasterio
415 2039 593 2080 praelatum
625 2048 725 2070 unum
756 2038 918 2079 habilem,

189 2094 288 2133 prout
311 2089 532 2123 conscientiae
553 2100 628 2123 suae
652 2089 823 2130 videbitur,
843 2091 922 2123 assi-

191 2142 319 2185 gnando
344 2142 409 2185 (ita
433 2147 540 2175 tamen
571 2142 659 2185 quod
690 2143 797 2175 nullus
828 2153 922 2186 prae-

144 2236 161 2239 Η
190 2195 274 2228 latus
301 2199 495 2236 amoveatur,
513 2195 553 2227 de
572 2205 635 2237 quo
652 2205 718 2227 non
743 2196 921 2229 amovendo

191 2248 280 2291 prius
304 2247 490 2282 definitores
518 2247 602 2280 inter
632 2258 667 2280 se
691 2248 920 2289 tractaverint,

193 2306 226 2334 et
249 2301 312 2334 hoc
335 2300 565 2334 inviolabiliter
595 2301 807 2344 observetur),
832 2312 923 2344 prae-

193 2353 353 2397 fatamque
367 2353 556 2386 schedulam
569 2352 603 2385 in
619 2363 690 2385 vase
704 2353 742 2386 ad
756 2353 818 2387 hoc
834 2364 924 2397 prae—

193 2411 306 2450 parato
330 2405 486 2449 imponat.

238 2469 282 2492 vi.
307 2459 513 2492 Postmodum
530 2468 606 2492 vero
627 2462 784 2492 vocentur
806 2464 924 2492 scruta-

197 2514 293 2552 tores,
311 2510 363 2554 qui
381 2511 541 2554 praefatas
565 2511 735 2544 schedulas
752 2510 925 2554 diligenter

232 2573 245 2603 1
266 2573 360 2610 Aptius
378 2574 436 2610 tege
454 2577 518 2601 erat
538 2579 573 2606 (a.
594 2573 643 2607 T.)-

769 201 980 227 INNOCENTIUS
1001 202 1032 224 Χῖ
1058 201 1106 224 ΙΨ.

1642 190 1650 202 )

1589 206 1652 220 .)=..>

962 253 1159 287 scrutentur,
1177 252 1208 280 et
1231 247 1397 291 praelatos,
1424 246 1455 279 in
1482 246 1572 280 dictis
1598 246 1692 277 selte-

962 301 1044 333 dulis
1070 300 1263 341 nominatos,
1286 301 1427 334 fideliter
1450 300 1483 332 in
1509 311 1603 333 unam
1629 314 1692 335 am-

961 355 1046 396 ptam
1083 354 1271 387 schedulam
1309 355 1481 397 redigant,
1514 356 1689 399 unicuique

960 406 1157 438 monasterio
1172 407 1378 440 attribuendo
1396 408 1577 441 nominatos
1591 409 1622 442 in
1641 420 1691 443 eo-

961 457 1034 489 dem
1058 459 1268 499 monasterio,
1295 459 1419 492 etiamsi
1441 461 1550 504 plures
1574 462 1689 495 inuno

959 512 1152 544 monasterio
1177 511 1295 544 suerint
1325 513 1505 553 nominati,
1533 520 1564 547 et
1587 514 1690 558 ipsam

959 562 1145 596 schedulam
1160 564 1311 606 praefatis
1326 564 1548 599 definitoribus
1565 577 1691 609 reprae-

958 619 1096 655 sentent,
1122 616 1152 647 in
1180 617 1242 658 qua
1266 616 1291 648 si
1315 617 1495 660 reperietur
1519 619 1557 651 de
1582 620 1690 663 aliquo

959 668 1104 710 praelato
1130 668 1317 710 dispositum
1349 669 1446 702 fuisse
1479 671 1570 704 aliter
1594 684 1690 715 quam

959 730 1056 763 supra
1073 720 1192 753 dictum
1210 726 1269 761 est,
1289 726 1364 753 tune
1388 727 1479 765 pater
1502 724 1690 766 praesidens

958 773 1089 806 omnino
1114 774 1289 816 prohibeat
1312 775 1407 807 talem
1424 777 1602 818 praelatum
1629 778 1691 810 sus-

960 825 1067 867 fragiis
1091 825 1210 866 subdi,
1241 827 1304 860 imo
1330 827 1452 870 absque
1475 829 1543 861 ulla
1567 829 1691 863 discus-

960 878 1051 911 sione
1077 879 1224 931 epmdem
1258 879 1289 911 in
1327 881 1541 922 monasterio,
1567 881 1599 914 in
1625 892 1690 925 quo

959 930 1048 973 prius
1073 936 1151 971 erat,
1177 931 1315 964 describi
1341 937 1372 965 et
1395 934 1553 966 nominari
1576 934 1689 975 saciat·,

959 984 1130 1016 schedulas
1147 994 1232 1024 vero,
1252 995 1328 1027 quas
1345 986 1479 1027 praefati
1497 991 1689 1020 scrutatores

959 1036 1089 1068 scrutati
1124 1036 1256 1077 suerint,
1289 1037 1489 1077 comburant,
1519 1043 1550 1070 et
1583 1039 1691 1072 omnia

959 1094 1084 1121 secreta
1109 1093 1249 1128 teneant,
1275 1099 1315 1121 nc
1343 1090 1526 1122 scandalum
1559 1091 1690 1134 aliquod

959 1141 1037 1174 oriri
1061 1141 1175 1184 possit.
1201 1141 1268 1182 Qui,
1287 1142 1311 1174 si
1330 1148 1442 1175 contra
1466 1143 1613 1183 fecerint,
1636 1155 1691 1186 pu-

958 1194 1095 1235 niantur,
1109 1198 1205 1237 prout
1216 1205 1313 1237 supra
1327 1195 1365 1228 de
1379 1195 1457 1238 ipsis
1471 1197 1690 1231 revelantibus

959 1247 1078 1279 dietum
1104 1251 1164 1279 cst.
1191 1246 1257 1285 Quo
1284 1248 1382 1288 sacto,
1411 1249 1545 1291 praelati
1571 1249 1690 1292 singuli

958 1299 1039 1331 votis
1064 1306 1309 1343 supponantur,
1336 1306 1368 1333 et
1403 1301 1435 1334 in
1471 1313 1567 1344 quem
1598 1304 1691 1345 plura

959 1350 1107 1393 suffragia
1143 1353 1335 1384 conveniunt
1355 1380 1363 1393 ,
1400 1353 1454 1386 ille
1490 1354 1691 1397 praeferatur

958 1405 1156 1437 monasterio
1185 1405 1223 1437 de
1245 1416 1308 1448 quo
1333 1406 1447 1448 agitur.

1003 1467 1059 1490 vn.
1086 1457 1152 1490 Hoc
1176 1467 1252 1490 sane
1277 1458 1435 1498 volentes,
1461 1458 1558 1501 quod,
1578 1459 1602 1491 si
1621 1460 1692 1502 quis

960 1520 1079 1549 eorum,
1097 1520 1156 1552 pro
1183 1520 1246 1553 quo
1271 1516 1344 1543 vota
1368 1511 1499 1551 dantur,
1531 1512 1629 1544 suerit
1653 1513 1691 1545 de

960 1563 1202 1603 definitoribus,
1229 1568 1263 1596 ut
1287 1563 1420 1597 liberius
1455 1565 1494 1598 de
1520 1575 1558 1597 eo
1584 1565 1692 1608 dispo-

960 1622 1062 1657 natur,
1085 1621 1176 1649 exeat
1196 1616 1235 1649 de
1254 1616 1446 1657 definitorio,
1466 1617 1570 1651 donec
1595 1618 1694 1651 suerit

961 1670 1077 1702 sactum
1100 1668 1303 1702 scrutinium.

1004 1732 1072 1755 vui.
1100 1715 1190 1760 Quod
1215 1722 1240 1754 si
1266 1722 1438 1765 contigerit
1465 1724 1612 1757 eumdem
1638 1735 1693 1767 pa-

962 1781 1053 1815 trem,
1069 1776 1101 1808 in
1120 1776 1244 1808 duobus
1259 1776 1308 1808 vel
1325 1776 1471 1819 pluribus
1489 1778 1692 1810 monasteriis

961 1828 1160 1862 nominatum
1175 1854 1182 1868 ‚
1206 1828 1276 1861 aliis
1308 1829 1453 1872 patribus
1477 1830 1509 1863 in
1535 1829 1694 1872 suffragiis

962 1881 1132 1921 anteferri,
1152 1880 1204 1913 siat
1229 1881 1421 1914 scrutinium
1438 1882 1566 1921 iterum,
1585 1887 1617 1914 et
1633 1893 1692 1925 pro

964 1945 1026 1978 quo
1051 1932 1246 1966 monasterio
1271 1935 1382 1976 plures
1403 1939 1551 1977 repertae
1577 1934 1695 1967 suerint

965 1995 1069 2025 voces,
1086 1985 1133 2018 illi
1150 1986 1364 2029 praeficiatur.
1384 1987 1429 2020 Ad
1456 1987 1694 2030 depositionem

963 2050 1036 2072 vero
1060 2039 1281 2083 praelatorum
1305 2039 1338 2072 in
1362 2049 1520 2082 poenam,
1546 2040 1695 2072 decerni-

964 2103 1035 2124 mus
1065 2097 1101 2124 ut
1131 2091 1260 2124 nonnisi
1289 2094 1385 2127 causa
1412 2092 1560 2135 cognita,
1593 2097 1624 2125 et
1647 2103 1695 2125 se-

964 2145 1105 2178 cundum
1130 2144 1216 2187 quod
1252 2144 1331 2177 ordo
1365 2144 1445 2178 iuris
1479 2156 1515 2178 ac
1549 2145 1696 2188 ipsorum

966 2197 1122 2231 demerita
1146 2197 1393 2241 postulaverint,
1415 2196 1603 2231 definitores
1621 2208 1696 2241 pro-

965 2251 1092 2284 cedant.

1010 2314 1052 2337 1x.
1079 2303 1253 2337 Advertant
1277 2307 1385 2336 autem
1409 2301 1471 2347 ipsi
1489 2303 1603 2336 fratres
1620 2303 1698 2337 defi-

965 2356 1101 2395 nitores,
1119 2360 1173 2388 aut
1196 2355 1292 2388 etiarn
1318 2356 1373 2399 qui
1397 2366 1456 2399 pro
1482 2355 1588 2389 dietis¹
1614 2357 1698 2389 cele-

965 2408 1097 2442 brandis
1132 2407 1217 2441 infra
1250 2408 1422 2441 triennium
1453 2409 1699 2451 congregabun-

966 2468 1026 2502 tur,
1044 2471 1084 2494 ne
1108 2460 1141 2494 in
1168 2460 1431 2504 promotionibus
1456 2461 1495 2494 ad
1515 2461 1697 2503 dignitates,

967 2514 1173 2558 praelaturas,
1190 2513 1333 2547 officiave
1348 2513 1487 2546 cuiusvis
1504 2513 1643 2556 generis,
1664 2514 1698 2545 in

1004 2575 1015 2601 1
1028 2574 1098 2602 Male
1109 2573 1173 2603 edit.
1183 2573 1265 2603 Main.
1276 2574 1342 2610 legit
1355 2574 1438 2603 dictis
1452 2582 1500 2612 pro
1515 2575 1598 2603 dietis
1608 2574 1701 2610 (ns.)-

1700 200 1750 223 An.
1770 200 1798 223 ti.
1818 197 1884 224 1080
