2111 3157
157 171 252 200 Aac.
273 171 342 199 1ss78
387 162 450 197 11⁶2ss

348 221 424 262 legii
450 221 532 254 sacri
557 220 665 263 palatii
692 218 883 263 apostolici,
909 219 1082 250 tribuendo

348 273 600 316 postulatoribus
621 274 802 306 libertatem
822 270 963 312 eligendi
982 281 1017 302 ex
1037 269 1084 302 di-

349 330 400 358 cto
436 332 531 359 coctu
567 336 660 368 quem
696 323 872 363 voluerint,
910 323 1082 355 dummodo

348 379 482 421 quilibet
509 390 544 411 cx
572 379 617 410 eis
643 388 707 410 non
740 376 840 419 possit
865 377 977 408 eodem
1005 381 1083 408 tem-

346 442 426 474 pore
461 431 658 474 patrocinari
694 431 804 473 plures
839 439 950 461 causas
987 438 1082 470 quam

347 490 503 527 quatuor,
528 485 566 517 ad
588 485 651 516 boc
674 489 710 515 ut
733 483 779 515 eis
803 482 928 515 facilins
952 491 1082 524 operam

346 538 422 569 dare
459 538 596 580 possint,
631 537 690 569 sub
726 538 833 579 poena
867 534 1082 567 inhabilitatis

346 590 484 632 amplius
510 589 673 622 scribendi
698 589 730 621 in
754 599 863 620 casum
894 592 1082 619 contraven-

346 643 452 683 tionis,
479 648 510 676 et
534 644 628 675 liceat
652 642 796 684 partibus
821 640 853 672 in
878 649 1081 683 quocumque

346 701 428 727 statu
463 706 595 733 causae,
636 692 877 726 rationabiliter
911 698 1017 724 tamen
1051 696 1082 722 et

345 748 473 792 praevia
497 748 625 781 licentia
650 745 898 780 eminentissimi
916 743 1080 787 ponentis,

345 806 471 833 mutare
487 805 740 844 procuratorem,
755 798 930 831 dummodo
944 795 1033 829 alias¹
1048 796 1080 827 in

345 854 412 886 eius
437 855 546 886 locum
572 852 798 894 subrogandus
831 850 871 882 sit
903 850 940 881 de
966 849 1080 881 eodem

345 907 494 949 collegio,
522 912 554 939 et
577 916 641 938 non
667 906 784 937 babeat
801 903 834 935 in
853 907 953 935 totum
970 902 1080 944 plures

345 971 455 992 causas
482 970 576 1002 quam
607 963 757 1001 quatuor.

387 1023 443 1046 xu.
471 1012 620 1045 Advocati
646 1021 720 1043 vero
747 1010 785 1042 ad
811 1008 1021 1041 scribendum
1048 1007 1079 1038 in

151 1051 414 1100 {T.¹1¹1²ss{4'.'.'¹'‘ssj;{,{¹‚‘jul—e
440 1065 557 1098 assumi
584 1065 723 1097 debeant
754 1062 792 1094 ad
818 1061 944 1094 libitum
969 1065 1080 1102 postu—

151 1105 200 1147 i'v'i'i
256 1157 259 1159 -
300 1110 493 1156 Ἑάὴιῑοιίιω,
520 1116 697 1150 dummodo
723 1115 787 1147 sint
807 1124 843 1146 ex
865 1113 1012 1153 collegiis
1031 1123 1079 1144 sa·

150 1156 416 1207 [¹tt'‘'t³5†.¹‚¹g‚‡{15erae
442 1169 679 1203 consistorialis
705 1169 809 1207 aulae,
835 1167 938 1198 velex
958 1165 1079 1197 duode-

151 1209 214 1227 ΝΜ
343 1224 403 1257 cim
429 1224 498 1256 aliis
522 1221 709 1266 approbatis
735 1231 752 1253 a
777 1221 867 1251 sacra
890 1219 1078 1259 Congrega—

342 1277 440 1315 tione,
466 1276 509 1308 ita
534 1281 642 1307 tamon
666 1279 702 1305 ut
726 1272 864 1315 quilibet
888 1281 999 1303 eorum
1025 1281 1075 1302 sex

342 1336 465 1363 tantum
491 1339 602 1361 causas
626 1325 826 1370 patrocinari
851 1324 966 1367 possit.

189 1390 218 1410 ¹³0
234 1392 330 1411 wcrvede
383 1393 452 1416 xm.
466 1382 525 1414 Pro
541 1381 689 1413 mercede
704 1385 809 1412 autem
823 1376 1077 1420 praedictorum,

148 1420 377 1469 ffiii'ss'ss‘igi·i13=i¹efac
403 1436 499 1468 etiam
524 1434 653 1473 notarii⁷
678 1443 767 1465 sacra
783 1430 999 1473 Congregatio
1017 1430 1078 1461 ius-

147 1474 233 1490 uuam.
341 1491 383 1522 sit
398 1489 514 1522 servari
533 1494 620 1521 taxas
637 1487 676 1519 ab
695 1488 731 1518 ea
749 1485 921 1526 diligenter
944 1483 1073 1520 revisas,

340 1553 432 1585 quae,
449 1547 484 1574 ut
499 1540 648 1574 omnibus
666 1540 879 1575 innotescant,
891 1535 972 1578 typis
990 1545 1077 1567 man-

341 1596 408 1629 dari
424 1596 573 1632 debeant,
584 1598 615 1625 ct
629 1594 660 1624 in
673 1591 737 1624 tine
751 1591 955 1623 decretorum
967 1588 1075 1621 inseri.

173 1653 202 1673 Μ
220 1654 328 1679 “rictum
385 1659 446 1681 xiv.
467 1648 543 1680 Cum
560 1647 654 1679 etiam
673 1645 879 1677 observatum
899 1642 996 1674 suerit
1012 1652 1075 1673 sae-

146 1686 320 1733 2111'1'Sl‘g[¹1¹¹u¹¹.„.”'''
340 1713 379 1746 pe
404 1703 619 1745 postulatores
644 1699 719 1731 dare
738 1697 913 1739 scripturas
934 1695 1076 1727 medico-

338 1766 409 1787 rum
435 1755 484 1786 vcl
506 1753 736 1794 cliirurgorum
753 1760 813 1792 pro
831 1748 1074 1781 confirmatione

337 1807 579 1845 miraculorum.
593 1810 624 1837 et
643 1814 679 1836 ex
701 1803 761 1835 alia
781 1806 872 1845 parte
898 1811 962 1834 non
981 1799 1076 1832 fuerit

338 1860 466 1893 solitum
491 1856 684 1900 responderi
709 1865 767 1898 per
784 1854 908 1897 peritos
933 1853 1075 1885 eiusdem

338 1910 572 1957 professionis3
598 1909 673 1941 ideo
698 1908 827 1940 videtur
844 1906 1075 1942 necessarium,

337 1966 375 1998 ad
401 1966 464 1997 hoc
488 1968 522 1995 ut
547 1962 786 2004 respondeatur
810 1960 996 1992 secundum
1026 1969 1076 1990 ar-

338 2024 412 2055 tom,
432 2016 517 2059 quod
536 2013 814 2047 eminentissimus
831 2021 959 2055 ponens
976 2011 1076 2053 depu-

338 2075 383 2102 tet
408 2080 445 2101 ex
467 2068 581 2107 officio,
611 2066 747 2106 secroto,
775 2070 806 2098 et
829 2064 960 2108 praevio
992 2063 1077 2095 iura-

338 2128 459 2159 mento,
488 2121 585 2153 alium
620 2119 780 2152 medicum
812 2119 863 2150 vel
889 2117 1075 2159 chirurgun]

339 2175 563 2211 celebriorem,
586 2173 639 2216 qui
657 2172 853 2215 respondeat
876 2181 935 2213 pro
961 2170 1076 2202 verita—

340 2233 379 2266 te,
407 2227 445 2259 ad
470 2226 619 2259 effectum
644 2224 772 2257 videndi
810 2234 850 2256 an
875 2228 997 2255 asserta
1019 2222 1076 2254 nii-

339 2281 449 2313 racula
475 2280 631 2312 excedant
656 2278 740 2310 vires
765 2282 912 2308 naturae.

169 2341 327 2365 νπινιῑίνωιιε-
383 2333 441 2364 Dz'c
472 2342 509 2364 xv
533 2330 667 2363 octobris
698 2339 881 2363 iinchxvni
904 2328 991 2370 facch
1018 2337 1075 2369 per

144 2372 227 2424 iis-'ism
244 2373 326 2414 fiscii
340 2396 388 2418 mc
410 2384 651 2426 infrascriptum
674 2383 829 2415 relatione
861 2381 1074 2414 Sanetissimo

143 2422 208 2441 m*
334 2437 557 2480 praescitorum
581 2435 777 2467 decretorum
803 2445 874 2466 cum
898 2444 1006 2465 eorum
1027 2433 1076 2464 in-

339 2491 426 2534 teqrzi
446 2489 574 2527 lectura,
598 2488 760 2520 Sanctitas
784 2488 851 2520 Sua
877 2487 1025 2519 laudavit
1047 2490 1074 2518 ec

179 1023 206 1042 nn
225 1023 334 1043 advoc-aiis

374 2555 385 2581 1
403 2552 502 2581 Forsan
518 2552 593 2579 alias
609 2559 656 2586 pro
672 2550 746 2578 alios
762 2549 905 2585 tegendum
923 2551 963 2583 (n.
977 2550 1026 2582 Τ.).

927 170 1107 194 ΒΕΙᾸΑΙΠΗΜ
1130 170 1281 194 ROMANUM

1125 218 1328 260 npmobavit,
1353 221 1449 261 atque
1477 217 1602 251 servari
1631 217 1799 250 mandavit
1830 221 1860 251 et

1123 269 1296 312 publicari.

1322 323 1369 356 Io.
1389 323 1544 357 Bffnsm
1561 333 1604 356 DE
1619 323 1714 363 Luni,
1732 322 1861 356 auditor

1376 382 1408 410 et
1425 382 1542 410 secret.
1561 376 1808 410 memoriatium.

1212 429 1295 463 Loco
1319 432 1342 471 †
1367 429 1478 472 sigilli.

1405 483 1631 516 Bnnuanniuns
1645 482 1796 516 Casinus

1344 535 1375 568 S.
1404 535 1467 567 Rit.
1497 535 1692 577 Congregat.
1723 539 1843 568 secret.

1182 596 1196 635 ξ
1218 599 1246 626 2.
1270 597 1402 627 Formido
1424 598 1573 626 iuramenti
1594 598 1717 627 iudicum
1737 600 1801 627 ante

1290 642 1489 670 inchoationem
1508 651 1698 680 processuum.

1173 705 1186 723 α
1204 693 1270 735 Ego
1288 693 1519 736 infrascriptus,
1538 694 1630 726 tactis
1644 693 1860 727 sacrosanctis

1124 744 1305 787 Evangeliis
1324 756 1432 778 coram
1448 756 1497 778 me
1514 745 1721 788 positis,iuro
1738 750 1770 778 et
1784 755 1860 788 pro-

1124 797 1216 829 mitto
1241 797 1381 830 sideliter
1412 798 1590 840 adimplere
1625 808 1744 830 munus
1777 796 1859 830 mihi

1124 850 1329 882 commissum
1355 851 1439 883 circa
1459 850 1707 884 fabricationem
1729 861 1861 893 proces-

1124 913 1178 935 sus
1199 903 1231 935 in
1255 906 1353 936 causa
1373 904 1621 936 beatificationis
1641 909 1673 936 et
1689 904 1861 937 canoniza-

1125 956 1219 988 tionis
1243 956 1327 989 servi
1351 957 1407 990 Dei
1433 957 1469 989 N.
1493 958 1579 989 iuxta
1596 957 1731 989 sormam
1748 957 1861 990 decre-

1124 1015 1226 1041 torum
1243 1020 1354 1042 sacrae
1372 1009 1642 1052 Congregationis
1666 1009 1809 1049 Rituum,
1827 1013 1861 1042 et

1123 1061 1297 1104 praecipue
1311 1062 1557 1094 novissimorum
1572 1072 1654 1104 quae
1669 1061 1860 1094 confirmata

1124 1114 1252 1146 suerunt
1272 1124 1289 1146 a
1309 1114 1511 1146 sanctissimo
1530 1114 1660 1146 domino
1681 1119 1793 1147 nostro
1811 1114 1861 1146 In·

1122 1167 1276 1200 nocentio
1301 1167 1360 1207 ΧΓ,
1387 1177 1515 1199 necnon
1545 1167 1618 1199 iuro
1648 1172 1680 1199 et
1703 1166 1859 1210 promitto

1122 1219 1274 1261 religiose
1299 1230 1428 1252 servare
1453 1224 1626 1259 secretum,
1643 1224 1707 1252 tam
1726 1220 1765 1253 de
1782 1230 1860 1253 con-

1122 1271 1218 1303 tentis
1235 1272 1267 1303 in
1284 1271 1551 1314 interrogatoriis‚
1565 1282 1660 1314 quam
1674 1272 1713 1304 de
1729 1272 1859 1305 testium

1121 1324 1379 1366 depositionibus
1404 1334 1503 1366 super
1519 1324 1637 1356 iisdem
1655 1329 1687 1357 et
1703 1335 1799 1368 super
1815 1335 1860 1357 ar-

1122 1377 1240 1416 ticulis,
1260 1387 1320 1409 nec
1344 1377 1382 1409 de
1408 1377 1447 1409 iis
1465 1377 1556 1420 loqui
1574 1387 1646 1409 cum
1664 1377 1771 1420 aliqua
1786 1388 1859 1421 per-

1120 1432 1208 1469 sona,
1234 1430 1374 1472 exceptis
1394 1429 1464 1462 aliis
1481 1429 1642 1462 iudicibus
1666 1435 1697 1463 et
1720 1431 1859 1474 subpro-

1120 1489 1245 1515 motore
1271 1493 1307 1514 ac
1331 1483 1457 1515 notario
1481 1492 1540 1525 pro
1566 1483 1679 1515 eodem
1702 1493 1858 1526 processu

1120 1535 1292 1578 deputatis,
1306 1541 1337 1568 et
1353 1536 1384 1567 in
1403 1535 1495 1568 Curia
1513 1541 1648 1578 excepto
1666 1536 1764 1569 etiam
1780 1547 1858 1580 pro-

1120 1589 1290 1627 tonotario,
1316 1589 1375 1620 sub
1400 1591 1506 1631 poena
1530 1588 1667 1631 periurii
1684 1594 1716 1622 et
1733 1599 1858 1622 excom-

1119 1641 1344 1674 municationis
1360 1642 1442 1674 latae
1460 1641 1650 1682 sententiae,
1664 1652 1683 1674 a
1700 1653 1764 1685 qua
1780 1652 1858 1675 non-

1119 1694 1179 1726 nisi
1199 1705 1216 1726 a
1239 1695 1370 1727 Summo
1396 1693 1552 1727 Pontifice
1579 1694 1735 1737 (excluso
1760 1695 1857 1728 etiam

1118 1746 1233 1778 maiori
1253 1745 1528 1789 poenitentiario)
1565 1751 1797 1789 praeterquam
1822 1746 1856 1779 in

1119 1799 1231 1831 mortis
1263 1798 1401 1831 articulo
1434 1798 1557 1830 absolvi
1588 1798 1725 1841 possim.
1750 1798 1789 1831 Et
1812 1799 1857 1831 ita

1119 1851 1274 1895 promitto
1299 1856 1330 1883 et
1353 1851 1447 1883 iuro:
1475 1850 1521 1882 sic
1544 1861 1596 1883 me
1620 1850 1705 1884 Deus
1730 1851 1858 1884 adiuvet

1119 1910 1151 1937 ct
1175 1905 1256 1936 haec
1281 1908 1391 1935 sancta
1414 1903 1471 1935 Dei
1495 1902 1668 1945 Evangelia
1689 1914 1722 1936 γ».

1163 1957 1250 1989 Idem
1266 1956 1482 1988 iuramentum
1499 1956 1718 1998 praestabitur
1742 1966 1760 1988 a
1784 1956 1857 1989 sub-

1119 2014 1306 2053 promotorc
1331 2014 1363 2041 et
1386 2008 1524 2048 notario,
1542 2013 1573 2041 et
1593 2009 1624 2041 in
1650 2008 1743 2041 Curia
1760 2010 1857 2043 etiam

1119 2074 1136 2095 a
1160 2062 1394 2106 protonotario,
1421 2062 1553 2094 mutatis
1578 2062 1750 2095 mutandis,

1222 2120 1235 2158 ς
1257 2119 1285 2148 3.
1311 2119 1440 2149 Formula
1461 2119 1611 2148 iuramenti
1632 2120 1753 2149 testium.

1167 2180 1180 2199 «ι
1198 2168 1263 2210 Ego
1281 2167 1516 2210 infrascriptns,
1535 2167 1626 2200 tactis
1641 2167 1856 2201 sacrosanctis

1118 2221 1299 2263 Evangeliis
1325 2231 1432 2253 coram
1449 2231 1499 2253 me
1518 2221 1640 2263 positis,
1658 2221 1729 2254 iuro
1748 2221 1858 2255 dicere

1117 2274 1308 2313 veritatem,
1339 2279 1402 2306 tam
1438 2283 1537 2316 super
1569 2273 1854 2316 interrogatoriis,

1118 2338 1212 2369 quam
1237 2337 1334 2369 super
1359 2326 1504 2359 articulis
1531 2336 1630 2369 snper
1647 2325 1765 2368 quibus
1784 2336 1857 2358 exa-

1117 2380 1274 2419 minabor,
1296 2389 1423 2411 necnon
1449 2388 1575 2411 servare
1601 2383 1773 2418 secretum,
1795 2388 1856 2411 nec

1117 2432 1211 2464 alicui
1237 2431 1365 2474 penitus
1387 2432 1532 2464 revelare
1562 2435 1626 2463 tam
1643 2434 1798 2463 contenta
1821 2430 1855 2463 in

1117 2485 1231 2517 iisdem
1264 2483 1522 2526 interrogatoriis
1551 2493 1645 2526 quam
1670 2482 1857 2526 responsio·

1118 2549 1174 2571 nes
1199 2543 1230 2571 ct
1255 2537 1475 2580 depositiones
1511 2547 1528 2569 a
1563 2545 1613 2569 me
1651 2535 1762 2577 saetas,
1794 2534 1854 2568 sub

1861 167 1914 196 An.
1930 168 1960 197 C.
1980 169 2047 198 ¹678

1909 699 2051 731 *iuramentum

1869 727 1969 749 iudicum.

1910 2172 2049 2194 tui-amentum

1867 2201 1959 2220 testium.
