<?xml version="1.0" encoding="UTF-8"?>
<!DOCTYPE html PUBLIC "-//W3C//DTD XHTML 1.0 Transitional//EN"
    "http://www.w3.org/TR/xhtml1/DTD/xhtml1-transitional.dtd">
<html xmlns="http://www.w3.org/1999/xhtml" xml:lang="en" lang="en">
 <head>
  <title>
</title>
<meta http-equiv="Content-Type" content="text/html;charset=utf-8" />
  <meta name='ocr-system' content='tesseract 3.04.00' />
  <meta name='ocr-capabilities' content='ocr_page ocr_carea ocr_par ocr_line ocrx_word'/>
</head>
<body>
  <div class='ocr_page' id='page_1' title='image "./bullarumdiplomat19cath_0674.png"; bbox 0 0 2111 3157; ppageno 0'>
   <div class='ocr_carea' id='block_1_1' title="bbox 144 147 448 187">
    <p class='ocr_par' dir='ltr' id='par_1_1' title="bbox 144 147 448 187">
     <span class='ocr_line' id='line_1_1' title="bbox 144 147 448 187; baseline -0.02 -1"><span class='ocrx_word' id='word_1_1' title='bbox 144 159 194 187; x_wconf 73' lang='lat' dir='ltr'>An.</span> <span class='ocrx_word' id='word_1_2' title='bbox 219 158 247 186; x_wconf 84' lang='lat' dir='ltr'>c.</span> <span class='ocrx_word' id='word_1_3' title='bbox 268 156 337 185; x_wconf 73' lang='lat' dir='ltr'>mse</span> <span class='ocrx_word' id='word_1_4' title='bbox 385 147 448 181; x_wconf 62' lang='lat' dir='ltr'>filio</span> 
     </span>
    </p>
   </div>
   <div class='ocr_carea' id='block_1_2' title="bbox 330 201 1078 2488">
    <p class='ocr_par' dir='ltr' id='par_1_2' title="bbox 335 201 1072 305">
     <span class='ocr_line' id='line_1_2' title="bbox 335 201 1072 251; baseline -0.008 -11"><span class='ocrx_word' id='word_1_5' title='bbox 335 215 552 251; x_wconf 81' lang='lat' dir='ltr'>expensarum</span> <span class='ocrx_word' id='word_1_6' title='bbox 577 204 700 238; x_wconf 75' lang='lat' dir='ltr'>refusio</span> <span class='ocrx_word' id='word_1_7' title='bbox 724 203 772 237; x_wconf 92' lang='lat' dir='ltr'>illi</span> <span class='ocrx_word' id='word_1_8' title='bbox 796 201 1015 244; x_wconf 86' lang='lat' dir='ltr'>monasterio,</span> <span class='ocrx_word' id='word_1_9' title='bbox 1038 201 1072 235; x_wconf 90' lang='lat' dir='ltr'>in</span> 
     </span>
     <span class='ocr_line' id='line_1_3' title="bbox 336 259 821 305; baseline -0.006 -11"><span class='ocrx_word' id='word_1_10' title='bbox 336 271 399 305; x_wconf 90' lang='lat' dir='ltr'>quo</span> <span class='ocrx_word' id='word_1_11' title='bbox 425 260 600 304; x_wconf 87' lang='lat' dir='ltr'>capitulum</span> <span class='ocrx_word' id='word_1_12' title='bbox 625 259 821 291; x_wconf 83' lang='lat' dir='ltr'>celebratur.</span> 
     </span>
    </p>

    <p class='ocr_par' dir='ltr' id='par_1_3' title="bbox 331 308 1073 1314">
     <span class='ocr_line' id='line_1_4' title="bbox 378 308 1073 357; baseline -0.009 -10"><span class='ocrx_word' id='word_1_13' title='bbox 378 314 413 347; x_wconf 91' lang='lat' dir='ltr'>ln</span> <span class='ocrx_word' id='word_1_14' title='bbox 437 313 583 357; x_wconf 79' lang='lat' dir='ltr'>proximo</span> <span class='ocrx_word' id='word_1_15' title='bbox 617 311 759 355; x_wconf 89' lang='lat' dir='ltr'>capitulo</span> <span class='ocrx_word' id='word_1_16' title='bbox 792 308 992 353; x_wconf 78' lang='lat' dir='ltr'>praesidebit</span> <span class='ocrx_word' id='word_1_17' title='bbox 1017 309 1073 342; x_wconf 89' lang='lat' dir='ltr'>do-</span> 
     </span>
     <span class='ocr_line' id='line_1_5' title="bbox 334 363 1069 404; baseline -0.008 -3"><span class='ocrx_word' id='word_1_18' title='bbox 334 367 441 402; x_wconf 87' lang='lat' dir='ltr'>minus</span> <span class='ocrx_word' id='word_1_19' title='bbox 467 365 668 400; x_wconf 77' lang='lat' dir='ltr'>Caelestinus</span> <span class='ocrx_word' id='word_1_20' title='bbox 693 365 791 397; x_wconf 88' lang='lat' dir='ltr'>abbas</span> <span class='ocrx_word' id='word_1_21' title='bbox 816 363 847 397; x_wconf 87' lang='lat' dir='ltr'>S.</span> <span class='ocrx_word' id='word_1_22' title='bbox 874 363 1069 404; x_wconf 87' lang='lat' dir='ltr'>Emmerani‚</span> 
     </span>
     <span class='ocr_line' id='line_1_6' title="bbox 335 416 1070 464; baseline -0.007 -11"><span class='ocrx_word' id='word_1_23' title='bbox 335 420 388 464; x_wconf 91' lang='lat' dir='ltr'>qui</span> <span class='ocrx_word' id='word_1_24' title='bbox 414 420 587 453; x_wconf 80' lang='lat' dir='ltr'>novissime</span> <span class='ocrx_word' id='word_1_25' title='bbox 612 419 733 452; x_wconf 85' lang='lat' dir='ltr'>electus</span> <span class='ocrx_word' id='word_1_26' title='bbox 758 416 817 449; x_wconf 89' lang='lat' dir='ltr'>suit</span> <span class='ocrx_word' id='word_1_27' title='bbox 837 416 869 449; x_wconf 91' lang='lat' dir='ltr'>in</span> <span class='ocrx_word' id='word_1_28' title='bbox 889 416 1070 459; x_wconf 77' lang='lat' dir='ltr'>praesidem</span> 
     </span>
     <span class='ocr_line' id='line_1_7' title="bbox 334 469 1071 515; baseline -0.008 -9"><span class='ocrx_word' id='word_1_29' title='bbox 334 471 616 515; x_wconf 83' lang='lat' dir='ltr'>Congregationis:</span> <span class='ocrx_word' id='word_1_30' title='bbox 634 471 667 504; x_wconf 93' lang='lat' dir='ltr'>in</span> <span class='ocrx_word' id='word_1_31' title='bbox 685 471 755 504; x_wconf 88' lang='lat' dir='ltr'>aliis</span> <span class='ocrx_word' id='word_1_32' title='bbox 768 479 845 503; x_wconf 87' lang='lat' dir='ltr'>vero</span> <span class='ocrx_word' id='word_1_33' title='bbox 862 469 1024 512; x_wconf 76' lang='lat' dir='ltr'>eligentur</span> <span class='ocrx_word' id='word_1_34' title='bbox 1040 469 1071 501; x_wconf 92' lang='lat' dir='ltr'>in</span> 
     </span>
     <span class='ocr_line' id='line_1_8' title="bbox 333 522 1072 570; baseline -0.007 -11"><span class='ocrx_word' id='word_1_35' title='bbox 333 525 495 570; x_wconf 88' lang='lat' dir='ltr'>principio</span> <span class='ocrx_word' id='word_1_36' title='bbox 528 524 661 569; x_wconf 90' lang='lat' dir='ltr'>capituli</span> <span class='ocrx_word' id='word_1_37' title='bbox 695 534 754 567; x_wconf 89' lang='lat' dir='ltr'>per</span> <span class='ocrx_word' id='word_1_38' title='bbox 785 527 860 556; x_wconf 88' lang='lat' dir='ltr'>vota</span> <span class='ocrx_word' id='word_1_39' title='bbox 883 527 1009 555; x_wconf 88' lang='lat' dir='ltr'>secreta</span> <span class='ocrx_word' id='word_1_40' title='bbox 1040 522 1072 554; x_wconf 92' lang='lat' dir='ltr'>in</span> 
     </span>
     <span class='ocr_line' id='line_1_9' title="bbox 333 576 1072 623; baseline -0.007 -10"><span class='ocrx_word' id='word_1_41' title='bbox 333 579 460 623; x_wconf 82' lang='lat' dir='ltr'>scriptis</span> <span class='ocrx_word' id='word_1_42' title='bbox 478 589 610 622; x_wconf 81' lang='lat' dir='ltr'>praeses</span> <span class='ocrx_word' id='word_1_43' title='bbox 626 582 657 611; x_wconf 85' lang='lat' dir='ltr'>et</span> <span class='ocrx_word' id='word_1_44' title='bbox 671 578 735 611; x_wconf 90' lang='lat' dir='ltr'>duo</span> <span class='ocrx_word' id='word_1_45' title='bbox 749 577 931 610; x_wconf 76' lang='lat' dir='ltr'>visitatores</span> <span class='ocrx_word' id='word_1_46' title='bbox 944 587 951 608; x_wconf 79' lang='lat' dir='ltr'>z</span> <span class='ocrx_word' id='word_1_47' title='bbox 964 576 997 608; x_wconf 91' lang='lat' dir='ltr'>in</span> <span class='ocrx_word' id='word_1_48' title='bbox 1012 576 1072 609; x_wconf 88' lang='lat' dir='ltr'>hoe</span> 
     </span>
     <span class='ocr_line' id='line_1_10' title="bbox 334 628 1073 676; baseline -0.005 -12"><span class='ocrx_word' id='word_1_49' title='bbox 334 642 462 676; x_wconf 88' lang='lat' dir='ltr'>quoque</span> <span class='ocrx_word' id='word_1_50' title='bbox 487 630 633 675; x_wconf 82' lang='lat' dir='ltr'>proximo</span> <span class='ocrx_word' id='word_1_51' title='bbox 659 629 799 673; x_wconf 87' lang='lat' dir='ltr'>capitulo</span> <span class='ocrx_word' id='word_1_52' title='bbox 819 628 873 662; x_wconf 88' lang='lat' dir='ltr'>tali</span> <span class='ocrx_word' id='word_1_53' title='bbox 898 628 996 662; x_wconf 88' lang='lat' dir='ltr'>modo</span> <span class='ocrx_word' id='word_1_54' title='bbox 1016 628 1073 661; x_wconf 90' lang='lat' dir='ltr'>eli-</span> 
     </span>
     <span class='ocr_line' id='line_1_11' title="bbox 332 682 1071 730; baseline -0.008 -10"><span class='ocrx_word' id='word_1_55' title='bbox 332 686 430 730; x_wconf 78' lang='lat' dir='ltr'>gendi</span> <span class='ocrx_word' id='word_1_56' title='bbox 445 685 561 726; x_wconf 79' lang='lat' dir='ltr'>erunt¹3</span> <span class='ocrx_word' id='word_1_57' title='bbox 573 687 701 728; x_wconf 83' lang='lat' dir='ltr'>unaque</span> <span class='ocrx_word' id='word_1_58' title='bbox 716 695 785 717; x_wconf 92' lang='lat' dir='ltr'>cum</span> <span class='ocrx_word' id='word_1_59' title='bbox 800 683 949 727; x_wconf 78' lang='lat' dir='ltr'>praeside</span> <span class='ocrx_word' id='word_1_60' title='bbox 965 682 1071 715; x_wconf 90' lang='lat' dir='ltr'>eidem</span> 
     </span>
     <span class='ocr_line' id='line_1_12' title="bbox 332 735 1072 784; baseline -0.007 -11"><span class='ocrx_word' id='word_1_61' title='bbox 332 739 518 784; x_wconf 76' lang='lat' dir='ltr'>praesidere</span> <span class='ocrx_word' id='word_1_62' title='bbox 544 739 720 778; x_wconf 90' lang='lat' dir='ltr'>debebunt,</span> <span class='ocrx_word' id='word_1_63' title='bbox 748 735 957 770; x_wconf 74' lang='lat' dir='ltr'>directorium</span> <span class='ocrx_word' id='word_1_64' title='bbox 974 736 1072 768; x_wconf 90' lang='lat' dir='ltr'>habe-</span> 
     </span>
     <span class='ocr_line' id='line_1_13' title="bbox 332 789 1072 836; baseline -0.007 -10"><span class='ocrx_word' id='word_1_65' title='bbox 332 793 423 833; x_wconf 89' lang='lat' dir='ltr'>bunt,</span> <span class='ocrx_word' id='word_1_66' title='bbox 436 791 653 836; x_wconf 88' lang='lat' dir='ltr'>proponenda</span> <span class='ocrx_word' id='word_1_67' title='bbox 669 796 868 834; x_wconf 74' lang='lat' dir='ltr'>proponent,</span> <span class='ocrx_word' id='word_1_68' title='bbox 889 789 1024 823; x_wconf 87' lang='lat' dir='ltr'>consilia</span> <span class='ocrx_word' id='word_1_69' title='bbox 1041 795 1072 822; x_wconf 90' lang='lat' dir='ltr'>et</span> 
     </span>
     <span class='ocr_line' id='line_1_14' title="bbox 331 843 1070 888; baseline -0.007 -9"><span class='ocrx_word' id='word_1_70' title='bbox 331 852 404 880; x_wconf 87' lang='lat' dir='ltr'>vota</span> <span class='ocrx_word' id='word_1_71' title='bbox 421 846 558 879; x_wconf 87' lang='lat' dir='ltr'>aliorum</span> <span class='ocrx_word' id='word_1_72' title='bbox 575 844 754 888; x_wconf 74' lang='lat' dir='ltr'>requirent,</span> <span class='ocrx_word' id='word_1_73' title='bbox 781 848 878 887; x_wconf 89' lang='lat' dir='ltr'>atque</span> <span class='ocrx_word' id='word_1_74' title='bbox 893 843 1070 876; x_wconf 90' lang='lat' dir='ltr'>secundum</span> 
     </span>
     <span class='ocr_line' id='line_1_15' title="bbox 332 897 1069 943; baseline -0.007 -11"><span class='ocrx_word' id='word_1_75' title='bbox 332 910 389 939; x_wconf 88' lang='lat' dir='ltr'>ea,</span> <span class='ocrx_word' id='word_1_76' title='bbox 417 909 497 943; x_wconf 86' lang='lat' dir='ltr'>quae</span> <span class='ocrx_word' id='word_1_77' title='bbox 522 898 645 931; x_wconf 85' lang='lat' dir='ltr'>seilicet</span> <span class='ocrx_word' id='word_1_78' title='bbox 675 908 735 941; x_wconf 89' lang='lat' dir='ltr'>per</span> <span class='ocrx_word' id='word_1_79' title='bbox 763 897 921 929; x_wconf 86' lang='lat' dir='ltr'>maiorem</span> <span class='ocrx_word' id='word_1_80' title='bbox 946 901 1069 939; x_wconf 87' lang='lat' dir='ltr'>partem</span> 
     </span>
     <span class='ocr_line' id='line_1_16' title="bbox 331 949 1070 995; baseline -0.008 -9"><span class='ocrx_word' id='word_1_81' title='bbox 331 952 558 995; x_wconf 81' lang='lat' dir='ltr'>suffragiorum</span> <span class='ocrx_word' id='word_1_82' title='bbox 591 953 674 984; x_wconf 91' lang='lat' dir='ltr'>ultra</span> <span class='ocrx_word' id='word_1_83' title='bbox 710 950 916 984; x_wconf 87' lang='lat' dir='ltr'>medietatem</span> <span class='ocrx_word' id='word_1_84' title='bbox 951 949 1070 981; x_wconf 77' lang='lat' dir='ltr'>suerint</span> 
     </span>
     <span class='ocr_line' id='line_1_17' title="bbox 331 1004 1070 1048; baseline -0.008 -9"><span class='ocrx_word' id='word_1_85' title='bbox 331 1007 486 1039; x_wconf 90' lang='lat' dir='ltr'>conclusa</span> <span class='ocrx_word' id='word_1_86' title='bbox 505 1010 537 1038; x_wconf 86' lang='lat' dir='ltr'>et</span> <span class='ocrx_word' id='word_1_87' title='bbox 560 1004 750 1048; x_wconf 84' lang='lat' dir='ltr'>approbata,</span> <span class='ocrx_word' id='word_1_88' title='bbox 771 1012 916 1036; x_wconf 84' lang='lat' dir='ltr'>recessus</span> <span class='ocrx_word' id='word_1_89' title='bbox 933 1012 988 1034; x_wconf 89' lang='lat' dir='ltr'>seu</span> <span class='ocrx_word' id='word_1_90' title='bbox 1008 1007 1070 1034; x_wconf 89' lang='lat' dir='ltr'>sta-</span> 
     </span>
     <span class='ocr_line' id='line_1_18' title="bbox 331 1055 1071 1102; baseline -0.005 -10"><span class='ocrx_word' id='word_1_91' title='bbox 331 1064 399 1092; x_wconf 83' lang='lat' dir='ltr'>tuta</span> <span class='ocrx_word' id='word_1_92' title='bbox 423 1058 611 1102; x_wconf 86' lang='lat' dir='ltr'>capitularia</span> <span class='ocrx_word' id='word_1_93' title='bbox 627 1057 815 1090; x_wconf 79' lang='lat' dir='ltr'>conficient:</span> <span class='ocrx_word' id='word_1_94' title='bbox 839 1061 879 1096; x_wconf 90' lang='lat' dir='ltr'>et,</span> <span class='ocrx_word' id='word_1_95' title='bbox 894 1055 981 1099; x_wconf 90' lang='lat' dir='ltr'>quod</span> <span class='ocrx_word' id='word_1_96' title='bbox 1000 1055 1071 1088; x_wconf 90' lang='lat' dir='ltr'>tali-</span> 
     </span>
     <span class='ocr_line' id='line_1_19' title="bbox 331 1107 1071 1152; baseline -0.007 -7"><span class='ocrx_word' id='word_1_97' title='bbox 331 1117 382 1145; x_wconf 87' lang='lat' dir='ltr'>ter</span> <span class='ocrx_word' id='word_1_98' title='bbox 400 1112 485 1145; x_wconf 84' lang='lat' dir='ltr'>circa</span> <span class='ocrx_word' id='word_1_99' title='bbox 501 1110 741 1144; x_wconf 88' lang='lat' dir='ltr'>observantiam</span> <span class='ocrx_word' id='word_1_100' title='bbox 759 1109 942 1152; x_wconf 80' lang='lat' dir='ltr'>regularem</span> <span class='ocrx_word' id='word_1_101' title='bbox 957 1107 1017 1141; x_wconf 91' lang='lat' dir='ltr'>rite</span> <span class='ocrx_word' id='word_1_102' title='bbox 1039 1113 1071 1140; x_wconf 88' lang='lat' dir='ltr'>et</span> 
     </span>
     <span class='ocr_line' id='line_1_20' title="bbox 331 1161 1070 1203; baseline -0.007 -5"><span class='ocrx_word' id='word_1_103' title='bbox 331 1170 419 1199; x_wconf 89' lang='lat' dir='ltr'>recte</span> <span class='ocrx_word' id='word_1_104' title='bbox 445 1169 598 1198; x_wconf 86' lang='lat' dir='ltr'>statutum</span> <span class='ocrx_word' id='word_1_105' title='bbox 624 1164 732 1203; x_wconf 85' lang='lat' dir='ltr'>suerit,</span> <span class='ocrx_word' id='word_1_106' title='bbox 754 1161 985 1195; x_wconf 87' lang='lat' dir='ltr'>inviolabiliter</span> <span class='ocrx_word' id='word_1_107' title='bbox 1013 1161 1070 1194; x_wconf 93' lang='lat' dir='ltr'>ob-</span> 
     </span>
     <span class='ocr_line' id='line_1_21' title="bbox 332 1215 1070 1258; baseline -0.007 -6"><span class='ocrx_word' id='word_1_108' title='bbox 332 1223 480 1252; x_wconf 82' lang='lat' dir='ltr'>servetur</span> <span class='ocrx_word' id='word_1_109' title='bbox 498 1218 536 1250; x_wconf 86' lang='lat' dir='ltr'>ab</span> <span class='ocrx_word' id='word_1_110' title='bbox 562 1217 722 1258; x_wconf 84' lang='lat' dir='ltr'>omnibus,</span> <span class='ocrx_word' id='word_1_111' title='bbox 744 1216 831 1249; x_wconf 90' lang='lat' dir='ltr'>omni</span> <span class='ocrx_word' id='word_1_112' title='bbox 850 1215 1070 1256; x_wconf 76' lang='lat' dir='ltr'>excusatione,</span> 
     </span>
     <span class='ocr_line' id='line_1_22' title="bbox 331 1269 1067 1314; baseline -0.005 -9"><span class='ocrx_word' id='word_1_113' title='bbox 331 1271 589 1306; x_wconf 75' lang='lat' dir='ltr'>contradictione</span> <span class='ocrx_word' id='word_1_114' title='bbox 616 1275 647 1303; x_wconf 90' lang='lat' dir='ltr'>et</span> <span class='ocrx_word' id='word_1_115' title='bbox 671 1269 891 1314; x_wconf 82' lang='lat' dir='ltr'>appellatione</span> <span class='ocrx_word' id='word_1_116' title='bbox 923 1269 1067 1302; x_wconf 88' lang='lat' dir='ltr'>remotis.</span> 
     </span>
    </p>

    <p class='ocr_par' dir='ltr' id='par_1_4' title="bbox 330 1322 1071 1850">
     <span class='ocr_line' id='line_1_23' title="bbox 374 1322 1070 1369; baseline -0.007 -10"><span class='ocrx_word' id='word_1_117' title='bbox 374 1326 446 1369; x_wconf 83' lang='lat' dir='ltr'>Ipse</span> <span class='ocrx_word' id='word_1_118' title='bbox 481 1335 557 1358; x_wconf 91' lang='lat' dir='ltr'>vero</span> <span class='ocrx_word' id='word_1_119' title='bbox 593 1324 768 1358; x_wconf 86' lang='lat' dir='ltr'>modernus</span> <span class='ocrx_word' id='word_1_120' title='bbox 805 1323 904 1356; x_wconf 88' lang='lat' dir='ltr'>abbas</span> <span class='ocrx_word' id='word_1_121' title='bbox 935 1322 966 1355; x_wconf 88' lang='lat' dir='ltr'>S.</span> <span class='ocrx_word' id='word_1_122' title='bbox 1000 1322 1070 1355; x_wconf 93' lang='lat' dir='ltr'>Em-</span> 
     </span>
     <span class='ocr_line' id='line_1_24' title="bbox 330 1374 1071 1422; baseline -0.007 -10"><span class='ocrx_word' id='word_1_123' title='bbox 330 1378 452 1412; x_wconf 87' lang='lat' dir='ltr'>merani</span> <span class='ocrx_word' id='word_1_124' title='bbox 470 1378 651 1422; x_wconf 77' lang='lat' dir='ltr'>proximum</span> <span class='ocrx_word' id='word_1_125' title='bbox 676 1378 828 1420; x_wconf 86' lang='lat' dir='ltr'>generale</span> <span class='ocrx_word' id='word_1_126' title='bbox 850 1376 1023 1419; x_wconf 86' lang='lat' dir='ltr'>capitulum</span> <span class='ocrx_word' id='word_1_127' title='bbox 1041 1374 1071 1408; x_wconf 66' lang='lat' dir='ltr'>a&#39;z</span> 
     </span>
     <span class='ocr_line' id='line_1_25' title="bbox 331 1429 1068 1473; baseline -0.007 -7"><span class='ocrx_word' id='word_1_128' title='bbox 331 1431 527 1466; x_wconf 81' lang='lat' dir='ltr'>monasterio</span> <span class='ocrx_word' id='word_1_129' title='bbox 560 1431 599 1463; x_wconf 91' lang='lat' dir='ltr'>ab</span> <span class='ocrx_word' id='word_1_130' title='bbox 636 1438 674 1463; x_wconf 85' lang='lat' dir='ltr'>eo</span> <span class='ocrx_word' id='word_1_131' title='bbox 707 1430 892 1473; x_wconf 87' lang='lat' dir='ltr'>deputando</span> <span class='ocrx_word' id='word_1_132' title='bbox 926 1429 1068 1470; x_wconf 72' lang='lat' dir='ltr'>indicet,</span> 
     </span>
     <span class='ocr_line' id='line_1_26' title="bbox 333 1482 1069 1526; baseline -0.005 -8"><span class='ocrx_word' id='word_1_133' title='bbox 333 1487 438 1518; x_wconf 85' lang='lat' dir='ltr'>sutura</span> <span class='ocrx_word' id='word_1_134' title='bbox 458 1494 535 1518; x_wconf 89' lang='lat' dir='ltr'>vero</span> <span class='ocrx_word' id='word_1_135' title='bbox 556 1484 713 1517; x_wconf 84' lang='lat' dir='ltr'>eiusmodi</span> <span class='ocrx_word' id='word_1_136' title='bbox 740 1483 904 1526; x_wconf 82' lang='lat' dir='ltr'>generalia</span> <span class='ocrx_word' id='word_1_137' title='bbox 929 1482 1069 1526; x_wconf 89' lang='lat' dir='ltr'>capitula</span> 
     </span>
     <span class='ocr_line' id='line_1_27' title="bbox 332 1536 1066 1583; baseline -0.005 -11"><span class='ocrx_word' id='word_1_138' title='bbox 332 1550 349 1572; x_wconf 90' lang='lat' dir='ltr'>a</span> <span class='ocrx_word' id='word_1_139' title='bbox 368 1538 602 1583; x_wconf 72' lang='lat' dir='ltr'>praesidepro</span> <span class='ocrx_word' id='word_1_140' title='bbox 629 1543 773 1580; x_wconf 86' lang='lat' dir='ltr'>tempore</span> <span class='ocrx_word' id='word_1_141' title='bbox 805 1536 973 1577; x_wconf 80' lang='lat' dir='ltr'>existente,</span> <span class='ocrx_word' id='word_1_142' title='bbox 1003 1537 1066 1577; x_wconf 90' lang='lat' dir='ltr'>vel,</span> 
     </span>
     <span class='ocr_line' id='line_1_28' title="bbox 333 1589 1068 1633; baseline -0.007 -7"><span class='ocrx_word' id='word_1_143' title='bbox 333 1603 370 1626; x_wconf 91' lang='lat' dir='ltr'>eo</span> <span class='ocrx_word' id='word_1_144' title='bbox 392 1602 457 1625; x_wconf 90' lang='lat' dir='ltr'>non</span> <span class='ocrx_word' id='word_1_145' title='bbox 479 1591 648 1631; x_wconf 77' lang='lat' dir='ltr'>existente,</span> <span class='ocrx_word' id='word_1_146' title='bbox 668 1596 722 1623; x_wconf 87' lang='lat' dir='ltr'>aut</span> <span class='ocrx_word' id='word_1_147' title='bbox 742 1590 885 1633; x_wconf 74' lang='lat' dir='ltr'>legitime</span> <span class='ocrx_word' id='word_1_148' title='bbox 901 1589 1068 1633; x_wconf 87' lang='lat' dir='ltr'>impedito,</span> 
     </span>
     <span class='ocr_line' id='line_1_29' title="bbox 333 1643 1070 1690; baseline -0.005 -11"><span class='ocrx_word' id='word_1_149' title='bbox 333 1657 349 1679; x_wconf 88' lang='lat' dir='ltr'>a</span> <span class='ocrx_word' id='word_1_150' title='bbox 367 1646 472 1690; x_wconf 84' lang='lat' dir='ltr'>primo</span> <span class='ocrx_word' id='word_1_151' title='bbox 490 1644 665 1684; x_wconf 81' lang='lat' dir='ltr'>visitatore,</span> <span class='ocrx_word' id='word_1_152' title='bbox 687 1644 839 1687; x_wconf 84' lang='lat' dir='ltr'>congruis</span> <span class='ocrx_word' id='word_1_153' title='bbox 869 1643 1070 1687; x_wconf 83' lang='lat' dir='ltr'>temporibus</span> 
     </span>
     <span class='ocr_line' id='line_1_30' title="bbox 332 1697 1069 1733; baseline -0.004 0"><span class='ocrx_word' id='word_1_154' title='bbox 332 1699 472 1733; x_wconf 88' lang='lat' dir='ltr'>intimari</span> <span class='ocrx_word' id='word_1_155' title='bbox 493 1710 530 1732; x_wconf 92' lang='lat' dir='ltr'>ae</span> <span class='ocrx_word' id='word_1_156' title='bbox 555 1697 722 1731; x_wconf 82' lang='lat' dir='ltr'>convocari</span> <span class='ocrx_word' id='word_1_157' title='bbox 749 1698 915 1730; x_wconf 85' lang='lat' dir='ltr'>debebunt</span> <span class='ocrx_word' id='word_1_158' title='bbox 938 1697 971 1730; x_wconf 89' lang='lat' dir='ltr'>in</span> <span class='ocrx_word' id='word_1_159' title='bbox 996 1699 1069 1731; x_wconf 89' lang='lat' dir='ltr'>loco</span> 
     </span>
     <span class='ocr_line' id='line_1_31' title="bbox 333 1751 1067 1797; baseline -0.005 -10"><span class='ocrx_word' id='word_1_160' title='bbox 333 1765 350 1787; x_wconf 82' lang='lat' dir='ltr'>a</span> <span class='ocrx_word' id='word_1_161' title='bbox 374 1752 583 1797; x_wconf 85' lang='lat' dir='ltr'>praecedenti</span> <span class='ocrx_word' id='word_1_162' title='bbox 620 1752 761 1795; x_wconf 89' lang='lat' dir='ltr'>capitulo</span> <span class='ocrx_word' id='word_1_163' title='bbox 796 1751 942 1795; x_wconf 83' lang='lat' dir='ltr'>generali</span> <span class='ocrx_word' id='word_1_164' title='bbox 980 1751 1067 1784; x_wconf 83' lang='lat' dir='ltr'>desi·</span> 
     </span>
     <span class='ocr_line' id='line_1_32' title="bbox 333 1811 444 1850; baseline -0.009 -11"><span class='ocrx_word' id='word_1_165' title='bbox 333 1811 444 1850; x_wconf 78' lang='lat' dir='ltr'>gnato.</span> 
     </span>
    </p>

    <p class='ocr_par' dir='ltr' id='par_1_5' title="bbox 333 1858 1078 2488">
     <span class='ocr_line' id='line_1_33' title="bbox 377 1858 1071 1902; baseline -0.001 -10"><span class='ocrx_word' id='word_1_166' title='bbox 377 1859 433 1898; x_wconf 89' lang='lat' dir='ltr'>Qui</span> <span class='ocrx_word' id='word_1_167' title='bbox 458 1859 602 1902; x_wconf 83' lang='lat' dir='ltr'>legitime</span> <span class='ocrx_word' id='word_1_168' title='bbox 621 1858 765 1902; x_wconf 86' lang='lat' dir='ltr'>impediti</span> <span class='ocrx_word' id='word_1_169' title='bbox 792 1868 979 1901; x_wconf 85' lang='lat' dir='ltr'>comparere</span> <span class='ocrx_word' id='word_1_170' title='bbox 997 1869 1071 1902; x_wconf 89' lang='lat' dir='ltr'>per-</span> 
     </span>
     <span class='ocr_line' id='line_1_34' title="bbox 333 1912 1072 1956; baseline -0.004 -9"><span class='ocrx_word' id='word_1_171' title='bbox 333 1913 490 1947; x_wconf 83' lang='lat' dir='ltr'>sonaliter</span> <span class='ocrx_word' id='word_1_172' title='bbox 514 1922 580 1945; x_wconf 90' lang='lat' dir='ltr'>non</span> <span class='ocrx_word' id='word_1_173' title='bbox 605 1916 768 1956; x_wconf 90' lang='lat' dir='ltr'>poterunt,</span> <span class='ocrx_word' id='word_1_174' title='bbox 788 1912 985 1945; x_wconf 83' lang='lat' dir='ltr'>constituant</span> <span class='ocrx_word' id='word_1_175' title='bbox 1006 1912 1072 1954; x_wconf 87' lang='lat' dir='ltr'>(do-</span> 
     </span>
     <span class='ocr_line' id='line_1_35' title="bbox 333 1965 1072 2011; baseline -0.005 -10"><span class='ocrx_word' id='word_1_176' title='bbox 333 1972 383 2001; x_wconf 90' lang='lat' dir='ltr'>cto</span> <span class='ocrx_word' id='word_1_177' title='bbox 403 1966 495 2011; x_wconf 89' lang='lat' dir='ltr'>prius</span> <span class='ocrx_word' id='word_1_178' title='bbox 520 1966 559 1999; x_wconf 89' lang='lat' dir='ltr'>de</span> <span class='ocrx_word' id='word_1_179' title='bbox 584 1965 743 1999; x_wconf 86' lang='lat' dir='ltr'>eiusmodi</span> <span class='ocrx_word' id='word_1_180' title='bbox 770 1966 916 2009; x_wconf 86' lang='lat' dir='ltr'>legitimo</span> <span class='ocrx_word' id='word_1_181' title='bbox 941 1965 1072 2009; x_wconf 86' lang='lat' dir='ltr'>impedi-</span> 
     </span>
     <span class='ocr_line' id='line_1_36' title="bbox 334 2019 1071 2063; baseline -0.007 -9"><span class='ocrx_word' id='word_1_182' title='bbox 334 2025 453 2059; x_wconf 83' lang='lat' dir='ltr'>mento,</span> <span class='ocrx_word' id='word_1_183' title='bbox 475 2019 658 2062; x_wconf 77' lang='lat' dir='ltr'>traditaque</span> <span class='ocrx_word' id='word_1_184' title='bbox 684 2019 716 2051; x_wconf 89' lang='lat' dir='ltr'>in</span> <span class='ocrx_word' id='word_1_185' title='bbox 742 2019 861 2063; x_wconf 87' lang='lat' dir='ltr'>scripto</span> <span class='ocrx_word' id='word_1_186' title='bbox 886 2019 1071 2062; x_wconf 80' lang='lat' dir='ltr'>potestate)</span> 
     </span>
     <span class='ocr_line' id='line_1_37' title="bbox 335 2071 1073 2118; baseline -0.004 -12"><span class='ocrx_word' id='word_1_187' title='bbox 335 2077 590 2118; x_wconf 86' lang='lat' dir='ltr'>procuratorem,</span> <span class='ocrx_word' id='word_1_188' title='bbox 610 2071 675 2105; x_wconf 83' lang='lat' dir='ltr'>sive</span> <span class='ocrx_word' id='word_1_189' title='bbox 697 2082 796 2104; x_wconf 91' lang='lat' dir='ltr'>unum</span> <span class='ocrx_word' id='word_1_190' title='bbox 822 2083 859 2105; x_wconf 79' lang='lat' dir='ltr'>ex</span> <span class='ocrx_word' id='word_1_191' title='bbox 885 2071 955 2105; x_wconf 89' lang='lat' dir='ltr'>aliis</span> <span class='ocrx_word' id='word_1_192' title='bbox 976 2071 1073 2103; x_wconf 87' lang='lat' dir='ltr'>abba-</span> 
     </span>
     <span class='ocr_line' id='line_1_38' title="bbox 336 2125 1073 2169; baseline -0.003 -10"><span class='ocrx_word' id='word_1_193' title='bbox 336 2127 432 2166; x_wconf 85' lang='lat' dir='ltr'>tibus,</span> <span class='ocrx_word' id='word_1_194' title='bbox 452 2125 517 2159; x_wconf 89' lang='lat' dir='ltr'>sive</span> <span class='ocrx_word' id='word_1_195' title='bbox 532 2126 687 2169; x_wconf 84' lang='lat' dir='ltr'>priorem,</span> <span class='ocrx_word' id='word_1_196' title='bbox 701 2130 755 2158; x_wconf 89' lang='lat' dir='ltr'>aut</span> <span class='ocrx_word' id='word_1_197' title='bbox 772 2125 870 2158; x_wconf 87' lang='lat' dir='ltr'>alium</span> <span class='ocrx_word' id='word_1_198' title='bbox 887 2125 1073 2168; x_wconf 81' lang='lat' dir='ltr'>religiosum</span> 
     </span>
     <span class='ocr_line' id='line_1_39' title="bbox 337 2178 1073 2221; baseline -0.004 -8"><span class='ocrx_word' id='word_1_199' title='bbox 337 2180 594 2219; x_wconf 81' lang='lat' dir='ltr'>conventualem,</span> <span class='ocrx_word' id='word_1_200' title='bbox 615 2188 672 2211; x_wconf 91' lang='lat' dir='ltr'>seu</span> <span class='ocrx_word' id='word_1_201' title='bbox 697 2178 899 2219; x_wconf 90' lang='lat' dir='ltr'>monasterii,</span> <span class='ocrx_word' id='word_1_202' title='bbox 919 2178 973 2221; x_wconf 90' lang='lat' dir='ltr'>qui</span> <span class='ocrx_word' id='word_1_203' title='bbox 999 2188 1073 2221; x_wconf 90' lang='lat' dir='ltr'>pro-</span> 
     </span>
     <span class='ocr_line' id='line_1_40' title="bbox 337 2231 1073 2270; baseline -0.004 -5"><span class='ocrx_word' id='word_1_204' title='bbox 337 2233 411 2265; x_wconf 90' lang='lat' dir='ltr'>inde</span> <span class='ocrx_word' id='word_1_205' title='bbox 430 2231 579 2265; x_wconf 88' lang='lat' dir='ltr'>omnibus</span> <span class='ocrx_word' id='word_1_206' title='bbox 600 2231 891 2264; x_wconf 84' lang='lat' dir='ltr'>consultationibus</span> <span class='ocrx_word' id='word_1_207' title='bbox 916 2231 1073 2270; x_wconf 89' lang='lat' dir='ltr'>intererit,</span> 
     </span>
     <span class='ocr_line' id='line_1_41' title="bbox 339 2285 1073 2328; baseline -0.003 -9"><span class='ocrx_word' id='word_1_208' title='bbox 339 2291 369 2319; x_wconf 90' lang='lat' dir='ltr'>et</span> <span class='ocrx_word' id='word_1_209' title='bbox 393 2286 477 2319; x_wconf 89' lang='lat' dir='ltr'>inter</span> <span class='ocrx_word' id='word_1_210' title='bbox 509 2285 641 2318; x_wconf 85' lang='lat' dir='ltr'>abbates</span> <span class='ocrx_word' id='word_1_211' title='bbox 668 2285 809 2328; x_wconf 88' lang='lat' dir='ltr'>(ultimo</span> <span class='ocrx_word' id='word_1_212' title='bbox 843 2290 952 2318; x_wconf 85' lang='lat' dir='ltr'>tamen</span> <span class='ocrx_word' id='word_1_213' title='bbox 978 2285 1073 2328; x_wconf 89' lang='lat' dir='ltr'>loco)</span> 
     </span>
     <span class='ocr_line' id='line_1_42' title="bbox 339 2338 1075 2382; baseline -0.003 -10"><span class='ocrx_word' id='word_1_214' title='bbox 339 2339 449 2372; x_wconf 82' lang='lat' dir='ltr'>sedeat</span> <span class='ocrx_word' id='word_1_215' title='bbox 473 2343 505 2371; x_wconf 89' lang='lat' dir='ltr'>et</span> <span class='ocrx_word' id='word_1_216' title='bbox 527 2344 636 2371; x_wconf 91' lang='lat' dir='ltr'>votum</span> <span class='ocrx_word' id='word_1_217' title='bbox 663 2339 762 2371; x_wconf 89' lang='lat' dir='ltr'>dabit.</span> <span class='ocrx_word' id='word_1_218' title='bbox 793 2338 882 2377; x_wconf 82' lang='lat' dir='ltr'>Quod</span> <span class='ocrx_word' id='word_1_219' title='bbox 909 2338 935 2371; x_wconf 90' lang='lat' dir='ltr'>si</span> <span class='ocrx_word' id='word_1_220' title='bbox 964 2339 1075 2382; x_wconf 88' lang='lat' dir='ltr'>plures</span> 
     </span>
     <span class='ocr_line' id='line_1_43' title="bbox 341 2391 1076 2434; baseline -0.001 -10"><span class='ocrx_word' id='word_1_221' title='bbox 341 2392 388 2424; x_wconf 91' lang='lat' dir='ltr'>sic</span> <span class='ocrx_word' id='word_1_222' title='bbox 408 2391 573 2424; x_wconf 89' lang='lat' dir='ltr'>constituti</span> <span class='ocrx_word' id='word_1_223' title='bbox 599 2397 828 2434; x_wconf 87' lang='lat' dir='ltr'>procuratores</span> <span class='ocrx_word' id='word_1_224' title='bbox 854 2391 1027 2432; x_wconf 75' lang='lat' dir='ltr'>adfuerint,</span> <span class='ocrx_word' id='word_1_225' title='bbox 1051 2392 1076 2424; x_wconf 92' lang='lat' dir='ltr'>is</span> 
     </span>
     <span class='ocr_line' id='line_1_44' title="bbox 341 2444 1078 2488; baseline 0 -11"><span class='ocrx_word' id='word_1_226' title='bbox 341 2444 427 2477; x_wconf 90' lang='lat' dir='ltr'>inter</span> <span class='ocrx_word' id='word_1_227' title='bbox 451 2455 517 2484; x_wconf 85' lang='lat' dir='ltr'>eos,</span> <span class='ocrx_word' id='word_1_228' title='bbox 533 2445 588 2477; x_wconf 87' lang='lat' dir='ltr'>sed</span> <span class='ocrx_word' id='word_1_229' title='bbox 614 2451 687 2488; x_wconf 85' lang='lat' dir='ltr'>post</span> <span class='ocrx_word' id='word_1_230' title='bbox 711 2455 821 2478; x_wconf 90' lang='lat' dir='ltr'>omnes</span> <span class='ocrx_word' id='word_1_231' title='bbox 846 2445 990 2486; x_wconf 88' lang='lat' dir='ltr'>abbates,</span> <span class='ocrx_word' id='word_1_232' title='bbox 1017 2454 1078 2477; x_wconf 90' lang='lat' dir='ltr'>ses-</span> 
     </span>
    </p>
   </div>
   <div class='ocr_carea' id='block_1_3' title="bbox 377 2514 900 2596">
    <p class='ocr_par' dir='ltr' id='par_1_6' title="bbox 377 2514 900 2596">
     <span class='ocr_line' id='line_1_45' title="bbox 379 2514 900 2551; baseline 0.004 -10"><span class='ocrx_word' id='word_1_233' title='bbox 379 2517 388 2541; x_wconf 77' lang='lat'>¹</span> <span class='ocrx_word' id='word_1_234' title='bbox 413 2514 512 2548; x_wconf 75' lang='lat' dir='ltr'>Nempe</span> <span class='ocrx_word' id='word_1_235' title='bbox 534 2515 588 2541; x_wconf 81' lang='lat' dir='ltr'>duo</span> <span class='ocrx_word' id='word_1_236' title='bbox 610 2516 769 2543; x_wconf 71' lang='lat' dir='ltr'>visitatores</span> <span class='ocrx_word' id='word_1_237' title='bbox 787 2517 826 2549; x_wconf 82' lang='lat' dir='ltr'>(a.</span> <span class='ocrx_word' id='word_1_238' title='bbox 848 2517 900 2551; x_wconf 85' lang='grc' dir='ltr'>τ.).</span> 
     </span>
     <span class='ocr_line' id='line_1_46' title="bbox 377 2559 864 2596; baseline -0.002 -8"><span class='ocrx_word' id='word_1_239' title='bbox 377 2560 393 2588; x_wconf 76' lang='lat'>2</span> <span class='ocrx_word' id='word_1_240' title='bbox 413 2559 506 2587; x_wconf 82' lang='lat' dir='ltr'>Potius</span> <span class='ocrx_word' id='word_1_241' title='bbox 526 2560 584 2593; x_wconf 69' lang='lat' dir='ltr'>lege</span> <span class='ocrx_word' id='word_1_242' title='bbox 605 2560 636 2585; x_wconf 73' lang='lat' dir='ltr'>in</span> <span class='ocrx_word' id='word_1_243' title='bbox 658 2568 704 2596; x_wconf 69' lang='lat' dir='ltr'>fro</span> <span class='ocrx_word' id='word_1_244' title='bbox 725 2569 742 2587; x_wconf 88' lang='grc' dir='ltr'><em>α</em></span> <span class='ocrx_word' id='word_1_245' title='bbox 761 2560 798 2595; x_wconf 84' lang='lat' dir='ltr'>(n.</span> <span class='ocrx_word' id='word_1_246' title='bbox 815 2560 864 2596; x_wconf 84' lang='grc' dir='ltr'>τ.).</span> 
     </span>
    </p>
   </div>
   <div class='ocr_carea' id='block_1_4' title="bbox 1088 769 1094 1317">
    <p class='ocr_par' dir='ltr' id='par_1_7' title="bbox 1088 769 1094 1317">
     <span class='ocr_line' id='line_1_47' title="bbox 1088 769 1094 1317; baseline 0 0"><span class='ocrx_word' id='word_1_247' title='bbox 1088 769 1094 1317; x_wconf 95' lang='lat' dir='ltr'> </span> 
     </span>
    </p>
   </div>
   <div class='ocr_carea' id='block_1_5' title="bbox 1089 1543 1098 2429">
    <p class='ocr_par' dir='ltr' id='par_1_8' title="bbox 1089 1543 1098 2429">
     <span class='ocr_line' id='line_1_48' title="bbox 1089 1543 1098 2429; baseline 0 0"><span class='ocrx_word' id='word_1_248' title='bbox 1089 1543 1098 2429; x_wconf 95' lang='lat' dir='ltr'> </span> 
     </span>
    </p>
   </div>
   <div class='ocr_carea' id='block_1_6' title="bbox 923 152 1278 179">
    <p class='ocr_par' dir='ltr' id='par_1_9' title="bbox 923 152 1278 179">
     <span class='ocr_line' id='line_1_49' title="bbox 923 152 1278 179; baseline -0.006 0"><span class='ocrx_word' id='word_1_249' title='bbox 923 152 1102 179; x_wconf 61' lang='lat' dir='ltr'>BULLARit&#39;tt</span> <span class='ocrx_word' id='word_1_250' title='bbox 1128 152 1278 177; x_wconf 71' lang='lat' dir='ltr'><strong>ROMANUM</strong></span> 
     </span>
    </p>
   </div>
   <div class='ocr_carea' id='block_1_7' title="bbox 1111 200 1858 2596">
    <p class='ocr_par' dir='ltr' id='par_1_10' title="bbox 1114 200 1851 340">
     <span class='ocr_line' id='line_1_50' title="bbox 1114 200 1851 246; baseline 0.003 -13"><span class='ocrx_word' id='word_1_251' title='bbox 1114 201 1216 234; x_wconf 87' lang='lat' dir='ltr'>sionis</span> <span class='ocrx_word' id='word_1_252' title='bbox 1251 200 1459 244; x_wconf 79' lang='lat' dir='ltr'>suffragiique</span> <span class='ocrx_word' id='word_1_253' title='bbox 1484 206 1631 234; x_wconf 87' lang='lat' dir='ltr'>servetur</span> <span class='ocrx_word' id='word_1_254' title='bbox 1666 202 1768 243; x_wconf 92' lang='lat' dir='ltr'>ordo,</span> <span class='ocrx_word' id='word_1_255' title='bbox 1797 202 1851 246; x_wconf 89' lang='lat' dir='ltr'>qui</span> 
     </span>
     <span class='ocr_line' id='line_1_51' title="bbox 1114 253 1849 296; baseline 0.003 -10"><span class='ocrx_word' id='word_1_256' title='bbox 1114 253 1199 287; x_wconf 90' lang='lat' dir='ltr'>inter</span> <span class='ocrx_word' id='word_1_257' title='bbox 1222 253 1353 288; x_wconf 88' lang='lat' dir='ltr'>abbates</span> <span class='ocrx_word' id='word_1_258' title='bbox 1378 253 1620 295; x_wconf 88' lang='lat' dir='ltr'>constituentes,</span> <span class='ocrx_word' id='word_1_259' title='bbox 1638 253 1663 287; x_wconf 90' lang='lat' dir='ltr'>si</span> <span class='ocrx_word' id='word_1_260' title='bbox 1689 255 1849 296; x_wconf 88' lang='lat' dir='ltr'>adessent,</span> 
     </span>
     <span class='ocr_line' id='line_1_52' title="bbox 1114 306 1288 340; baseline 0 0"><span class='ocrx_word' id='word_1_261' title='bbox 1114 306 1288 340; x_wconf 43' lang='lat' dir='ltr'>servetur&amp;</span> 
     </span>
    </p>

    <p class='ocr_par' dir='ltr' id='par_1_11' title="bbox 1111 360 1853 1954">
     <span class='ocr_line' id='line_1_53' title="bbox 1158 360 1852 404; baseline 0.003 -10"><span class='ocrx_word' id='word_1_262' title='bbox 1158 360 1270 394; x_wconf 90' lang='lat' dir='ltr'>Omnia</span> <span class='ocrx_word' id='word_1_263' title='bbox 1288 365 1319 394; x_wconf 86' lang='lat' dir='ltr'>et</span> <span class='ocrx_word' id='word_1_264' title='bbox 1336 361 1465 404; x_wconf 84' lang='lat' dir='ltr'>singula</span> <span class='ocrx_word' id='word_1_265' title='bbox 1482 360 1690 401; x_wconf 86' lang='lat' dir='ltr'>monasteria,</span> <span class='ocrx_word' id='word_1_266' title='bbox 1705 361 1770 395; x_wconf 89' lang='lat' dir='ltr'>sive</span> <span class='ocrx_word' id='word_1_267' title='bbox 1788 363 1852 397; x_wconf 90' lang='lat' dir='ltr'>sin-</span> 
     </span>
     <span class='ocr_line' id='line_1_54' title="bbox 1115 413 1851 460; baseline 0.004 -14"><span class='ocrx_word' id='word_1_268' title='bbox 1115 414 1179 456; x_wconf 82' lang='lat' dir='ltr'>guli</span> <span class='ocrx_word' id='word_1_269' title='bbox 1206 419 1382 447; x_wconf 90' lang='lat' dir='ltr'>conventus</span> <span class='ocrx_word' id='word_1_270' title='bbox 1407 413 1561 457; x_wconf 86' lang='lat' dir='ltr'>religiosi,</span> <span class='ocrx_word' id='word_1_271' title='bbox 1583 414 1851 460; x_wconf 73' lang='lat' dir='ltr'>Congregationis</span> 
     </span>
     <span class='ocr_line' id='line_1_55' title="bbox 1114 469 1852 510; baseline 0.004 -11"><span class='ocrx_word' id='word_1_272' title='bbox 1114 472 1244 500; x_wconf 85' lang='lat' dir='ltr'>nostrae</span> <span class='ocrx_word' id='word_1_273' title='bbox 1270 469 1517 502; x_wconf 89' lang='lat' dir='ltr'>conventualem</span> <span class='ocrx_word' id='word_1_274' title='bbox 1542 469 1758 510; x_wconf 87' lang='lat' dir='ltr'>sacerdotem,</span> <span class='ocrx_word' id='word_1_275' title='bbox 1784 480 1852 503; x_wconf 88' lang='lat' dir='ltr'>ma-</span> 
     </span>
     <span class='ocr_line' id='line_1_56' title="bbox 1115 520 1850 566; baseline 0.005 -13"><span class='ocrx_word' id='word_1_276' title='bbox 1115 520 1172 554; x_wconf 88' lang='lat' dir='ltr'>iori</span> <span class='ocrx_word' id='word_1_277' title='bbox 1205 520 1434 564; x_wconf 73' lang='lat' dir='ltr'>suffragiorum</span> <span class='ocrx_word' id='word_1_278' title='bbox 1477 527 1655 555; x_wconf 86' lang='lat' dir='ltr'>conventus</span> <span class='ocrx_word' id='word_1_279' title='bbox 1689 527 1782 566; x_wconf 88' lang='lat' dir='ltr'>parte</span> <span class='ocrx_word' id='word_1_280' title='bbox 1817 523 1850 558; x_wconf 88' lang='lat' dir='ltr'>in</span> 
     </span>
     <span class='ocr_line' id='line_1_57' title="bbox 1113 576 1852 620; baseline 0.005 -13"><span class='ocrx_word' id='word_1_281' title='bbox 1113 580 1360 618; x_wconf 76' lang='lat' dir='ltr'>procuratorem</span> <span class='ocrx_word' id='word_1_282' title='bbox 1381 576 1528 616; x_wconf 87' lang='lat' dir='ltr'>electum,</span> <span class='ocrx_word' id='word_1_283' title='bbox 1546 576 1584 609; x_wconf 94' lang='lat' dir='ltr'>ad</span> <span class='ocrx_word' id='word_1_284' title='bbox 1602 576 1778 619; x_wconf 89' lang='lat' dir='ltr'>capitulum</span> <span class='ocrx_word' id='word_1_285' title='bbox 1797 587 1852 620; x_wconf 83' lang='lat' dir='ltr'>ge-</span> 
     </span>
     <span class='ocr_line' id='line_1_58' title="bbox 1113 629 1851 673; baseline 0.004 -12"><span class='ocrx_word' id='word_1_286' title='bbox 1113 631 1225 663; x_wconf 91' lang='lat' dir='ltr'>nerale</span> <span class='ocrx_word' id='word_1_287' title='bbox 1257 629 1450 672; x_wconf 53' lang='lat' dir='ltr'>ablegabiffl,</span> <span class='ocrx_word' id='word_1_288' title='bbox 1478 629 1635 673; x_wconf 81' lang='lat' dir='ltr'>singulari</span> <span class='ocrx_word' id='word_1_289' title='bbox 1670 631 1851 665; x_wconf 88' lang='lat' dir='ltr'>memoriali</span> 
     </span>
     <span class='ocr_line' id='line_1_59' title="bbox 1114 683 1849 727; baseline 0.003 -12"><span class='ocrx_word' id='word_1_290' title='bbox 1114 683 1351 723; x_wconf 89' lang='lat' dir='ltr'>instruendum,</span> <span class='ocrx_word' id='word_1_291' title='bbox 1380 683 1431 716; x_wconf 89' lang='lat' dir='ltr'>cui</span> <span class='ocrx_word' id='word_1_292' title='bbox 1456 683 1602 727; x_wconf 87' lang='lat' dir='ltr'>ipsorum</span> <span class='ocrx_word' id='word_1_293' title='bbox 1626 683 1757 716; x_wconf 87' lang='lat' dir='ltr'>nomine</span> <span class='ocrx_word' id='word_1_294' title='bbox 1782 688 1849 718; x_wconf 85' lang='lat' dir='ltr'>tum</span> 
     </span>
     <span class='ocr_line' id='line_1_60' title="bbox 1113 736 1851 780; baseline 0.003 -11"><span class='ocrx_word' id='word_1_295' title='bbox 1113 736 1294 779; x_wconf 79' lang='lat' dir='ltr'>gravamina</span> <span class='ocrx_word' id='word_1_296' title='bbox 1328 741 1393 769; x_wconf 90' lang='lat' dir='ltr'>tum</span> <span class='ocrx_word' id='word_1_297' title='bbox 1427 736 1489 769; x_wconf 91' lang='lat' dir='ltr'>alia</span> <span class='ocrx_word' id='word_1_298' title='bbox 1514 737 1729 780; x_wconf 88' lang='lat' dir='ltr'>proponenda</span> <span class='ocrx_word' id='word_1_299' title='bbox 1764 747 1851 771; x_wconf 90' lang='lat' dir='ltr'>com-</span> 
     </span>
     <span class='ocr_line' id='line_1_61' title="bbox 1114 789 1852 833; baseline 0.003 -11"><span class='ocrx_word' id='word_1_300' title='bbox 1114 790 1298 831; x_wconf 72' lang='lat' dir='ltr'>mittentur3</span> <span class='ocrx_word' id='word_1_301' title='bbox 1317 789 1371 833; x_wconf 92' lang='lat' dir='ltr'>qui</span> <span class='ocrx_word' id='word_1_302' title='bbox 1397 790 1492 822; x_wconf 87' lang='lat' dir='ltr'>etiam</span> <span class='ocrx_word' id='word_1_303' title='bbox 1518 789 1550 822; x_wconf 92' lang='lat' dir='ltr'>in</span> <span class='ocrx_word' id='word_1_304' title='bbox 1575 790 1706 833; x_wconf 86' lang='lat' dir='ltr'>punctis</span> <span class='ocrx_word' id='word_1_305' title='bbox 1724 793 1852 825; x_wconf 89' lang='lat' dir='ltr'>consul-</span> 
     </span>
     <span class='ocr_line' id='line_1_62' title="bbox 1114 844 1851 887; baseline 0.001 -11"><span class='ocrx_word' id='word_1_306' title='bbox 1114 844 1219 877; x_wconf 87' lang='lat' dir='ltr'>tandis</span> <span class='ocrx_word' id='word_1_307' title='bbox 1245 844 1387 876; x_wconf 88' lang='lat' dir='ltr'>rationes</span> <span class='ocrx_word' id='word_1_308' title='bbox 1403 854 1475 876; x_wconf 87' lang='lat' dir='ltr'>suas</span> <span class='ocrx_word' id='word_1_309' title='bbox 1503 853 1563 887; x_wconf 92' lang='lat' dir='ltr'>pro</span> <span class='ocrx_word' id='word_1_310' title='bbox 1581 844 1631 877; x_wconf 87' lang='lat' dir='ltr'>vel</span> <span class='ocrx_word' id='word_1_311' title='bbox 1649 849 1762 876; x_wconf 87' lang='lat' dir='ltr'>contra</span> <span class='ocrx_word' id='word_1_312' title='bbox 1779 855 1851 887; x_wconf 88' lang='lat' dir='ltr'>pro-</span> 
     </span>
     <span class='ocr_line' id='line_1_63' title="bbox 1112 888 1849 940; baseline 0 -10"><span class='ocrx_word' id='word_1_313' title='bbox 1112 902 1219 940; x_wconf 76' lang='lat' dir='ltr'>ponet,</span> <span class='ocrx_word' id='word_1_314' title='bbox 1241 897 1399 940; x_wconf 85' lang='lat' dir='ltr'>simulque</span> <span class='ocrx_word' id='word_1_315' title='bbox 1424 902 1499 940; x_wconf 88' lang='lat' dir='ltr'>post</span> <span class='ocrx_word' id='word_1_316' title='bbox 1515 896 1647 929; x_wconf 81' lang='lat' dir='ltr'>abbates</span> <span class='ocrx_word' id='word_1_317' title='bbox 1663 897 1713 929; x_wconf 88' lang='lat' dir='ltr'>vel</span> <span class='ocrx_word' id='word_1_318' title='bbox 1738 888 1849 930; x_wconf 83' lang='lat' dir='ltr'>eorum</span> 
     </span>
     <span class='ocr_line' id='line_1_64' title="bbox 1112 949 1852 995; baseline 0 -11"><span class='ocrx_word' id='word_1_319' title='bbox 1112 956 1340 995; x_wconf 87' lang='lat' dir='ltr'>procuratores</span> <span class='ocrx_word' id='word_1_320' title='bbox 1379 951 1557 984; x_wconf 87' lang='lat' dir='ltr'>secundum</span> <span class='ocrx_word' id='word_1_321' title='bbox 1593 949 1741 983; x_wconf 88' lang='lat' dir='ltr'>ordinem</span> <span class='ocrx_word' id='word_1_322' title='bbox 1776 961 1852 994; x_wconf 89' lang='lat' dir='ltr'>pro·-</span> 
     </span>
     <span class='ocr_line' id='line_1_65' title="bbox 1113 1004 1851 1043; baseline -0.001 -5"><span class='ocrx_word' id='word_1_323' title='bbox 1113 1004 1261 1038; x_wconf 81' lang='lat' dir='ltr'>fessionis</span> <span class='ocrx_word' id='word_1_324' title='bbox 1285 1005 1392 1038; x_wconf 90' lang='lat' dir='ltr'>locum</span> <span class='ocrx_word' id='word_1_325' title='bbox 1417 1004 1608 1043; x_wconf 91' lang='lat' dir='ltr'>obtinendo,</span> <span class='ocrx_word' id='word_1_326' title='bbox 1633 1008 1741 1037; x_wconf 90' lang='lat' dir='ltr'>votum</span> <span class='ocrx_word' id='word_1_327' title='bbox 1773 1015 1851 1037; x_wconf 89' lang='lat' dir='ltr'>eon-</span> 
     </span>
     <span class='ocr_line' id='line_1_66' title="bbox 1111 1057 1851 1101; baseline -0.001 -9"><span class='ocrx_word' id='word_1_328' title='bbox 1111 1058 1265 1092; x_wconf 86' lang='lat' dir='ltr'>sultivum</span> <span class='ocrx_word' id='word_1_329' title='bbox 1291 1058 1446 1091; x_wconf 84' lang='lat' dir='ltr'>habeant.</span> <span class='ocrx_word' id='word_1_330' title='bbox 1474 1057 1511 1090; x_wconf 90' lang='lat' dir='ltr'>lli</span> <span class='ocrx_word' id='word_1_331' title='bbox 1542 1057 1629 1089; x_wconf 90' lang='lat' dir='ltr'>missi</span> <span class='ocrx_word' id='word_1_332' title='bbox 1660 1063 1851 1101; x_wconf 84' lang='lat' dir='ltr'>procurato-</span> 
     </span>
     <span class='ocr_line' id='line_1_67' title="bbox 1112 1109 1847 1153; baseline 0 -10"><span class='ocrx_word' id='word_1_333' title='bbox 1112 1121 1162 1145; x_wconf 90' lang='lat' dir='ltr'>res</span> <span class='ocrx_word' id='word_1_334' title='bbox 1192 1121 1208 1143; x_wconf 88' lang='lat' dir='ltr'>e</span> <span class='ocrx_word' id='word_1_335' title='bbox 1237 1110 1304 1143; x_wconf 82' lang='lat' dir='ltr'>suis</span> <span class='ocrx_word' id='word_1_336' title='bbox 1342 1115 1480 1153; x_wconf 89' lang='lat' dir='ltr'>quatuor</span> <span class='ocrx_word' id='word_1_337' title='bbox 1516 1109 1639 1152; x_wconf 84' lang='lat' dir='ltr'>eligere</span> <span class='ocrx_word' id='word_1_338' title='bbox 1671 1114 1847 1153; x_wconf 88' lang='lat' dir='ltr'>poterunt,</span> 
     </span>
     <span class='ocr_line' id='line_1_68' title="bbox 1112 1162 1849 1209; baseline 0 -12"><span class='ocrx_word' id='word_1_339' title='bbox 1112 1165 1166 1209; x_wconf 87' lang='lat' dir='ltr'>qui</span> <span class='ocrx_word' id='word_1_340' title='bbox 1184 1169 1290 1198; x_wconf 84' lang='lat' dir='ltr'>votum</span> <span class='ocrx_word' id='word_1_341' title='bbox 1309 1164 1404 1197; x_wconf 89' lang='lat' dir='ltr'>etiam</span> <span class='ocrx_word' id='word_1_342' title='bbox 1423 1162 1600 1196; x_wconf 83' lang='lat' dir='ltr'>decisivum</span> <span class='ocrx_word' id='word_1_343' title='bbox 1625 1167 1698 1207; x_wconf 90' lang='lat' dir='ltr'>post</span> <span class='ocrx_word' id='word_1_344' title='bbox 1715 1163 1849 1197; x_wconf 84' lang='lat' dir='ltr'>abbates</span> 
     </span>
     <span class='ocr_line' id='line_1_69' title="bbox 1111 1216 1848 1263; baseline 0 -12"><span class='ocrx_word' id='word_1_345' title='bbox 1111 1218 1297 1263; x_wconf 82' lang='lat' dir='ltr'>supradicto</span> <span class='ocrx_word' id='word_1_346' title='bbox 1322 1217 1419 1250; x_wconf 91' lang='lat' dir='ltr'>modo</span> <span class='ocrx_word' id='word_1_347' title='bbox 1445 1216 1624 1249; x_wconf 85' lang='lat' dir='ltr'>habebunt.</span> <span class='ocrx_word' id='word_1_348' title='bbox 1645 1216 1723 1250; x_wconf 88' lang='lat' dir='ltr'>Cum</span> <span class='ocrx_word' id='word_1_349' title='bbox 1744 1223 1848 1251; x_wconf 87' lang='lat' dir='ltr'>autern</span> 
     </span>
     <span class='ocr_line' id='line_1_70' title="bbox 1112 1270 1848 1313; baseline -0.004 -7"><span class='ocrx_word' id='word_1_350' title='bbox 1112 1282 1225 1306; x_wconf 88' lang='lat' dir='ltr'>omnes</span> <span class='ocrx_word' id='word_1_351' title='bbox 1250 1276 1314 1304; x_wconf 87' lang='lat' dir='ltr'>tam</span> <span class='ocrx_word' id='word_1_352' title='bbox 1340 1270 1471 1303; x_wconf 87' lang='lat' dir='ltr'>abbates</span> <span class='ocrx_word' id='word_1_353' title='bbox 1497 1281 1592 1313; x_wconf 89' lang='lat' dir='ltr'>quam</span> <span class='ocrx_word' id='word_1_354' title='bbox 1609 1275 1848 1313; x_wconf 84' lang='lat' dir='ltr'>procuratores,</span> 
     </span>
     <span class='ocr_line' id='line_1_71' title="bbox 1112 1323 1849 1368; baseline -0.003 -9"><span class='ocrx_word' id='word_1_355' title='bbox 1112 1326 1150 1358; x_wconf 93' lang='lat' dir='ltr'>ad</span> <span class='ocrx_word' id='word_1_356' title='bbox 1176 1326 1297 1366; x_wconf 87' lang='lat' dir='ltr'>locum,</span> <span class='ocrx_word' id='word_1_357' title='bbox 1324 1324 1356 1357; x_wconf 93' lang='lat' dir='ltr'>in</span> <span class='ocrx_word' id='word_1_358' title='bbox 1382 1334 1444 1368; x_wconf 92' lang='lat' dir='ltr'>quo</span> <span class='ocrx_word' id='word_1_359' title='bbox 1476 1323 1655 1367; x_wconf 87' lang='lat' dir='ltr'>capitulum</span> <span class='ocrx_word' id='word_1_360' title='bbox 1690 1324 1849 1358; x_wconf 85' lang='lat' dir='ltr'>celebrari</span> 
     </span>
     <span class='ocr_line' id='line_1_72' title="bbox 1113 1376 1851 1421; baseline -0.001 -9"><span class='ocrx_word' id='word_1_361' title='bbox 1113 1378 1255 1418; x_wconf 86' lang='lat' dir='ltr'>debebit,</span> <span class='ocrx_word' id='word_1_362' title='bbox 1273 1378 1495 1417; x_wconf 89' lang='lat' dir='ltr'>convenerint,</span> <span class='ocrx_word' id='word_1_363' title='bbox 1512 1377 1627 1410; x_wconf 89' lang='lat' dir='ltr'>maiori</span> <span class='ocrx_word' id='word_1_364' title='bbox 1653 1376 1760 1410; x_wconf 88' lang='lat' dir='ltr'>Sancti</span> <span class='ocrx_word' id='word_1_365' title='bbox 1781 1377 1851 1421; x_wconf 91' lang='lat' dir='ltr'>Spi-</span> 
     </span>
     <span class='ocr_line' id='line_1_73' title="bbox 1111 1431 1850 1471; baseline 0 -6"><span class='ocrx_word' id='word_1_366' title='bbox 1111 1433 1190 1466; x_wconf 91' lang='lat' dir='ltr'>ritus</span> <span class='ocrx_word' id='word_1_367' title='bbox 1216 1432 1313 1465; x_wconf 78' lang='lat' dir='ltr'>missa</span> <span class='ocrx_word' id='word_1_368' title='bbox 1335 1431 1513 1471; x_wconf 75' lang='lat' dir='ltr'>decantata,</span> <span class='ocrx_word' id='word_1_369' title='bbox 1534 1431 1583 1463; x_wconf 88' lang='lat' dir='ltr'>cui</span> <span class='ocrx_word' id='word_1_370' title='bbox 1603 1441 1715 1464; x_wconf 88' lang='lat' dir='ltr'>omnes</span> <span class='ocrx_word' id='word_1_371' title='bbox 1734 1431 1850 1465; x_wconf 90' lang='lat' dir='ltr'>intere-</span> 
     </span>
     <span class='ocr_line' id='line_1_74' title="bbox 1112 1483 1850 1528; baseline -0.004 -9"><span class='ocrx_word' id='word_1_372' title='bbox 1112 1492 1196 1527; x_wconf 85' lang='lat' dir='ltr'>runt,</span> <span class='ocrx_word' id='word_1_373' title='bbox 1215 1490 1410 1528; x_wconf 80' lang='lat' dir='ltr'>sumptoque</span> <span class='ocrx_word' id='word_1_374' title='bbox 1435 1494 1494 1528; x_wconf 89' lang='lat' dir='ltr'>per</span> <span class='ocrx_word' id='word_1_375' title='bbox 1518 1483 1662 1527; x_wconf 80' lang='lat' dir='ltr'>singulos</span> <span class='ocrx_word' id='word_1_376' title='bbox 1686 1485 1850 1518; x_wconf 86' lang='lat' dir='ltr'>sanctissi-</span> 
     </span>
     <span class='ocr_line' id='line_1_75' title="bbox 1112 1537 1851 1578; baseline -0.003 -6"><span class='ocrx_word' id='word_1_377' title='bbox 1112 1550 1180 1572; x_wconf 88' lang='lat' dir='ltr'>mae</span> <span class='ocrx_word' id='word_1_378' title='bbox 1206 1537 1430 1571; x_wconf 85' lang='lat' dir='ltr'>Eucharistiae</span> <span class='ocrx_word' id='word_1_379' title='bbox 1457 1542 1669 1578; x_wconf 87' lang='lat' dir='ltr'>sacramento,</span> <span class='ocrx_word' id='word_1_380' title='bbox 1695 1538 1851 1571; x_wconf 84' lang='lat' dir='ltr'>accedent</span> 
     </span>
     <span class='ocr_line' id='line_1_76' title="bbox 1112 1590 1851 1635; baseline -0.004 -10"><span class='ocrx_word' id='word_1_381' title='bbox 1112 1594 1149 1625; x_wconf 88' lang='lat' dir='ltr'>ad</span> <span class='ocrx_word' id='word_1_382' title='bbox 1169 1592 1363 1635; x_wconf 74' lang='lat' dir='ltr'>capitulum,</span> <span class='ocrx_word' id='word_1_383' title='bbox 1383 1596 1448 1623; x_wconf 89' lang='lat' dir='ltr'>tum</span> <span class='ocrx_word' id='word_1_384' title='bbox 1470 1601 1609 1633; x_wconf 84' lang='lat' dir='ltr'>praeses,</span> <span class='ocrx_word' id='word_1_385' title='bbox 1625 1590 1717 1623; x_wconf 91' lang='lat' dir='ltr'>brevi</span> <span class='ocrx_word' id='word_1_386' title='bbox 1735 1591 1851 1623; x_wconf 87' lang='lat' dir='ltr'>exhor-</span> 
     </span>
     <span class='ocr_line' id='line_1_77' title="bbox 1113 1643 1850 1687; baseline -0.001 -9"><span class='ocrx_word' id='word_1_387' title='bbox 1113 1645 1235 1679; x_wconf 90' lang='lat' dir='ltr'>tatione</span> <span class='ocrx_word' id='word_1_388' title='bbox 1262 1645 1352 1684; x_wconf 80' lang='lat' dir='ltr'>sacta,</span> <span class='ocrx_word' id='word_1_389' title='bbox 1366 1643 1546 1687; x_wconf 76' lang='lat' dir='ltr'>legitimam</span> <span class='ocrx_word' id='word_1_390' title='bbox 1573 1654 1641 1676; x_wconf 79' lang='lat' dir='ltr'>esse</span> <span class='ocrx_word' id='word_1_391' title='bbox 1667 1643 1850 1687; x_wconf 56' lang='lat' dir='ltr'>Congregae</span> 
     </span>
     <span class='ocr_line' id='line_1_78' title="bbox 1113 1696 1852 1739; baseline -0.005 -7"><span class='ocrx_word' id='word_1_392' title='bbox 1113 1699 1244 1738; x_wconf 88' lang='lat' dir='ltr'>tionem,</span> <span class='ocrx_word' id='word_1_393' title='bbox 1263 1697 1452 1730; x_wconf 84' lang='lat' dir='ltr'>declarabit.</span> <span class='ocrx_word' id='word_1_394' title='bbox 1475 1696 1508 1728; x_wconf 91' lang='lat' dir='ltr'>ln</span> <span class='ocrx_word' id='word_1_395' title='bbox 1529 1696 1600 1730; x_wconf 90' lang='lat' dir='ltr'>aliis</span> <span class='ocrx_word' id='word_1_396' title='bbox 1625 1701 1730 1730; x_wconf 83' lang='lat' dir='ltr'>autem</span> <span class='ocrx_word' id='word_1_397' title='bbox 1754 1707 1852 1739; x_wconf 83' lang='lat' dir='ltr'>agen-</span> 
     </span>
     <span class='ocr_line' id='line_1_79' title="bbox 1114 1749 1853 1796; baseline -0.004 -11"><span class='ocrx_word' id='word_1_398' title='bbox 1114 1753 1173 1792; x_wconf 78' lang='lat' dir='ltr'>dis,</span> <span class='ocrx_word' id='word_1_399' title='bbox 1198 1751 1389 1796; x_wconf 87' lang='lat' dir='ltr'>praesertim</span> <span class='ocrx_word' id='word_1_400' title='bbox 1415 1750 1522 1793; x_wconf 86' lang='lat' dir='ltr'>quoad</span> <span class='ocrx_word' id='word_1_401' title='bbox 1548 1749 1741 1783; x_wconf 86' lang='lat' dir='ltr'>electionem</span> <span class='ocrx_word' id='word_1_402' title='bbox 1759 1760 1853 1794; x_wconf 89' lang='lat' dir='ltr'>prae-</span> 
     </span>
     <span class='ocr_line' id='line_1_80' title="bbox 1113 1803 1852 1846; baseline -0.005 -7"><span class='ocrx_word' id='word_1_403' title='bbox 1113 1806 1190 1839; x_wconf 86' lang='lat' dir='ltr'>sidis</span> <span class='ocrx_word' id='word_1_404' title='bbox 1217 1810 1248 1837; x_wconf 77' lang='lat' dir='ltr'>ct</span> <span class='ocrx_word' id='word_1_405' title='bbox 1273 1803 1480 1837; x_wconf 84' lang='lat' dir='ltr'>definitorum</span> <span class='ocrx_word' id='word_1_406' title='bbox 1512 1803 1711 1846; x_wconf 83' lang='lat' dir='ltr'>ferendaque</span> <span class='ocrx_word' id='word_1_407' title='bbox 1744 1803 1852 1835; x_wconf 76' lang='lat' dir='ltr'>suflra-</span> 
     </span>
     <span class='ocr_line' id='line_1_81' title="bbox 1114 1857 1851 1902; baseline -0.004 -10"><span class='ocrx_word' id='word_1_408' title='bbox 1114 1859 1175 1902; x_wconf 85' lang='lat' dir='ltr'>gia,</span> <span class='ocrx_word' id='word_1_409' title='bbox 1195 1857 1417 1892; x_wconf 83' lang='lat' dir='ltr'>observabunt</span> <span class='ocrx_word' id='word_1_410' title='bbox 1433 1868 1482 1896; x_wconf 89' lang='lat' dir='ltr'>ea,</span> <span class='ocrx_word' id='word_1_411' title='bbox 1494 1868 1576 1901; x_wconf 88' lang='lat' dir='ltr'>quae</span> <span class='ocrx_word' id='word_1_412' title='bbox 1588 1857 1673 1889; x_wconf 76' lang='lat' dir='ltr'>iuxta</span> <span class='ocrx_word' id='word_1_413' title='bbox 1685 1867 1851 1890; x_wconf 88' lang='lat' dir='ltr'>sacrorum</span> 
     </span>
     <span class='ocr_line' id='line_1_82' title="bbox 1115 1910 1849 1954; baseline -0.003 -8"><span class='ocrx_word' id='word_1_414' title='bbox 1115 1922 1274 1946; x_wconf 90' lang='lat' dir='ltr'>canonum</span> <span class='ocrx_word' id='word_1_415' title='bbox 1301 1910 1550 1954; x_wconf 83' lang='lat' dir='ltr'>dispositionem</span> <span class='ocrx_word' id='word_1_416' title='bbox 1577 1911 1736 1943; x_wconf 87' lang='lat' dir='ltr'>servanda</span> <span class='ocrx_word' id='word_1_417' title='bbox 1763 1916 1849 1944; x_wconf 89' lang='lat' dir='ltr'>sunt.</span> 
     </span>
    </p>

    <p class='ocr_par' dir='ltr' id='par_1_12' title="bbox 1115 1963 1858 2491">
     <span class='ocr_line' id='line_1_83' title="bbox 1159 1963 1852 1998; baseline -0.003 0"><span class='ocrx_word' id='word_1_418' title='bbox 1159 1966 1292 1998; x_wconf 82' lang='lat' dir='ltr'>Praeses</span> <span class='ocrx_word' id='word_1_419' title='bbox 1325 1968 1434 1996; x_wconf 86' lang='lat' dir='ltr'>autem</span> <span class='ocrx_word' id='word_1_420' title='bbox 1471 1968 1503 1996; x_wconf 86' lang='lat' dir='ltr'>et</span> <span class='ocrx_word' id='word_1_421' title='bbox 1538 1963 1726 1997; x_wconf 78' lang='lat' dir='ltr'>definitores</span> <span class='ocrx_word' id='word_1_422' title='bbox 1758 1963 1852 1997; x_wconf 89' lang='lat' dir='ltr'>electi</span> 
     </span>
     <span class='ocr_line' id='line_1_84' title="bbox 1115 2017 1852 2052; baseline -0.004 0"><span class='ocrx_word' id='word_1_423' title='bbox 1115 2019 1331 2052; x_wconf 88' lang='lat' dir='ltr'>nominabunt</span> <span class='ocrx_word' id='word_1_424' title='bbox 1348 2022 1379 2050; x_wconf 89' lang='lat' dir='ltr'>et</span> <span class='ocrx_word' id='word_1_425' title='bbox 1400 2017 1571 2049; x_wconf 87' lang='lat' dir='ltr'>instituent</span> <span class='ocrx_word' id='word_1_426' title='bbox 1596 2022 1660 2050; x_wconf 88' lang='lat' dir='ltr'>tres</span> <span class='ocrx_word' id='word_1_427' title='bbox 1684 2027 1852 2050; x_wconf 84' lang='lat' dir='ltr'>causarum</span> 
     </span>
     <span class='ocr_line' id='line_1_85' title="bbox 1116 2070 1853 2114; baseline -0.004 -9"><span class='ocrx_word' id='word_1_428' title='bbox 1116 2072 1290 2111; x_wconf 48' lang='lat' dir='ltr'>auditores</span> <span class='ocrx_word' id='word_1_429' title='bbox 1312 2070 1445 2103; x_wconf 87' lang='lat' dir='ltr'>abbates</span> <span class='ocrx_word' id='word_1_430' title='bbox 1465 2070 1547 2103; x_wconf 88' lang='lat' dir='ltr'>duos</span> <span class='ocrx_word' id='word_1_431' title='bbox 1565 2074 1596 2103; x_wconf 89' lang='lat' dir='ltr'>et</span> <span class='ocrx_word' id='word_1_432' title='bbox 1612 2074 1853 2114; x_wconf 87' lang='lat' dir='ltr'>procuratorem</span> 
     </span>
     <span class='ocr_line' id='line_1_86' title="bbox 1116 2123 1854 2167; baseline -0.005 -9"><span class='ocrx_word' id='word_1_433' title='bbox 1116 2125 1359 2158; x_wconf 87' lang='lat' dir='ltr'>conventualem</span> <span class='ocrx_word' id='word_1_434' title='bbox 1374 2134 1485 2164; x_wconf 89' lang='lat' dir='ltr'>unum,</span> <span class='ocrx_word' id='word_1_435' title='bbox 1500 2123 1554 2167; x_wconf 88' lang='lat' dir='ltr'>qui</span> <span class='ocrx_word' id='word_1_436' title='bbox 1572 2123 1782 2166; x_wconf 87' lang='lat' dir='ltr'>temporalem</span> <span class='ocrx_word' id='word_1_437' title='bbox 1797 2128 1854 2155; x_wconf 87' lang='lat' dir='ltr'>sta-</span> 
     </span>
     <span class='ocr_line' id='line_1_87' title="bbox 1117 2176 1855 2216; baseline -0.004 -5"><span class='ocrx_word' id='word_1_438' title='bbox 1117 2184 1181 2211; x_wconf 88' lang='lat' dir='ltr'>tum</span> <span class='ocrx_word' id='word_1_439' title='bbox 1208 2177 1477 2210; x_wconf 88' lang='lat' dir='ltr'>monasteriorum</span> <span class='ocrx_word' id='word_1_440' title='bbox 1503 2176 1745 2216; x_wconf 82' lang='lat' dir='ltr'>examinabunt,</span> <span class='ocrx_word' id='word_1_441' title='bbox 1773 2186 1855 2208; x_wconf 81' lang='lat' dir='ltr'>sum·</span> 
     </span>
     <span class='ocr_line' id='line_1_88' title="bbox 1117 2230 1855 2275; baseline -0.004 -10"><span class='ocrx_word' id='word_1_442' title='bbox 1117 2243 1183 2265; x_wconf 85' lang='lat' dir='ltr'>mas</span> <span class='ocrx_word' id='word_1_443' title='bbox 1210 2235 1410 2275; x_wconf 84' lang='lat' dir='ltr'>receptarum</span> <span class='ocrx_word' id='word_1_444' title='bbox 1437 2236 1468 2264; x_wconf 86' lang='lat' dir='ltr'>et</span> <span class='ocrx_word' id='word_1_445' title='bbox 1492 2240 1724 2274; x_wconf 79' lang='lat' dir='ltr'>expensarum,</span> <span class='ocrx_word' id='word_1_446' title='bbox 1750 2230 1855 2263; x_wconf 88' lang='lat' dir='ltr'>credi-</span> 
     </span>
     <span class='ocr_line' id='line_1_89' title="bbox 1119 2282 1856 2329; baseline -0.001 -12"><span class='ocrx_word' id='word_1_447' title='bbox 1119 2291 1219 2318; x_wconf 87' lang='lat' dir='ltr'>tarum</span> <span class='ocrx_word' id='word_1_448' title='bbox 1242 2294 1371 2329; x_wconf 84' lang='lat' dir='ltr'>quoque</span> <span class='ocrx_word' id='word_1_449' title='bbox 1389 2289 1421 2317; x_wconf 87' lang='lat' dir='ltr'>et</span> <span class='ocrx_word' id='word_1_450' title='bbox 1439 2284 1619 2317; x_wconf 87' lang='lat' dir='ltr'>debitarum</span> <span class='ocrx_word' id='word_1_451' title='bbox 1644 2282 1856 2327; x_wconf 87' lang='lat' dir='ltr'>pecuniarum</span> 
     </span>
     <span class='ocr_line' id='line_1_90' title="bbox 1119 2335 1857 2381; baseline -0.003 -11"><span class='ocrx_word' id='word_1_452' title='bbox 1119 2338 1233 2381; x_wconf 80' lang='lat' dir='ltr'>cuique</span> <span class='ocrx_word' id='word_1_453' title='bbox 1259 2337 1469 2377; x_wconf 85' lang='lat' dir='ltr'>monasterio,</span> <span class='ocrx_word' id='word_1_454' title='bbox 1490 2347 1527 2369; x_wconf 86' lang='lat' dir='ltr'>ex</span> <span class='ocrx_word' id='word_1_455' title='bbox 1545 2335 1696 2369; x_wconf 84' lang='lat' dir='ltr'>brevibus</span> <span class='ocrx_word' id='word_1_456' title='bbox 1722 2346 1857 2379; x_wconf 85' lang='lat' dir='ltr'>compu-</span> 
     </span>
     <span class='ocr_line' id='line_1_91' title="bbox 1120 2389 1858 2434; baseline -0.004 -10"><span class='ocrx_word' id='word_1_457' title='bbox 1120 2397 1222 2424; x_wconf 90' lang='lat' dir='ltr'>torum</span> <span class='ocrx_word' id='word_1_458' title='bbox 1256 2390 1386 2423; x_wconf 86' lang='lat' dir='ltr'>triennii</span> <span class='ocrx_word' id='word_1_459' title='bbox 1423 2389 1646 2434; x_wconf 85' lang='lat' dir='ltr'>praecedentis</span> <span class='ocrx_word' id='word_1_460' title='bbox 1682 2389 1858 2422; x_wconf 89' lang='lat' dir='ltr'>cuiuslibet</span> 
     </span>
     <span class='ocr_line' id='line_1_92' title="bbox 1120 2442 1858 2491; baseline -0.003 -14"><span class='ocrx_word' id='word_1_461' title='bbox 1120 2444 1309 2477; x_wconf 76' lang='lat' dir='ltr'>monasterii</span> <span class='ocrx_word' id='word_1_462' title='bbox 1325 2454 1406 2487; x_wconf 82' lang='lat' dir='ltr'>quae</span> <span class='ocrx_word' id='word_1_463' title='bbox 1419 2448 1651 2487; x_wconf 88' lang='lat' dir='ltr'>procuratores</span> <span class='ocrx_word' id='word_1_464' title='bbox 1667 2442 1783 2491; x_wconf 65' lang='lat' dir='ltr'>iisdem</span> <span class='ocrx_word' id='word_1_465' title='bbox 1800 2447 1858 2475; x_wconf 86' lang='lat' dir='ltr'>tra-</span> 
     </span>
    </p>

    <p class='ocr_par' dir='ltr' id='par_1_13' title="bbox 1155 2514 1597 2548">
     <span class='ocr_line' id='line_1_93' title="bbox 1155 2514 1597 2548; baseline -0.005 -6"><span class='ocrx_word' id='word_1_466' title='bbox 1155 2516 1164 2542; x_wconf 89' lang='lat'>1</span> <span class='ocrx_word' id='word_1_467' title='bbox 1189 2515 1288 2541; x_wconf 84' lang='lat' dir='ltr'>Forsan</span> <span class='ocrx_word' id='word_1_468' title='bbox 1309 2518 1476 2543; x_wconf 77' lang='lat' dir='ltr'>servaretur</span> <span class='ocrx_word' id='word_1_469' title='bbox 1496 2514 1532 2548; x_wconf 81' lang='lat' dir='ltr'>(n.</span> <span class='ocrx_word' id='word_1_470' title='bbox 1549 2515 1597 2547; x_wconf 78' lang='grc' dir='ltr'>τ.).</span> 
     </span>
    </p>

    <p class='ocr_par' dir='ltr' id='par_1_14' title="bbox 1154 2558 1630 2596">
     <span class='ocr_line' id='line_1_94' title="bbox 1154 2558 1630 2596; baseline 0.002 -11"><span class='ocrx_word' id='word_1_471' title='bbox 1154 2559 1168 2585; x_wconf 75' lang='grc'>2</span> <span class='ocrx_word' id='word_1_472' title='bbox 1190 2559 1318 2595; x_wconf 86' lang='lat' dir='ltr'>Legerem</span> <span class='ocrx_word' id='word_1_473' title='bbox 1339 2559 1510 2596; x_wconf 74' lang='lat' dir='ltr'>ableyabunt</span> <span class='ocrx_word' id='word_1_474' title='bbox 1531 2559 1567 2594; x_wconf 77' lang='lat' dir='ltr'>(fl.</span> <span class='ocrx_word' id='word_1_475' title='bbox 1583 2558 1630 2593; x_wconf 84' lang='lat' dir='ltr'>T.).</span> 
     </span>
    </p>
   </div>
   <div class='ocr_carea' id='block_1_8' title="bbox 1859 153 2042 182">
    <p class='ocr_par' dir='ltr' id='par_1_15' title="bbox 1859 153 2042 182">
     <span class='ocr_line' id='line_1_95' title="bbox 1859 153 2042 182; baseline 0.016 -3"><span class='ocrx_word' id='word_1_476' title='bbox 1859 153 1911 181; x_wconf 52' lang='lat' dir='ltr'>Ant</span> <span class='ocrx_word' id='word_1_477' title='bbox 1931 153 1957 181; x_wconf 86' lang='lat' dir='ltr'>C.</span> <span class='ocrx_word' id='word_1_478' title='bbox 1979 154 2042 182; x_wconf 73' lang='lat' dir='ltr'>¹03ss</span> 
     </span>
    </p>
   </div>
  </div>
 </body>
</html>
