2111 3157
175 189 225 217 Ar..
246 188 274 215 C.
294 186 359 215 1050»

229 723 362 744 Cannu-matio

181 752 240 772 relati
257 752 345 771 decretl.

405 176 468 209 (10¹1¹

369 245 441 269 esse
455 233 678 270 electionibus,
692 231 761 263 sine
773 226 974 273 praeiudicio
987 226 1102 259 iurium

368 288 529 332 partium,
568 286 606 318 ab
646 284 761 316 abbate
794 281 825 314 S.
858 278 1011 312 Ermanni
1052 287 1105 309 no-

370 342 457 374 mine
489 340 623 372 Sanctae
655 335 760 369 Sedis.
787 334 821 367 In
855 332 971 365 iisdem
1000 334 1105 364 autem

370 392 597 430 electionibus,
617 388 806 423 servandam
826 386 858 419 in
878 384 1014 428 reliquis
1035 392 1106 416 esse

370 447 504 479 sormam
530 449 562 477 et
585 442 729 480 modum,
755 440 809 484 qui
830 438 1019 471 servabatur
1036 441 1107 470 ante

370 499 522 530 unionem
558 494 802 539 praedictorum
838 489 1108 524 monasteriorum

370 553 403 584 in
423 549 727 593 Congregationem.
751 546 884 583 Romae,
903 544 955 577 die
972 553 982 576 1
1001 543 1109 575 febru-

372 604 430 637 arii
455 612 645 637 imotxxxw.
664 620 708 625 -—
725 600 760 633 G.
778 598 900 632 cardin.
921 596 1107 630 ciamus.

371 658 451 690 Loco
472 655 630 698 >1-si9illi.
651 654 685 687 B.
705 653 924 689 Pmcurmus,
947 653 1061 682 secret.
1077 660 1108 679 ».

417 711 431 754 ς
456 710 486 743 2.
514 709 590 743 Cum
611 712 727 746 autem,
747 707 831 739 sicut
847 715 906 749 pro
924 709 1015 748 parte
1033 702 1110 735 Cae-

372 763 481 798 lestini
497 762 656 806 praesidis
679 765 930 802 ceterorumque
959 757 1110 790 abbatum

373 817 593 861 praefatorum
629 814 722 847 nobis
760 812 899 845 subinde
933 809 1113 853 expositum

376 870 452 909 snit,
478 869 537 912 ipsi
565 869 732 901 decretum
757 864 954 904 huiusmodi,
975 873 1039 907 quo
1064 861 1115 894 fir-

375 923 456 956 mius
467 921 630 960 subsistat,
645 919 843 962 apostolicae
858 922 987 950 nostrae
1001 914 1115 948 confir-

376 975 525 1008 mationis
545 972 723 1016 patrocinio
738 971 913 1015 plurimum
924 967 1114 1002 communiri

377 1028 582 1061 desiderent:
612 1036 688 1064 nos,
714 1023 888 1067 specialem
914 1022 994 1065 ipsis
1019 1030 1117 1063 expo·

377 1080 528 1113 uentibus
555 1079 690 1122 gratiam
717 1078 819 1109 facere
842 1076 997 1114 volentes,
1015 1078 1046 1107 et
1065 1084 1118 1107 eo-

378 1143 447 1167 rum
466 1132 650 1174 singulares
672 1139 831 1175 personas
850 1139 867 1161 a
883 1127 1047 1172 quibusvis
1066 1137 1119 1159 ex-

377 1184 690 1223 communicationis,
711 1181 935 1226 suspensionis
959 1185 991 1215 et
1019 1181 1119 1214 inter-

378 1239 472 1279 dicti,
494 1238 633 1281 aliisque
659 1234 886 1270 ecclesiasticis
921 1234 1094 1267 sententiis
1110 1260 1117 1274 ,

377 1290 520 1324 censuris
538 1295 570 1323 et
585 1289 712 1333 poenis,
731 1299 748 1320 a
762 1288 833 1321 iure
846 1288 896 1320 vel
915 1287 953 1319 ab
971 1286 1118 1327 homine,

379 1343 490 1387 quavis
515 1342 683 1376 occasione
708 1342 759 1374 vel
785 1342 881 1373 causa
905 1340 990 1380 latis,
1006 1339 1033 1372 si
1052 1339 1121 1382 qui,

378 1397 437 1429 bus
475 1395 724 1439 quomodolibet
760 1394 934 1427 inncdatae
959 1392 1118 1440 existunt,

379 1450 418 1483 ad
443 1447 589 1482 effectum
613 1448 834 1492 praesentium
859 1447 1024 1480 dumtaxat
1047 1456 1122 1479 con-

381 1502 595 1546 sequendum,
613 1502 730 1533 harum
755 1500 839 1533 serie
865 1501 1068 1532 absolventes
1090 1503 1123 1532 et

381 1555 545 1588 absolutas
581 1554 649 1587 sore
682 1558 873 1593 censentes,
903 1552 1117 1596 supplicatio-

382 1608 476 1641 nibus
504 1617 617 1640 eorum
646 1606 776 1640 nomine
801 1606 895 1639 nobis
926 1616 1025 1650 super
1059 1606 1121 1639 hoc

383 1659 549 1693 humiliter
572 1659 730 1702 porrectis
756 1659 924 1698 inclinati,
953 1659 1119 1692 decretum

383 1713 627 1757 praeinsertum,
649 1712 842 1745 auctoritate
865 1712 1053 1756 apostolica,
1076 1718 1121 1745 te-

384 1777 462 1800 nore
491 1765 731 1810 praesentium,
754 1765 982 1798 confirmamus
1008 1771 1040 1797 et
1067 1776 1121 1809 ap-

384 1821 584 1864 probamus,
611 1819 723 1862 illique
760 1819 959 1852 inviolabilis
991 1824 1122 1862 aposto—

384 1874 464 1906 licae
490 1872 650 1905 firmitatis
680 1873 781 1905 robur
813 1872 1001 1911 adiicimus,
1035 1873 1121 1905 salva

384 1933 490 1960 tamen
515 1935 642 1968 semper
666 1926 697 1958 in
722 1926 907 1968 praemissis
933 1926 1121 1959 auctoritate

383 1981 547 2024 praelatae
572 1978 838 2021 Congregationis
863 1979 1085 2012 cardinalium.

947 176 1129 203 mmmmm!
1153 174 1306 200 mummi

1146 224 1243 256 inane
1268 223 1293 256 si
1318 231 1410 256 secus
1444 232 1544 266 super
1573 222 1625 255 his
1657 234 1674 255 a
1699 230 1883 266 quoquam,

1147 277 1259 320 quavis
1284 276 1486 315 auctoritate,
1506 275 1646 309 scienter
1665 276 1716 309 vel
1736 276 1887 319 ignoran-

1148 335 1206 367 ter,
1224 328 1399 372 contigerit
1414 328 1578 362 attentari.

1193 382 1207 425 ξ
1231 382 1263 415 4.
1296 381 1366 415 Non
1391 381 1595 415 obstantibus
1620 382 1827 425 praemissis,
1853 393 1889 416 ac

1150 433 1437 467 constitutionibus
1468 439 1500 467 et
1524 435 1784 468 ordinationibus
1810 446 1890 479 apo-

1151 487 1283 528 stolicis,
1304 497 1445 528 necnon,
1472 493 1631 531 quatenus
1652 498 1733 531 opus
1762 488 1819 529 sit,
1844 489 1891 521 di-

1153 546 1277 574 ctorum
1288 541 1570 580 monasteriorum,
1586 541 1698 575 aliisve
1713 542 1891 586 quibusvis,

1153 595 1250 628 etiam
1274 595 1469 634 iuramento,
1494 594 1740 628 confirmatione
1764 600 1893 638 aposto-

1153 648 1223 687 liea,
1242 648 1291 681 vel
1324 647 1434 691 quavis
1460 647 1611 680 firmitate
1632 648 1693 681 alia
1717 648 1892 688 roboratis,

1153 701 1278 734 statutis
1314 705 1346 733 et
1380 700 1692 741 consuetudinibus,
1717 701 1894 744 privilegiis

1155 764 1296 798 quoque,
1322 754 1456 786 indultis
1492 758 1524 786 et
1554 754 1671 787 litteris
1708 754 1893 797 apostolicis

1155 808 1188 840 in
1202 807 1401 840 contrarium
1423 807 1675 851 praemissorum
1694 808 1896 852 quomodoli-

1155 860 1210 893 bet
1227 860 1408 899 concessis,
1433 860 1631 894 eonfirmatis
1656 866 1688 894 et
1711 862 1894 902 innovatis;

1159 912 1275 956 quibus
1302 913 1451 945 omnibus
1477 917 1510 946 et
1532 913 1679 956 singulis,
1696 913 1827 948 illorum
1852 919 1898 947 te-

1158 977 1254 1000 nores
1279 966 1508 1010 praesentibus
1538 977 1600 1010 pro
1625 968 1723 1010 plene
1749 971 1782 1000 et
1809 967 1897 1001 suffi-

1159 1019 1285 1052 cienter
1303 1018 1464 1062 expressis
1485 1023 1517 1051 et
1541 1019 1581 1052 ad
1606 1019 1738 1053 verbum
1763 1019 1896 1053 insertis

1160 1070 1416 1111 habentes,-illis
1441 1068 1519 1104 alias
1540 1071 1574 1105 in
1599 1078 1658 1104 suo
1682 1071 1804 1105 robore
1828 1083 1899 1116 per-

1161 1124 1342 1164 mansuris,
1378 1124 1418 1156 ad
1442 1125 1697 1167 praemissorum
1722 1124 1873 1160 effectum
1889 1152 1896 1166 ,

1163 1179 1223 1211 hae
1247 1177 1315 1210 vice
1344 1178 1535 1218 dumtaxat,
1559 1177 1746 1221 specialiter
1777 1183 1811 1212 et
1839 1188 1896 1212 ex-

1162 1241 1275 1275 presse
1303 1231 1523 1273 derogamus;
1556 1230 1738 1275 ceterisque
1772 1236 1901 1265 contra-

1163 1285 1220 1317 riis
1245 1284 1518 1328 quibuscumque.

1206 1338 1323 1371 Datum
1345 1337 1477 1378 Romae,
1506 1338 1592 1381 apud
1619 1338 1651 1372 S.
1677 1338 1818 1380 Petrum,
1842 1340 1900 1372 sub

1164 1392 1285 1424 annulo
1334 1390 1508 1424 piscatoris
1527 1418 1534 1431 ‚
1572 1391 1626 1425 die
1666 1401 1698 1425 ix
1743 1391 1900 1425 februarii

1163 1453 1343 1478 MDCLXXXVI
1358 1471 1366 1485 ,
1392 1444 1603 1487 pontificatus
1628 1444 1733 1478 nostri
1757 1454 1846 1478 anno
1867 1454 1898 1479 x.

1199 1506 1258 1534 Dat.
1274 1506 1318 1534 die
1333 1507 1349 1534 9
1368 1506 1499 1534 februarii
1516 1506 1594 1541 1686,
1610 1507 1707 1543 pontif.
1733 1514 1804 1536 anno
1819 1514 1846 1535 x.

1472 1622 1586 1657 CLXII.

1150 1695 1358 1728 ,Declaratur
1371 1695 1470 1727 irrita
1487 1699 1516 1727 et
1531 1694 1628 1728 nulla
1642 1695 1802 1728 alienatio
1812 1695 1904 1738 feudi

1206 1752 1309 1780 status
1333 1748 1516 1781 Masserani
1534 1748 1605 1781 sine
1622 1748 1756 1781 licenzid
1771 1752 1903 1781 sanctae

1206 1801 1297 1834 Sedis
1324 1801 1530 1844 Apostolicae
1558 1801 1646 1844 facta
1676 1801 1753 1834 duci
1778 1801 1903 1835 Saban-

1207 1854 1281 1886 diae
1295 1854 1316 1887 ¹.

1347 1925 1546 1952 Innocentius
1565 1925 1645 1960 Papa
1664 1926 1719 1960 xl,

1281 1971 1318 1998 ad
1338 1973 1515 2005 perpetuam
1534 1971 1579 1998 rei
1600 1971 1784 2003 memoriam.

1891 171 1943 199 An.
1965 171 1993 199 c.
2012 171 2077 211 icoc,

1935 391 2080 413 cunrat-iorum

1899 418 2018 447 derogatio.

217 2041 336 2062 Claumae.
1939 2030 2037 2051 Refertur
2043 2028 2093 2050 alio·

1207 2033 1282 2067 Cum
1309 2032 1413 2075 (sicut
1433 2032 1638 2076 accepimus)
1660 2032 1798 2066 dilectus
1815 2032 1901 2066 filius
1912 2057 2038 2078 mmm„
2051 2059 2093 2078 m,

1164 2086 1282 2120 nobilis
1320 2086 1368 2118 vir
1400 2085 1531 2119 Carolus
1571 2085 1701 2119 Bessius
1738 2085 1903 2120 Ferrerius
1913 2082 2092 2138 ζωρήῇᾒζζθῗξῗ

1164 2140 1286 2174 Fliseus
1309 2140 1461 2184 princeps
1492 2139 1668 2173 Masserani
1697 2144 1729 2174 et
1756 2141 1902 2175 marchio
1913 2137 1958 2160 '⁰¹⁰
1973 2141 2045 2162 ⁸³⁵⁵5⁰
2065 2140 2091 2161 ‘³'

1165 2192 1347 2236 Crepacorii
1372 2193 1587 2226 vercellensis
1612 2192 1769 2226 dioecesis
1798 2198 1902 2227 terras
1913 2194 2069 2217 ⁰⁵⁵³b³¹¹=¹iss

429 2034 444 2077 ξ
469 2033 501 2066 3.
528 2033 748 2066 Decernentes
774 2032 905 2065 easdem
934 2038 1122 2076 praesentes

384 2087 506 2120 litteras
531 2096 659 2129 semper
683 2085 798 2125 sirmas
817 2085 938 2118 validas
963 2090 996 2118 et
1019 2085 1122 2119 effica-

385 2151 437 2174 ces
463 2140 601 2173 existere
627 2143 659 2172 et
683 2139 762 2179 fore,
788 2149 931 2182 suosque
957 2139 1122 2182 plenarios

1913 2169 1947 2188 cta
1956 2168 2046 2189 Amadeo
2056 2168 2091 2190 du·

387 2198 418 2226 et
443 2193 587 2236 integros
614 2191 746 2224 effectus
773 2192 883 2224 sortiri
908 2196 940 2224 et
965 2192 1122 2232 obtinere,

387 2257 423 2279 ac
448 2246 523 2286 illis,
541 2246 578 2279 ad
599 2257 681 2289 quos
699 2250 824 2289 spectat
847 2250 880 2278 et
905 2245 1067 2288 spectabit
1091 2246 1123 2278 in

388 2299 539 2339 futurum,
559 2299 747 2342 plenissime
769 2297 946 2341 suffragari,
966 2303 997 2330 et
1018 2299 1056 2330 ab
1078 2298 1123 2331 eis

389 2351 571 2395 respective
598 2351 830 2384 inviolabiliter
854 2351 1043 2391 observari,
1070 2351 1124 2384 sic-

390 2416 451 2448 que
477 2405 508 2437 in
537 2405 723 2448 praemissis
748 2415 806 2447 per
830 2414 1053 2448 quoscumque
1077 2405 1125 2437 iu-

391 2458 477 2491 dices
491 2458 673 2490 ordinarios
689 2463 720 2490 et
741 2459 923 2501 delegatos,
943 2457 1038 2490 etiam
1055 2467 1126 2490 cau-

392 2520 495 2543 sarum
521 2510 630 2552 palatii
657 2511 826 2553 apostolici
847 2511 1025 2550 auditoreS,
1044 2510 1125 2543 iudi-

392 2563 455 2598 cari
482 2567 513 2596 et
538 2563 663 2596 deliniri
695 2564 837 2602 debere,
870 2575 906 2598 ac
938 2563 1068 2597 irritum
1093 2569 1126 2598 et

1167 2252 1198 2280 et
1222 2251 1328 2280 castra
1352 2246 1550 2287 Masserani,
1578 2251 1610 2279 et
1637 2245 1841 2291 Crepacorii,
1871 2252 1903 2281 et

1204 2354 1212 2379 1
1246 2352 1357 2380 Constit.
1391 2352 1433 2379 ed.
1464 2357 1623 2383 mnemxvu,
1651 2351 1694 2380 die
1729 2351 1760 2379 12
1788 2352 1903 2390 aprilis,

1166 2397 1261 2432 pontis.
1274 2404 1291 2430 ι,
1308 2396 1485 2424 committitur
1496 2397 1621 2432 episcopo
1635 2396 1812 2424 Alexandrino
1824 2404 1905 2424 causa

1166 2439 1236 2466 inter
1269 2439 1418 2474 principem
1452 2443 1478 2466 et
1510 2439 1569 2466 eius
1597 2438 1740 2465 subditos:
1770 2438 1904 2467 innocui-

1166 2484 1218 2511 tius
1237 2483 1280 2510 ΧΠ
1306 2491 1368 2511 vero
1397 2483 1506 2511 constit.
1536 2483 1579 2510 ed.
1608 2489 1698 2516 macc,
1719 2482 1762 2510 die
1781 2483 1817 2511 30
1834 2483 1903 2518 iulii,

1167 2529 1260 2564 pontif.
1288 2535 1323 2563 tx,
1344 2528 1492 2555 declaravit
1519 2527 1655 2563 quoddam
1684 2527 1820 2556 indultum
1840 2528 1905 2562 duci

1165 2573 1318 2613 sabaudiae
1337 2581 1352 2600 a
1370 2573 1481 2603 Nicolao
1501 2572 1519 2599 V
1539 2580 1696 2604 concessum
