2111 3157
3 251 52 281 .c.
74 245 148 281 teas*

153 302 291 347 pitulum
326 303 430 345 rigide
467 302 628 345 puniatur.
663 302 728 335 Sub
769 303 880 334 eadem

151 356 256 398 poena
278 355 450 388 mulierum
469 365 745 398 quarumcumque
761 356 881 397 ample-

152 417 208 440 xus
232 406 442 450 prohibemus
467 412 498 440 et
522 408 642 440 oscula.

194 469 250 492 vn.
276 458 472 503 Quicumque
488 459 582 493 nobis
599 464 629 492 et
643 464 753 492 nostro
770 459 879 492 Ordini

151 511 284 545 subiecti
310 512 460 546 mulieres
477 513 611 556 aliquas,
627 511 879 544 incontinentiae

151 566 264 604 causa,
296 564 378 597 infra
410 570 502 608 septa
533 564 800 598 monasteriorum
827 568 879 595 aut

149 616 182 649 in
206 616 276 649 aliis
302 617 460 656 domibus,
487 616 629 660 grangiis
656 626 713 648 seu
739 615 877 648 cellariis

147 669 252 701 nostri
275 668 403 702 Ordinis
427 668 676 707 introduxerint,
701 672 755 699 aut
778 667 878 699 intro-

149 720 220 753 duci
245 720 404 762 fecerint,
430 722 482 754 vel
506 721 561 764 qui
589 721 652 752 iam
677 719 876 752 introductas

145 774 400 818 receptaverint‚
427 779 457 807 et
481 775 534 817 qui
558 774 591 806 in
615 773 678 806 hoc
704 773 749 805 eis
778 782 872 814 prae-

146 825 285 859 stiterint
301 826 481 866 consilium,
497 825 651 858 auxilium
670 825 718 858 vel
736 825 875 857 favorem

145 877 213 917 sive
237 884 325 911 actus
352 883 478 912 secutus
503 878 607 917 fuerit,
628 878 693 910 sive
711 887 786 917 non,
809 887 873 909 non

143 936 281 974 possunt
299 941 316 963 a
333 935 421 963 tanto
439 936 527 963 reatu
545 929 678 969 absolvi,
698 929 760 962 nisi
778 934 875 972 prout

144 983 184 1016 de
208 983 334 1016 casibus
367 983 537 1016 reservatis
567 982 802 1026 praescriptum
827 986 875 1015 est

142 1035 175 1068 in
188 1035 330 1079 capitulo
349 1035 387 1069 de
403 1036 620 1069 confessione.
639 1034 729 1073 Quod
747 1035 771 1066 si
788 1035 874 1077 prio-

143 1098 195 1121 res
221 1093 252 1121 et
268 1089 367 1121 ceteri
387 1088 540 1122 officiales
558 1088 590 1120 in
608 1088 792 1131 praemissis
809 1089 874 1120 cul-

141 1141 264 1185 pabiles
287 1141 422 1181 inventi,
448 1146 501 1173 aut
524 1151 622 1184 super
647 1141 710 1173 hoc
735 1140 872 1172 convicti

141 1195 190 1227 vel
214 1194 344 1237 publice
369 1194 507 1228 confessi
532 1194 659 1234 fuerint,
684 1204 701 1227 a
717 1193 782 1226 suis
797 1195 874 1226 obe-

142 1246 270 1279 dientiis
294 1247 511 1287 absolventur,
531 1252 563 1280 et
581 1247 620 1279 ad
641 1257 694 1280 eas
711 1252 764 1279 aut
780 1257 873 1289 quas-

141 1309 276 1343 cumque
293 1299 370 1332 alias
386 1305 543 1342 perpetuo
561 1299 626 1332 sint
642 1298 812 1339 inhabiles,
832 1298 873 1330 si-

140 1361 181 1384 ne
217 1361 273 1395 spe
298 1351 430 1384 alicuius
454 1350 676 1391 restitutionis,
702 1350 873 1393 poenajni-

140 1403 314 1437 hilominus
339 1403 485 1446 graviori,
511 1403 537 1436 si
561 1413 651 1436 casus
676 1403 739 1435 hoc
758 1412 873 1445 exege-

139 1456 193 1497 rit,
217 1456 387 1500 puniendi.

0 1530 43 1545 tm
58 1523 108 1544 xxi.
186 1519 208 1543 1.
226 1508 319 1542 Nulla
334 1508 462 1548 domus,
482 1508 577 1541 etiam
594 1518 728 1551 magnae
741 1507 873 1541 Carthu-

0 1551 219 1606 12335fi⁰l¹32siae,
248 1559 389 1605 pluries¹
414 1560 550 1604 recipiat
575 1561 768 1600 monachos,
798 1571 874 1594 con-

0 1602 133 1658 ssffi'ssb‘ssigffi
142 1626 252 1648 versos
267 1621 299 1648 et
312 1614 392 1647 alias
409 1624 575 1657 personas,
592 1625 687 1658 quam
705 1614 872 1647 facultates

0 1657 230 1701 ⁰²⁰¹''¹³”⁵¹⁵'ittius
254 1666 382 1710 possint
411 1676 482 1698 cuin
506 1666 577 1698 aliis
608 1666 762 1698 oneribus
796 1666 874 1698 tole-

142 1730 224 1760 rare,
245 1730 299 1759 ne,
325 1719 363 1751 ad
388 1718 537 1757 maiores,
562 1729 655 1761 quam
680 1719 793 1751 domus
820 1729 875 1752 no-

143 1777 230 1805 strae
254 1771 434 1815 patiuntur,
462 1781 619 1814 expensas
643 1771 757 1810 coacti,
783 1780 876 1814 quae-

143 1835 216 1858 rere
241 1829 273 1858 et.
295 1824 412 1866 vagari,
433 1824 520 1866 quod
546 1824 725 1864 horremus,
743 1823 876 1867 incipia-

144 1888 228 1912 mus.
247 1878 294 1911 Ad
319 1888 389 1910 eam
413 1877 511 1920 igitur
535 1877 746 1920 quantitatem
766 1888 875 1910 nunte-

145 1942 198 1965 rus
215 1931 435 1964 habitatorum
459 1930 633 1964 cuiuslibet
657 1931 769 1963 domus
795 1931 878 1964 redi-

146 1990 248 2028 gatur,
274 1995 369 2028 quam
397 1984 468 2017 sine
493 1983 668 2026 praedictis
701 1984 877 2027 quaerendi

146 2042 179 2069 et
200 2036 338 2079 vagandi
363 2035 540 2069 odibilibus
563 2035 676 2068 officiis
702 2041 733 2068 et
756 2036 879 2078 perieu-

147 2089 186 2124 lis
220 2089 349 2133 possint
382 2094 536 2132 portare:
574 2098 638 2121 non
674 2089 879 2121 attendentes

147 2152 293 2182 munera,
328 2152 410 2185 quae
435 2141 606 2174 mittuntur
631 2141 751 2183 (neque
777 2141 877 2181 enim,

148 2199 282 2238 propter
304 2194 427 2226 incerta
451 2191 618 2232 beneficia,
647 2202 747 2225 onera
780 2198 878 2233 certa,

150 2256 231 2289 quae
255 2256 315 2279 nec
339 2245 462 2288 portari
494 2255 554 2277 nec
585 2245 703 2288 deponi
726 2251 878 2288 possunt,

151 2299 220 2332 sine
237 2298 350 2342 grandi
368 2298 512 2342 periculo
527 2298 693 2331 subeunda
710 2298 880 2341 videntur),

152 2351 208 2384 sed
224 2351 259 2386 id,
273 2351 359 2394 quod
378 2351 491 2384 domus
508 2354 640 2383 nostrae
661 2350 727 2384 sive
746 2361 782 2383 ex
800 2351 883 2394 agri-

152 2405 294 2445 cultura,
319 2403 386 2437 sive
411 2414 447 2436 ex
483 2413 635 2445 pecorum
659 2404 880 2445 nutrimento,

153 2455 220 2489 sive
243 2467 281 2489 ex
306 2455 378 2489 aliis
404 2454 586 2488 redditibus
611 2455 726 2487 annuis
746 2456 883 2489 reddere

154 2512 301 2552 possunt..

198 2570 234 2594 n.
260 2560 425 2600 Credimus
459 2565 567 2593 tamen
591 2560 677 2603 quod
702 2560 883 2594 mediocres

194 2623 204 2651 t
226 2621 316 2650 Potius
335 2622 392 2659 lege
408 2623 508 2659 plures
527 2622 566 2658 (a.
582 2621 631 2658 τ.).

731 255 944 279 INNOCENTtt's
966 256 996 279 Χῖ
1021 255 1070 279 Pr.

1554 246 1616 280 847
1664 255 1758 284 mic.
1780 256 1846 285 1688

924 303 1090 336 facultates
1115 313 1151 335 ex
1175 304 1230 336 Dei
1256 303 1416 336 adiutorio
1451 304 1544 336 nobis
1569 304 1656 337 suffi-

922 355 1018 395 cient,
1036 355 1061 387 si
1080 355 1279 395 humilitatis,
1304 355 1511 399 paupertatis,
1533 356 1656 390 sobrie-

923 408 994 440 tatis
1018 408 1051 440 in
1076 409 1161 440 victu
1187 413 1218 441 et
1252 409 1365 441 vestitu
1381 435 1388 448 ,
1415 419 1451 441 ac
1474 409 1590 443 ceteris
1615 411 1655 444 ad

922 470 1014 491 usum
1050 460 1299 503 pertinentibuS,
1335 461 1459 504 antiqui
1495 463 1655 505 propositi

921 512 1061 544 studium
1082 518 1275 554 perseveret,
1294 518 1326 545 et
1340 513 1363 545 si
1381 518 1546 556 postremo
1564 525 1656 548 mun·

922 564 952 596 di
989 570 1195 608 contemptus
1231 571 1262 598 et
1293 566 1349 599 Dei
1385 577 1495 606 amor,
1520 574 1654 611 propter

920 627 1014 659 quem
1039 618 1115 650 ferri
1135 618 1243 651 omnia
1260 619 1392 660 debent,
1412 620 1593 662 profectum
1618 620 1651 654 in

920 669 988 701 dics
1014 670 1172 712 accipiant
1196 671 1257 713 (a).

963 732 1012 754 111.
1038 721 1118 760 Quia
1143 733 1178 755 ex
1204 723 1267 755 levi
1300 729 1331 755 et
1363 724 1538 758 indiscreta
1561 736 1652 759 rece-

919 774 1028 815 ptione
1053 775 1220 807 domorum
1242 786 1414 814 novarum,
1441 777 1548 809 minus
1567 778 1652 810 suffi-

918 825 1041 858 cienter
1065 826 1244 859 dotatarum
1271 832 1302 860 ct
1326 827 1481 861 aediliciis
1506 840 1652 863 necessa-

918 878 972 911 riis
996 880 1184 919 carentium,
1210 881 1312 913 multa
1338 881 1488 914 scandala
1514 888 1547 914 et
1569 882 1651 914 vitu·

917 931 1007 973 peria
1030 932 1131 974 (quod
1156 932 1305 965 dolentes
1330 933 1513 977 referimus.)
1538 941 1649 968 nostro

917 985 1062 1017 novimus
1080 984 1188 1032 Ordini
1215 986 1411 1028 provenisse,
1434 992 1466 1019 et
1485 987 1650 1020 deteriora

916 1037 947 1069 in
973 1043 1139 1080 posterum
1156 1038 1342 1080 provenire,
1361 1039 1423 1071 nisi
1449 1039 1578 1072 salubre
1604 1050 1650 1073 re-

916 1090 1056 1122 medium
1081 1094 1279 1133 apponatur,
1303 1101 1368 1124 non
1393 1091 1552 1124 immerito
1578 1092 1646 1125 for-

916 1143 1093 1176 midamus:
1129 1144 1308 1184 statuimus,
1344 1150 1379 1177 ut
1414 1146 1503 1178 nulla
1535 1146 1648 1178 domus

916 1195 1094 1238 recipiatur
1117 1196 1156 1229 de
1177 1201 1294 1237 cetero,
1313 1197 1374 1230 nisi
1399 1198 1488 1241 prius
1505 1209 1563 1242 pro
1581 1209 1649 1232 sus-

916 1249 1092 1282 tentatione
1118 1248 1235 1292 prioris
1268 1260 1303 1282 ac
1328 1250 1500 1284 duodecim
1535 1262 1649 1285 mona-

914 1302 1059 1342 chorum,
1080 1312 1115 1334 ac
1135 1312 1194 1344 pro
1209 1302 1279 1335 aliis
1300 1303 1454 1336 oneribus
1471 1305 1648 1347 portandis,

915 1354 1041 1386 dotetur
1058 1353 1292 1386 sufficientibus
1311 1355 1489 1389 redditibus
1511 1358 1560 1395 vel
1578 1367 1649 1400 pos-

915 1406 1116 1438 sessionibus
1140 1407 1329 1448 assignatis,
1356 1413 1387 1440 et
1418 1408 1479 1440 nisi
1511 1408 1544 1441 in
1574 1409 1647 1442 loco

917 1458 1017 1491 habili
1048 1464 1080 1491 et
1105 1459 1255 1497 honesto,
1280 1470 1297 1491 a
1321 1460 1564 1494 cohabitatione
1590 1462 1649 1495 ho-

915 1510 1036 1542 minum
1061 1510 1168 1543 debite
1192 1518 1374 1553 segregato,
1401 1513 1597 1553 aedificetur,
1617 1519 1649 1546 et

916 1562 976 1594 nisi
1001 1562 1088 1605 prius
1107 1563 1298 1595 constructis
1316 1564 1548 1598 sufficientibus
1567 1566 1650 1599 aedi·

916 1614 1005 1655 ficiis,
1022 1616 1072 1647 vel
1091 1615 1129 1648 de
1154 1616 1378 1649 construendis
1403 1618 1600 1661 competenti
1618 1624 1649 1651 et

916 1669 1028 1703 secura
1044 1668 1234 1710 praehabita
1251 1669 1410 1709 cautione,
1426 1671 1646 1712 provideatur.

960 1730 1000 1752 1v.
1019 1719 1153 1758 Quando
1173 1719 1289 1762 aliquis
1311 1722 1490 1754 monachus
1505 1733 1564 1765 per
1585 1733 1650 1755 car—

919 1778 981 1805 tam
1017 1772 1149 1815 capituli
1185 1777 1238 1804 aut
1270 1772 1433 1806 licentiam
1473 1775 1649 1817 specialem

918 1825 1054 1857 mittitur
1078 1835 1115 1857 ex
1139 1826 1204 1856 una
1228 1825 1322 1858 domo
1340 1825 1467 1859 Ordinis
1484 1827 1522 1859 ad
1540 1827 1646 1867 aliam,

919 1877 1107 1920 praesidens
1139 1877 1268 1916 domus,
1302 1881 1432 1921 recepta
1464 1882 1571 1920 carta,
1600 1880 1649 1912 vel

920 1929 987 1962 cius
1023 1929 1176 1969 licentia,
1211 1930 1447 1972 quamprimum
1479 1931 1649 1964 commode

920 1982 1047 2025 poterit,
1069 1981 1160 2014 illum
1186 1981 1318 2022 emittat,
1344 1992 1404 2015 nee
1423 1984 1579 2016 concedat
1602 1983 1650 2017 illi

920 2034 1154 2066 recreationem
1179 2035 1264 2066 ultra
1288 2034 1368 2066 duos
1386 2034 1465 2075 dies
1484 2035 1515 2067 in
1535 2036 1652 2078 quibus

920 2087 1016 2119 etiam
1042 2096 1107 2118 non
1132 2087 1297 2129 permittat
1322 2086 1412 2120 illum
1438 2087 1592 2121 accedere
1613 2088 1652 2120 ad

921 2139 1079 2172 civitatem
1108 2139 1258 2179 vicinam,
1285 2145 1340 2171 aut
1363 2139 1424 2172 alia
1447 2141 1536 2179 loca,
1560 2150 1652 2183 prae-

922 2197 1066 2234 terquam
1092 2191 1129 2223 ad
1156 2191 1369 2234 spatiamenta
1389 2192 1504 2225 domus
1525 2193 1654 2226 ordina·

922 2245 980 2276 ria.
1007 2244 1140 2286 Insuper
1165 2244 1355 2287 praesidens
1387 2244 1516 2286 domus,
1543 2257 1561 2279 a
1592 2257 1654 2289 qua

923 2297 1066 2337 discedit,
1092 2297 1124 2329 in
1149 2297 1280 2336 litteris,
1306 2308 1385 2340 quas
1409 2298 1528 2331 scribet
1551 2299 1655 2342 priori

924 2351 1036 2384 domus
1053 2350 1094 2383 ad
1111 2360 1206 2393 quam
1224 2349 1371 2390 mittitur,
1388 2351 1545 2393 exprimat
1560 2352 1654 2385 ‘diem

925 2413 1070 2435 recessus
1097 2402 1164 2435 eius
1189 2413 1207 2434 a
1230 2404 1286 2434 sua
1311 2402 1416 2442 domo,
1435 2408 1469 2435 ut
1492 2403 1567 2437 inde
1592 2405 1656 2438 col-

925 2455 1026 2496 ligere
1051 2455 1153 2498 possit
1178 2455 1269 2497 prior
1286 2454 1312 2487 si
1330 2465 1451 2487 moram
1472 2455 1603 2489 nimiam
1625 2457 1657 2490 in

925 2508 1040 2540 itinere
1055 2507 1169 2539 fecerit
1184 2506 1354 2549 religiosus
1368 2506 1433 2548 ille,
1448 2517 1553 2551 neque
1571 2509 1658 2542 enim

960 2578 990 2611 a)
1007 2576 1074 2603 Vide
1093 2576 1290 2604 ordinationem
1317 2577 1377 2604 anni
1405 2583 1533 2604 MDCLxxtx
1558 2578 1586 2605 in
1605 2579 1659 2606 line

927 2621 1005 2648 buius
1024 2621 1132 2657 capituli
1153 2621 1326 2657 Cupt'clilalz's
1345 2622 1514 2658 occasiones,
1535 2625 1588 2651 etc·
