2111 3157
8 269 34 288 n.
53 258 81 287 c.
100 257 169 287 ¹680
746 257 958 282 INNOCENTH'S
979 256 1007 281 xi
1034 257 1081 281 pp,
1569 241 1627 275 961

174 307 340 350 quillitatis
364 312 394 340 et
418 308 514 351 pacis.
540 307 636 340 immo
668 312 699 339 et
730 307 901 339 observan-

175 360 238 392 tiae
263 360 439 402 regularis,
469 371 597 393 necnon
626 365 688 392 tam
713 358 899 400 eligentium

174 418 206 444 et
230 413 408 445 electorum
434 413 617 444 earumdem
641 411 898 453 provinciarum,

174 474 269 506 quam
288 469 417 495 nostrae
437 463 635 496 auctoritatis
657 461 899 504 praeiudicium,

174 514 451 547 confirmationem
477 515 525 547 vel
550 514 808 546 confirmationes
837 515 901 545 ele-

174 573 224 599 ‹tto
249 568 297 599 vel
319 567 429 599 electis
454 567 626 607 denegare,
650 567 699 597 vel
724 565 899 603 retardare,

175 624 207 650 et
232 623 471 660 consequenter
505 617 665 649 salubrem
697 616 842 648 ellectum
872 621 902 647 et

175 669 347 702 efficaciam
372 669 550 701 antedictae
575 667 819 700 Constitutionis
844 667 902 698 sru-

173 727 274 753 strare
290 721 341 752 vel
366 721 520 762 impedire
546 720 692 762 possint:

22 787 79 808 Nunc
95 785 163 806 decla·
217 772 279 804 Nos
297 778 480 815 propterea,
499 772 602 804 eidem
618 770 838 804 constitutioni
857 770 903 802 ln-

0 817 40 833 ιιιιι·
85 812 163 832 debere

3 839 145 866 praesidentes
174 825 386 857 nocentianae
410 825 639 865 inhaerentes,
666 830 761 867 atque
787 824 817 855 in
845 824 903 855 bac

0 865 102 885 iiii-emate
117 870 165 883 cun·

0 896 64 910 mm
79 891 162 910 „ieruo-
174 883 263 918 parte
281 876 460 909 huiusmodi
478 876 715 919 provinciarum
731 876 902 917 religiosae

0 924 33 940 es,
54 916 117 936 seuuel
138 921 163 935 ac

0 947 51 972 ..με
67 928 399 970 rama,tranquillitati
423 934 454 960 et
480 928 563 970 paci*
583 929 754 961 consulere
787 939 821 959 ae
859 933 904 960 tot

0 974 131 1015 Ῐῖἶὲἷᾷιὶἶῗίε
144 973 164 988 ε’
176 981 268 1013 malis
287 980 526 1012 imminentibus
552 981 591 1012 de
616 980 761 1012 remedio
785 990 904 1022 oppor-

175 1038 253 1065 tuno
282 1033 452 1074 providere
481 1034 642 1071 volentes,
668 1038 780 1063 tenore
814 1041 905 1073 prae-

176 1086 327 1123 sentium,
349 1085 511 1127 nostrique
536 1084 677 1116 muneris
705 1083 903 1119 auctoriam,

175 1147 303 1170 necnon
327 1137 364 1169 de
390 1136 526 1168 consilio
556 1136 727 1168 admodum
754 1146 905 1168 rever-wa-

176 1190 288 1222 dorum
311 1194 448 1231 patrum,
469 1187 522 1230 qui
542 1188 635 1220 nobis
656 1188 816 1226 assistunt,
835 1199 904 1229 iwr-

176 1248 274 1285 petuo
303 1243 525 1281 declaramus,
555 1241 722 1273 statuimus
755 1245 786 1272 et
820 1241 905 1272 0113}-

177 1304 298 1333 namus,
328 1294 427 1335 quod,
454 1292 479 1324 si
504 1293 535 1324 in
560 1292 732 1335 praedictis
763 1292 905 1329 Quia—2⁵1

178 1353 210 1380 et
232 1346 301 1379 aliis
331 1346 491 1378 indiarum
524 1345 698 1388 provinciis
730 1345 762 1376 in
793 1356 907 1387 persa-

177 1410 250 1432 nam
275 1400 323 1431 vel
348 1409 503 1440 personas
520 1424 527 1437 ,
552 1408 633 1440 quae
667 1404 810 1440 tempore
843 1398 907 1429 ele-

178 1451 302 1491 ctionis‚
321 1460 376 1483 seu
398 1451 604 1489 electionum,
623 1450 654 1482 in
676 1449 763 1492 quasi
781 1460 908 1492 posses-

178 1505 269 1537 sione
307 1504 420 1536 saltem
451 1503 611 1546 probabili
647 1502 734 1534 vocis
765 1502 907 1544 passivae

179 1556 375 1599 respective,
410 1555 475 1587 sive
509 1555 624 1587 electio
657 1555 705 1587 vel
734 1554 909 1587 electiones

180 1609 279 1652 patris
304 1608 517 1651 provincialis,
543 1618 598 1639 seu
624 1606 760 1639 rectoris
780 1607 909 1649 provin—

180 1661 258 1698 ciae,
283 1660 497 1698 definitorum,
517 1659 609 1691 etiam
628 1659 820 1696 additor-um,
837 1658 909 1689 visi-

182 1719 332 1750 tatorum,
353 1712 500 1755 priorum
524 1712 686 1750 localium,
710 1711 909 1749 vicariorum,

183 1765 344 1808 priorum,
373 1764 514 1796 iudicum
545 1774 714 1796 causarum
740 1769 771 1796 et
795 1770 912 1795 scruta-

184 1823 288 1850 torum
320 1816 511 1855 definitorii,
545 1816 620 1848 item
651 1827 685 1847 ac
710 1815 839 1847 discreti
865 1826 914 1846 ca-

184 1870 276 1912 pituli
307 1868 483 1911 generalis,
518 1879 644 1900 necnon
676 1868 809 1900 aliorum
835 1878 913 1909 quo-

185 1932 394 1964 rumcumque
419 1921 614 1959 officialium,
637 1931 835 1963 quocumque
858 1930 915 1951 no-

185 1975 271 2007 mine
292 1979 562 2016 nuncupatorum,
589 1984 698 2005 vocem
725 1973 858 2005 activam
884 1972 913 2003 in

186 2026 333 2069 capitulis
358 2025 607 2068 provincialibus
634 2024 834 2063 habentium,
859 2035 916 2066 per

187 2078 379 2111 scrutinium
404 2083 575 2116 secretum,
601 2083 696 2119 prout
720 2077 758 2109 de
782 2077 851 2109 iure
874 2077 917 2107 l'a-

189 2132 349 2169 ciendum,
363 2142 380 2163 a
394 2130 508 2162 maiori
526 2136 616 2172 parte
636 2129 777 2162 omnium
799 2131 918 2161 electo-

190 2194 261 2216 rum
287 2185 315 2215 iu
339 2182 478 2225 capitulo
505 2182 693 2225 provinciali
717 2187 771 2214 aut
792 2182 821 2213 iu
841 2192 919 2224 quo-

191 2246 327 2278 cumque
355 2234 537 2267 delinitorio
563 2234 612 2266 vel
637 2234 715 2266 alias
741 2235 920 2276 quomodo-

191 2288 270 2321 libet
301 2286 477 2329 respective
511 2286 610 2318 sactae
644 2286 775 2322 suerint,
812 2291 919 2327 patre,

192 2351 222 2383 pi
235 2339 412 2372 acsidentes
426 2337 566 2381 capituli,
586 2344 691 2380 patres
709 2336 921 2379 provinciales

194 2397 224 2424 et
249 2391 302 2424 alii
327 2391 519 2433 quicumque
545 2389 739 2431 superiores,
754 2388 785 2420 in
807 2388 921 2431 quiuis

195 2444 369 2476 arctoritas
397 2443 560 2475 ordinaria
584 2442 633 2474 vel
670 2441 818 2482 delegata
849 2452 923 2473 ‹oa-

195 2494 344 2528 fiimandi
370 2506 428 2538 pro
455 2500 600 2537 tempore
622 2494 857 2536 quomodocum
873 2504 922 2536 pie

197 2548 350 2587 resideat,
383 2547 563 2589 praedictos
590 2556 701 2578 omnes
725 2550 756 2578 et
779 2545 857 2588 sing·
877 2547 924 2578 los

197 2602 331 2636 electos,
357 2605 390 2632 ut
413 2610 521 2643 supra,
548 2609 722 2642 eorumque
748 2598 924 2641 singul:.re3

943 305 1121 337 electiones
1146 304 1214 337 sine
1238 302 1455 336 retardatione
1481 300 1671 334 confirmare

943 356 1075 388 omnino
1109 361 1299 394 teneantur,
1331 365 1394 387 uon
1424 354 1569 386 obstante
1593 362 1673 394 quo-

943 418 1081 450 cumque
1107 408 1233 439 desectu
1268 407 1362 439 etiam
1389 404 1603 441 substantiali,
1624 405 1672 436 vel

944 469 1146 500 quacumque
1178 458 1411 500 protestatione
1449 457 1497 488 vel
1530 456 1673 498 appella-

945 511 1050 550 tione,
1085 511 1151 543 sive
1182 516 1255 542 ante
1293 510 1359 542 sive
1390 515 1462 551 post
1489 507 1672 540 huiusmodi

944 563 1139 594 electionem
1155 563 1204 594 vel
1225 562 1400 594 electiones
1415 561 1494 592 faeta
1508 561 1556 592 vel
1575 560 1674 591 inter-

945 616 1058 656 posita,
1076 614 1168 646 etiam
1189 614 1227 646 de
1247 614 1326 644 iure.
1346 613 1435 650 Quod
1457 613 1482 644 si
1509 612 1675 644 nibilomi-

945 677 1003 698 nus
1027 665 1210 698 huiusmodi
1236 664 1512 697 confirmationem
1539 665 1675 704 denega·

946 719 1049 751 verint
1079 720 1129 751 vel
1161 718 1270 760 aliquo
1299 717 1393 748 modo
1419 717 1672 756 retardaverint,

946 777 1020 802 tunc
1045 769 1227 803 huiusmodi
1259 769 1381 801 electus
1408 769 1457 800 vel
1483 769 1594 806 electi,
1621 779 1675 800 eo-

947 833 1081 865 rumque
1108 822 1289 863 singulares
1315 820 1504 859 electiones,
1526 831 1676 862 praesen-

946 876 1023 907 tium
1040 875 1161 917 vigore,
1186 874 1280 906 toties
1301 873 1427 916 quoties
1447 873 1612 915 perpetuis
1630 873 1677 904 su-

948 928 1025 960 turis
1051 927 1251 969 temporibus
1270 936 1350 969 opus
1371 925 1472 963 suerit,
1495 924 1676 957 confirmati

946 980 1126 1022 respective
1152 979 1233 1018 sint,
1259 989 1294 1010 ac
1319 988 1377 1020 pro
1403 977 1598 1010 confirmatis
1625 977 1679 1008 lia-

947 1033 1094 1071 beantur,
1120 1031 1234 1064 eodem
1259 1040 1392 1073 prorsus
1419 1030 1524 1067 modo,
1550 1040 1586 1061 ac
1610 1029 1635 1061 si
1661 1040 1678 1060 a

948 1084 1118 1127 praedictis
1143 1084 1284 1126 patribus
1314 1083 1538 1115 auctoritatem
1564 1081 1680 1113 contir-

948 1137 1054 1168 mandi
1093 1135 1286 1168 habentibus
1316 1134 1495 1176 confirmati
1529 1133 1677 1173 fuissent,

948 1194 1105 1230 quatenus
1137 1187 1207 1220 sinc
1244 1187 1335 1220 Obice
1375 1197 1464 1218 suain
1500 1186 1679 1226 respective

949 1239 1183 1278 auctoritatem,
1204 1239 1306 1271 officia
1324 1244 1355 1271 et
1380 1238 1552 1280 dignitates
1577 1238 1679 1270 libere

950 1297 981 1323 et
1004 1292 1090 1324 licite
1116 1301 1268 1323 exercere
1293 1291 1420 1333 possint
1446 1296 1477 1322 et
1501 1291 1628 1322 valeant
1650 1290 1680 1321 in

926 1354 987 1380 ‚co
1012 1343 1141 1375 interim
1169 1343 1254 1385 quod
1281 1343 1318 1374 ad
1340 1342 1573 1384 praescriptum
1593 1352 1682 1383 prae-

951 1396 1097 1428 laudatae
1112 1394 1352 1427 constitutionis
1372 1393 1618 1426 innocentianae
1637 1403 1682 1424 su-

951 1459 1008 1491 per
1031 1447 1270 1490 praedictarum
1300 1446 1494 1479 electionum
1518 1445 1682 1477 validitate

952 1502 999 1533 vel
1031 1501 1179 1533 nullitate
1211 1500 1250 1532 ad
1284 1499 1465 1542 praedictas
1494 1497 1682 1536 Quitensem

952 1558 983 1585 et
1007 1553 1085 1585 alias
1110 1552 1269 1585 lndiarum
1295 1551 1476 1594 provincias
1501 1555 1609 1582 nostra
1635 1550 1684 1582 vel

952 1615 1178 1637 successorum
1193 1610 1375 1636 nostrorum
1394 1602 1618 1635 determinatio
1636 1612 1686 1633 re-

952 1657 1091 1700 spective
1117 1657 1295 1699 perveniat,
1317 1656 1523 1697 legitimeque
1543 1654 1687 1686 intimata

955 1709 1058 1742 suerit.
1085 1710 1289 1741 Declarantes
1313 1713 1496 1751 praeterea,
1523 1713 1617 1750 prout
1643 1713 1687 1738 te-

955 1773 1033 1794 nore
1059 1762 1280 1804 praesentium
1299 1762 1508 1799 declaramus,
1535 1760 1687 1802 privative

956 1815 1058 1857 quoad
1084 1814 1178 1846 aliam
1199 1823 1433 1855 quamcumque
1464 1813 1688 1844 auctoritatem

957 1872 1011 1900 seu
1033 1866 1290 1898 iurisdictionem
1317 1865 1555 1908 praedic-tarini]
1582 1873 1691 1906 respe-

957 1919 1036 1951 ctive
1062 1918 1318 1960 provinciarum,
1340 1917 1435 1949 etiam
1468 1917 1568 1959 patris
1596 1926 1691 1958 prae-

958 1971 1091 2003 sidentis
1129 1975 1161 2002 ct
1195 1969 1335 2001 iudicum
1371 1979 1558 2008 causarum,
1595 1973 1691 2010 atque

958 2023 1187 2065 cuiuscumque
1217 2021 1412 2060 deflnitoris,
1438 2021 1534 2053 etiam
1563 2019 1692 2062 capituli

960 2075 1177 2118 provincialis,
1202 2074 1241 2107 ad
1266 2084 1324 2106 nos
1349 2078 1381 2105 et
1405 2083 1612 2106 successores
1637 2082 1694 2104 no-

961 2134 1052 2166 stros,
1078 2138 1136 2170 pro
1162 2132 1308 2169 tempore
1334 2126 1516 2163 existentes,
1535 2130 1596 2157 tam
1619 2135 1695 2157 con-

962 2180 1181 2222 gregationem
1200 2189 1294 2221 quam
1320 2177 1625 2211 determinationem
1643 2187 1696 2209 su·

963 2243 1020 2274 per
1045 2231 1190 2264 nullitate
1215 2231 1445 2273 cuiuscumque
1471 2229 1640 2263 electionis
1663 2234 1695 2261 ut

963 2295 1058 2326 supra
1075 2284 1182 2323 sactae,
1201 2284 1295 2316 etiam
1310 2283 1380 2325 ipso
1396 2282 1476 2322 iuro,
1490 2287 1612 2321 contra,
1633 2287 1697 2313 tam

964 2342 1037 2368 ante
1056 2347 1151 2378 quam
1170 2341 1242 2378 post
1256 2335 1541 2374 confirmationem,
1559 2334 1698 2366 deducta

966 2390 1012 2421 vel
1039 2388 1341 2430 quomodocumque
1375 2387 1504 2427 cognita
1537 2387 1700 2419 dumtaxat

966 2442 1142 2484 pertinere.
1170 2440 1387 2482 Praecipimus
1413 2438 1563 2472 omnibus
1585 2444 1616 2471 ct
1636 2439 1700 2471 sin-

967 2494 1049 2535 gulis
1067 2492 1343 2525 reverendissimis
1357 2493 1500 2535 patribus
1517 2504 1553 2524 ac
1573 2502 1700 2524 venera—

966 2547 1083 2579 bilibus
1104 2545 1253 2578 l'ratribus
1275 2545 1506 2588 cuiuscumque
1523 2556 1562 2587 qu
1576 2544 1698 2584 ilitatis,

967 2598 1160 2632 conditionis
1175 2603 1206 2631 et
1220 2597 1396 2640 dignitatis,
1412 2598 1507 2630 etiam
1527 2597 1701 2640 provincia-

1679 250 1728 275 Αη.
1745 249 1774 276 C.
1798 249 1863 277 1680
