2111 3157
51 235 101 262 An.
120 235 149 261 C.
171 233 236 260 MSS

66 2296 103 2323 ς’.
113 2297 142 2319 De
150 2299 220 2324 priore

41 2325 62 2344 οι
71 2325 185 2351 subpriore.

283 280 316 314 In
341 281 500 316 cubilibus
524 282 688 326 hospitum
721 282 824 316 omnis
861 292 968 315 exces-

239 344 301 375 sus,
328 335 393 369 sive
417 336 450 368 in
473 341 589 369 ornatu
614 336 716 368 serico
742 340 774 368 et
797 334 866 368 aliis
885 333 967 367 simi-

238 387 323 420 libus
348 388 567 432 apparatibus,
592 399 724 432 prorsus
750 388 907 426 evitetur,
933 391 968 418 ut

238 440 388 483 religiosa
421 441 605 485 simplicitas
640 451 709 474 cum
734 439 888 474 modestia
913 439 968 471 de-

238 493 322 526 centi
353 494 586 537 conspiciatur,
612 504 717 537 neque
750 493 788 526 ad
822 502 966 525 mensam

239 557 310 579 vasa
334 557 431 580 aurea
454 548 502 580 vel
528 547 721 580 candelabra
738 551 891 589 argentea
908 544 968 577 eis-

238 598 311 631 dem
335 604 549 642 apponantur,
577 599 636 631 nisi
663 598 744 631 sorte
769 597 869 640 aliqui
894 596 968 629 cali-

237 660 300 692 ceS,
319 652 365 683 uti
383 657 415 685 et
442 651 623 685 cochlearia
648 661 719 684 cum
739 649 904 682 surcinulis
920 659 968 681 ar-

237 709 353 746 gentea
388 704 535 747 quidem,
569 713 634 736 non
671 707 779 735 tamen
816 702 967 734 deaurata

236 757 430 800 apponenda
453 756 634 789 videantur.
662 755 695 788 ln
721 766 780 787 usu
798 754 916 787 horum
935 758 967 786 et

235 808 268 841 in
293 808 440 852 expensis
467 808 583 841 intuitu
608 807 835 851 hospitalitatis
849 806 967 840 sacien-

235 861 292 902 dis,
317 861 349 894 id
374 860 559 904 specialiter
583 860 856 893 considerandum
879 859 966 892 venit

232 918 269 947 ut
301 913 486 947 scandalum
522 913 739 946 saecularibus
775 922 841 945 non
873 922 966 956 prae-

233 966 369 1008 beatur,
396 966 567 1009 omniaque
593 966 625 999 in
657 965 862 1009 simplicitate
888 976 965 1008 pau-

233 1019 368 1063 pertatis
386 1019 560 1062 religiosae
577 1029 646 1051 cum
665 1018 791 1051 sincera
809 1018 964 1051 charitate

233 1077 450 1115 praestentur.
477 1071 562 1111 Quae
586 1082 662 1105 vero
689 1082 724 1104 ex
751 1071 866 1104 annuis
891 1071 965 1104 red-

233 1125 353 1158 ditibus
378 1126 647 1159 monasteriorum
671 1129 853 1169 supersunt,
879 1124 966 1157 utili-

232 1183 282 1212 ter
305 1178 549 1222 impendentur,
575 1184 642 1211 tum
674 1178 706 1211 in
731 1188 823 1210 usum
847 1188 967 1221 paupe-

231 1241 314 1272 rum,
340 1236 406 1264 tum
431 1232 463 1264 in
488 1231 716 1275 supportandis
741 1231 894 1264 oneribus
910 1241 965 1263 no-

231 1290 315 1318 strae
329 1284 604 1327 Congregationis‚
614 1289 645 1317 et
655 1284 693 1317 ad
707 1283 965 1316 subveniendum

232 1348 377 1381 congrue
409 1337 553 1370 eiusdem
586 1337 812 1369 communibus
848 1342 879 1369 et
904 1336 965 1368 sin-

232 1391 380 1433 gulorum
405 1390 674 1424 monasteriorum
692 1390 806 1423 suturis
826 1389 966 1422 necessi-

230 1444 362 1477 tatibus.
389 1443 477 1477 Inter
500 1443 681 1476 communia
698 1442 965 1486 Congregationis

231 1506 332 1529 onera
367 1501 595 1540 computantur
627 1506 787 1539 expensae
813 1495 844 1528 in
871 1497 965 1528 causa

229 1550 455 1590 visitationum,
467 1560 527 1593 pro
537 1549 674 1589 novitiis,
685 1560 743 1594 pro
755 1549 868 1583 studiis
882 1560 965 1582 com-

229 1604 392 1644 munibus,
407 1609 439 1637 et
462 1604 532 1636 aliis
549 1603 705 1636 similibus
723 1603 761 1636 ad
778 1603 963 1645 religiosam

230 1656 433 1700 disciplinam
457 1656 559 1689 solide
577 1656 801 1689 stabiliendam
819 1661 964 1699 spectan-

230 1709 328 1743 tibus.
343 1709 585 1752 Eleemosynae,
599 1719 679 1752 quae
692 1708 888 1752 pauperibus
902 1721 963 1742 mu—

230 1762 363 1796 lieribus
377 1762 562 1807 petentibus
580 1761 763 1803 largiendae
783 1767 868 1803 sunt,
888 1763 964 1796 siant

230 1826 247 1848 a
272 1815 409 1849 ianitore
442 1815 473 1848 in
508 1815 645 1858 pecunia
670 1821 725 1848 aut
744 1827 851 1859 pane,
878 1816 963 1849 iuxta

230 1869 398 1912 aequitatis
431 1869 599 1901 rationem.
635 1868 788 1901 Caveatur
821 1880 897 1902 vero
930 1876 963 1903 ut

229 1931 334 1965 neque
376 1922 444 1954 istis
487 1932 592 1965 neque
627 1920 792 1955 nobilibus
837 1923 962 1956 seminis

231 1975 362 2019 (quibus
388 1976 565 2008 clausuram
584 1976 770 2008 monasterii
791 1977 879 2010 nullo
897 1987 963 2010 mo-

230 2029 271 2061 do
297 2028 422 2072 ingredi
445 2028 561 2071 liceat)
587 2028 619 2060 in
643 2029 841 2062 monasterio
866 2030 961 2062 etiam

230 2086 321 2114 extra
346 2082 542 2121 clausuram,
566 2091 672 2124 neque
709 2081 741 2114 in
777 2082 960 2127 propinqua

230 2134 403 2175 domo,aut
418 2134 504 2175 alibi,
518 2134 688 2177 prandium
705 2136 754 2168 vel
771 2136 858 2169 aliud
880 2137 962 2169 eius>

229 2186 330 2227 modi,
349 2186 411 2219 nisi
432 2197 469 2219 ex
494 2187 579 2229 gravi
606 2192 636 2219 et
657 2188 792 2221 honesta
809 2191 912 2231 causa,
931 2194 963 2223 et

230 2240 354 2273 semoto
379 2239 465 2272 omni
491 2239 651 2280 scandalo,
678 2241 884 2274 concedatur.

274 2291 398 2334 Singuli
423 2291 555 2324 abbates
581 2291 702 2334 eligant
720 2297 751 2324 et
767 2294 963 2327 constituant

231 2345 292 2377 sibi
315 2345 464 2388 priorem,
489 2345 591 2377 virum
617 2345 801 2388 probatum,
828 2347 881 2389 qui
907 2347 962 2381 de-

230 2397 348 2431 cimum
363 2398 508 2442 quintum
526 2398 737 2441 professionis
752 2409 826 2432 suae
844 2410 961 2434 annum

230 2451 343 2484 saltem
363 2451 541 2494 expleverit
558 2450 687 2493 (auditis
708 2452 796 2494 prius
822 2462 961 2486 conven-

230 2503 362 2537 tualium
388 2504 565 2547 consiliis),
591 2504 644 2547 qui
671 2504 795 2537 abbatis
818 2505 903 2538 vices
928 2506 958 2538 in

230 2562 386 2590 conventu
412 2558 569 2600 suppleat,
596 2567 786 2601 semperque
804 2557 835 2590 in
857 2558 959 2592 choro

230 2613 264 2657 et
286 2610 396 2643 mensa
428 2615 459 2643 et
482 2610 672 2644 dormitorio
708 2621 781 2644 cum
807 2612 958 2646 fratribus

827 233 1036 258 mNocizNTivs
1058 234 1088 258 Χῖ
1114 233 1162 257 ΡΡ.

1008 281 1058 321 sit,
1086 280 1274 324 disciplinae
1300 279 1443 324 regulari
1467 279 1563 313 unice
1579 279 1737 322 invigilet,

1008 340 1104 377 atque
1129 334 1161 367 in
1186 334 1235 374 iis,
1262 345 1342 378 quae
1364 334 1504 367 divinum
1522 333 1651 372 cultum,
1674 333 1741 376 pie-

1008 391 1103 419 tatem
1121 392 1153 419 et
1168 387 1367 430 spiritualem
1386 387 1563 430 profectum
1584 390 1739 429 spectant,

1009 444 1074 472 tum
1101 441 1248 484 exemplo
1266 445 1410 484 praeeat,
1430 445 1494 473 tum
1516 440 1622 473 verbis
1638 445 1669 473 et
1686 439 1741 472 ad-

1009 493 1243 527 monitionibus
1269 504 1325 527 seu
1345 493 1600 527 correctionibus
1615 498 1740 526 ceteros

1009 545 1143 578 edoceat
1162 556 1198 578 ac
1223 546 1350 589 dirigat.

1052 597 1263 641 Summopere
1289 603 1405 639 caveat,
1419 610 1469 639 ne,
1483 609 1542 642 per
1559 609 1648 632 suam
1666 608 1741 632 con-

1009 649 1180 683 niventiam
1192 652 1242 684 vel
1256 651 1540 694 dispensationem,
1552 651 1739 695 disciplinae

1008 702 1165 743 regularis
1190 704 1343 736 relaxatio
1361 703 1423 744 fiat,
1442 704 1497 737 sed
1516 705 1635 745 omnia,
1658 715 1741 747 quae

1006 754 1056 786 vel
1077 764 1136 796 per
1159 754 1468 798 Congregationem,
1494 757 1544 790 vel
1569 757 1741 800 proprium

1007 805 1154 840 abbatem
1179 808 1337 848 ordinata,
1364 814 1417 841 aut
1441 809 1583 842 moribus
1609 815 1664 842 aut
1683 821 1741 843 usu

1007 858 1090 892 bene
1112 860 1293 893 introducta
1310 866 1392 901 sunt,
1411 862 1519 894 debita
1536 863 1742 896 observantia

1008 913 1176 953 custodiat,
1203 918 1264 946 tam
1291 915 1423 948 absente
1450 925 1546 958 quam
1571 922 1740 960 praesente

1007 965 1135 999 abbate.

1050 1018 1191 1062 Singulis
1207 1020 1397 1063 septimanis
1411 1021 1522 1060 semel,
1535 1026 1599 1061 aut,
1611 1021 1635 1054 si
1647 1031 1741 1064 opus,

1006 1072 1135 1115 saepius
1160 1073 1335 1115 capitulum
1362 1073 1486 1113 habeat,
1514 1074 1544 1106 in
1567 1084 1628 1117 qua
1645 1075 1743 1108 levio-

1006 1134 1057 1157 res
1072 1125 1197 1168 culpae,
1216 1136 1294 1169 quas
1317 1126 1356 1159 ad
1374 1126 1520 1159 abbatem
1539 1127 1657 1160 del'erri
1677 1138 1740 1160 non

1006 1183 1144 1220 oportet,
1168 1188 1227 1221 per
1247 1178 1349 1221 ipsum
1366 1179 1578 1222 corrigantur,
1600 1180 1742 1213 iniuncta

1008 1230 1272 1274 delinquentibus
1298 1243 1357 1275 pro
1382 1233 1535 1276 qualitate
1571 1234 1740 1277 culparum

1007 1284 1208 1326 poenitentia
1233 1285 1378 1318 salutari.

1051 1335 1135 1368 Patri
1172 1337 1273 1379 priori
1311 1338 1475 1371 ordinarie
1515 1339 1739 1381 adiungendus

1008 1395 1055 1422 est
1072 1390 1229 1433 superior,
1246 1391 1298 1433 qui
1313 1391 1493 1434 proximum
1510 1398 1582 1436 post
1598 1393 1740 1436 priorem

1007 1444 1110 1476 locum
1137 1443 1169 1476 in
1194 1446 1387 1478 monasterio
1419 1446 1553 1487 habeat,
1579 1458 1638 1489 pro
1664 1458 1740 1481 vero

1007 1497 1173 1539 superiore
1188 1507 1319 1540 semper
1335 1498 1503 1531 habendus
1521 1504 1553 1531 et
1569 1500 1743 1543 respicien-

1007 1549 1073 1589 dus,
1100 1550 1256 1593 quamvis,
1278 1557 1448 1593 praesente
1463 1552 1495 1584 in
1517 1553 1664 1585 clausura
1682 1564 1741 1587 nec

1006 1603 1163 1646 impedito
1189 1603 1220 1635 in
1247 1606 1302 1636 sua
1320 1604 1486 1638 functione
1503 1612 1594 1649 patre
1620 1607 1738 1649 priore,

1006 1656 1044 1688 ad
1076 1658 1330 1699 praecavendam
1354 1658 1588 1699 confusionem,
1611 1660 1740 1693 iurisdi-

1006 1709 1112 1742 ctione
1148 1715 1180 1742 et
1211 1716 1372 1753 potestate
1404 1711 1535 1745 iubendi
1561 1719 1615 1745 aut
1640 1714 1741 1746 corri-

1006 1762 1102 1804 gendi
1133 1773 1197 1795 non
1221 1763 1284 1803 uti,
1311 1764 1367 1796 sed
1399 1765 1468 1808 ipse
1505 1775 1632 1809 quoque
1658 1767 1740 1809 patri

1006 1815 1106 1858 priori
1132 1826 1246 1859 parere
1272 1817 1400 1850 debeat.
1427 1818 1569 1851 Absente
1587 1820 1739 1859 vero,vel

1005 1880 1064 1912 per
1088 1869 1324 1911 aegritudinem
1360 1870 1459 1904 aliave
1492 1882 1529 1904 ex
1560 1876 1656 1905 causa
1680 1874 1740 1906 irn-

1004 1922 1114 1965 pedito
1139 1923 1257 1965 priore,
1283 1923 1352 1955 eius
1379 1923 1518 1956 officium
1539 1924 1570 1957 in
1591 1926 1739 1960 omnibus

1004 1976 1138 2008 maxime
1164 1975 1344 2018 repentinis
1369 1977 1622 2020 emergentibus,
1654 1989 1739 2022 quae

1005 2029 1191 2062 dilationem
1228 2039 1293 2062 non
1319 2030 1504 2072 patiuntur,
1529 2041 1587 2073 per
1611 2037 1738 2075 patrem

1005 2083 1206 2126 superiorem
1233 2084 1456 2126 suppleantur.

1048 2134 1236 2168 OEconomia
1268 2135 1549 2177 monasteriorum,
1577 2143 1736 2181 quatenus

1004 2189 1160 2221 decenter
1183 2187 1251 2220 fieri
1276 2193 1392 2231 potest,
1410 2189 1654 2223 administretur
1678 2201 1737 2234 per

1636 221 1695 255 651
1746 230 1795 257 An.
1813 230 1841 257 c.
1865 230 1933 258 1020

1773 2144 1783 2171 g
1799 2144 1818 2164 3.
1836 2144 1864 2165 Do
1876 2146 1932 2166 rote·

1747 2171 1775 2191 ris
1804 2171 1931 2192 officialibus

1747 2199 1768 2217 ot
1809 2203 1930 2217 oeconomi«

1705 2245 1711 2250 ‚
1746 2226 1929 2245 monasteriorum.

1003 2242 1189 2284 religiosos,
1216 2241 1267 2284 qui
1294 2242 1333 2275 ad
1358 2242 1419 2275 hoc
1448 2242 1556 2276 idonei
1582 2248 1678 2287 atque
1703 2255 1735 2278 in

1003 2295 1118 2338 spiritu
1143 2294 1265 2326 fundati
1291 2294 1363 2335 sint,
1388 2300 1422 2327 ut
1446 2295 1625 2329 animarum
1650 2297 1736 2340 peri-

1003 2349 1110 2381 culum
1138 2347 1220 2380 iuste
1245 2347 1349 2380 timeri
1374 2357 1439 2380 non
1463 2348 1605 2390 debeat,
1639 2354 1735 2393 atque

1002 2412 1062 2445 pro
1085 2401 1265 2434 differentia
1296 2401 1441 2434 locorum
1466 2406 1498 2434 et
1524 2402 1734 2437 multitudine

1003 2454 1169 2494 laborum,
1192 2464 1274 2487 unus
1298 2455 1348 2487 vel
1372 2455 1483 2497 plures
1498 2481 1505 2495 ‚
1531 2466 1610 2498 quos
1635 2456 1733 2489 abbas

1002 2506 1147 2549 elegerit,
1158 2506 1317 2548 granario,
1332 2507 1467 2549 culinae,
1480 2508 1581 2541 cellae
1591 2508 1732 2542 vinariae

1001 2561 1049 2592 vel
1075 2559 1281 2592 cerevisariae
1306 2559 1545 2603 praeficiantur.
1715 2564 1719 2567 “

1044 2612 1201 2646 Officiales
1237 2613 1288 2646 isti
1324 2623 1383 2647 seu
1416 2614 1585 2647 oeconomi
1610 2614 1735 2660 festivis
