2111 3157
47 244 97 272 An.
117 243 148 272 G.
169 243 232 271 1687

55 882 86 904 Do
95 883 168 904 vinarii
179 888 225 909 pro-

43 909 139 939 vtnciatts
183 910 225 931 ctu·

41 938 120 957 ctione.

68 1249 98 1271 ne
113 1249 158 1271 eius
179 1256 224 1271 mn-

41 1277 96 1297 noris
123 1277 225 1298 diuturni-

41 1305 92 1325 law·

68 1775 96 1797 no
113 1776 222 1797 coenobiis

40 1803 187 1830 aufugam-lis.
233 1826 239 1832 ,

67 2302 97 2323 De
109 2303 223 2324 definitori-

42 2327 80 2349 bus
95 2357 98 2360 ξ
112 2333 131 2350 ot
163 2331 222 2351 socio

42 2359 182 2382 provincialis.

237 292 421 326 reformatis
456 293 612 331 mittendi,
638 293 754 335 dignos
789 293 826 325 ad
862 303 969 325 sacros

237 346 366 380 ordines
383 347 623 389 praesentandi,
638 357 766 380 necnon
783 347 822 379 ad
843 346 971 379 concio-

238 409 295 432 nes
331 404 363 432 et
394 399 613 433 confessiones
644 400 821 432 audiendas
859 399 971 431 admit-

238 452 339 492 tendi,
361 452 477 485 fratres
496 453 534 485 de
551 463 615 485 uno
641 458 798 486 conventu
817 452 854 484 ad
873 452 969 484 alium

238 505 485 538 reformatorum
512 506 739 544 transferendi,
763 510 795 537 ct
817 505 972 547 generali-

239 564 287 590 ter
307 558 445 591 faciendi
463 559 525 591 alia
542 559 636 591 latius
655 569 808 601 expressa
826 558 857 589 in
876 557 970 589 dictis

237 611 329 643 Brevi
354 616 386 644 et
409 611 564 651 articulis,
582 622 663 654 quae
686 616 794 644 exacte
813 611 843 642 in
869 610 972 643 omni-

235 662 295 694 bus
319 668 352 696 et
375 673 434 706 per
453 664 560 696 omnia
576 663 732 696 servanda
752 668 848 695 erunt
871 662 904 694 in
929 662 972 694 di-

235 717 286 748 cta
309 716 473 759 provincia
498 717 745 755 Pedemontana,
780 726 815 748 ac
850 716 874 748 si
910 725 970 758 pro

236 770 273 800 ea
297 768 486 800 nominatim
512 778 665 800 concessa
683 769 731 800 vel
750 768 898 800 ordinata
923 777 971 799 es-

235 826 316 859 sent,
342 820 402 852 nisi
426 821 651 863 praesentibus
676 821 739 852 sint
759 820 935 853 contraria.

279 883 321 906 iv.
358 873 503 905 Yicarius
535 873 744 916 provincialis
781 873 919 915 eligetur
954 883 971 905 a

234 926 382 970 personis
407 931 438 960 et
461 927 556 959 modo
582 927 790 970 praescriptis
816 928 830 969 ξ
859 937 893 959 xx
921 937 971 958 ar-

234 980 406 1012 ticulorum
429 980 550 1012 domini
572 979 761 1023 Philippini‚
776 991 842 1013 non
864 985 968 1012 tamen

234 1032 261 1065 is
285 1032 340 1075 qui
370 1033 401 1065 in
434 1033 577 1076 capitulo
613 1034 800 1066 terminabit
831 1033 969 1066 officium

233 1086 451 1129 provincialis,
470 1096 529 1119 nec
555 1087 650 1119 etiam
677 1087 708 1119 in
735 1086 967 1130 provincialem

234 1138 308 1181 eligi
327 1139 447 1182 poterit
468 1139 520 1182 qui
543 1139 575 1171 in
594 1139 736 1182 capitulo
753 1139 881 1172 desinet
901 1136 980 1172 esse*

232 1191 370 1224 vicarius
394 1192 614 1234 provincialis.

277 1254 306 1276 v.
333 1244 468 1287 Semper
499 1244 635 1277 vicarius
666 1244 874 1287 provincialis
906 1255 971 1277 ma-

234 1296 336 1337 nebit,
375 1297 498 1329 etiamsi
531 1298 737 1340 provincialis
761 1304 846 1330 essct
868 1298 971 1330 refor-

233 1354 394 1388 matus,et
418 1350 676 1393 independenter
701 1351 739 1382 ab
757 1351 813 1383 illo
839 1353 897 1383 sua
922 1362 971 1383 au-

232 1402 380 1436 ctoritate
405 1400 534 1442 fruetur,
561 1404 664 1436 donec
689 1409 799 1436 exacta
822 1405 970 1436 constitu-

232 1455 355 1488 tionum
391 1456 595 1489 observantia
629 1457 839 1500 perfectaque
873 1457 970 1490 refor-

232 1509 331 1542 matio
356 1509 388 1541 in
413 1509 562 1542 omnibus
587 1510 870 1542 constitutionibus
895 1521 971 1553 pro-

230 1561 352 1594 vinciae
383 1561 530 1594 instituta
562 1562 667 1602 fuerit,
695 1562 893 1605 habebitque
919 1574 970 1596 vo-

232 1625 302 1648 cem
317 1620 349 1648 et
365 1616 470 1649 locum
484 1615 516 1648 in
533 1615 682 1658 capitulis
698 1616 881 1659 provinciae
896 1623 970 1660 post

231 1668 464 1712 provincialem
489 1669 670 1702 absolutum
705 1676 736 1703 et
767 1680 880 1703 recens
905 1672 969 1704 elc-

232 1726 329 1754 ctum.

276 1784 319 1807 vi.
349 1773 469 1807 Poterit
493 1773 627 1817 singulis
652 1774 807 1815 trienniis,
827 1776 894 1809 sine
916 1787 969 1809 eu-

232 1837 422 1870 luscumque
441 1837 609 1868 consensu,
625 1838 724 1860 unum
742 1829 878 1861 aliorum
899 1839 970 1861 con-

232 1885 386 1913 ventuum
411 1880 596 1924 provinciae
621 1880 688 1913 istis
723 1881 824 1913 tribus
856 1881 969 1914 adiun-

232 1943 317 1977 gere,
332 1934 358 1967 si
377 1939 596 1977 opportunum
614 1934 811 1975 iudicaverit,
828 1945 979 1978 suosque.

231 1987 387 2028 subditos,
415 1987 486 2020 aliis
512 1987 656 2020 remissis
680 1988 718 2021 ad
744 1993 869 2031 patrem
896 1999 969 2031 pro-

230 2039 399 2073 vincialem
413 2045 447 2072 ut
464 2040 528 2073 illis
546 2041 584 2073 de
607 2046 767 2073 conventu
789 2041 966 2084 provideat,

232 2094 394 2127 collocare
420 2093 569 2135 (excepto
601 2094 710 2136 aliquo
747 2095 965 2136 sexagenario,

232 2145 258 2178 si
284 2146 355 2189 quis
386 2145 495 2178 forsan
516 2145 559 2177 ibi
586 2146 808 2189 reperiretur),
834 2158 897 2191 quo
923 2147 967 2180 sic

231 2199 384 2243 paulatim
409 2208 472 2232 non
498 2198 612 2238 fucata,
636 2199 691 2232 sed
716 2199 840 2233 sincera
870 2201 967 2234 refor-

233 2252 331 2285 matio
356 2252 592 2284 introducatur.

275 2315 331 2339 vu.
359 2305 446 2338 quta
471 2305 622 2337 articulos
640 2305 762 2337 domini
787 2305 965 2349 Pliilippini

232 2368 362 2402 semper
385 2363 478 2391 erunt
502 2358 616 2390 saltem
635 2358 697 2391 duo
719 2358 907 2392 definitores
930 2370 965 2392 ex

232 2411 424 2449 reformatis,
443 2410 496 2453 qui
515 2410 547 2442 in
572 2410 710 2452 singulis
728 2410 875 2454 capitulis
893 2422 968 2454 pro-

231 2464 355 2497 vinciae
379 2463 543 2505 eligentur
571 2473 608 2496 ex
638 2463 783 2506 quinque
808 2475 890 2506 quos
916 2465 964 2497 vi-

232 2517 337 2550 carius
371 2515 578 2560 provincialis
613 2521 644 2549 et
679 2516 742 2549 duo
779 2516 967 2550 definitores

233 2569 419 2603 absolvendi
435 2574 465 2601 et
478 2569 605 2612 priores
628 2569 875 2602 reformatorum
897 2581 968 2603 cum

232 2621 298 2656 suis
315 2622 462 2655 discretis
486 2621 745 2662 nominaverint;
765 2622 790 2654 si
816 2632 907 2656 secus
924 2624 968 2656 fa-

324 2686 403 2713 Bau.
428 2686 509 2712 [lom.
525 2700 558 2704 —-
578 2685 639 2712 Vol.
657 2685 732 2714 XIX.
882 2686 917 2712 95

825 243 1035 268 tNNOCENTtt'S
1059 245 1087 267 XI
1113 245 1161 268 PP.

1642 235 1705 269 753
1750 244 1848 273 An.C.
1869 243 1934 272 ¹087

1013 298 1095 324 ctum
1116 293 1218 333 fuerit,
1236 294 1332 336 primi
1358 294 1420 326 duo
1446 304 1481 326 ex
1507 294 1679 326 nominatis
1705 304 1744 326 co

1013 344 1081 386 ipso
1100 351 1196 377 erunt
1220 346 1315 388 primi
1341 346 1528 379 definitores
1546 346 1743 389 provinciae.

1012 397 1167 430 Similiter
1201 399 1410 442 provincialis
1445 401 1580 438 electus,
1619 398 1746 431 etiamsi

1013 455 1097 482 esset
1119 451 1331 491 reformatus,
1358 451 1519 484 tenebitur
1543 451 1663 494 eligere
1688 460 1746 494 pro

1013 512 1071 534 suo
1096 503 1279 544 assistente,
1305 515 1360 536 seu
1385 506 1484 545 socio,
1507 515 1604 537 unum
1629 515 1666 537 ex
1686 504 1747 537 'tri-

1014 555 1083 594 bus,
1102 556 1154 598 qui
1173 556 1234 589 sibi
1253 567 1269 589 a
1286 558 1458 599 praedictis
1476 557 1606 597 vicario,
1623 558 1748 590 duobus

1014 607 1239 641 definitoribus
1261 620 1374 643 recens
1391 611 1511 651 clectis,
1532 616 1563 644 et
1584 611 1747 655 prioribus

1012 663 1321 703 praesentalmntur.

1057 724 1124 747 vui.
1153 715 1220 748 Non
1247 716 1368 758 poterit
1392 716 1530 750 vicarius
1561 718 1746 751 consentire
1781 726 1815 757 ‘De
1838 726 1942 758 rumina·

1013 771 1046 797 ut
1069 768 1152 800 ullus
1176 779 1307 802 suorum
1328 770 1531 803 subditorum
1557 782 1575 803 a
1599 755 1942 814 quoc11m-ffii2‘i532ii5.⁰“⁸'

1013 830 1074 861 que
1114 821 1283 863 superiore
1319 821 1446 855 Ordinis
1482 823 1615 862 missus,
1653 825 1748 857 etiam

1012 872 1119 913 studii,
1137 874 1341 913 concionum,
1358 880 1411 906 aut
1427 876 1603 917 regentiae,
1619 877 1668 909 vel
1687 876 1749 909 alia

1012 936 1211 969 quacumque
1248 929 1353 967 causa,
1380 928 1475 960 vadat
1511 928 1690 961 habitatum
1716 929 1748 962 in

1013 984 1172 1011 conventu
1198 989 1262 1012 non
1287 980 1479 1014 observante
1506 980 1607 1014 dictas
1633 981 1750 1014 consti-

1014 1030 1163 1069 tutiones,
1178 1032 1236 1063 sub
1261 1034 1366 1075 poena
1391 1033 1606 1075 depositionis
1623 1034 1662 1066 ab
1681 1033 1749 1066 offi-

1012 1084 1060 1117 cio
1085 1095 1143 1128 per
1160 1085 1325 1121 vicarium.
1345 1091 1376 1119 et
1393 1092 1571 1129 perpetuae
1596 1087 1750 1129 privatio·

1012 1137 1061 1169 nis
1089 1138 1174 1170 vocis
1205 1144 1235 1171 et
1267 1139 1329 1172 loci
1356 1150 1372 1171 a
1397 1139 1549 1181 religioso
1574 1139 1747 1182 migrante,

1012 1190 1203 1234 ubicumque
1236 1192 1416 1230 inhabitet,
1440 1192 1658 1232 incurrenda,
1693 1193 1749 1236 qui

1013 1242 1108 1275 etiam
1135 1244 1309 1277 habebitur
1326 1253 1383 1286 pro
1403 1245 1567 1277 desertore
1594 1245 1750 1278 reforma-

1014 1296 1119 1336 tionis,
1145 1306 1204 1329 nec
1228 1297 1367 1329 vicissim
1392 1297 1512 1330 vicario
1539 1297 1585 1330 fas
1605 1298 1668 1330 erit
1692 1298 1750 1331 ali-

1013 1358 1106 1390 quem
1132 1359 1196 1381 non
1223 1349 1448 1382 observantem
1470 1350 1569 1383 dictas
1594 1350 1750 1383 constitu-

1013 1401 1126 1440 tiones,
1145 1412 1161 1433 a
1187 1412 1391 1445 quocumque
1429 1403 1542 1435 missus
1581 1402 1688 1442 fuerit,
1716 1403 1749 1435 in

1012 1454 1226 1487 conventibus
1246 1455 1305 1487 sibi
1324 1455 1462 1487 subditis
1484 1455 1522 1487 ad
1539 1455 1750 1488 habitandum

1011 1507 1190 1545 admittere,
1216 1507 1277 1539 nisi
1300 1508 1428 1550 praevia
1452 1509 1559 1540 annua
1584 1507 1750 1550 probatio-

1012 1570 1064 1600 ne,
1092 1565 1144 1592 aut
1170 1560 1277 1593 forsan
1302 1561 1342 1593 ad
1375 1561 1549 1593 conciones
1582 1561 1750 1593 habendas

1013 1618 1159 1655 tempore
1186 1613 1348 1645 Adventus
1375 1612 1702 1655 etQuadragesimae.

1055 1676 1097 1698 ix.
1124 1665 1235 1698 Nullus
1261 1666 1357 1698 etiam
1384 1676 1419 1698 ex
1446 1665 1516 1698 aliis
1535 1665 1770 1715 conventibusi
1786 1674 1860 1695 rernm
1871 1673 1942 1696 deins·

1011 1718 1043 1750 in
1068 1719 1135 1751 istis
1163 1719 1265 1751 tribus
1287 1724 1317 1750 et
1341 1718 1411 1750 aliis
1438 1718 1617 1751 successive
1635 1708 1814 1761 agg1·e-''⁹'¹¹''

1012 1771 1124 1813 gaudis
1150 1771 1273 1803 admitti
1300 1771 1429 1813 poterit,
1450 1771 1520 1811 nisi,
1540 1771 1749 1804 conformiter

1012 1823 1297 1856 constitutionibus
1326 1824 1340 1866 g
1370 1834 1387 1856 v
1425 1824 1463 1856 dc
1489 1823 1645 1865 regimine
1674 1835 1749 1867 pro-

1012 1877 1200 1916 vinciarum,
1226 1881 1310 1919 part.
1339 1887 1373 1909 ιιι
1406 1877 1692 1917 constitutionum,
1719 1882 1750 1910 et

1011 1930 1122 1973 quinto
1157 1930 1291 1962 articulo
1318 1929 1441 1962 domini
1461 1929 1651 1972 Pliilippini,
1674 1939 1749 1972 pro-

1010 1984 1101 2016 batus
1118 1982 1215 2015 fuerit
1231 1993 1288 2025 per
1307 1992 1446 2022 annum;
1466 1981 1619 2024 gaudebit
1641 1987 1748 2016 tamen

1010 2037 1145 2069 durante
1171 2036 1365 2079 probatione
1391 2035 1456 2067 suis
1482 2045 1557 2068 voce
1591 2039 1624 2068 et
1655 2035 1746 2077 loco·,

1009 2090 1064 2122 sed
1093 2090 1197 2122 solum
1228 2098 1301 2121 cum
1333 2088 1488 2131 patribus,
1521 2092 1552 2120 et
1578 2097 1641 2121 non
1673 2098 1746 2122 cum

1009 2143 1137 2177 novitiis
1157 2141 1411 2175 conversabitur.

1052 2208 1080 2230 x.
1107 2196 1289 2229 Conventus
1327 2195 1424 2227 semel
1460 2194 1491 2227 in
1525 2204 1610 2228 anno
1639 2194 1748 2228 visita-

1009 2251 1137 2288 buntur,
1162 2248 1223 2281 nisi
1248 2257 1342 2280 casus
1363 2247 1634 2280 extraordinarius
1659 2247 1747 2281 aliud

1009 2303 1121 2345 exigat,
1142 2300 1318 2344 etquidem
1344 2310 1361 2332 a
1386 2301 1454 2332 solo
1480 2300 1598 2332 vicario
1620 2300 1747 2343 provin-

1009 2356 1082 2389 ciali
1108 2365 1178 2388 cum
1201 2354 1367 2386 assistente
1386 2351 1520 2395 singulis
1540 2353 1686 2386 trienniis
1705 2354 1745 2388 de

1009 2409 1146 2442 consilio
1167 2407 1295 2451 piorum
1320 2406 1570 2439 reformatorum
1595 2416 1613 2439 a
1637 2416 1669 2440 se
1694 2416 1768 2444 as-,

1010 2462 1180 2496 sumendo.

1053 2526 1095 2549 xi.
1121 2515 1240 2548 Virtute
1276 2512 1568 2556 suprascriptorum
1594 2513 1939 2566 decreto-tiossgfflfflgffiffi

1010 2580 1077 2601 rum
1104 2578 1164 2601 nec
1188 2570 1262 2600 sunt
1292 2577 1351 2599 nec
1386 2570 1478 2600 erunt
1510 2566 1604 2599 liberi
1630 2566 1669 2599 ab
1694 2567 1868 2599 ob-cummuui·

1011 2621 1190 2656 servatione
1209 2619 1473 2654 constitutionum
1491 2619 1658 2653 strictioris
1683 2618 1743 2652 ob-

1771 2198 1801 2221 De
1815 2200 1939 2224 visitattono
