2111 3157
17 207 66 234 An.
87 205 115 233 C.
132 205 200 233 1687

246 265 316 289 xtv.
332 255 467 290 Sanctus
484 257 597 291 Paulus
610 256 798 290 huiusmodi
815 257 939 290 daemo-

203 307 253 340 nis
270 309 439 342 violentias
461 310 493 343 in
514 321 571 343 suo
593 320 730 354 corpore
748 320 862 353 passus
879 314 937 350 est,

201 361 288 394 unde
302 362 442 405 scripsit:
460 363 533 395 Non
550 362 634 406 quod
649 363 863 402 volo‘bonum,
881 362 937 394 hoc

201 423 276 456 ayo,
294 414 358 455 sect,
376 415 462 458 qnod
479 416 552 449 nolo
569 416 705 455 nicilum,
723 416 779 448 hoc
794 415 889 458 facio.

243 475 326 500 xtv1.
354 467 544 501 Huiusmodi
569 468 742 501 violentiae
774 473 845 500 sunt
870 479 935 500 me-

201 517 287 551 dium
312 520 413 562 magis
438 521 720 564 proportionatum
747 520 783 553 ad
811 520 935 552 annihi-

198 570 327 604 landam
346 572 482 606 animam
501 580 532 606 et
557 584 626 606 eam
644 573 681 606 ad
707 583 814 605 veram
832 579 934 605 trans-

198 622 426 658 formationem
446 631 476 658 et
496 626 647 659 unionem
672 626 911 669 perducendam
925 653 932 666 ,

197 685 256 709 nec
281 676 361 710 alia⁴
386 684 536 721 superest
559 679 620 711 via.
647 678 685 711 Et
708 679 789 712 haec
814 685 863 712 est
882 679 931 711 via

196 728 323 763 facilior
347 736 378 763 et
404 731 513 764 tutior.

219 790 332 816 'x1.v11.
348 783 423 816 Cum
439 784 624 818 huiusmodi
639 784 810 818 violentiae
823 795 931 818 occur-

193 841 278 875 runt,
305 835 412 869 sinere
438 843 569 880 oportet
599 843 634 869 ut
662 843 791 870 satanas
816 848 930 881 opere-

193 892 255 928 tur,
281 889 401 922 nullam
426 889 615 923 adhibendo
639 890 838 931 industriam,
857 892 929 923 nul-

193 941 324 985 lumque
350 943 515 986 proprium
535 948 695 982 conatum,
720 944 776 976 sed
801 954 928 987 perma-

193 1003 269 1026 nere
282 994 379 1027 debet.
393 995 533 1028 liomoin
552 1006 609 1028 suo
624 996 740 1037 nihile,
755 1002 784 1029 et
804 995 925 1029 etiamsi

192 1052 368 1090 sequantur
391 1048 590 1091 pollutiones
617 1054 648 1081 et
677 1054 763 1081 actus
794 1048 925 1081 obsceni

191 1100 336 1142 propriis
361 1101 517 1141 manibus,
540 1106 571 1133 et
595 1102 690 1133 etiam
718 1102 836 1145 peiora,
862 1112 925 1135 non

191 1161 271 1195 opus
297 1158 345 1185 est
370 1163 402 1186 sc
424 1154 528 1196 ipsum
549 1154 734 1197 inquietari,
756 1156 811 1187 sed
841 1155 925 1187 foras

191 1206 359 1239 emittendi
385 1213 458 1240 sunt
483 1208 638 1250 scrupuli,
665 1208 763 1240 dubia
787 1213 817 1241 ct
836 1208 928 1241 timo-

192 1268 254 1298 res,
282 1259 357 1302 quia
387 1260 492 1292 anima
529 1260 562 1292 tit
598 1260 700 1303 magis
733 1261 925 1300 illuminata,

190 1311 294 1354 magis
330 1312 496 1353 roborata,
523 1313 689 1356 magisque
715 1310 870 1353 candida,
898 1319 929 1346 ct

190 1365 368 1408 acquiritur
392 1371 501 1398 saneta
526 1366 670 1399 libertas.
699 1366 736 1398 Et
758 1376 837 1409 prae
863 1378 930 1399 om-

190 1417 286 1450 nibus
313 1428 377 1451 non
410 1429 491 1461 opus
526 1424 575 1451 est
606 1419 686 1451 haee.
715 1418 872 1459 confiteri,
898 1425 928 1452 et

189 1470 387 1504 sanctissime
412 1471 446 1504 sn
467 1482 530 1505 non
549 1472 746 1512 confitendo,
772 1472 846 1516 quia
868 1473 928 1506 hoc

189 1529 284 1566 pacto
309 1523 479 1567 superatur
509 1525 666 1565 daemon,
693 1531 724 1559 et
749 1525 927 1569 acquiritur

189 1576 359 1609 thesaurus
383 1577 482 1620 pacis.

231 1639 341 1663 xtvtu.
360 1629 466 1671 Satan,
483 1631 537 1673 qui
552 1631 739 1664 huiusmodi
757 1632 925 1665 violentias

188 1682 294 1723 insert,
321 1683 434 1716 suadet
459 1683 576 1717 deinde
613 1684 719 1726 gravia
744 1696 814 1718 esse
846 1686 926 1719 deli-

189 1740 251 1775 cta,
274 1740 309 1768 ut
333 1736 440 1769 anima
472 1747 504 1768 se
538 1737 709 1780 inquietet,
737 1748 775 1770 ne
809 1738 841 1770 in
878 1739 924 1771 via

791 206 1004 233 lNNOCENTlUS
1025 207 1056 232 XI
1081 206 1131 231 1²1³.

980 255 1249 299 peccaminosos;
1282 254 1328 288 uti
1362 253 1441 288 illud
1467 253 1506 287 de
1530 253 1708 296 Sanisene,

980 309 1035 352 qui
1067 320 1126 353 per
1158 309 1344 343 violentiam
1382 320 1415 343 se
1451 308 1554 352 ipsum
1593 308 1713 341 occidit

979 372 1050 395 eum
1088 363 1280 403 philistaeis,
1314 363 1499 406 coniugium
1530 362 1603 395 iniit
1638 372 1711 395 cum

979 416 1173 458 alienigena,
1197 422 1311 449 etcum
1336 416 1438 449 Dalila
1461 415 1633 449 meretrice
1652 415 1712 448 sor·

979 468 1105 501 nicatus
1130 474 1187 509 est,
1216 479 1297 512 quae
1322 469 1400 502 alias
1425 474 1518 502 erant
1546 468 1711 511 prohibita

978 526 1009 553 et
1026 527 1156 563 peccata
1171 522 1320 563 fuissen13
1343 523 1381 555 de
1399 522 1537 561 luditha,
1551 532 1630 564 quae
1651 521 1710 555 Ho-

977 573 1130 615 lopherni
1156 574 1291 607 mentita
1326 574 1400 614 suit;
1438 575 1476 608 de
1505 574 1627 613 Eliseo,
1654 574 1709 617 qui

976 625 1084 667 pueris
1108 626 1291 666 maledixi13
1319 627 1358 659 de
1384 627 1463 666 Elia,
1483 627 1536 670 qui
1562 626 1708 660 combus-

975 676 1016 708 sit
1040 677 1139 710 duces
1164 689 1235 710 cum
1262 678 1373 710 turmis
1398 679 1483 721 regis
1509 679 1632 712 Achab.
1661 680 1709 712 An

976 739 1049 761 vero
1074 729 1171 762 suerit
1203 731 1356 763 violentia
1391 731 1575 763 immediate
1602 741 1618 763 a
1643 731 1708 764 Deo

973 786 1103 823 peracta
1126 782 1176 814 vel
1195 782 1389 816 daemonum
1408 783 1599 823 ministerio,
1624 789 1658 816 ut
1675 783 1707 816 in

971 834 1041 866 aliis
1066 834 1234 868 animabus
1259 836 1426 881 contingit,
1458 836 1492 869 in
1524 836 1623 870 dubio
1658 846 1709 870 re-

972 886 1141 930 linquitur.

1014 950 1067 973 tu.
1094 940 1168 973 Cum
1194 941 1378 975 huiusmodi
1404 942 1578 975 violentiae
1610 942 1707 976 etiam

971 993 1115 1036 impurae
1139 994 1260 1038 absque
1285 996 1402 1028 mentis
1427 995 1636 1029 offuscatione
1658 1007 1709 1029 ac·

971 1046 1090 1085 cidunt,
1112 1052 1186 1079 tune
1211 1048 1317 1080 anima
1341 1048 1407 1081 Deo
1431 1054 1540 1091 potest
1563 1049 1659 1090 uniri,
1677 1054 1710 1082 et

972 1099 1010 1132 dc
1038 1100 1120 1132 sacto
1146 1111 1276 1143 semper
1301 1102 1402 1144 magis
1427 1102 1549 1134 unitur.

1015 1162 1103 1185 ani.
1131 1153 1176 1185 Ad
1204 1154 1467 1196 cognoscendum
1493 1155 1523 1187 in
1550 1155 1649 1198 praxi,
1668 1166 1707 1188 an

970 1205 1078 1248 aliqua
1102 1206 1251 1249 operatio
1277 1207 1309 1239 in
1335 1207 1404 1239 aliis
1436 1208 1587 1250 personis
1613 1208 1709 1241 suerit

971 1257 1134 1300 violentia,
1159 1260 1287 1301 regula⁷
1314 1270 1408 1303 quam
1435 1261 1473 1292 de
1499 1260 1560 1293 hoc
1586 1261 1705 1302 habeo,

972 1312 1090 1343 nedum
1128 1317 1201 1344 sunt
1237 1314 1489 1355 protestationes
1525 1313 1707 1348 animamm

971 1364 1108 1403 illarum,
1136 1375 1216 1407 quae
1242 1370 1463 1407 protestantur
1479 1377 1512 1399 se
1534 1366 1626 1399 dietis
1644 1367 1709 1400 iio·

972 1417 1079 1449 lcntiis
1106 1428 1170 1449 non
1196 1419 1413 1458 consensisse,
1432 1424 1486 1451 aut
1511 1419 1616 1452 iurare
1643 1430 1707 1453 ion

971 1480 1068 1512 posse
1089 1470 1174 1513 quod
1196 1471 1228 1502 in
1246 1470 1283 1503 iis
1301 1472 1535 1512 consenserint,
1551 1478 1581 1504 ct
1597 1472 1707 1506 videre

971 1523 1056 1565 quod
1087 1523 1153 1555 sint
1186 1523 1311 1556 animae
1348 1535 1428 1567 quae
1463 1525 1638 1568 proliciunt
1673 1526 1707 1558 in

970 1576 1018 1608 via
1042 1576 1178 1616 interna,
1205 1577 1260 1610 sed
1287 1579 1431 1620 regulam
1458 1588 1586 1612 sumere
1612 1590 1630 1612 a
1658 1580 1708 1612 lu-

970 1629 1055 1662 mine
1092 1630 1229 1673 quodam
1263 1631 1393 1670 actuali,
1425 1632 1611 1674 cognitione
1648 1633 1708 1665 hu-

970 1684 1062 1716 mana
1086 1693 1121 1715 ac
1139 1683 1325 1726 theologica
1343 1684 1522 1727 superiore,
1547 1685 1635 1728 quod
1654 1696 1706 1718 me

969 1742 1056 1769 certo
1082 1747 1281 1779 cognoscere
1308 1737 1381 1770 facit
1404 1748 1475 1770 cum
1497 1738 1625 1771 interna
1641 1749 1707 1771 cer-

1611 194 1674 229 779
1721 205 1770 232 An.
1786 203 1814 232 c.
1835 204 1904 233 1687

188 1788 316 1821 interna
338 1788 477 1821 ulterius
502 1789 728 1832 progediatur;
755 1790 861 1831 unde,
887 1791 924 1823 ad
946 1787 948 1823 Ι
969 1789 1107 1823 titudine
1143 1790 1230 1833 quod
1268 1791 1340 1823 talis
1374 1791 1522 1834 operatio
1559 1797 1609 1824 est
1640 1792 1705 1825 vio-

189 1840 259 1873 eius
285 1841 369 1874 vires
406 1842 615 1880 enervandas,
654 1843 769 1875 melius
806 1849 854 1875 est
889 1854 925 1876 ea
969 1842 1087 1882 lcntia,
1110 1848 1141 1875 et
1165 1848 1270 1875 certus
1295 1853 1364 1876 sum
1389 1844 1475 1886 quod
1508 1843 1570 1877 hoc
1595 1845 1704 1878 lumen

188 1903 253 1927 non
278 1893 435 1933 confiteri,
472 1893 547 1936 quia
583 1903 646 1926 non
673 1900 747 1926 sunt
781 1901 923 1938 peccata,
968 1905 984 1927 a
1010 1895 1075 1928 Deo
1100 1896 1258 1938 procedit,
1294 1896 1369 1938 quia
1400 1897 1438 1929 ad
1475 1908 1524 1930 me
1556 1899 1706 1941 pervenit

189 1956 250 1979 nec
275 1946 371 1979 etiam
396 1946 547 1980 venialia.
968 1949 1175 1981 coniunctum
1193 1960 1264 1982 cum
1282 1949 1476 1983 certitudine
1495 1951 1580 1994 quod
1601 1962 1617 1984 a
1641 1952 1705 1985 Deo

231 1999 387 2033 xttx.loh
401 2011 438 2033 ex
453 2000 607 2035 violentia
621 2001 790 2034 daemonis
804 2012 838 2035 se
855 2013 926 2046 pro·
968 2002 1136 2044 proveniat
1153 2000 1172 2041 ⁴,
1198 2008 1230 2035 et
1254 2002 1332 2035 mihi
1358 2013 1419 2036 nec
1443 2004 1589 2036 umbram
1616 2004 1704 2037 dubii

188 2052 269 2096 priis
301 2054 449 2086 manibus
485 2055 663 2097 polluebat,
699 2056 812 2088 codem
848 2061 925 2088 tem·
969 2054 1123 2097 relinquit
1148 2054 1180 2086 in
1205 2055 1428 2096 contrarium,
1456 2066 1494 2089 eo
1519 2057 1616 2090 modo
1641 2067 1704 2100 quo

189 2116 269 2149 pore
307 2117 372 2149 quo
408 2106 550 2139 mundas
582 2107 717 2140 habeba!
749 2107 791 2139 acl
822 2107 924 2140 Deum
969 2106 1131 2139 interdum
1156 2107 1316 2150 contingit
1340 2109 1427 2151 quod
1452 2108 1554 2149 Deus,
1581 2109 1703 2152 aliquid

189 2169 294 2202 preces
338 2159 405 2202 (sic
449 2160 695 2203 interpretando
741 2161 848 2194 locum
888 2172 923 2195 ex
968 2160 1153 2200 revelando,
1182 2161 1295 2194 eodem
1315 2166 1463 2204 tempore
1480 2162 1620 2195 animam
1641 2173 1705 2196 ccr-

192 2222 262 2255 cap.
287 2222 337 2245 xvt
362 2211 451 2254 tob).
945 2237 948 2254 Λ
970 2219 1030 2246 tam
1051 2214 1156 2246 reddit
1181 2214 1266 2257 quod
1292 2214 1362 2257 ipsc
1382 2215 1422 2247 sit
1445 2215 1497 2258 qui
1517 2216 1647 2255 revelat,
1674 2221 1705 2249 et

234 2275 264 2299 L.
291 2265 400 2305 David,
425 2265 614 2305 Hieremias,
636 2270 666 2298 et
686 2266 776 2300 multi
801 2278 835 2300 ex
855 2278 926 2300 san·
969 2268 1074 2300 anima
1089 2268 1120 2300 in
1135 2267 1331 2300 eontrarium
1345 2278 1409 2301 non
1425 2274 1532 2311 potest
1547 2269 1703 2303 dubitare.

191 2319 250 2352 ctis
275 2318 455 2362 prophetis,
475 2319 661 2352 huiusmodi
683 2319 851 2353 violentias
873 2332 925 2364 pa-
1012 2331 1074 2354 ων.
1101 2320 1290 2363 Spirituales
1321 2319 1427 2353 vitae⁹
1463 2321 1646 2354 ordinariae
1671 2322 1704 2354 in

193 2371 358 2405 tiebantur
383 2372 496 2404 harum
528 2372 727 2415 impurarum
764 2374 926 2416 operatio·
970 2373 1048 2405 hora
1066 2373 1178 2405 mortis
1196 2384 1228 2406 se
1251 2373 1380 2406 delusos
1400 2373 1563 2406 invenient
1580 2379 1612 2407 et
1628 2385 1705 2407 con·

191 2434 266 2457 num
292 2430 508 2457 externarum.
971 2427 1055 2458 susos
1080 2437 1152 2458 cum
1180 2426 1329 2459 omnibus
1355 2426 1561 2470 passionibus
1585 2427 1617 2460 in
1642 2427 1705 2461 alio

236 2487 277 2511 Li.
319 2477 352 2510 In
393 2480 481 2510 sacra
516 2477 679 2521 Scriptura
714 2480 814 2512 multa
852 2486 928 2512 sunt
970 2480 1090 2512 mundo
1115 2480 1306 2523 purgandis.

194 2530 342 2573 exempla
366 2530 591 2563 violentiarum
613 2531 652 2563 ad
670 2537 758 2564 actus
776 2537 927 2566 externos

229 2592 241 2620 1
263 2590 334 2619 Edit.
355 2591 436 2619 Main.
460 2591 524 2628 legit
543 2592 619 2620 alias
637 2595 679 2629 (n.
698 2593 746 2629 T.).

1007 2551 1016 2575 1
1042 2549 1112 2576 Edit.
1132 2549 1211 2576 Μαίη.
1233 2550 1297 2585 legit
1313 2552 1463 2586 perveniat
1481 2553 1520 2588 (n.
1541 2552 1590 2588 Τ.).

1005 2594 1021 2621 2
1043 2594 1140 2622 Forsan
1160 2595 1223 2623 viae
1241 2599 1278 2630 (n.
1295 2597 1342 2630 T.)-
