2111 3157
38 237 86 265 An.
104 235 133 263 C.
158 233 223 262 1688

62 1983 139 2004 sva-ult
157 1985 180 2004 ut
195 1982 216 2004 in

36 2011 126 2031 rubrica.

231 281 286 321 cis,
305 292 430 315 necnon
454 282 580 315 Ordinis
608 287 639 315 et
663 281 903 326 provinciarum
925 291 961 313 ac

229 340 445 367 conventuum
471 340 503 367 et
531 335 800 367 monasteriorum
833 333 961 376 praedi-

227 393 362 426 ctorum,
397 388 507 420 aliisve
541 387 717 430 quibusvis,
752 387 849 418 etiam
875 386 960 417 inra-

225 445 348 477 mento,
361 439 609 472 confirmatione
623 439 813 482 apostolica,
824 440 872 471 vel
887 448 959 481 qua-

226 492 273 524 vis
297 492 447 525 firmitate
472 493 533 525 alia
557 493 732 532 roboratis,
766 493 893 524 statutis
929 497 960 524 et

227 545 530 583 consuetudinibus,
550 545 730 587 privilegiis
752 555 898 586 quoque,
911 544 960 576 in-

227 597 325 629 dultis
339 603 371 629 et
384 597 499 629 litteris
512 597 699 640 apostolicis
715 597 745 629 in
761 597 957 629 contrarium

225 650 477 692 praemissorum
509 649 755 692 quomodolibet
783 649 958 688 concessis,

226 701 424 734 confirmatis
449 708 480 734 et
503 702 682 741 innovatis;
710 702 828 744 quibus
861 701 959 733 omni-

225 754 285 786 bus
315 759 347 786 et
376 754 524 796 singulis,
557 755 688 786 illorum
712 759 843 787 tenores
868 764 959 796 prae-

226 807 374 839 sentibus
410 817 468 850 pro
505 808 600 849 plene
625 812 658 839 et
681 807 880 840 sufficienter
910 818 959 838 ex-

224 860 347 902 pressis
373 870 409 892 ac
427 860 466 892 de
492 860 589 892 verbo
610 860 649 892 ad
669 860 799 892 verbnm
824 861 957 893 insertis

223 912 392 951 habenteS,
419 912 484 944 illis
508 909 586 944 alias
610 912 643 944 in
664 922 721 945 sno
744 913 865 945 robore
889 922 957 954 per-

222 965 394 1003 mansuris,
431 965 469 997 ad
501 965 759 1008 praemissorum
797 964 957 1001 effectum,

223 1017 284 1049 hac
301 1017 369 1049 vice
383 1017 557 1055 dumtaxat,
569 1017 755 1059 specialiter
763 1022 794 1049 ct
807 1024 956 1059 expresse

225 1070 440 1112 derogamns;
473 1066 656 1112 ceterisque
688 1069 858 1102 contrariis
890 1069 957 1111 qui-

223 1123 438 1166 buscumqne.

268 1175 379 1207 Datum
404 1175 532 1215 Romae,
552 1175 636 1218 apud
658 1175 688 1208 S.
708 1175 836 1207 Mariam
860 1174 957 1207 Maio-

223 1239 301 1268 rem,
320 1229 377 1260 sub
402 1229 521 1260 annulo
545 1228 725 1266 piscatoris,
745 1229 795 1261 die
811 1239 868 1260 xxx
887 1228 955 1260 iulii

223 1291 441 1320 ninctxxan,
457 1280 666 1323 pontificatus
680 1281 779 1313 nostri
797 1291 881 1313 anno
895 1291 952 1314 xn.
974 1295 977 1306 =

259 1342 317 1371 Dat.
341 1342 385 1370 die
404 1342 439 1370 30
457 1342 514 1369 iulii
537 1342 614 1375 1688,
636 1341 732 1377 pontif.
748 1352 819 1372 anno
842 1349 888 1369 xii.

556 1483 626 1518 CCI.

227 1565 405 1609 Eliqunlur
428 1563 567 1598 doctores
585 1563 714 1607 colleyii
738 1563 899 1598 comensis
921 1563 955 1596 in

270 1619 398 1651 comites
430 1618 597 1661 palatinos
621 1621 648 1650 el
672 1617 793 1660 equites
821 1621 957 1649 auratae

269 1671 411 1704 militiae
429 1698 436 1711 ,
473 1671 580 1713 eisque
612 1669 796 1702 conceditur
818 1668 958 1711 facultas

269 1723 462 1757 declarandi
485 1723 640 1762 notarios,
668 1722 838 1764 leqilimos,
855 1721 958 1755 docto-

268 1787 333 1820 με,
361 1787 397 1809 ac
420 1780 543 1808 statuta
567 1773 757 1808 condemli¹.

410 1855 607 1883 Innocentius
629 1855 706 1888 Papa
727 1855 776 1886 XI,

348 1900 385 1928 nd
405 1903 580 1934 perpetuam
599 1899 643 1926 rei
658 1898 838 1925 memoriam.

271 1978 286 2016 S
303 1973 333 2005 ¹l.
354 1972 396 2005 Ex
417 1973 567 2014 suprema
584 1970 780 2013 apostolieae
797 1970 961 2011 dignitatis

227 2027 368 2069 specula,
383 2025 415 2057 in
429 2035 491 2068 qua
505 2024 718 2056 humilitatem
734 2027 884 2061 nostram,
901 2032 961 2054 me-

227 2077 297 2110 ritis
324 2078 397 2110 licet
423 2075 610 2119 imparibus,
628 2074 828 2107 inscrutabili
858 2080 962 2107 acter-

227 2141 287 2164 nae
301 2140 377 2163 suae
396 2129 575 2172 sapientiae
600 2133 694 2171 atque
716 2127 870 2160 bonitatis
887 2137 962 2160 con-

228 2183 311 2223 sitio,
326 2181 496 2216 collocavit
509 2180 703 2219 AltissimuS,
723 2181 761 2212 ad
784 2181 962 2223 praeclara,

229 2245 311 2278 quae
345 2234 524 2268 catholicae
548 2233 732 2272 Ecclesiae,
760 2233 871 2275 reique
896 2243 959 2275 pu-

227 2288 330 2321 blicae
369 2298 407 2321 ex
443 2287 612 2320 doctorum
640 2286 780 2318 virorum
816 2285 962 2328 collegiis

266 2396 277 2422 l
299 2394 475 2429 Suppressum
503 2393 555 2420 fuit
582 2392 724 2426 collegium
757 2392 962 2419 secretariorum

230 2438 439 2473 apostolicorum
454 2436 644 2464 constitutione
659 2435 729 2462 edita
744 2442 907 2467 nnctxxvni,
923 2435 965 2461 die

231 2484 242 2509 1
267 2482 377 2517 aprilis,
398 2481 492 2516 pontif.
513 2487 539 2506 n.
554 2489 561 2512 ;
577 2483 604 2506 et
626 2479 659 2506 ab
687 2479 836 2506 Alexandro
860 2479 916 2505 Vlll
937 2479 964 2504 in

231 2524 470 2554 constitutitutione
490 2525 560 2552 edita
579 2530 676 2556 innexo,
696 2523 739 2550 die
759 2524 773 2550 7
793 2523 946 2550 novembris
959 2543 965 2554 ,

231 2569 327 2605 pontif.
348 2576 377 2604 n,
398 2569 555 2596 confirmata
576 2567 684 2595 suerunt
703 2566 843 2602 privilegia
861 2566 966 2601 collegii

232 2613 263 2642 B.
284 2612 444 2641 Ferdinandi
465 2612 490 2638 in
511 2610 593 2639 lndiis
612 2609 836 2639 Occidentalihus.

821 232 1032 258 JNNOGENTiUS
1054 224 1084 258 xi
1110 234 1157 257 rr.

1002 282 1170 324 provenire
1194 287 1383 322 noscuntur,
1403 281 1572 315 commoda
1597 286 1628 314 et
1649 283 1745 315 utili-1

1002 338 1082 366 tates
1098 335 1215 367 mentis
1241 340 1368 368 nostrae
1389 335 1489 368 aciem
1515 335 1728 375 intendentes,

1001 397 1036 419 ac
1062 388 1215 421 memoria
1240 389 1420 421 recolentes
1445 399 1504 422 nos
1530 389 1567 421 de
1593 399 1729 422 numero

1001 440 1129 481 collegii
1165 441 1334 473 doctorum
1370 442 1503 474 civitatis
1539 442 1704 476 Comensis
1719 470 1727 484 ,

1000 493 1084 524 unde
1102 497 1207 525 ortum
1222 495 1416 537 accepimus,
1435 496 1606 538 aliquando
1621 496 1729 536 suisse,

1000 544 1140 588 indeque
1162 546 1200 578 ad
1218 547 1407 589 dignitatum
1429 553 1460 580 ct
1481 548 1640 581 honorum
1659 560 1730 591 gra-

1001 597 1059 630 dus
1083 599 1215 641 prodire
1240 601 1407 642 coepisse;
1426 606 1600 644 propterea
1624 602 1730 644 ipsum

1000 650 1171 692 collegium
1196 654 1358 694 propensa
1389 658 1540 695 paternae
1565 654 1729 687 charitatis

1000 707 1127 735 nostrae
1144 704 1343 745 benignitate
1368 710 1612 748 prosequentes,
1630 706 1729 739 illud-

1001 765 1061 797 que
1080 765 1115 787 ac
1141 756 1284 788 eiusdem
1303 757 1451 790 doctores
1473 758 1636 800 praefatos
1658 769 1729 792 con-

1000 806 1105 848 dignis
1122 807 1355 841 beneficentiae
1373 815 1501 842 nostrae
1523 810 1682 843 favoribus
1697 817 1730 844 et

1000 859 1117 900 gratiis.
1145 859 1183 891 ad
1208 860 1310 892 maius
1329 861 1430 894 dictae
1444 862 1579 894 civitatis
1600 863 1729 895 Comen-

1000 910 1043 942 sis
1068 911 1188 953 patriae
1214 917 1340 945 nostrae
1366 913 1473 952 decus,
1492 924 1727 957 communeque

1000 964 1140 996 omnium
1160 964 1330 997 bonorum¹
1349 966 1563 999 condecorare
1574 968 1726 1007 volentes,

999 1016 1219 1059 dictorumque
1241 1018 1409 1051 doctorum
1427 1020 1606 1062 singulares
1623 1031 1729 1063 perso-

999 1079 1055 1100 nas
1073 1080 1088 1100 a
1110 1069 1275 1111 quibusvis
1294 1072 1646 1112 excommunicationis,
1664 1084 1730 1105 sus-

998 1121 1166 1163 pensionis
1181 1127 1212 1154 et
1232 1122 1406 1162 interdicti,
1420 1124 1558 1167 aliisque
1579 1125 1730 1158 ecclesia>

998 1174 1087 1206 sticis
1120 1175 1300 1214 sententiis,
1327 1177 1471 1209 censuris
1502 1183 1533 1209 et
1563 1178 1688 1221 poeniS,
1711 1189 1729 1211 a

997 1226 1065 1259 iure
1095 1229 1143 1260 vel
1169 1228 1208 1260 ab
1244 1228 1396 1268 homine,
1423 1230 1533 1272 quavis
1559 1231 1728 1264 occasione

999 1281 1047 1312 vel
1065 1283 1158 1312 causa
1183 1281 1267 1321 latis,
1289 1282 1315 1313 si
1341 1282 1457 1324 quibus
1482 1284 1729 1325 quomodolibet

996 1333 1170 1365 innodatae
1194 1334 1342 1373 existunt,
1358 1336 1397 1367 ad
1418 1335 1564 1368 effectum
1578 1347 1730 1379 praesen·

972 1383 974 1388 “
997 1385 1074 1417 tium
1101 1386 1265 1418 dumtaxat
1291 1388 1576 1429 consequendum,
1614 1388 1728 1421 harum

997 1438 1081 1470 serie
1107 1439 1312 1471 absolventes
1330 1445 1361 1471 et
1382 1440 1546 1472 absolutas
1572 1441 1638 1473 sore
1656 1452 1730 1474 cen-

998 1497 1122 1531 sentes,
1149 1496 1236 1524 motu
1260 1492 1403 1535 proprio,
1429 1502 1494 1525 non
1520 1494 1558 1526 ad
1584 1493 1729 1536 ipsorum

999 1545 1167 1578 doctorum
1198 1545 1247 1577 vel
1276 1545 1407 1577 alterius
1439 1556 1498 1588 pro
1532 1546 1609 1589 ipsis
1634 1547 1729 1580 nobis

999 1609 1097 1642 super
1131 1598 1191 1631 hoc
1233 1598 1359 1630 oblatae
1399 1599 1562 1641 petitionis
1603 1600 1730 1633 instan—

1000 1653 1084 1691 tiam,
1103 1652 1157 1684 sed
1183 1652 1221 1683 de
1248 1654 1337 1684 mera
1360 1651 1551 1685 liberalitate
1578 1655 1730 1697 certaque

1000 1706 1133 1739 scicntia
1158 1705 1293 1745 nostris,
1319 1704 1425 1748 deque
1450 1706 1644 1748 apostolicae
1673 1717 1732 1749 po-

1001 1759 1126 1792 testatis
1150 1757 1373 1800 plenitudine,
1399 1757 1566 1790 memorati
1603 1759 1732 1801 collegii

1001 1813 1162 1851 doctores,
1187 1815 1249 1842 tam
1274 1815 1462 1852 praesentes
1482 1820 1576 1853 qnam
1602 1811 1733 1852 futuros,

1003 1871 1034 1899 et
1057 1875 1169 1897 eorum
1201 1863 1352 1905 singulos,
1378 1862 1411 1895 in
1434 1868 1635 1906 perpetuum,
1661 1865 1733 1908 ipso

1004 1917 1072 1949 iure
1098 1920 1130 1947 et
1154 1915 1248 1953 facto,
1270 1913 1303 1945 in
1327 1913 1396 1956 ipso
1420 1924 1530 1946 eorum
1556 1914 1586 1946 in
1613 1915 1734 1948 dictum

1003 1968 1175 2009 collegium
1210 1966 1357 2008 ingressu
1392 1976 1448 1998 seu
1481 1967 1667 2009 receptione
1703 1972 1736 2000 ct

1003 2019 1220 2058 admissione,
1246 2018 1329 2051 sacri
1361 2019 1470 2061 palatii
1507 2020 1677 2062 apostolici
1702 2024 1735 2052 et

1004 2074 1093 2105 aulae
1129 2071 1342 2104 lateranensis
1373 2071 1509 2104 comites
1537 2082 1574 2104 ac
1607 2077 1735 2105 auratae

1004 2125 1137 2158 militiae
1164 2124 1289 2167 equites
1306 2124 1449 2163 facimus,
1469 2134 1614 2157 creamus
1632 2129 1665 2157 et
1685 2126 1737 2158 de·

1004 2183 1162 2221 putamus,
1180 2176 1333 2219 ipsosque
1358 2176 1492 2209 aliorum
1509 2176 1619 2218 palatii
1637 2181 1668 2209 et
1683 2187 1738 2209 au-

1005 2231 1052 2262 lae
1078 2229 1228 2261 comitum
1253 2234 1447 2271 aurataeque
1480 2228 1614 2261 militiae
1646 2228 1737 2272 equi-

1006 2288 1071 2314 tum
1108 2280 1291 2313 huiusmodi
1331 2290 1466 2313 numero
1503 2285 1534 2312 et
1573 2281 1737 2313 consortio

1007 2334 1224 2368 favorabiliter
1261 2343 1473 2376 aggregamus
1495 2360 1502 2373 ,
1537 2343 1573 2366 ac
1608 2334 1739 2367 eosdem

1007 2388 1101 2421 etiam
1122 2392 1234 2429 torque
1258 2396 1355 2418 aureo
1380 2386 1561 2428 ceterisque
1587 2386 1741 2419 comitum

1007 2446 1038 2473 et
1063 2440 1207 2482 equitum
1231 2438 1416 2470 huiusmodi
1441 2438 1622 2480 insignibus
1646 2438 1742 2472 deco-

1008 2502 1126 2530 ramus,
1151 2491 1262 2533 eisque
1289 2501 1325 2522 ac
1349 2500 1460 2523 eorum
1485 2490 1629 2532 singulis,
1646 2491 1742 2523 etiam

1008 2545 1041 2577 in
1066 2549 1269 2587 perpetuum,
1284 2542 1369 2586 qnod
1388 2542 1539 2575 omnibus
1557 2547 1589 2575 ct
1605 2543 1740 2585 singulis

1046 2606 1056 2633 1
1079 2606 1179 2633 Forsan
1199 2605 1303 2632 bonum
1323 2612 1371 2640 pro
1391 2604 1526 2632 bonorum
1544 2604 1585 2639 (n.
1606 2603 1654 2639 aa),

1627 223 1691 257 9023
1737 232 1788 260 Λη.
1803 232 1832 260 c.
1855 233 1921 262 ¹688
