2111 3157
126 177 222 204 Aac.
246 176 313 205 ¹685
358 168 423 202 634

320 226 450 261 definiri
476 227 597 261 debere
613 253 621 268 ,
653 236 690 259 ac
714 225 842 258 irritum
863 230 895 258 et
915 225 1011 258 inane
1038 225 1064 258 si

321 290 414 314 secus
435 290 535 324 super
559 279 611 312 his
637 289 654 311 a
675 288 850 322 quoquam,
877 277 988 321 quavis
1009 288 1064 310 au-

321 333 481 373 ctoritate,
502 332 642 365 scienter
661 332 712 364 vel
730 330 931 374 ignoranter,
959 331 1064 365 eonti-

321 385 406 429 gerit
429 384 592 418 attentari.

365 439 379 482 g
404 438 435 470 4.
456 437 524 470 Non
541 437 759 477 obstantibus,
775 437 1064 471 constitutionibus

322 496 354 524 et
377 489 643 523 ordinationibus
668 490 864 533 apostolicis,
884 501 927 530 ac,
955 496 1065 534 quate-

321 554 381 577 nus
419 554 501 587 opus
537 544 587 584 sit,
613 543 690 577 dieti
727 543 873 584 Ordinis,
912 544 1063 587 illiusque

321 596 564 641 provinciarum
591 601 623 630 et
653 602 871 630 conventuum
905 608 1066 640 quorum-

321 650 379 690 vis,
406 650 503 683 etiam
529 649 726 691 iuramento,
759 649 1008 684 confirmatione
1033 661 1065 687 a-

302 702 494 746 postoliea,
533 704 582 736 vel
613 703 725 747 quavis
755 702 907 736 firmitate
931 703 992 737 alia
1016 714 1066 737 ro-

320 756 473 797 boratis,
506 757 633 790 statutis
674 761 706 789 et
745 756 1062 798 consuetudinibus,

321 810 502 854 privilegiis
529 821 684 854 quoque,
711 810 847 844 indultis
882 815 914 844 et
949 810 1064 844 litteris

322 864 510 907 apostolicis
543 863 577 896 in
595 863 792 897 eontrarium
810 864 1064 907 praemissorum

323 917 570 960 quomodolibet
601 917 777 957 concessis,
810 916 1009 950 confirmatis
1034 923 1065 951 et

324 970 505 1011 innovatis3
533 971 651 1014 quibus
684 971 835 1004 omnibus
861 976 892 1003 et
915 971 1063 1014 singulis,

321 1024 453 1058 illorum
477 1029 608 1058 tenores
632 1024 861 1068 praesentibus
885 1035 944 1068 pro
969 1026 1064 1068 plene

323 1083 355 1110 et
378 1077 577 1111 sufficienter
602 1077 765 1121 expressis
798 1088 835 1110 ac
868 1077 907 1115 ad
932 1078 1063 1111 verbum

322 1130 455 1163 insertis
482 1130 651 1171 habenteS,
679 1130 743 1163 illis
768 1127 845 1164 alias
870 1130 903 1163 in
924 1141 981 1163 suo
1014 1141 1063 1164 ro>

322 1184 404 1217 bore
429 1183 661 1228 permansuris,
677 1183 716 1216 ad
741 1184 999 1227 praemissorum
1025 1184 1065 1217 es-

324 1237 454 1278 sectum,
468 1238 529 1271 hae
554 1238 622 1271 vice
637 1238 811 1278 dumtaxat,
831 1238 1017 1282 specialiter
1033 1244 1066 1272 et

325 1302 476 1334 expresse
494 1292 708 1335 derogamus;
735 1292 918 1336 ceterisque
943 1297 1066 1326 contra-

323 1343 380 1376 riis
405 1344 678 1388 quibuscumque.

370 1397 384 1440 g
399 1396 430 1429 5.
443 1396 595 1430 Volumus
607 1402 713 1430 autem
723 1402 758 1430 ut
771 1398 961 1431 earumdem
976 1408 1066 1442 prae-

327 1450 467 1483 sentium
508 1450 690 1483 litterarum
735 1451 949 1495 transumptis
966 1479 973 1492 ,
1010 1462 1066 1484 seu

328 1503 496 1546 exempliS,
516 1504 612 1536 etiam
625 1504 802 1547 impressis,
818 1515 915 1537 manu
929 1505 1065 1538 alicuius

327 1555 445 1588 notarii
463 1556 588 1599 publici
606 1557 807 1600 subscriptis,
820 1563 852 1590 et
871 1557 979 1600 sigillo
998 1567 1067 1601 per·

328 1618 428 1642 sonae
449 1609 481 1641 in
500 1609 718 1642 ecelesiastica
736 1610 893 1652 dignitate
911 1610 1066 1644 eonstitu-

327 1667 378 1694 tae
399 1662 540 1701 munitis,
568 1663 681 1695 eadem
699 1673 834 1705 prorsus
852 1663 930 1696 tides
946 1664 1067 1708 ubique

326 1716 472 1749 locorum
491 1720 552 1747 tam
571 1715 603 1748 in
624 1715 743 1748 iudicio
761 1727 857 1759 quam
876 1722 966 1749 extra
981 1718 1069 1750 adhi-

326 1768 453 1808 beatur,
484 1780 566 1812 quae
587 1770 798 1803 adhiberetur
817 1770 896 1814 ipsis
914 1782 1069 1814 praesen--

328 1822 414 1854 tibus
438 1822 463 1855 si
489 1822 596 1855 forent
620 1822 783 1855 exhibitae
803 1824 854 1856 vel
880 1829 1043 1857 ostensae.

372 1875 485 1908 Datum
515 1875 648 1916 Romae,
685 1876 771 1919 apud
797 1876 827 1909 S.
848 1876 978 1909 Mariam
1003 1877 1066 1909 Ma-

328 1928 442 1967 iorem,
468 1928 527 1961 sub
551 1930 673 1962 annulo
690 1929 877 1970 Piscatoris,
900 1929 953 1962 die
967 1940 1004 1963 xx
1022 1940 1068 1963 se-

328 1981 486 2024 ptembris
522 1991 698 2022 MDCLxxxv,
725 1980 937 2025 pontificatus
963 1982 1066 2015 nostri

329 2045 415 2067 anno
441 2045 483 2068 1x.

365 2095 425 2122 Dat.
441 2095 484 2123 die
500 2096 534 2123 ΞΟ
549 2096 712 2132 septembris
730 2096 807 2131 1685,
829 2096 926 2132 pontif.
944 2105 1013 2124 anuo
1030 2103 1065 2124 tx.

151 455 310 477 Contrariorum

127 482 244 508 dung-111⁰.

171 1407 233 1427 Fidus
257 1409 315 1429 tran-

130 1439 267 1460 murmurum.

638 2221 766 2256 CLVIII.

332 2301 577 2344 Confirmantur
594 2306 718 2335 statuta
742 2302 883 2345 capituli
906 2302 1069 2346 qenai-alis

374 2356 519 2398 fratrum
556 2356 724 2388 Minorum
757 2356 864 2389 sancti
899 2356 1071 2390 Francisci

375 2408 414 2440 de
439 2408 658 2449 observantia,
673 2414 700 2443 et
726 2409 900 2443 innovatur
924 2411 1070 2443 constitu-

379 2462 422 2494 tio
447 2462 506 2495 Pii
534 2462 560 2494 V
581 2462 666 2494 circa
691 2462 910 2507 eleemosynas
942 2463 1071 2506 praedi-

378 2519 523 2547 catorum
549 2519 576 2548 et
600 2515 807 2548 bibliothecas
832 2514 1041 2549 communes⁴.

369 2577 382 2606 1
405 2576 462 2604 Alia
481 2580 581 2604 statuta
611 2585 669 2614 capr
695 2585 756 2614 gen.
778 2578 912 2605 habentur
937 2578 963 2606 in
984 2577 1069 2605 Uitia-

920 177 1098 201 nt'LLAmUM
1123 177 1274 204 nOMANtM

1849 181 1900 209 An.
1922 183 1951 210 C.
1972 184 2035 213 1085

1297 228 1492 256 Innocentius
1511 229 1593 264 Papa
1611 230 1659 265 XI,

1243 273 1277 299 ad
1300 272 1434 300 futuram
1456 273 1503 301 rei
1522 276 1694 303 memoriam

1150 332 1164 378 ἓ
1184 332 1214 366 t.
1233 333 1356 377 Exponi
1381 335 1476 369 nohis
1492 346 1598 380 nuper
1615 336 1693 370 feeit
1708 337 1859 380 dilectus,
1895 351 1979 381 siarum
2000 351 2037 373 im-

1106 383 1191 419 filius
1214 386 1404 421 Franciseus
1428 388 1503 421 Diaz
1532 400 1550 422 a
1580 389 1611 423 S.
1638 377 2038 435 Bonaventu-}·‡}{Yu‘'.t¹=¹i.‚3:53

1107 448 1151 478 ra,
1178 438 1282 472 lector
1306 440 1468 482 generalis
1501 440 1666 483 iubilatus‚
1685 443 1845 478 carissimi
1855 431 1911 478 3330
1926 433 2038 480 „igi-'Ibit

1107 490 1140 524 in
1164 490 1293 525 Christo
1318 492 1375 526 filii
1400 494 1503 527 nostri
1534 494 1641 529 Caroli
1677 496 1847 540 Hispania-

1106 555 1177 578 rum
1201 545 1287 588 regis
1305 546 1458 580 catholici
1478 548 1687 582 concionator
1707 556 1738 583 et
1758 551 1848 584 theo·

1107 599 1211 641 logus,
1237 609 1273 632 ac
1297 609 1358 643 pro
1383 601 1622 635 ultramontana
1647 602 1768 637 familia
1787 603 1849 637 sra-
2027 611 2040 623 ·

1107 656 1190 685 trum
1215 644 1375 686 Mincium
1399 653 1528 687 Ordinis
1554 655 1655 689 sancti
1681 656 1847 691 Francisei

1107 705 1147 738 de
1179 705 1387 740 Observantia
1417 714 1679 752 nuncupatorum
1713 710 1746 743 in
1779 711 1846 745 Ro-

1106 760 1202 792 mana
1226 758 1321 793 Curia
1338 760 1649 795 vicecommissarius
1666 764 1845 806 generalis,

1107 812 1193 856 quod
1218 813 1347 854 dudum,
1373 813 1524 848 videlicet
1555 826 1640 849 anno
1665 825 1848 858 Mncxxnn,

1106 864 1139 897 in
1163 865 1308 909 capitulo
1333 867 1479 910 generali
1508 867 1584 901 dicti
1609 868 1738 902 Ordinis
1763 870 1850 904 eirea

1107 918 1329 962 eleemosynas
1354 929 1436 962 quae
1462 920 1747 955 concionatoribus
1769 921 1850 956 eius-

1107 971 1180 1004 dem
1204 970 1332 1004 Ordinis
1356 971 1428 1006 fieri
1453 974 1569 1013 solent,
1592 979 1624 1007 et
1640 974 1724 1007 eirea
1747 975 1849 1009 libros

1107 1023 1241 1056 fratrum
1277 1024 1504 1058 defunctorum
1541 1027 1768 1061 communibus
1802 1028 1850 1061 bi-

1106 1075 1279 1110 bliothecis
1292 1083 1507 1111 conventuum
1521 1078 1649 1112 Ordinis
1664 1079 1849 1114 huiusmodi

1106 1129 1331 1172 applicandos,
1350 1131 1559 1175 ipsarumque
1577 1131 1850 1167 bibliothecarum

1107 1183 1387 1217 conservationem
1412 1190 1443 1217 et
1466 1184 1718 1226 incrementum,
1742 1197 1780 1220 ae
1803 1187 1851 1220 bi-

1107 1235 1398 1270 bliothecariorum
1424 1237 1672 1280 institutionem,
1691 1238 1771 1273 sacta
1786 1240 1852 1274 sue-

1107 1294 1184 1322 runt
1206 1300 1265 1333 pro
1289 1292 1428 1334 utraque
1453 1291 1577 1325 familia
1601 1294 1761 1327 nonnulla
1785 1299 1850 1327 sta-

1108 1348 1176 1376 tuta
1199 1342 1321 1376 tenoris
1345 1343 1400 1387 qui
1425 1344 1583 1388 sequitur,
1612 1345 1782 1380 videlicet:

1150 1407 1173 1430 1.
1201 1396 1470 1431 «Praedicatores
1484 1398 1681 1443 quicumque
1707 1401 1849 1434 eleemo-
1879 1410 2043 1432 Primumstam-

1108 1459 1202 1492 synas
1233 1449 1483 1493 praedicationis
1519 1457 1691 1495 praetextu
1723 1438 2044 1491 obtatasssill³¹¹‡,fl'32i¹.'tit

1109 1502 1236 1545 penitus
1261 1513 1326 1536 non
1350 1503 1527 1547 1·eeipiant;
1554 1516 1616 1538 nec
1642 1506 1681 1539 de
1706 1505 1771 1539 illis
1790 1493 1936 1539 subwmm'

1109 1555 1221 1598 quovis
1257 1561 1426 1599 praetextu
1466 1558 1515 1590 vel
1555 1558 1703 1600 quaesito
1739 1561 1850 1593 colore

1110 1608 1285 1651 disponere
1326 1614 1378 1642 aut
1417 1611 1668 1653 quomodolibet
1713 1617 1851 1647 tractare

1110 1667 1320 1704 praesumant
1343 1668 1374 1695 et
1398 1664 1552 1705 audeant;
1572 1666 1640 1705 sed,
1658 1665 1684 1698 si
1708 1667 1852 1700 absoluta

1111 1715 1354 1757 praedicatione
1385 1717 1434 1750 vel
1468 1722 1542 1750 ante
1574 1718 1748 1762 contigerit
1782 1719 1852 1753 fieri

1111 1778 1127 1800 a
1153 1767 1266 1810 quovis
1291 1779 1413 1811 genere
1443 1780 1657 1813 personarum
1684 1772 1853 1814 praediea-

1110 1821 1235 1854 toribus
1253 1821 1331 1865 ipsis
1346 1823 1627 1866 eleemosynarum
1639 1824 1851 1866 oblationem,

1110 1874 1343 1917 respondeant,
1366 1875 1506 1919 syndieis
1527 1882 1743 1911 conventuum
1764 1878 1852 1911 dum-

1110 1931 1195 1959 taxat
1219 1927 1321 1960 libere
1346 1933 1378 1961 et
1406 1928 1531 1971 integre
1568 1931 1851 1964 transmittendam

1110 1985 1142 2012 et
1166 1980 1420 2024 consignandam
1445 1982 1525 2016 sore.
1553 1982 1642 2021 Quod
1672 1983 1698 2016 si
1731 1984 1852 2017 consti-

1111 2033 1185 2066 terit
1209 2034 1395 2078 quempiam
1431 2036 1691 2078 praedicatorem
1722 2048 1780 2080 per
1815 2048 1851 2071 se

1110 2092 1162 2118 aut
1192 2097 1252 2130 per
1285 2087 1366 2121 alios
1404 2089 1576 2132 pecuniam
1614 2090 1763 2134 recipere
1799 2092 1849 2124 vel

1110 2141 1286 2183 recepisse,
1327 2143 1539 2185 proprietatis
1580 2146 1687 2187 poena
1718 2145 1849 2178 omnino

1110 2194 1273 2236 puniatur,
1292 2199 1324 2227 et
1343 2195 1469 2228 actibus
1489 2195 1642 2239 legitimis
1662 2207 1719 2240 per
1736 2207 1851 2230 sexen-

1111 2247 1200 2280 nium
1238 2247 1406 2291 privetur,
1439 2259 1534 2292 quam
1572 2259 1711 2293 poenam
1751 2249 1850 2284 etiam

1113 2352 1138 2379 ni
1156 2353 1214 2380 VIII
1235 2353 1340 2381 constit·
1362 2354 1405 2381 ed.
1425 2361 1539 2388 nncxxv,
1565 2354 1607 2382 die
1632 2354 1667 2382 20
1685 2355 1850 2389 novembris,

1113 2402 1188 2432 pont.
1209 2404 1256 2432 1113
1277 2399 1407 2426 nonnulla
1422 2400 1504 2426 etiam
1520 2399 1647 2426 extantin
1663 2399 1744 2426 liuius
1760 2399 1851 2427 Ponti-

1113 2443 1194 2469 tisseis
1214 2444 1323 2471 constit.
1341 2444 1385 2472 ed.
1405 2451 1547 2478 MDCLXXIX,
1569 2444 1613 2471 die
1632 2445 1666 2471 22
1686 2445 1850 2480 novembris,

1115 2487 1265 2522 pontif.1v;
1285 2492 1311 2515 et
1331 2488 1357 2515 in
1383 2489 1491 2516 constit.
1508 2488 1551 2516 ed.
1567 2494 1733 2522 Mnchxxvi,
1754 2489 1797 2516 die
1820 2489 1850 2516 19

1115 2532 1190 2565 iunii,
1205 2537 1278 2568 pont.
1296 2540 1312 2559 x
1327 2533 1426 2568 legitur
1442 2533 1576 2571 quoddam
1587 2533 1724 2561 decretum
1740 2533 1772 2562 de
1787 2541 1853 2572 synt

1092 2599 1093 2606 ,
1115 2577 1194 2606 dieis.
