2111 3157
196 213 242 240 An.
261 213 289 241 e.
314 213 380 241 isso
425 204 489 240 ata

387 275 542 303 noemam,
570 269 602 297 et,
629 263 693 296 hoe
717 261 879 295 dominica
907 259 1015 298 tertia,
1043 258 1128 292 idest

388 317 542 359 vigesima
559 316 663 359 prima
677 315 738 354 die,
752 319 827 357 post
840 312 1125 345 Resurrectionem

388 369 423 402 D.
444 369 478 401 N.
500 369 573 401 lesu
589 367 720 401 Christi.

433 434 468 456 11.
485 422 689 465 Quapropter
705 420 744 453 ad
759 419 933 462 capitulum
948 418 1059 451 venire
1078 418 1128 452 de-

389 476 515 514 bentes,
535 475 616 507 tales
635 483 668 505 se
686 476 884 515 praeparent
901 476 1047 514 tempore
1072 481 1128 513 op-

390 534 540 571 portuno,
567 531 604 558 ut
628 527 747 559 statuta
771 524 821 558 die
846 534 916 557 esse
944 523 1074 567 possint
1096 523 1128 556 in

391 584 475 621 loeo,
500 580 555 613 ubi
584 579 763 623 capitulum
790 577 899 622 ipsum
920 576 1021 610 fuerit
1046 577 1130 610 cele-

967 210 1148 236 RULLARIUM
1171 209 1322 235 Romnum

1169 262 1299 290 sumant
1309 257 1462 291 monaehi
1473 257 1582 298 nostri,
1593 258 1825 303 cuiuscumque
1839 270 1906 303 gra-

1170 310 1228 342 dus
1249 320 1305 343 seu
1330 310 1529 343 conditionis
1554 311 1703 353 existant,
1727 314 1840 347 venire
1864 315 1905 348 ad

1170 363 1347 406 capitulum
1373 364 1536 406 generale,
1556 374 1611 396 seu
1630 365 1667 398 ad
1685 366 1755 398 loca
1771 367 1905 401 circum-

1170 416 1284 456 vicina,
1303 415 1364 449 nisi
1389 416 1499 449 habita
1522 416 1613 460 prius
1640 428 1657 450 a
1682 418 1905 454 definitoribus

1172 469 1239 502 eius
1257 469 1390 512 capituli
1409 469 1540 502 licentia
1557 470 1588 502 in
1607 471 1745 514 scriptis.
1770 471 1860 509 Quod
1879 473 1907 506 si

1173 527 1284 555 contra
1309 522 1454 561 fecerint,
1479 533 1542 555 non
1569 524 1742 557 audiantur
1762 535 1779 557 a
1796 525 1908 558 defini-

1174 575 1311 615 toribus,
1334 581 1365 608 et
1392 575 1539 608 ieiunent
1562 576 1595 608 in
1620 588 1703 620 pane
1725 582 1757 610 et
1773 579 1854 621 aqua
1873 579 1906 611 in

1908 211 1962 239 An.
1977 211 1998 239 C
2031 210 2098 243 ⁴680

392 635 562 667 brandum.

238 700 306 729 eim
322 698 345 728 u.
437 698 459 720 l.
482 686 649 726 Quoniam,
673 685 728 718 ubi
753 684 853 717 nimia
876 683 1050 717 multitudo
1071 687 1131 722 est,

198 726 251 772 {wisi
265 724 382 771 ifflifss‘ffii
394 740 437 773 ibi
456 741 649 783 plerumque
667 739 751 771 solet
769 748 838 770 esse
856 736 1002 770 confusio
1025 740 1056 768 et
1072 735 1132 768 dis-

199 780 312 803 r.1pitutt1m
361 786 368 797 t

346 784 517 826 g'ticultas
550 791 694 825 veritatis
727 790 976 834 assequendae,
1009 789 1131 822 ideirco

1174 629 1259 660 terra
1286 628 1319 660 in
1346 628 1539 668 refectorio,
1568 634 1599 662 et
1625 629 1747 669 statim,
1777 633 1909 674 peraeta

1174 681 1385 724 poenitentia,
1418 681 1630 715 dimittantur.
1665 683 1703 715 Et
1731 683 1755 715 si
1789 683 1911 717 suerint

1175 734 1380 777 superiores,
1412 745 1450 767 eo
1481 735 1551 778 ipso
1583 735 1806 778 intelligantur
1837 747 1909 771 esse

1175 787 1323 830 suspensi
1353 798 1371 820 a
1399 788 1501 830 gradu
1528 789 1773 832 superioritatis,
1795 791 1910 824 saltem

199 807 277 826 untalo-

394 847 581 880 ordinamus
616 847 700 889 quod
735 844 932 888 infrascripti
963 844 1068 877 solum
1092 844 1131 876 ad

395 902 572 944 capitulum
605 900 758 942 generale
790 899 902 932 venire
933 902 1129 938 teneantur,

394 954 547 986 videlicet
581 958 672 996 pater
714 952 929 995 praesidens,
964 950 1131 993 ceterique

394 1006 585 1045 visitatores,
609 1010 903 1049 quantumcumque
943 1014 960 1036 a
999 1002 1132 1046 capituli

395 1061 468 1092 loco
496 1059 627 1097 distent,
656 1068 771 1091 omnes
793 1057 930 1100 praelati
954 1054 1132 1098 regiminis,

397 1112 611 1145 cancellarius
628 1115 659 1144 et
676 1110 851 1153 capsarius.

442 1176 475 1198 ιι,
490 1164 578 1203 Quod
597 1165 622 1197 si
641 1164 785 1207 legitima
802 1163 840 1196 de
859 1164 955 1196 causa
968 1162 1135 1205 continget

396 1219 561 1261 praelatos
582 1227 646 1250 non
667 1215 784 1255 venire,
811 1220 886 1248 tunc
913 1215 976 1258 ipsi
998 1215 1134 1258 praelati

399 1277 431 1303 ot
448 1274 626 1303 conventus
652 1274 824 1302 teneantur
847 1268 972 1302 litteras
997 1273 1061 1300 tam
1080 1267 1136 1300 bo-

399 1335 476 1356 num
495 1321 762 1364 Congregationis
790 1332 885 1364 quam
912 1331 1044 1354 suorum
1067 1331 1136 1353 mo-

399 1376 615 1409 nasteriorum
646 1379 881 1407 concernentes
916 1374 1135 1407 transmittere

399 1440 460 1472 per
479 1439 579 1461 unum
607 1439 642 1461 ex
669 1427 732 1460 suis
757 1426 927 1460 monachis
949 1426 1137 1469 eligendum

401 1494 418 1515 a
439 1482 587 1524 praelato
613 1491 683 1513 cum
704 1490 865 1513 consensu
887 1481 1061 1519 seniorum,
1083 1485 1138 1512 aut

402 1535 500 1567 alium
527 1533 674 1566 nuntium
704 1533 851 1571 fidelem,
880 1538 934 1565 aut
958 1534 1138 1575 praelatum

400 1586 686 1630 propinquiorem,
704 1585 730 1616 si
749 1584 933 1617 maluerint.

447 1650 494 1672 111.
521 1639 557 1671 Et
582 1643 615 1670 ut,
635 1643 763 1675 cuncta,
788 1648 868 1680 quae
886 1649 902 1670 a
920 1637 1140 1671 visitatoribus

402 1694 434 1725 in
463 1691 700 1725 visitationibus
729 1690 794 1723 suis
826 1690 1012 1733 provisione
1044 1691 1141 1734 digna

403 1746 531 1777 iuventa
554 1743 685 1783 suerint,
712 1743 856 1785 capitulo
881 1743 1024 1785 generali
1050 1743 1142 1776 inno-

403 1802 539 1836 tescant,
565 1796 762 1836 ordinamus,
784 1796 879 1839 quod,
905 1795 929 1827 si
948 1796 1019 1839 quis
1036 1796 1143 1829 visita-

404 1857 522 1885 torum.
541 1850 650 1893 aliquo
672 1848 905 1892 impedimento
923 1850 1070 1892 legitimo
1095 1850 1143 1882 in-

405 1903 618 1942 terveniente,
638 1903 676 1934 ad
706 1902 882 1944 capitulum
909 1912 975 1934 non
1004 1902 1141 1943 venerit,

406 1968 465 2000 per
483 1957 607 1989 litteras
631 1954 814 1997 significare
839 1960 985 1987 teneatur
1003 1965 1039 1987 ea
1064 1965 1145 1998 quac

407 2010 514 2052 gravia
532 2013 563 2041 et
583 2009 679 2050 digna
697 2009 799 2040 relatu
816 2007 1019 2048 ridebuntur,
1033 2014 1061 2040 et
1077 2008 1146 2051 ipse

408 2062 602 2095 iudicaverit
627 2061 794 2104 expedire,
821 2071 918 2104 super
941 2061 1056 2105 quibus
1079 2062 1148 2094 eius

409 2115 641 2149 conscientiam
660 2125 843 2147 oneramus.

455 2179 496 2201 iv.
533 2168 669 2211 Insuper
700 2172 763 2200 tam
799 2167 975 2210 supradicti
1014 2166 1150 2210 praelati

412 2234 506 2265 quam
536 2222 729 2264 quicumque
759 2220 812 2253 alii
845 2221 995 2254 monachi
1022 2226 1150 2254 nostrae

413 2274 691 2317 Congregationis,
719 2284 924 2317 quocumque
954 2274 1057 2306 officio
1084 2275 1153 2306 sun-

414 2334 530 2369 gantur
545 2332 598 2359 aut
619 2327 1040 2369 dignitatepraeemineant,
1058 2337 1153 2369 quan-

415 2386 624 2421 tumcumque
650 2390 666 2411 a
691 2379 824 2422 capituli
849 2380 922 2412 loco
941 2379 1071 2418 distent,
1091 2380 1115 2411 si
1137 2390 1153 2411 a

416 2432 644 2466 definitoribus
672 2434 721 2465 vel
748 2433 907 2475 regimine
933 2432 1010 2464 iussi
1032 2437 1083 2464 aut
1109 2440 1176 2464 re-‘

417 2485 526 2529 quisiti
554 2485 681 2523 tuerint,
710 2485 748 2517 ad
774 2486 953 2528 praefatum
977 2485 1153 2528 capitulum

418 2538 571 2581 generale
598 2537 708 2569 venire
736 2543 918 2570 teneantur.

462 2601 492 2624 v.
506 2591 636 2623 Praeter
649 2590 849 2633 supradictos
864 2595 1050 2623 autemnon
1069 2600 1158 2633 prae-

1176 850 1234 883 per
1253 850 1371 873 annum
1392 840 1562 883 integrum.
1589 841 1678 879 Quod
1704 853 1769 875 non
1790 843 1910 876 intelli-

1176 893 1261 936 gitur
1286 894 1324 926 de
1351 893 1412 933 his,
1436 893 1489 936 qui
1514 904 1531 926 a
1550 896 1695 937 praelato
1712 895 1909 936 manasterii,

1176 946 1230 978 ubi
1243 946 1418 990 capitulum
1431 947 1662 980 celebrandum
1676 953 1731 988 est,
1744 947 1911 981 convocati

1177 999 1297 1031 suerint
1326 999 1367 1032 ad
1398 998 1656 1032 concionandum
1680 1001 1730 1033 vel
1748 1000 1913 1043 disputan·

1177 1052 1253 1085 dum
1271 1062 1344 1085 eum
1361 1051 1491 1084 licentia
1508 1052 1606 1095 patris
1623 1053 1850 1096 praesidentis.

1220 1115 1261 1138 VI.
1285 1105 1457 1138 Praeterea
1473 1102 1581 1138 n'uttus
1599 1107 1763 1149 praelatus
1779 1106 1916 1140 veniens·

1178 1159 1217 1191 ad
1233 1158 1410 1202 capitulum
1427 1168 1537 1191 seeum
1555 1159 1651 1192 ducat
1674 1159 1772 1192 alium
1796 1170 1914 1192 mona-

1178 1212 1274 1244 chum
1289 1211 1399 1254 quovis
1418 1211 1524 1251 titulo,
1542 1211 1638 1244 etiam
1654 1211 1793 1251 scribae,
1812 1212 1916 1255 possit

1179 1269 1304 1297 tantum
1335 1264 1539 1297 commissum
1570 1267 1667 1298 causa
1700 1265 1914 1305 infirmitatis,

1180 1318 1291 1351 aetatis
1308 1323 1362 1350 aut
1379 1318 1549 1351 distantiae
1567 1329 1676 1352 secum
1696 1320 1826 1352 ducere.
1853 1319 1916 1353 Mo-

1180 1371 1303 1404 nachus
1328 1371 1408 1404 alius
1432 1376 1486 1403 aut
1516 1372 1703 1405 cellerarius
1733 1383 1769 1405 ex
1804 1371 1916 1415 quavis

1181 1426 1277 1456 causa
1301 1425 1412 1457 venire
1438 1435 1503 1457 non
1528 1425 1642 1467 possit.
1661 1424 1751 1462 Quod
1777 1425 1802 1457 si
1829 1435 1916 1458 com-

1181 1482 1269 1520 puta,
1285 1481 1338 1509 aut
1354 1477 1415 1509 alia
1434 1477 1617 1510 huiusmodi
1640 1477 1768 1519 negotia
1791 1483 1918 1520 pertra-

1182 1530 1296 1563 ctanda
1321 1536 1418 1562 erunt
1441 1530 1472 1562 in
1498 1530 1651 1573 capitulo,
1672 1531 1808 1573 praelati
1828 1530 1918 1563 satis-

1183 1583 1309 1616 faciant.
1326 1583 1483 1616 Eximitur
1501 1588 1603 1616 tamen
1623 1594 1639 1616 a
1655 1583 1828 1627 praedictis
1844 1594 1920 1627 pro-

1183 1637 1399 1670 hibitionibus
1414 1641 1504 1680 pater
1521 1637 1723 1680 praesidens,
1740 1637 1794 1680 qui
1811 1647 1919 1670 secum

1185 1692 1302 1724 ducere
1320 1695 1428 1734 potest
1445 1690 1584 1723 scribam
1602 1701 1706 1723 suuni.
1727 1690 1798 1733 Ipse
1814 1695 1919 1723 autem

1185 1754 1317 1787 praeses
1342 1747 1499 1783 teneatur,
1526 1743 1763 1786 quamprimum
1784 1742 1921 1786 praelati

1185 1796 1322 1840 ingressi
1347 1796 1468 1828 suerint
1492 1796 1675 1838 capitulum,
1693 1806 1805 1828 omnes
1829 1795 1920 1835 alios

1187 1850 1241 1893 qui
1267 1849 1305 1881 ad
1323 1850 1429 1882 locum
1447 1848 1578 1891 capituli
1600 1848 1773 1885 venissent,
1793 1852 1923 1891 praeter

1187 1902 1370 1946 praedictos
1390 1902 1443 1945 qui
1462 1902 1583 1934 debent
1601 1907 1631 1934 et
1648 1907 1785 1945 possunt
1801 1901 1922 1940 venire,

1189 1957 1228 1989 ab
1253 1956 1368 1988 eodem
1392 1955 1464 1987 loco
1491 1954 1665 1987 dimittere.
1697 1954 1785 1992 Quod
1812 1955 1838 1988 si
1864 1965 1923 1997 pro

1190 2009 1298 2052 aliquo
1335 2018 1409 2039 casu
1446 2008 1630 2039 necessario
1656 2007 1842 2040 definitores
1868 2007 1926 2040 ali-

1191 2071 1286 2104 quem
1313 2059 1501 2092 admiserint
1524 2059 1732 2097 audiendum,
1759 2070 1824 2092 non
1853 2069 1927 2103 per-

1192 2114 1318 2148 mittant
1338 2113 1434 2145 tatem
1460 2112 1579 2145 morari
1605 2113 1638 2144 in
1663 2113 1860 2145 monasterio
1878 2122 1928 2145 ca-

1192 2166 1286 2211 pituli
1303 2167 1387 2198 ultra
1408 2165 1491 2197 diem
1510 2175 1617 2205 unum,
1632 2165 1686 2197 sed
1706 2175 1776 2197 cum
1798 2165 1930 2198 audiant

1195 2226 1226 2253 et
1251 2219 1423 2251 dimittant.
1444 2218 1532 2256 Quod
1551 2218 1646 2251 etiam
1663 2218 1873 2260 intelligimus
1890 2218 1928 2251 dc

1196 2274 1233 2305 iis
1260 2272 1313 2315 qui
1340 2272 1421 2303 sorte
1448 2271 1486 2303 ab
1504 2271 1581 2314 ipsis
1598 2270 1702 2303 vocati
1720 2276 1823 2303 essent
1842 2282 1849 2310 ;
1869 2271 1930 2303 lios

1197 2325 1300 2365 enim,
1326 2325 1433 2357 statim
1467 2334 1502 2356 ac
1535 2325 1697 2366 completa
1729 2326 1802 2356 sunt
1827 2333 1864 2355 ea
1889 2323 1929 2355 ob

1198 2388 1280 2421 quae
1314 2377 1470 2409 accedere
1502 2375 1583 2408 iussi
1614 2380 1698 2415 sunt,
1723 2375 1932 2408 dimittendos

1198 2441 1267 2463 esse
1294 2429 1510 2463 decernimus.

1242 2494 1263 2516 1.
1284 2482 1313 2515 Si
1336 2482 1407 2526 quis
1425 2481 1659 2515 monachorum
1676 2486 1864 2514 nostrorum
1881 2491 1935 2514 vo·

1200 2536 1296 2569 luerit
1324 2537 1432 2580 aliqua
1464 2535 1631 2568 notificare
1665 2534 1808 2578 capitulo
1841 2544 1935 2578 gene·

1200 2589 1267 2629 rali,
1287 2589 1406 2622 scribat
1422 2588 1491 2633 ipse
1505 2598 1600 2621 manu
1618 2587 1765 2632 propria,
1781 2592 1813 2620 et
1826 2587 1850 2620 si
1865 2588 1936 2632 ipse

1979 2487 2047 2508 Gne-r
2062 2487 2094 2508 ΠΙ.

1965 2513 1995 2534 De
2006 2513 2067 2534 modo
2076 2520 2107 2534 scr

1944 2539 2007 2561 bendt
2035 2540 2111 2569 rapitut

1945 2566 2047 2593 generali.
