2111 3157
23 232 60 255 An
88 227 116 254 C.
139 226 200 253 1681

795 225 1004 248 lNNOCENTIUS
1027 225 1057 248 XI
1082 224 1129 247 1¹1³.

209 273 344 305 busdam
363 273 635 315 provisionalibus
661 273 700 305 ab
726 272 837 305 eadem
862 272 942 304 Con-

210 326 398 368 gregatione
412 326 625 359 cardinalium
639 326 671 358 in
685 327 780 357 causa
794 335 941 357 recursus

209 379 393 411 huiusmodi
429 384 525 412 antea
549 379 724 417 emanatis,
751 383 783 411 et
802 388 819 410 a
842 388 937 420 prae-

210 433 296 464 dicto
329 432 495 464 Clemente
533 432 784 474 praedecessore
822 440 941 472 appro-

208 485 302 526 batis,
320 490 350 518 et
371 496 388 517 a
408 485 522 528 quibus
543 485 697 517 recedere
725 484 815 516 nullo
843 483 939 515 modo

208 537 465 575 intendebamus
491 537 708 575 inhaerentes,
726 536 860 578 ipsaque
885 535 940 567 de-

208 596 295 623 creta
318 595 522 628 renovantes,
542 595 582 627 et,
603 589 708 621 donec
726 599 771 626 ea,
794 597 877 630 quae
893 598 939 619 su-

208 653 266 684 per
290 642 395 674 dubiis
419 641 594 684 propositis
616 640 820 673 decernenda
843 639 938 671 nobis

207 694 274 726 viSa
299 694 446 733 fuissent,
467 693 695 731 statuissemus,
720 692 853 724 omnino
882 692 938 724 ob-

207 746 326 778 servari
353 745 608 787 praecipientes,
635 745 674 777 de
698 743 936 786 praedictorum

206 798 415 830 cardinalium
449 796 583 829 consilio
617 806 677 839 per
701 796 856 838 quasdam
880 806 938 828 no-

206 855 288 882 stras
312 849 431 891 pariter
454 849 486 881 in
512 849 615 881 forma
638 848 747 880 Brevis
768 848 819 881 die
839 858 935 880 xxvm

205 901 390 934 novembris
414 910 571 934 nncrxxw
597 905 760 933 emanatas
787 900 910 933 litteras
927 926 934 939 ‚

203 953 382 986 venerabili
407 954 496 986 fratri
517 954 664 986 Marcello
684 952 935 995 archiepiscopo

204 1005 471 1045 chalcedonensi,
493 1005 525 1037 in
544 1005 757 1047 Portugalliae
777 1009 809 1037 et
825 1005 936 1047 Algar-

203 1057 329 1091 biorum
346 1058 456 1100 regnis
470 1057 643 1100 praedictis
661 1063 769 1091 nostro
787 1063 820 1090 et
832 1058 934 1091 dictae

203 1110 295 1143 Sedis
313 1110 443 1150 nuncio,
465 1110 612 1143 dedimus
630 1110 663 1142 in
676 1110 833 1142 mandatis
847 1116 881 1142 ut
894 1109 936 1142 in-

203 1161 408 1201 hibitionem,
429 1173 447 1194 a
467 1167 644 1195 memorato
668 1161 830 1194 Clemente
848 1172 937 1204 prae-

204 1215 372 1247 decessore
405 1224 462 1257 per
497 1225 570 1246 suas
602 1214 723 1247 litteras
755 1214 936 1257 praedictas

203 1266 285 1298 sicut
310 1266 526 1308 praemittitur
559 1267 692 1306 factam,
719 1266 751 1297 in
787 1266 935 1298 omnibus

203 1318 271 1350 eius
295 1317 439 1359 partibus
464 1318 652 1350 auctoritate
674 1319 786 1350 nostra
809 1324 937 1360 aposto-

201 1369 265 1402 lica
277 1369 320 1401 ita
337 1369 559 1402 moderaretur
572 1375 603 1402 et
620 1370 820 1409 reformaret,
835 1376 870 1402 ut
883 1370 936 1402 Ve-

201 1421 338 1460 rissimo,
359 1422 616 1465 archiepiscopo,
638 1422 782 1464 generali
803 1433 820 1455 a
840 1422 934 1455 nobis

202 1474 366 1516 deputato,
385 1479 417 1506 et
431 1474 564 1517 reliquis
579 1475 826 1517 inquisitoribus
844 1486 936 1518 prae-

202 1525 305 1565 dictis,
320 1531 431 1558 eontra
444 1527 646 1570 supradictos
659 1527 857 1560 Christianos
875 1527 935 1560 No-

200 1588 255 1611 vos
279 1584 481 1622 nuncupatos
511 1579 544 1611 in
569 1580 662 1612 dictis
693 1580 877 1613 carceribus
900 1586 935 1612 ut

200 1632 381 1674 praefertur
394 1632 552 1672 detentos,
568 1638 694 1666 servato
712 1633 790 1665 iuris
808 1634 933 1673 ordine,

200 1693 237 1716 ac
261 1683 347 1715 iuxta
376 1684 543 1727 aequitatis
570 1691 601 1717 et
624 1686 764 1718 iustitiae
788 1687 933 1728 regulas,

200 1734 315 1768 liceret
336 1737 513 1778 procedere
534 1737 573 1770 ad
594 1748 714 1780 poenas
738 1743 769 1771 et
793 1738 935 1771 animad-

199 1787 364 1820 versiones
397 1789 541 1829 debitas,
571 1796 797 1833 praeterquam
829 1791 933 1823 ultimi

200 1840 363 1883 supplicii,
378 1841 558 1874 triremium
572 1848 803 1885 perpetuarum
818 1848 849 1876 et
862 1854 935 1876 con-

199 1891 376 1925 fiscationis
401 1894 562 1927 bonorum
588 1906 605 1926 a
629 1895 744 1937 quibus
762 1906 817 1928 eos
832 1901 863 1928 et
879 1906 934 1928 eo-

199 1955 270 1978 rum
300 1947 500 1988 quemlibet,
525 1949 628 1980 donec
664 1953 695 1981 et
726 1959 891 1992 quousque
917 1960 934 1981 a

199 1998 293 2030 nobis
319 2003 351 2030 et
374 1998 455 2032 Sede
488 2001 652 2042 praedicta
676 2001 771 2033 aliter
795 2001 935 2044 disposi-

199 2055 266 2083 tum
283 2051 406 2091 suisset,
424 2052 556 2085 omnino
578 2053 740 2086 abstinere
765 2054 932 2086 voluimus.

199 2102 245 2135 Ac
269 2103 406 2146 proinde
427 2104 550 2137 eisdem
571 2105 754 2146 Verissimo,
772 2107 934 2149 archiepi-

199 2165 310 2198 scopo,
325 2157 470 2199 generali
485 2163 517 2190 et
528 2157 660 2200 reliquis
674 2158 932 2200 inquisitoribus,

198 2206 394 2251 illorumque
425 2214 457 2241 et
481 2209 653 2242 cuiuslibet
683 2220 793 2243 eorum
822 2221 933 2254 respe-

199 2259 282 2292 ctive
300 2260 539 2301 commissariis,
557 2261 765 2302 consiliariis,
780 2272 933 2305 procura-

199 2311 323 2345 toribus
348 2312 520 2353 fiscalibus,
538 2314 766 2354 assessoribus,
783 2315 930 2356 notariis,

199 2365 361 2405 actuariis,
378 2366 559 2408 ceterisque
584 2367 771 2400 officialibus
790 2373 821 2401 et
840 2368 933 2401 mini-

200 2417 284 2456 stris,
311 2417 395 2451 dicta
420 2418 622 2459 auctoritate,
648 2419 807 2459 districte,
825 2426 857 2452 et
873 2421 931 2453 sub

200 2470 315 2511 poenis
333 2481 413 2513 quae
427 2470 459 2504 in
473 2471 644 2513 praedictis
655 2471 826 2505 Clementis
844 2483 933 2515 prae-

201 2521 380 2555 decessoris
396 2523 512 2556 litteris
533 2534 706 2567 expressae
723 2529 806 2565 sunt,
826 2525 932 2559 denuo

200 2572 374 2615 inhiberet,
392 2585 432 2608 ne
449 2581 562 2609 contra
581 2576 712 2610 eosdem
730 2576 931 2612 Christianos

1621 215 1686 247 405

983 272 1085 304 Novos
1102 272 1132 303 in
1154 271 1335 304 carceribus
1354 271 1537 304 huiusmodi
1559 272 1717 310 detentos,

984 330 1036 356 aut
1066 335 1178 356 eorum
1210 325 1369 366 aliquem,
1396 324 1519 356 interea
1542 325 1579 358 ad
1614 324 1716 357 ultimi

1731 224 1780 249 An.
1797 223 1826 249 C.
1845 224 1909 254 1081

982 377 1131 419 supplicii
1147 378 1196 409 vel
1215 377 1392 408 triremium
1410 383 1637 418 perpetuarum
1661 381 1716 408 aut
1748 376 1751 380 ”

983 429 1219 462 confiscationis
1243 431 1406 462 bonorum
1431 430 1616 462 huiusmodi
1638 440 1716 472 poe-

982 492 1038 513 nas
1062 482 1239 523 procedere
1272 482 1430 514 auderent
1455 482 1566 524 quovis
1591 482 1688 514 modo
1703 508 1712 521 ,

981 544 1037 566 seu
1062 540 1319 576 praesumerent.
1348 534 1518 567 Praeterea
1550 534 1608 577 ipsi
1636 535 1715 567 Mar-

981 587 1064 618 cello
1085 587 1330 630 archiepiscopo
1348 592 1379 620 et
1396 588 1514 620 nuncio
1531 588 1714 621 facultatem

981 638 1150 671 tribuimus
1167 640 1278 672 eadem
1296 640 1487 672 auctoritate
1504 641 1713 683 permittendi

980 689 1162 730 verissimo,
1187 691 1450 734 archiepiscopo,
1478 692 1637 734 generali,
1662 703 1713 725 re-

980 741 1142 784 liquisque
1168 742 1415 784 inquisitoribus
1438 744 1634 785 praedictis,
1659 750 1710 783 ut,

979 799 1073 835 prout
1096 793 1219 826 iustitia
1243 795 1387 836 exigeret
1407 800 1438 827 et
1458 795 1537 827 ordo
1562 802 1713 838 posceret

979 846 1122 885 rationis,
1140 847 1318 889 procedere
1336 853 1469 889 possent
1486 847 1581 880 etiarn
1599 854 1712 881 contra

978 898 1214 939 praedictorum
1229 899 1486 932 Christianorum
1499 899 1658 933 Novorum
1678 901 1710 933 in

978 950 1071 982 dictis
1089 950 1272 983 carceribus
1291 951 1497 984 detentorum
1522 958 1712 994 procurato-

977 1012 1037 1042 rcS,
1056 1003 1242 1042 advocatos,
1262 1009 1393 1045 agentes
1423 1014 1479 1036 seu
1504 1005 1711 1046 negotiorum

978 1060 1131 1096 gestores,
1150 1059 1180 1088 et
1204 1055 1282 1088 alias
1307 1055 1553 1098 quomodolibet
1576 1067 1635 1099 pro
1664 1058 1710 1090 eis

977 1108 1293 1148 intervenientibus¹,
1309 1109 1482 1142 dummodo
1501 1115 1607 1142 tamen
1622 1121 1700 1153 prae

976 1160 1046 1193 beri
1071 1171 1136 1193 non
1168 1166 1278 1203 posset
1311 1161 1454 1203 suspicio
1489 1161 1550 1194 hoc
1574 1161 1643 1194 tieri
1675 1162 1708 1195 in

977 1213 1086 1245 odium
1110 1223 1259 1245 recursus
1285 1214 1460 1255 supradicti
1477 1214 1516 1246 ad
1536 1214 1620 1246 hanc
1638 1225 1711 1246 san-

977 1270 1058 1297 ctam
1083 1264 1197 1297 Sedem
1233 1266 1335 1298 habiti
1367 1271 1398 1298 ct
1422 1266 1460 1298 ab
1484 1267 1596 1299 eadem
1627 1266 1709 1300 Sede

977 1316 1119 1355 admissi,
1143 1317 1182 1349 ad
1207 1328 1303 1360 quem
1328 1317 1477 1350 etl'ectum
1503 1318 1577 1351 dicti
1603 1319 1709 1361 inqui-

977 1370 1092 1402 sitores
1118 1376 1187 1402 acta
1222 1371 1330 1402 talium
1360 1381 1569 1413 processuum
1602 1372 1708 1404 eidem

976 1422 1127 1455 Marcello
1141 1422 1388 1465 archiepiscopo
1403 1429 1434 1455 et
1448 1423 1567 1456 nuncio
1586 1425 1624 1456 ad
1641 1425 1709 1456 eius

976 1475 1214 1517 beneplacitum
1246 1476 1480 1508 communicare
1506 1481 1707 1510 tenerentur.

976 1526 1037 1559 Sed
1054 1537 1126 1559 cum
1144 1537 1202 1559 nos
1219 1528 1438 1569 postmodum,
1458 1527 1653 1570 gravissimis
1671 1539 1709 1561 ex

976 1579 1080 1612 causis
1105 1579 1246 1619 adducti,
1271 1580 1404 1612 omnino
1425 1586 1580 1622 oportere
1606 1581 1710 1613 existi-

976 1642 1151 1664 massemus
1176 1637 1210 1663 ut
1234 1632 1362 1674 quidam
1386 1643 1568 1675 processus,
1593 1633 1625 1665 in
1655 1634 1709 1665 tri-

976 1684 1084 1716 bunali
1105 1684 1322 1727 inquisitionis
1341 1685 1493 1718 adversus
1512 1686 1709 1718 haereticam

976 1737 1163 1779 pravitatem
1199 1738 1383 1770 huiusmodi
1420 1738 1451 1770 in
1485 1738 1577 1771 dictis
1602 1739 1710 1781 reguis

976 1789 1163 1821 auctoritate
1200 1791 1378 1833 apostolica
1413 1790 1558 1823 instituto
1597 1798 1711 1824 contra

976 1843 1151 1874 nonnullos
1175 1848 1369 1885 praetensos
1389 1843 1588 1875 iudaizantes
1614 1854 1710 1886 expe-

976 1894 1031 1926 diti
1057 1900 1088 1926 et
1113 1894 1284 1933 terminati,
1306 1894 1338 1926 in
1363 1895 1480 1937 quibus
1505 1896 1600 1928 etiam
1625 1897 1711 1939 ipso-

976 1958 1046 1979 rum
1073 1953 1268 1980 assertorum
1294 1947 1523 1980 iudaizantium
1549 1953 1710 1991 tamquam

976 2000 1197 2042 negativorum
1229 2000 1533 2032 condemnationem
1567 2001 1599 2032 in
1631 2011 1711 2044 poe-

976 2063 1047 2084 nam
1085 2052 1281 2085 ordinariam
1317 2052 1476 2085 contineri
1521 2053 1708 2092 dicebatur,

975 2105 1061 2148 apud
1087 2105 1171 2137 hanc
1195 2110 1338 2138 sanctam
1366 2105 1483 2137 Sedem
1508 2105 1710 2148 inspiceren-

976 2163 1042 2197 tur,
1074 2158 1225 2200 dictoque
1257 2157 1432 2190 verissimo
1457 2157 1710 2201 archiepiscopo

975 2210 1160 2252 inquisitori
1185 2209 1329 2252 generali
1348 2215 1456 2242 nostro
1474 2210 1604 2242 nomine
1621 2220 1710 2242 man-

975 2263 1042 2294 dari
1076 2273 1294 2302 curassemus,
1319 2267 1354 2294 ut
1378 2263 1511 2295 eosdem
1540 2272 1710 2305 processus

974 2315 1012 2347 ad
1032 2326 1090 2348 nos
1115 2321 1147 2348 et
1170 2315 1285 2348 Sedem
1310 2315 1457 2348 eamdem
1472 2315 1710 2358 quamprimum

975 2368 1219 2405 transmitteret,
1234 2368 1302 2410 ipse
1320 2378 1395 2401 vero
1420 2368 1595 2401 nonnullas
1611 2368 1710 2401 ratio-

974 2432 1031 2453 nes
1050 2432 1157 2454 coram
1174 2421 1267 2454 nobis
1284 2420 1417 2463 allegari
1435 2421 1620 2461 curavisset,
1639 2421 1711 2464 qui-

974 2475 1034 2506 bus
1050 2484 1084 2506 se
1098 2474 1138 2506 ab
1152 2473 1280 2507 illorum
1299 2473 1540 2507 transmissione
1555 2483 1710 2507 excusare

1009 2589 1020 2614 ¹
1042 2586 1151 2614 Videtur
1170 2586 1311 2622 legendum
1331 2587 1556 2615 intervenientes
1573 2587 1612 2621 (a.
1628 2584 1678 2620 τ.)“.
