2111 3157
84 169 136 195 An.
154 169 184 198 c.
207 170 274 197 locs
320 162 385 195 612

70 795 178 817 9⁵⁷*114

275 220 431 262 leovium,
458 228 513 255 aut
547 222 753 263 l‘uradisunu
780 223 919 256 chorum
956 224 1018 256 fre-

275 279 443 316 quentent,
460 281 488 308 et
515 276 575 308 alia
594 276 720 315 faciant,
742 287 824 319 quae
843 276 1015 309 abbatibus

273 327 538 368 praescribuntur
563 329 594 360 in
625 329 729 372 capite
755 330 898 362 secundo
924 336 1015 372 regu-

272 379 321 412 lae
347 381 447 413 sancti
475 381 663 421 Benedicti,
690 383 931 416 commissarius
955 385 1014 423 {au-

271 436 334 464 tem
357 434 516 474 generalis
536 435 721 476 provinciae
740 436 925 478 praedictae
945 437 1013 470 Bre-

270 484 315 516 vis
341 491 372 517 et
396 488 576 529 praesentis
602 489 735 531 capituli
761 490 923 532 generalis
942 501 1013 524 exe-

270 538 393 571 cutioni
418 539 576 582 invigilet,
596 542 634 574 de
654 542 705 574 his
730 542 834 576 eidem
860 554 1011 576 reveren-

269 591 404 625 dissimo
430 599 484 625 aut
509 595 695 637 deputando
732 606 789 628 seu
816 597 1010 640 deputandis

267 644 307 675 ab
341 645 414 688 ipso·
444 648 670 681 commissariis
707 649 864 683 rationem
901 651 1008 684 reddi-

267 701 357 731 turus
382 711 411 732 ».

309 752 368 795 §2
388 752 466 786 Cum
484 760 602 796 autem,
620 756 702 790 sieut
717 758 829 791 eadem
847 758 1006 802 expositio

265 806 494 850 subiungebat,
510 814 545 840 ut
561 810 704 852 praefata
728 811 899 845 Alexandri
919 823 1005 855 prae-

265 859 446 894 decessoris
464 863 652 896 constitutio
671 875 707 896 ac
731 865 897 898 decretum
916 877 1005 909 prae-

263 912 420 947 insertum
445 915 679 950 inviolabiliter
700 917 924 957 observentur,
951 920 1004 952 ab·

261 965 421 1011 batesque
438 970 828 1004 monasteriietmoniales
840 972 1001 1012 Poloniae,

261 1018 412 1054 Prussiae
438 1027 469 1054 et
494 1022 685 1056 Lithuaniae
712 1025 776 1057 illis
802 1036 878 1058 suos
897 1036 1003 1059 mores

261 1074 475 1113 conforment,
501 1076 662 1118 praefatus
686 1077 823 1111 Ioannes
845 1079 1003 1113 Antonius

261 1127 360 1159 abbas
385 1133 416 1160 et
441 1134 633 1170 procurator
651 1131 814 1173 generalis
834 1132 1001 1166 decretum

260 1180 445 1220 huiusmodi
464 1182 660 1224 apostolicae
678 1183 932 1218 confirmationis
949 1197 1003 1219 no-

259 1239 344 1266 strae
381 1235 563 1277 patrocinio
599 1237 791 1270 communiri
825 1238 1000 1281 plurimum

259 1287 443 1320 desideret:
471 1294 539 1329 nos,
555 1288 615 1331 piis
640 1289 740 1332 ipsius
758 1291 884 1324 loannis
902 1293 1000 1326 Anto-

259 1340 304 1371 nii
330 1339 455 1373 abbatis
481 1346 512 1374 et
534 1343 754 1384 procuratoris
773 1344 934 1386 generalis
952 1356 1002 1378 vo-

259 1393 299 1425 tis
321 1393 429 1426 bacin
449 1404 493 1434 re,
505 1401 660 1437 quantum
682 1406 751 1428 cum
774 1397 911 1430 Domino
927 1409 1001 1441 pos-

259 1455 381 1487 sumus,
409 1447 633 1481 favorabiliter
661 1459 805 1482 annuere
831 1453 998 1493 volentes,

258 1510 397 1543 eumque
419 1512 436 1533 a
460 1501 626 1543 quibusvis
644 1504 999 1547 excommunicationis,

258 1553 484 1596 suspensionis
504 1559 537 1587 et
553 1555 728 1595 interdicti,
748 1557 885 1600 aliisque
903 1560 1001 1592 eccle-

258 1606 398 1639 siasticis
423 1608 603 1647 sententiis,
623 1610 771 1642 censuris
790 1615 819 1643 et
841 1612 965 1654 poenis,
983 1624 998 1645 a

256 1658 327 1692 iure
352 1661 403 1692 vel
438 1660 477 1692 ab
514 1661 658 1702 homine,
685 1663 796 1706 quavis
826 1665 998 1698 occasione

256 1714 306 1746 vel
333 1715 427 1745 causa
453 1713 535 1753 latis,
563 1714 588 1746 si
614 1715 730 1757 quibus
749 1718 1001 1759 quomodolibet

255 1765 429 1798 innodatus
454 1766 569 1806 existit,
595 1768 634 1800 ad
668 1768 815 1802 etl'eetum
849 1781 1000 1814 praesen-

255 1819 334 1851 tium
351 1820 514 1852 dumtaxat
530 1823 810 1865 consequendum,
826 1824 941 1858 harum
955 1836 999 1858 se-

254 1873 302 1905 rie
328 1872 536 1906 absolventes
563 1879 595 1906 et
619 1875 801 1909 absolutum
827 1877 897 1911 fore
924 1888 1000 1912 cen-

256 1931 389 1966 sentes,
426 1927 721 1969 supplicationibus
744 1922 831 1962 ‘eius
868 1932 998 1965 nomine

256 1979 351 2012 nobis
376 1989 473 2022 super
498 1980 560 2012 hoe
587 1981 750 2015 humiliter
774 1986 933 2026 porrectis
952 1986 999 2018 in-

257 2032 379 2073 clinati,
398 2033 436 2065 de
458 2034 691 2069 venerabilium
718 2036 852 2070 fratrum
871 2044 999 2072 nostro-

256 2096 326 2118 rum
352 2086 383 2119 S.
412 2086 448 2118 R.
476 2086 510 2119 E.
545 2088 758 2121 cardinalium
791 2092 930 2133 negotiis
967 2098 998 2125 et

257 2140 551 2173 consultationibus
576 2142 806 2185 episcoporum
825 2149 857 2176 et
875 2146 997 2187 regula-

239 2193 341 2225 *rium
367 2193 624 2236 praepositorum
651 2196 797 2236 consilio,
816 2198 997 2240 praeinser-

257 2251 323 2277 tum
349 2246 515 2279 novissimi
541 2248 673 2291 capituli
700 2251 863 2291 generalis
888 2252 996 2284 decre>

258 2303 339 2338 tum,
355 2311 427 2332 cum
453 2301 601 2333 omnibus
617 2307 648 2334 et
665 2303 802 2345 singulis
817 2304 847 2337 in
863 2315 901 2337 eo
920 2316 996 2338 con-

258 2352 365 2391 tentis,
377 2354 564 2387 auctoritate
581 2356 765 2398 apostolica,
783 2362 892 2390 tenore
906 2369 996 2401 prae-

259 2405 409 2444 sentium,
437 2407 661 2441 confirmamus
692 2415 724 2441 ct
753 2412 992 2453 approbamus,

258 2458 389 2502 illisque
408 2460 601 2493 inviolabilis
620 2464 819 2505 apostolicae
835 2465 995 2498 firmitatis

258 2512 360 2545 robur
384 2513 564 2551 adjicimus,
591 2526 627 2547 ac
652 2527 763 2549 omnes
792 2524 823 2550 et
847 2519 995 2561 singulos

258 2564 337 2599 iuris
362 2572 394 2598 et
424 2567 498 2599 faeti
531 2568 684 2609 defectus,
719 2571 743 2602 si
775 2571 827 2614 qui
855 2573 996 2616 desuper

120 762 254 783 Confi-matio

114 792 117 799 ·
132 791 162 806 15-v

864 175 1044 200 BULLtutt'tu
1069 177 1218 201 ROMANUM

1804 182 1853 209 An.
1871 183 1899 210 C.
1922 185 1989 212 1085

1061 225 1311 266 quomodolibet
1333 225 1580 267 intervenerint,
1594 231 1795 273 supplemus,

1059 275 1232 321 ipsumque
1258 278 1423 312 decretum
1449 276 1630 314 execiifioni
1651 283 1797 316 mandari

1059 329 1278 372 decernimus;
1294 333 1379 365 salva
1396 338 1501 366 tamen
1515 344 1646 377 semper
1662 335 1694 367 in
1708 346 1798 379 prae-

1058 384 1166 417 missis
1199 385 1392 419 auctoritate
1423 385 1691 430 Congregationis
1729 399 1798 422 me·

1055 444 1255 471 moratorum
1281 439 1508 473 cardinalium.

1099 491 1113 533 ξ
1128 491 1159 524 3.
1176 491 1396 525 Decerneutes
1415 493 1537 536 pariter
1553 494 1683 527 easdem
1701 505 1796 538 prae·
1834 507 1953 533 clausulae.

1054 545 1302 578 senteslitteras
1313 545 1795 589 semperfirmasvalidaseteffi-

1053 607 1145 629 eaees
1163 597 1302 631 existere
1325 604 1357 631 et
1374 599 1453 639 fore,
1472 610 1613 643 suosque
1624 601 1793 644 plenarios

1052 650 1240 693 etintegros
1256 650 1389 684 effectus
1403 652 1512 685 sortiri
1532 658 1562 686 et
1583 654 1795 695 obtinere,ac

1051 702 1090 734 ab
1107 702 1185 743 illis,
1207 703 1247 735 ad
1269 714 1350 746 quos
1372 709 1499 747 spectat
1514 711 1545 738 et
1563 716 1624 750 pro
1645 712 1792 750 tempore

1051 757 1223 799 spectabit,
1242 758 1478 792 inviolabiliter
1491 760 1667 801 observari,
1678 761 1792 805 sieque

1049 809 1081 841 in
1107 810 1295 853 praemissis
1330 822 1388 855 per
1420 823 1642 857 quoscumque
1667 814 1792 849 iudices

1049 864 1232 897 ordinarios
1251 871 1281 897 et
1299 865 1480 908 delegatos,
1508 867 1604 900 etiam
1621 877 1791 900 causarum

1048 917 1160 959 palatii
1186 918 1358 960 apostolici
1387 919 1565 960 auditores,
1600 920 1737 954 iudicari
1759 926 1791 954 et

1047 970 1175 1003 definiri
1204 972 1339 1013 debere,
1368 983 1404 1006 ae
1435 973 1563 1006 irritum
1584 979 1617 1007 et
1641 974 1738 1007 inane
1763 975 1790 1007 si

1047 1033 1140 1056 secus
1162 1034 1260 1067 super
1288 1025 1338 1058 his
1363 1037 1380 1058 a
1405 1037 1581 1070 quoquam,
1603 1027 1715 1070 quavis
1739 1038 1790 1060 au-

1045 1076 1205 1119 ctoritate,
1230 1077 1372 1111 scienter
1390 1080 1442 1112 vel
1463 1079 1661 1122 ignoranter,
1686 1081 1789 1129 copti-

1046 1130 1130 1172 gerit
1146 1132 1311 1164 attentari.

1089 1183 1103 1226 ἓ
1127 1183 1159 1216 4.
1197 1184 1268 1218 Νοη
1311 1186 1512 1220 obstantibus
1547 1188 1788 1222 constitutioni-

1045 1236 1104 1269 bus
1141 1242 1174 1270 et
1212 1239 1475 1273 ordinationibus
1510 1241 1714 1284 apostolicis,
1737 1253 1785 1283 ac,

1045 1296 1204 1332 quatenus
1224 1303 1306 1336 opus
1326 1293 1376 1334 sit,
1406 1294 1482 1326 dieti
1501 1294 1631 1328 Ordinis
1652 1296 1786 1339 eiusque

1045 1345 1330 1385 monasteriorum,
1355 1347 1546 1389 praesertim
1581 1348 1615 1380 in
1641 1346 1786 1389 Potomia,

1045 1397 1174 1430 Prussia
1192 1403 1225 1431 et
1239 1399 1410 1432 Litbuania
1427 1400 1682 1442 consistentium,
1699 1402 1787 1435 aliis-

1044 1462 1080 1483 ve
1099 1451 1273 1494 quibusvis,
1292 1452 1388 1486 etiam
1404 1452 1597 1494 iuramento,
1615 1454 1786 1488 confirma-

1043 1505 1130 1538 tione
1146 1506 1340 1548 apostolica,
1356 1508 1406 1540 vel
1422 1508 1535 1550 quavis
1554 1507 1707 1542 firmitate
1723 1509 1787 1543 alia

1043 1559 1225 1599 roboratis,
1248 1560 1379 1592 statutis
1405 1566 1437 1593 et
1463 1562 1783 1603 consuetudinibus,

1043 1611 1225 1654 privilegiis
1262 1623 1416 1656 quoque,
1442 1613 1579 1647 indultis
1611 1620 1643 1647 et
1666 1615 1783 1648 litteris

1042 1665 1233 1707 apostolicis
1258 1665 1289 1697 in
1309 1667 1503 1699 contrarium
1528 1667 1783 1710 praemissorum

1043 1719 1292 1761 quomodolibet
1316 1720 1493 1760 concessis,
1529 1721 1727 1754 confirmatis
1751 1727 1785 1754 et

1042 1771 1217 1812 innovatis,
1245 1773 1362 1815 quibus
1388 1773 1539 1806 omnibus
1566 1779 1597 1806 et
1621 1773 1780 1816 singulis,

1041 1825 1171 1857 illorum
1199 1831 1329 1858 tenores
1347 1827 1575 1869 praesentibus
1598 1837 1657 1870 pro
1682 1828 1791 1870 plene,

1042 1883 1073 1911 et
1097 1878 1295 1912 sufficienter
1319 1880 1479 1923 expressis
1508 1891 1544 1912 ac
1579 1881 1619 1913 ad
1645 1882 1780 1914 verbum

1041 1931 1173 1964 insertis
1209 1932 1380 1973 habentes,
1402 1933 1468 1966 illis
1490 1934 1569 1966 alias
1595 1934 1628 1966 in
1654 1944 1712 1967 suo
1729 1945 1781 1967 ro-

1041 1985 1118 2016 bore
1147 1986 1384 2028 permansuris,
1405 1986 1442 2018 ad
1458 1986 1714 2029 praemissorum
1733 1988 1779 2020 ef-

1041 2037 1170 2077 fectum,
1194 2038 1332 2071 liaeviee
1349 2039 1526 2079 dumtaxat,
1542 2040 1731 2082 specialiter
1748 2046 1780 2074 et

1040 2101 1192 2134 expresse
1214 2092 1407 2134 derogamus
1424 2104 1431 2132 ;
1452 2093 1636 2136 ceterisque
1652 2099 1780 2127 contra-

1039 2146 1096 2178 riis
1127 2147 1401 2191 quibuscumque.

1083 2199 1153 2242 ἓξ).
1193 2200 1348 2233 Volumus
1383 2206 1489 2234 autem
1525 2208 1560 2235 ut
1591 2204 1778 2238 earumdem

1039 2253 1258 2296 praesentium
1287 2254 1466 2287 litterarum
1486 2256 1705 2297 transumptis,
1723 2268 1779 2290 seu

1038 2306 1202 2349 exemplis,
1229 2308 1323 2339 etiam
1352 2308 1532 2351 impressis,
1559 2320 1653 2343 manu
1679 2310 1780 2343 alicu-

1038 2359 1085 2391 ius
1110 2361 1226 2392 notarii
1244 2361 1364 2403 publici
1391 2362 1596 2405 subscriptis,
1615 2369 1645 2396 ct
1669 2364 1777 2407 sigillo

1038 2424 1196 2456 personae
1218 2415 1249 2446 in
1268 2415 1489 2448 ecclesiastica
1514 2416 1671 2458 dignitate
1703 2428 1779 2451 con-

1038 2467 1167 2499 stitutae
1199 2468 1355 2508 munitis,
1383 2469 1494 2501 eadem
1530 2480 1662 2512 prorsus
1697 2470 1777 2504 sides

1039 2520 1160 2563 ubique
1186 2521 1331 2553 locorum
1356 2527 1419 2554 tam
1456 2522 1487 2554 in
1528 2522 1649 2555 iudicio
1681 2534 1778 2566 quam

1038 2577 1129 2606 extra
1163 2573 1243 2606 illud
1265 2574 1434 2616 habeatur,
1461 2585 1544 2618 quae
1571 2575 1651 2619 ipsis
1683 2587 1779 2620 prae-

1868 1199 1981 1221 unrooauo

1798 1229 1910 1247 contrario:
1918 1233 1958 1248 um.

1830 2207 1892 2229 Fides
1917 2210 1974 2229 tram

1790 2237 1926 2262 sumpturum.
