2111 3157
35 257 87 285 Au.
104 255 135 283 C.
156 254 224 282 1688

223 303 385 345 Paschae,
409 304 635 344 Pentecostes,
660 303 897 342 Eucharistiae,
924 306 955 335 et

223 357 324 389 sancti
361 357 461 401 patris
497 357 599 390 nostri
635 356 797 390 Brunonis
818 383 824 397 ,
859 361 954 398 atque

222 409 326 454 prima
343 410 504 442 dominica
520 409 693 443 cuiuslibet
711 409 841 442 mensis.

265 472 294 494 x.
321 461 445 495 Ieiunia
461 462 590 495 Ordinis
610 472 739 495 servare
757 471 821 494 non
843 466 955 494 tenen-

221 518 297 554 tur,
316 514 390 549 licet
416 514 504 547 seriis
529 514 626 547 sextis
652 525 687 547 ex
714 513 884 546 devotione
909 523 955 546 so-

221 565 309 598 leant
344 566 499 599 ieiunare.
534 566 656 599 Ieiunia
690 576 767 599 vero
792 565 954 598 Ecclesiae

220 617 359 655 fideliter
372 625 511 652 servent.
527 619 736 652 paucioribus
750 619 845 651 etiam
859 629 954 661 quam

221 671 365 704 conversi
393 671 515 704 debent
540 679 609 704 esse
635 670 781 703 contenti
799 670 831 701 in
849 670 955 712 pitan-

220 723 263 756 tia
288 729 319 756 et
343 724 427 764 vino,
445 734 517 757 cum
545 729 590 756 tot
617 734 716 756 onera
732 722 860 755 Ordinis
888 732 953 756 non

220 777 410 817 sustineant,
429 782 461 809 et
485 782 630 819 tempore
655 787 691 809 ac
716 776 788 809 loco
806 784 952 817 congruo

219 839 333 862 carnes
371 829 564 862 manducare
604 829 831 872 permittentur
866 828 953 860 iuxta

219 881 473 915 consuetudines
498 881 678 914 domorum.
706 880 877 923 Nunquam
907 885 952 912 ta-

218 943 291 966 men
312 934 397 966 intra
421 940 616 968 conventum
636 935 764 978 possint
781 934 867 967 licite
886 944 952 966 car-

218 995 275 1018 nes
311 987 359 1019 vel
383 987 577 1019 manducare
612 988 661 1019 vel
687 987 836 1030 cuiquam
861 986 952 1020 mini-

217 1044 319 1072 strare
343 1049 404 1072 nec
426 1039 574 1083 personis
598 1039 739 1079 Ordinis,
757 1039 951 1082 ubicumque

219 1091 360 1133 suerint,
397 1103 455 1125 nec
491 1093 612 1125 debent
640 1093 828 1136 permittere
865 1092 952 1135 quod

218 1154 332 1177 carnes
357 1155 374 1177 a
398 1155 562 1188 quoquam
588 1145 619 1176 in
651 1150 811 1177 conventu
846 1154 954 1178 come-

219 1197 348 1230 dantur.
379 1197 413 1230 In
443 1198 589 1231 Adventu
621 1204 728 1231 autern
761 1198 889 1231 Domini
922 1203 953 1230 et

217 1249 307 1283 seriis
331 1250 454 1293 quartis
479 1261 496 1282 a
519 1250 670 1284 carnibus
695 1251 886 1283 abstineant.

264 1311 308 1335 xl.
336 1301 370 1334 ln
395 1303 524 1342 ceteris,
544 1313 626 1345 quae
651 1303 689 1336 ad
707 1313 819 1336 eorum
837 1308 952 1335 statum

218 1354 395 1398 pertinent,
419 1365 452 1387 se
478 1355 631 1398 religiose
664 1355 784 1388 habere
818 1355 950 1388 debent.

219 1406 299 1440 Sunt
323 1407 409 1440 enim
435 1407 473 1440 de
499 1408 623 1450 gremio
648 1407 788 1448 Ordinis,
819 1413 850 1440 et
878 1418 954 1449 gau-

220 1459 297 1492 dent
318 1459 507 1503 privilegiis,
527 1460 741 1502 indulgentiis
768 1466 798 1492 et
821 1460 953 1492 liberta-

221 1512 306 1545 tibus
325 1511 401 1545 dicti
419 1510 558 1552 Ordinis,
574 1517 606 1544 et
624 1512 745 1545 habent
761 1511 953 1544 beneficium

220 1564 328 1599 Brevis
351 1575 412 1608 per
436 1570 537 1597 totum
554 1563 719 1605 Ordinem,
740 1564 764 1597 si
786 1564 954 1596 laudabili·
974 1577 976 1584 ·

220 1621 271 1649 ter
287 1616 320 1649 in
337 1615 456 1649 Ordine
474 1617 766 1661 perseveraverint.

267 1679 322 1702 xit.
342 1668 479 1712 Propter
496 1670 765 1711 transgressionis
791 1669 853 1702 voti
871 1669 956 1712 peri-

223 1722 341 1762 culum,
360 1721 472 1755 donati
490 1723 615 1754 nullum
632 1727 740 1755 votum
759 1723 885 1761 sacient,
901 1722 956 1758 sed

222 1780 394 1819 postquam
415 1774 447 1806 in
473 1775 585 1807 habitu
607 1775 800 1808 donatorum
820 1785 878 1818 per
902 1785 956 1809 an-

224 1837 303 1860 num
338 1831 393 1859 aut
424 1827 561 1870 amplius
597 1827 684 1859 iuxta
723 1827 958 1860 discretionem

224 1880 370 1924 priorum
391 1889 525 1913 suorum
545 1881 672 1922 probati
695 1880 835 1920 filerunt,
858 1880 883 1912 si
910 1890 946 1912 vo

225 1933 295 1966 lunt
311 1943 489 1973 remanere,
523 1933 654 1975 publico
682 1933 898 1966 instrumento
927 1932 958 1965 in

226 1986 354 2029 scriptis
372 1997 467 2019 manu
481 1986 598 2018 notarii
619 1986 753 2019 alicuius
772 1987 959 2028 subsignato
978 1959 982 2012 i

225 2038 417 2082 promittant
449 2048 483 2071 se
523 2037 722 2081 supradictas
757 2037 961 2072 conditiones

227 2095 425 2124 servaturos.

272 2153 341 2176 xur.
366 2142 482 2175 Donati
507 2152 573 2175 non
596 2143 715 2176 debent
740 2153 756 2175 e
782 2143 877 2176 domo
906 2144 963 2174 sua

230 2197 316 2228 exire
337 2194 397 2227 nisi
414 2205 431 2227 a
452 2194 564 2237 priore
580 2195 631 2227 vel
648 2200 861 2238 procuratore
881 2195 963 2227 foras

222 2240 413 2280 mittuntur.
438 2246 529 2285 Quod
547 2246 573 2278 si
590 2247 629 2280 ad
647 2247 742 2280 aliam
759 2247 888 2280 domum
917 2247 965 2278 in-

231 2299 379 2333 ordinate
403 2299 569 2339 venerint,
594 2299 702 2331 nullus
727 2309 783 2332 eos
808 2299 964 2342 recipiat,

800 253 1013 280 muoceuru's
1035 255 1064 278 xi
1090 254 1139 278 pr.
1623 241 1686 275 907
1731 251 1783 277 An.
1800 249 1827 278 c.
1852 249 1919 278 1638·

1041 311 1104 334 x1v.
1131 300 1224 334 Nulla
1248 300 1361 334 domus
1386 299 1521 342 recipiat
1547 300 1729 332 saeculares

998 354 1095 397 gratis
1121 353 1167 387 ei*
1192 354 1311 386 servire
1328 354 1471 386 volentes
1499 357 1589 384 extra
1611 356 1729 384 statum

997 407 1242 446 monachorum,
1259 406 1320 438 nisi
1343 405 1558 448 promissione
1584 405 1729 438 median-

998 464 1036 499 te,
1067 459 1172 502 quod,
1192 459 1218 491 si
1242 463 1375 501 propter
1399 468 1548 491 excessus
1577 469 1649 491 suos
1671 468 1729 490 seu

997 512 1125 554 culpam
1143 522 1161 544 a
1178 511 1271 544 domo
1290 511 1360 553 ipsa
1376 512 1628 553 expellerentur,
1647 511 1729 544 nihil

997 569 1130 607 petent,
1153 563 1282 606 exigent
1306 568 1361 596 aut
1392 563 1552 606 recipient
1578 574 1637 607 pro
1669 575 1727 597 suo
1761 606 1763 612 ⁴

997 617 1115 650 salario
1141 622 1173 649 et
1194 616 1357 650 mercede.

1038 680 1090 703 xv.
1108 669 1300 703 Ordinamus
1326 675 1359 702 ut
1376 681 1486 703 omnes
1508 670 1656 703 nationes
1674 671 1730 703 ha-

996 723 1092 755 beant
1109 724 1189 755 haec
1205 728 1322 755 statuta
1339 733 1567 756 conversorum
1584 729 1614 756 et
1631 724 1730 756 dona-

997 780 1099 809 torum
1125 775 1158 808 in
1183 778 1238 807 sua
1260 776 1383 817 vulgari
1410 776 1528 818 lingua,
1548 782 1579 809 et
1604 782 1638 808 ut
1664 777 1728 810 illis

996 829 1097 861 semel
1116 828 1153 860 ad
1172 828 1276 860 minus
1294 829 1525 870 praelegantur
1540 840 1601 871 per
1618 829 1729 872 singu-

996 880 1043 912 los
1064 890 1176 912 annos.

1038 943 1059 965 1.
1092 932 1124 964 ln
1146 932 1306 965 electione
1334 933 1508 976 priorissae
1537 934 1725 968 monialium
1751 940 1816 965 Caput
1835 941 1906 963 χχιιι,

1751 968 1780 987 De
1794 969 1920 988 monialibus

994 986 1129 1018 vicarius
1147 986 1283 1028 primam
1310 997 1420 1019 vocem
1446 987 1575 1025 habeat,
1593 993 1625 1020 et
1642 994 1727 1030 post·
1739 996 1802 1013 ΠΜ·
1836 995 1919 1014 onum,

1739 1022 1757 1037 ot
1774 1026 1845 1039 earlun
1867 1021 1921 1039 vii-a·

994 1039 1123 1071 modum
1152 1049 1225 1070 cum
1257 1038 1540 1072 confirmatoribus
1566 1044 1638 1071 vota
1663 1041 1727 1072 sin·
1738 1046 1773 1092 {1³3⁵
1795 1048 1815 1066 ⁶²
1836 1047 1922 1072 pram-

995 1091 1142 1133 gularum
1160 1090 1345 1123 monialium
1364 1092 1510 1134 recipiat,
1527 1102 1585 1134 pro
1612 1093 1728 1135 quibus
1770 1087 1775 1093 ’

995 1143 1222 1185 suscipiendis,
1252 1154 1311 1176 nec
1327 1143 1396 1185 ipse
1414 1144 1560 1183 vicarius,
1576 1154 1634 1176 nec
1652 1154 1728 1177 con-

996 1195 1178 1229 firmatores
1207 1196 1308 1227 vocati
1340 1196 1566 1237 ingrediantur
1592 1198 1730 1229 claustra

996 1247 1193 1287 monasterii,
1220 1247 1274 1280 sed
1303 1253 1376 1279 ante
1399 1249 1618 1281 cancellorum
1640 1249 1730 1281 sene-

995 1300 1118 1332 stellam
1134 1305 1204 1332 vota
1219 1300 1415 1342 singularum
1430 1300 1549 1343 scripta
1564 1301 1731 1344 recipiant,

996 1358 1028 1384 et
1066 1358 1170 1384 tamen
1207 1363 1369 1394 nunquam
1405 1353 1602 1395 publicanda
1636 1359 1732 1386 erunt

997 1404 1128 1437 nomina
1149 1405 1339 1445 eligentium
1361 1406 1420 1447 (a).

1040 1467 1072 1490 11.
1094 1456 1192 1489 Porro
1211 1457 1298 1489 nulla
1317 1458 1470 1490 monialis
1489 1458 1526 1489 ad
1545 1458 1731 1500 eligendum

997 1520 1069 1541 cum
1094 1509 1164 1541 aliis
1191 1509 1394 1549 admittatur,
1419 1510 1482 1542 nisi
1506 1515 1652 1542 octavum
1677 1511 1733 1543 dc-

997 1563 1113 1594 cimuni
1139 1573 1216 1595 suae
1235 1563 1348 1595 aetatis
1365 1572 1482 1596 annum
1508 1563 1730 1605 compleverit,

998 1622 1030 1648 et
1046 1615 1284 1658 professionem
1299 1615 1412 1647 fecerit
1429 1626 1626 1658 expressam.
1642 1615 1733 1654 Quod

999 1669 1024 1701 si
1050 1669 1176 1710 aliquae
1201 1667 1357 1700 moniales
1375 1668 1407 1700 in
1425 1668 1492 1700 suis
1517 1669 1734 1700 electionibus

1000 1720 1127 1753 nobiles
1143 1725 1174 1753 et
1193 1720 1312 1753 amicos
1332 1719 1548 1762 requisierint,
1568 1719 1732 1763 priventur

1000 1773 1073 1805 velo
1099 1772 1204 1814 nigro.

1045 1835 1092 1858 111.
1113 1824 1261 1857 Ceterum
1278 1825 1367 1857 nulla
1383 1824 1535 1858 monialis
1553 1824 1586 1857 in
1604 1824 1736 1868 prioris-

1002 1887 1068 1909 sam
1094 1877 1232 1919 eligatur
1254 1877 1361 1909 minor
1388 1878 1602 1920 quadraginta
1632 1878 1734 1918 annis,

1003 1935 1034 1962 et
1058 1940 1139 1972 quae
1165 1934 1236 1962 octo
1261 1930 1353 1963 annis
1370 1936 1441 1973 post
1458 1941 1644 1973 expressam
1661 1941 1738 1974 pro-

1004 1983 1175 2015 fessionem
1193 1982 1400 2015 laudabiliter
1415 1993 1481 2015 non
1499 1983 1626 2016 vixerit.
1649 1983 1738 2021 Quod

1003 2035 1028 2067 si
1048 2035 1118 2068 talis
1136 2045 1201 2067 non
1219 2034 1409 2074 inveniatur,
1429 2036 1518 2068 nulla
1535 2036 1635 2078 possit
1652 2036 1737 2078 eligi,
1811 2061 1840 2077 «Ἰ

1005 2098 1085 2130 quae
1104 2088 1303 2129 trigesimum
1320 2087 1435 2121 aetatis
1450 2098 1525 2120 suae
1540 2098 1659 2121 annum
1674 2098 1740 2121 non
1771 2103 1785 2116 s

1005 2140 1191 2179 excesserit,
1207 2146 1240 2172 et
1253 2150 1335 2182 quae
1354 2140 1496 2183 quinque
1514 2141 1629 2175 saltem
1646 2141 1739 2174 annis
1783 2158 1785 2162 v

1006 2198 1079 2236 post
1098 2192 1333 2235 professionem
1350 2197 1436 2225 recte
1453 2202 1517 2225 non
1534 2192 1657 2225 vixerit.

1051 2254 1094 2277 1v.
1129 2244 1272 2276 Viearius
1306 2244 1345 2276 de
1378 2254 1461 2277 novo
1492 2244 1675 2285 institutus,
1710 2251 1742 2278 et

1007 2297 1159 2341 priorissa
1188 2297 1227 2329 de
1254 2307 1337 2330 novo
1366 2298 1481 2338 electa,
1498 2297 1530 2329 in
1558 2298 1742 2340 praesentia

232 2352 294 2387 nisi
319 2353 361 2385 ad
382 2361 547 2391 carceres,
573 2357 606 2384 et
629 2351 745 2384 deinde
771 2361 824 2384 eos
849 2352 887 2384 ad
913 2351 967 2384 do·
1008 2351 1297 2393 praedecessorum
1326 2360 1466 2389 suorum,
1495 2350 1521 2382 si
1551 2350 1685 2383 vixerint
1712 2356 1743 2384 et

233 2415 303 2438 mos
326 2415 398 2438 suas
423 2404 580 2445 remittat,
597 2410 652 2437 aut
676 2414 788 2437 eorum
812 2404 916 2447 sugam
937 2410 969 2436 et
1009 2408 1199 2446 praesentes
1218 2402 1394 2442 fue1·int,ac
1409 2408 1549 2445 quatuor
1562 2403 1662 2445 magis
1681 2404 1743 2436 dis-

234 2457 454 2492 detentionem
469 2457 632 2500 prioribus
645 2457 711 2489 suis
724 2456 894 2499 significet.
910 2458 966 2496 Qui

236 2568 320 2602 neat,
352 2562 456 2596 donee
484 2572 540 2596 eos
568 2562 743 2603 remiserit,
772 2568 826 2595 aut
856 2572 968 2595 eorum

238 2615 459 2650 detentionem
478 2615 683 2651 intimaverit.

988 2479 991 2529 ι
1010 2461 1171 2489 cretorum
1189 2455 1228 2488 de
1246 2460 1418 2496 conventu,
1436 2456 1461 2487 si
1487 2461 1533 2488 tot
1558 2461 1611 2488 aut
1632 2456 1742 2499 plures

235 2509 472 2550 contrafecerit,
493 2509 642 2542 ordinem
659 2509 691 2543 in
712 2509 904 2542 victualibus
924 2516 969 2542 te·
989 2532 991 2541 .

1046 2535 1056 2560 1
1080 2534 1150 2565 Edit.
1166 2534 1247 2560 Main.
1264 2534 1328 2569 tegit
1347 2535 1387 2560 eis
1407 2536 1444 2565 (n.
1465 2534 1514 2568 τ.).

1046 2579 1073 2613 a)
1102 2577 1272 2605 Consulenda
1290 2581 1330 2604 est
1349 2578 1434 2605 forma
1453 2578 1593 2606 electionis
1613 2578 1742 2613 priorum,

1013 2626 1038 2650 et
1053 2623 1079 2649 in
1095 2622 1192 2649 ceteris
1207 2621 1332 2649 omnibus
1349 2621 1496 2657 sequenda.
