2111 3157
43 166 92 193 An.
106 164 135 191 G.
159 162 225 191 1579

815 162 1023 187 INNOCENTIK'S
1047 163 1076 186 XI
1103 163 1149 186 Pr.

232 210 425 246 conventus¹
450 211 584 244 civitatis
608 211 873 254 Salisburgensis,
899 210 961 243 loci

232 265 461 308 Dissembergh
475 265 620 298 eiusdem
638 265 793 298 dioecesis
806 263 964 296 Salisbur-

233 318 350 361 gensis,
376 329 412 351 ac
437 318 533 351 etiam
558 322 734 351 conventus
759 317 798 349 de
823 317 965 348 llattem-

233 372 337 413 bergh
352 376 383 404 et
401 372 438 404 de
451 371 578 404 Sehesct
592 371 622 403 in
641 369 808 413 Tyrolensi
826 369 961 405 ditione,

234 435 355 468 eosque
381 434 558 467 aggregare
582 422 637 455 uni
657 424 705 455 vel
730 422 877 465 pluribus
895 430 965 463 pro-

234 477 348 510 vinciis
373 476 596 510 adiacentibus
620 474 892 508 commodioribus
914 473 964 505 vel

233 531 334 573 magis
369 529 571 573 opportunis,
596 529 676 561 itaut
711 528 779 570 ipsa
814 526 966 559 Bavarica

234 583 399 626 provincia
430 582 642 615 constituatur
674 581 706 613 in
737 586 904 623 posterum
929 590 965 611 ex

235 637 311 669 solis
336 635 548 668 conventibus
582 634 613 666 in
645 633 713 676 ipsa
741 632 869 665 Bavaria
902 631 967 664 exi-

235 688 402 727 stentibus,
424 687 559 730 aliisque
586 686 616 718 in
636 688 671 718 ea
689 690 720 717 ut
745 691 889 727 speratur
906 684 967 717 eri-

235 741 360 784 gendis,
378 751 504 773 necnon
525 751 561 772 ex
579 746 737 772 conventu
755 738 967 771 llatisbonen-

236 794 279 834 si,
306 794 361 837 qui
387 794 419 826 in
445 796 481 826 ea
505 798 688 832 remaneat·,
715 802 859 834 cumque,
887 792 967 823 rela-

236 846 323 880 tione
359 846 418 879 sibi
458 847 559 885 sacta,
599 845 755 878 Sanctitas
789 845 851 877 Sua
886 844 968 876 lianc

235 899 504 942 Congregationis
529 899 761 931 resolutionem
791 897 970 930 laudaverit

236 957 269 986 et
292 953 540 996 approbaverit,
569 952 662 995 eique
689 957 905 994 opportunam
931 951 968 983 ad

235 1006 269 1038 id
303 1006 486 1038 facultatem
516 1005 655 1047 benigne
687 1005 783 1037 suerit
818 1004 968 1046 elargita:

236 1063 410 1102 propterea
423 1059 535 1091 eadem
550 1068 640 1090 sacra
653 1057 877 1099 Congregatio7
895 1066 959 1098 pon

237 1111 333 1143 tificia
362 1110 576 1149 auctoritate,
603 1110 765 1152 praefatos
796 1114 970 1141 conventus

237 1163 529 1205 Salisburgensem,
551 1163 879 1204 Dissembergensem,
898 1162 971 1193 Rat-

237 1216 510 1258 temhergensem,
531 1221 561 1247 et
586 1215 625 1247 de
646 1215 775 1247 Sebel'el
795 1224 811 1246 a
828 1214 970 1256 praefata

237 1269 403 1311 provincia
427 1268 579 1300 Bavariae
605 1273 749 1309 segregat
769 1272 801 1299 et
826 1266 971 1299 dismem-

236 1322 319 1361 brat,
345 1322 466 1363 eosque
491 1326 678 1362 segregatos
704 1330 737 1351 ac
763 1319 972 1352 dismembra—

237 1379 286 1406 tos
311 1383 382 1406 esse
406 1374 473 1405 vult
498 1377 527 1404 et
554 1373 697 1405 declarat
720 1372 776 1404 uni
802 1373 850 1404 vel
875 1372 972 1414 pluri-

237 1427 296 1459 bus
321 1425 496 1469 provinciis
518 1430 553 1456 nt
576 1435 674 1467 supra
693 1430 875 1467 opportuno
894 1430 971 1457 ten]-

237 1489 317 1522 pore
342 1489 401 1522 per
426 1478 574 1510 eamdem
600 1488 724 1510 sacram
748 1477 971 1519 Congregatio-

237 1542 312 1565 nem
353 1532 577 1574 aggregandos
624 1536 655 1563 et
689 1531 968 1574 incorporandos,

237 1584 360 1618 relictis
374 1585 522 1617 omnibus
546 1583 769 1622 conventibus,
787 1583 841 1626 qui
860 1584 891 1615 in
916 1584 973 1615 Ba-

236 1638 323 1670 varia
342 1642 458 1677 extant,
478 1637 597 1680 quique
623 1637 655 1669 in
683 1638 719 1669 ea
744 1636 921 1678 erigentur,
938 1647 972 1668 ae

238 1691 370 1733 insuper
390 1695 547 1722 conventu
573 1688 813 1727 ffiffibononsi,
843 1694 877 1720 ut
901 1699 973 1731 pro-

237 1744 375 1777 vinciam
400 1743 583 1776 Bavaricam
608 1743 641 1774 in
662 1747 830 1785 posterum
855 1742 973 1774 eonsti-

238 1802 329 1830 tuant
353 1807 389 1829 ae
412 1797 594 1839 integrent·,
622 1795 665 1828 ita
693 1800 797 1828 tamen
834 1800 869 1827 ut
900 1796 974 1827 reli-

239 1850 322 1893 giosi
354 1859 465 1883 omnes
494 1850 733 1892 praedictorum
759 1854 973 1881 conventuum

239 1902 507 1945 Salisburgensis⁷
525 1901 831 1944 Dissembcrgensis,
851 1906 883 1933 et
900 1901 974 1933 llat-

240 1955 495 1997 tembergensis,
527 1959 558 1987 et
591 1955 629 1986 de
666 1953 973 1997 Sc1101·e1‚quamvis

240 2009 368 2041 ratione
393 2007 527 2049 originis
553 2007 665 2040 Bavari
692 2007 776 2048 sint,
803 2008 835 2039 in
861 2008 974 2040 eodem

241 2067 324 2094 sssatu
351 2066 382 2093 et
406 2060 584 2104 respective
610 2060 763 2102 gradibus
801 2061 833 2092 in
859 2060 975 2103 quibus

240 2114 458 2157 reperiuntur,
486 2113 646 2155 gaudeant
669 2113 819 2145 omuibus
844 2121 976 2155 praero-

241 2166 354 2211 gativis
378 2166 410 2198 in
435 2165 600 2208 provincia
624 2171 677 2197 aut
705 2166 898 2208 provinciis,
925 2165 974 2197 cui

241 2219 292 2252 vel
317 2219 435 2262 quibus
461 2219 733 2260 aggregabuntur,
759 2217 916 2261 perinde*Z
941 2229 976 2250 ac

242 2271 267 2305 si
292 2272 331 2304 ab
356 2271 449 2303 initio
475 2270 506 2302 in
532 2270 570 2302 iis
596 2271 831 2313 professionem
850 2270 976 2303 emisis—

243 2329 336 2365 sent,
363 2325 484 2367 absque
516 2324 582 2356 ulla
614 2333 746 2365 prorsus
780 2323 973 2356 ditl'erentia.

242 2377 361 2410 Eadem
375 2387 449 2409 vero
462 2386 550 2408 saera
563 2375 778 2418 Congregatio
790 2376 882 2409 nobis
903 2381 976 2408 tam-

243 2440 337 2474 quam
354 2429 487 2472 praefati
505 2428 631 2461 Ordinis
648 2429 734 2471 apud
759 2428 907 2461 Sanctam
921 2429 976 2462 Ce-

277 2499 292 2526 1
313 2499 423 2526 Videtur
442 2499 582 2533 legendum
601 2501 769 2526 conventum
789 2501 826 2532 (n.
842 2499 892 2534 T.).

278 2543 296 2571 2
310 2543 375 2570 Male
389 2543 453 2570 edit.
469 2543 548 2569 Main.
564 2542 626 2578 legit
640 2543 762 2577 proinde
777 2543 816 2579 (n.
833 2544 882 2578 T.).

317 2597 397 2625 Bull.
414 2599 494 2626 Rom.
509 2612 543 2618 —
563 2598 622 2626 Vol.
639 2597 716 2625 XIX.
859 2597 893 2624 22

1006 211 1078 243 dem
1123 210 1300 253 protectori
1335 209 1475 251 benigne
1511 209 1670 242 commisit
1706 214 1742 242 ut

1007 263 1089 295 bane
1106 263 1422 295 dismembrationem
1434 273 1468 295 ac
1480 263 1741 305 segregationem

1007 322 1222 348 conventuum
1247 327 1264 348 a
1288 326 1321 348 se
1347 316 1461 348 saetam
1487 314 1740 354 notificaremus,

1006 375 1102 412 prout
1117 380 1174 412 per
1191 375 1379 412 praesentes
1398 368 1611 407 notificamus3
1630 368 1742 400 simul-

1008 432 1079 463 que,
1096 422 1205 463 vigore
1233 423 1389 454 facultatis
1416 432 1433 454 a
1458 421 1658 454 sanctissimo
1685 421 1742 453 do-

1008 475 1095 508 mino
1122 481 1233 508 nostro
1259 486 1357 518 super
1382 476 1444 508 hoe
1468 474 1597 516 negotio
1623 474 1743 516 specia-

1008 527 1081 560 liter
1105 528 1198 560 nobis
1224 529 1334 567 factae,
1353 527 1567 570 praecipimus
1593 527 1741 560 omnibus

1009 586 1040 613 et
1064 581 1199 623 singulis
1230 582 1374 623 patribus
1410 591 1445 613 ae
1471 580 1623 613 fratribus
1650 591 1743 623 prae-

1009 633 1089 665 fatae
1115 633 1299 676 provinciae
1325 633 1483 672 Bavariae,
1509 632 1741 674 cuiuscumque

1010 690 1120 723 status,
1135 686 1252 727 gradus
1268 691 1299 717 et
1312 685 1506 717 conditionis
1520 684 1741 723 existentibus,

1009 739 1041 770 in
1067 738 1215 771 meritum
1247 738 1395 770 salutaris
1427 737 1653 776 obedientiae,
1685 737 1744 769 sub

1010 790 1198 834 privationis
1223 790 1389 832 utriusque
1414 790 1511 828 vocis,
1532 790 1687 831 graduum
1713 794 1745 821 et

1010 844 1195 883 officiorum,
1215 848 1254 883 et,
1270 844 1302 876 in
1328 843 1514 881 subsidium,
1531 843 1590 875 sub
1617 853 1745 874 excom-

1011 897 1238 930 municationis
1259 898 1341 930 latae
1366 895 1552 933 sentcntiae,
1571 906 1665 938 quam
1685 895 1746 927 hae

1010 953 1073 983 una
1097 961 1156 993 pro
1183 950 1264 982 trina
1288 948 1441 982 canoniea
1465 948 1642 981 monitione
1656 958 1747 990 prae-

1012 1004 1105 1035 missa
1127 1003 1159 1035 in
1178 1003 1227 1035 liis·
1243 1002 1380 1045 scriptis,
1400 1001 1587 1041 licetinviti‚
1603 1000 1745 1039 serimus,

1012 1056 1147 1099 aliisque
1178 1055 1272 1088 nobis
1304 1054 1473 1087 reservatis
1511 1059 1542 1086 et
1566 1053 1638 1096 ipso
1662 1052 1745 1085 facto

1012 1109 1215 1141 incurrendis
1230 1108 1352 1151 poenis,
1371 1118 1422 1145 ne,
1441 1106 1500 1139 sub
1526 1106 1640 1149 quovis
1658 1116 1746 1148 prae-

1013 1167 1098 1194 textu
1136 1167 1189 1194 aut
1215 1161 1359 1204 quaesito
1384 1161 1513 1199 colore,
1542 1169 1599 1202 per
1631 1169 1665 1191 se
1697 1159 1747 1190 vel

1014 1226 1071 1258 per
1095 1216 1184 1254 alios,
1212 1215 1333 1247 directe
1352 1215 1400 1246 vel
1426 1213 1594 1254 indirecte,
1609 1212 1747 1254 impedi-

1013 1274 1121 1301 mento
1146 1268 1210 1301 sint
1242 1267 1414 1310 quominus
1438 1266 1583 1309 praefata
1608 1275 1747 1297 conven-

1014 1326 1102 1353 tuum
1130 1319 1374 1353 dismembratio
1407 1329 1443 1351 ac
1469 1317 1652 1361 segregatio
1678 1327 1749 1349 exe-

1013 1373 1134 1406 cutioni
1160 1373 1343 1404 mandetur.

1056 1426 1167 1457 Datum
1186 1425 1304 1457 Romae
1330 1435 1366 1457 ex
1392 1424 1525 1456 aedibus
1546 1422 1665 1455 nostris
1686 1422 1747 1454 liae

1014 1478 1066 1511 die
1097 1488 1154 1511 xxv
1180 1477 1284 1510 martii
1310 1487 1478 1511 nnetxxix.

1065 1531 1086 1563 l.
1110 1530 1281 1562 cardinalis
1299 1530 1344 1562 Dr,
1363 1530 1513 1562 Amanus
1531 1533 1696 1572 protector
1714 1540 1744 1559 ».

1058 1585 1072 1625 ᾖ
1096 1584 1126 1616 ΕΞ.
1154 1584 1231 1616 Cum
1257 1589 1375 1622 autem,
1396 1583 1479 1615 sieut
1503 1593 1560 1625 pro
1587 1587 1676 1625 parte
1703 1581 1748 1613 di·
1778 1587 1871 1624 ⁴Accede
1889 1592 1941 1616 rou,-

1759 1615 1848 1635 t‘uiuatie
1870 1615 1942 1634 Ponti-

1015 1639 1172 1671 lectorum
1186 1637 1322 1670 tiliorum
1340 1636 1546 1679 superiorum
1567 1640 1599 1667 et
1617 1635 1747 1666 fratrum
1759 1642 1812 1662 flens.

1016 1691 1118 1723 dietae
1130 1690 1313 1732 provinciae
1328 1689 1479 1721 Bavariae
1498 1688 1592 1721 nobis
1610 1687 1748 1720 subinde

1016 1744 1196 1786 expositum
1221 1743 1294 1782 fuit,
1322 1742 1380 1785 ipsi
1407 1741 1593 1785 praemissa,
1614 1751 1677 1783 quo
1698 1740 1751 1772 sir-

1016 1796 1095 1828 mius
1131 1795 1306 1827 subsistant
1337 1799 1367 1827 et
1391 1798 1559 1826 serventur
1584 1793 1724 1825 exactius
1741 1819 1748 1832 ,

1016 1848 1211 1892 apostolieae
1249 1847 1503 1879 confirmationis
1534 1850 1664 1879 nostrae
1697 1856 1752 1888 pa-

1017 1901 1151 1934 trocinio
1184 1899 1375 1933 communiri
1414 1899 1591 1942 plurimum
1623 1898 1751 1931 deside-

1017 1960 1104 1986 rent:
1130 1964 1199 1992 nos,
1217 1953 1390 1995 specialem
1416 1952 1494 1995 ipsis
1512 1951 1751 1995 exponentibus

1017 2007 1151 2049 gratiam
1177 2006 1281 2038 facere
1306 2006 1461 2044 volentes,
1490 2010 1521 2037 et
1550 2015 1661 2037 eorum
1687 2004 1753 2036 sin—

1017 2060 1145 2101 gulares
1174 2069 1334 2101 personas
1367 2068 1384 2090 a
1421 2057 1585 2100 quibusvis
1623 2067 1753 2089 excern-

1017 2111 1254 2151 nwnicationis,
1271 2111 1493 2154 suspensionis
1520 2115 1552 2143 et
1575 2110 1753 2150 interdicti,

1018 2165 1155 2208 aliisque
1171 2164 1400 2197 ecclesiasticis
1415 2163 1594 2203 sententiis,
1610 2163 1754 2196 censuris

1019 2225 1049 2251 et
1065 2218 1190 2262 poenis,
1209 2229 1226 2250 a
1244 2218 1312 2249 iure
1337 2218 1386 2250 vel
1411 2217 1451 2249 ab
1477 2216 1619 2256 homine,
1641 2216 1753 2260 quavis

1019 2271 1187 2304 occasione
1209 2272 1259 2303 vel
1285 2272 1379 2303 causa
1395 2270 1479 2311 latis,
1494 2269 1521 2302 si
1539 2269 1656 2312 quibus
1673 2280 1755 2312 quo-

1019 2325 1198 2357 modolibet
1210 2324 1383 2356 innodatae
1396 2323 1544 2362 existunt,
1556 2323 1594 2355 ad
1607 2321 1756 2356 effectum

1019 2377 1237 2420 praesentium
1277 2377 1442 2408 dumtaxat
1479 2376 1754 2418 consequendum,

1021 2431 1134 2462 bai-uui
1166 2428 1250 2461 serie
1287 2429 1494 2461 absolventes
1526 2433 1558 2460 et
1590 2429 1756 2461 absolutas

1020 2483 1087 2515 sore
1116 2485 1298 2521 censentes,
1318 2481 1614 2524 supplicationibus
1643 2491 1756 2514 eorum

1020 2535 1149 2568 nomine
1173 2534 1267 2568 nobis
1291 2545 1389 2578 super
1406 2535 1469 2569 boc
1494 2534 1663 2568 humiliter
1683 2544 1758 2578 por·

1632 151 1695 185 100
1742 162 1793 190 An.
1809 161 1838 188 c.
1861 161 1932 187 ιιι-ιθ
