2111 3157
185 224 276 252 An.C.
302 223 368 252 1687
416 216 478 250 736

375 274 444 306 ritis
470 274 545 307 licet
567 274 755 317 imparibus,
770 283 828 316 per
852 271 1048 305 ineffabilem
1066 270 1113 303 di-

374 326 466 360 vinae
503 327 680 369 sapientiae
717 331 813 368 atque
844 324 996 357 bonitatis
1018 324 1113 356 abun-

377 379 518 412 dantiam
543 378 776 421 praesidentes,
801 377 839 409 ad
872 387 921 417 ea,
950 387 1008 420 per
1032 387 1112 420 quae

375 431 504 477 pietatis
530 437 560 464 et
584 431 781 464 christianae
819 430 988 463 charitatis
1015 440 1113 473 opera

374 485 495 528 ubique
520 485 673 524 locorum,
694 483 886 526 praesertim
912 483 950 516 ad
977 482 1114 515 infirmo-

376 548 447 570 rum
479 542 509 570 et
541 536 833 570 convalescentium
869 535 1113 569 subventionem

377 595 408 622 et
434 590 615 628 utilitatem,
640 589 773 633 provide
794 589 1038 632 prudenterque
1063 599 1114 621 or-

377 642 538 682 dinantur,
563 642 734 686 propensis
767 642 880 675 studiis
905 641 1113 681 intendimus,

377 701 407 729 et
431 695 692 728 chrIstifidelium
719 696 752 728 in
776 695 808 727 id
827 695 932 738 ipsum
950 694 1115 727 laudabili-

377 754 425 782 ter
450 754 481 782 et
506 748 668 781 fructuose
701 747 957 781 incumbentium
990 747 1115 780 confra-

377 801 599 835 ternitatibus¹
617 801 649 833 in
675 800 856 834 visceribus
882 806 1036 844 paternae
1062 810 1115 842 ge-

376 860 485 888 rentes
510 853 691 893 charitatis,
712 853 796 886 felici
819 854 946 885 illarum
964 852 1057 885 statui
1085 858 1116 885 et

377 917 554 951 prosperae
592 906 624 939 in
661 906 708 938 via
740 906 963 938 mandatorum
989 905 1114 937 Domini

378 959 552 993 directioni
584 959 725 992 libenter
742 958 957 1001 providemus,
978 957 1114 1000 illasque

378 1018 410 1045 ct
433 1022 591 1056 personas
625 1011 657 1043 in
684 1011 728 1044 eis
753 1010 888 1043 Domino
921 1010 1114 1042 famulantes

378 1065 568 1109 opportunis
606 1064 770 1097 favoribus
807 1068 838 1096 et
869 1063 980 1105 gratus
1006 1073 1115 1106 prose-

378 1118 516 1161 quimur,
541 1118 630 1157 sicut,
656 1127 775 1157 rerum,
801 1117 964 1156 locorum,
993 1121 1116 1159 tempo-

377 1183 446 1204 rum
471 1176 502 1205 et
526 1181 739 1215 personarum
765 1169 974 1214 qualitatibus
992 1166 1135 1213 mature}

379 1224 603 1264 consideratis,
639 1224 677 1256 ad
707 1223 764 1256 Dei
790 1223 1024 1266 omnipotentis
1049 1224 1116 1265 glo-

378 1279 469 1319 riam,
487 1283 519 1311 et
543 1277 725 1310 animarum
751 1277 901 1316 salutem,
928 1287 965 1309 ac
988 1276 1115 1320 piorum

378 1342 514 1375 operum
535 1331 790 1371 incrementum,
818 1330 999 1373 populique
1034 1329 1116 1362 chri-

377 1384 472 1417 stiani
504 1382 762 1416 aedificationem
797 1387 829 1416 et
860 1382 1115 1414 consolationem

378 1437 552 1481 specialem
577 1435 790 1479 conspicimus
817 1435 848 1467 in
875 1435 1008 1468 Domino
1033 1436 1114 1467 salu-

378 1490 481 1523 briter
506 1488 671 1532 expedire.

213 1561 274 1581 Ortus
286 1561 307 1580 ct
322 1563 369 1585 pro-

186 1593 270 1612 grrszuz
300 1587 370 1606 dictae

185 1596 456 1634 cassaret-uitanstecit
488 1596 623 1629 dilectus
650 1595 734 1628 tilius
760 1594 934 1627 Rodericus
967 1605 983 1626 a
1017 1595 1115 1627 Cruce

381 1655 572 1694 procurator
587 1649 746 1691 generalis
760 1647 1032 1681 confraternitatis
1045 1659 1117 1681 con·

382 1704 513 1737 fratrum
558 1700 872 1734 Bethlehemitarum
917 1706 1116 1744 nuncupato-

381 1766 451 1788 rum
490 1755 522 1787 in
558 1754 774 1798 hospitalibus
816 1764 999 1798 pauperum
1040 1764 1116 1786 con-

381 1808 612 1843 valescentium
650 1808 682 1841 in
722 1808 820 1841 Indiis
856 1807 1115 1841 Occidentalibus

381 1863 549 1903 canonice,
586 1867 621 1893 ut
656 1861 819 1901 asseritur,
857 1867 994 1901 erectae,
1032 1862 1116 1906 quod

382 1917 465 1950 dicta
484 1915 728 1950 confraternitas
753 1916 784 1948 in
804 1915 925 1948 eisdem
942 1915 1040 1948 Indiis
1059 1916 1117 1948 ini-

383 1971 461 2003 tium
485 1969 599 2003 habuit
625 1980 642 2001 a
667 1967 827 2012 quondam
846 1969 939 2002 Petro
958 1970 1117 2004 Betancur

382 2036 399 2058 a
424 2024 455 2058 S.
481 2023 619 2067 losepho
640 2050 648 2064 ,
673 2022 727 2066 qui
758 2023 895 2066 primam
932 2024 1061 2057 domum
1086 2030 1118 2057 et

382 2079 543 2123 hospitale
580 2077 681 2121 ipsius
708 2077 980 2111 confraternitatis
1017 2079 1049 2111 in
1074 2079 1117 2111 ci-

381 2132 477 2165 vitate
504 2131 700 2164 Guatimalae
731 2141 792 2174 pro
831 2141 1012 2174 pauperum
1046 2142 1116 2164 con-

382 2185 610 2219 valescentium
644 2185 733 2224 cura,
770 2184 881 2217 aliisve
919 2184 1048 2228 pietatis
1086 2190 1117 2218 et

382 2239 574 2272 christianae
618 2236 786 2270 charitatis
818 2237 997 2281 operibuS,
1030 2248 1114 2270 anno

382 2301 506 2326 noctur
531 2290 699 2323 aedificare
725 2290 842 2334 coepit.
866 2290 1017 2330 Subinde,
1045 2302 1115 2323 cum

383 2345 470 2379 aliud
495 2345 598 2378 simile
625 2343 785 2387 hospitale
811 2355 895 2378 anno
920 2354 1058 2378 nnetxm
1085 2345 1115 2377 in

383 2398 506 2431 civitate
538 2398 666 2430 Limana
699 2398 866 2430 fundatum
898 2398 1018 2438 fuisset,
1045 2408 1117 2431 con-

385 2451 567 2483 stitutiones
592 2461 650 2494 pro
679 2451 842 2493 praefatae
869 2451 1117 2484 confraternita-

384 2504 423 2535 tis
450 2503 607 2545 gubernio
639 2504 726 2535 iuxta
761 2509 836 2538 tunc
865 2504 1056 2537 existentem
1084 2503 1119 2536 il-

384 2556 444 2590 lius
480 2561 594 2588 statum
632 2556 730 2589 factae
769 2568 852 2589 anno
878 2567 1035 2590 ,uncm‘xiv
1060 2568 1119 2600 per

417 2619 430 2649 1
453 2617 545 2644 Potius
566 2618 622 2653 lege
643 2620 895 2652 confraternitates
916 2620 955 2654 (n.
970 2619 1019 2654 τ.).

959 223 1138 248 BULLARIUM
1162 222 1314 247 ROMANUM
1340 250 1342 253 v

425 1543 440 1586 ἓ
472 1542 503 1575 Δ1.
540 1541 661 1585 Exponi
696 1541 854 1584 siquidem
886 1540 980 1574 nobis
1011 1550 1133 1584 nuper,

1852 219 1991 259 hamc.
2015 219 2078 248 ¹687

1153 270 1268 303 Sedem
1284 269 1501 313 Apostolicam
1519 268 1728 302 confirmatae
1748 269 1886 302 fuerunt.

1154 324 1263 363 Porro,
1284 327 1377 356 aucto
1403 323 1564 356 eiusmodi
1591 322 1800 366 hospitalium
1824 333 1886 355 nu-

1154 386 1242 409 mero
1267 387 1370 419 usque
1395 376 1434 409 ad
1460 375 1622 416 undecim,
1656 380 1687 408 et
1718 375 1750 408 in
1782 385 1891 418 prom—

1155 435 1210 473 ptu
1236 429 1392 462 existente
1418 429 1593 462 multorum
1618 428 1756 462 aliorum
1782 428 1892 462 funda-

1156 483 1255 522 tione,
1283 493 1342 525 pro
1375 482 1460 515 felici
1490 492 1714 525 prosperoque
1746 481 1891 514 ciusdem

1156 535 1430 568 confraternitatis
1470 534 1629 578 regimine
1666 539 1699 567 et
1733 534 1890 576 gubernio

1157 590 1310 622 formatae
1336 589 1467 622 fuerunt
1497 599 1597 621 novae
1632 588 1890 629 constitutiones,

1156 642 1322 685 praesenti
1349 643 1434 676 illius
1461 643 1556 675 statui
1582 641 1826 683 convenientes,
1846 647 1892 675 te-

1155 696 1242 728 noris
1268 696 1322 738 qui
1347 695 1502 739 sequitur,
1529 694 1701 728 videlicet:

1205 760 1217 779 α
1244 748 1273 780 Ἰ.
1302 748 1386 780 Finis
1412 748 1572 781 societatis
1598 753 1648 780 est
1675 752 1806 780 strenue
1837 747 1893 781 ad-
1943 756 2042 779 omri.

1155 802 1286 834 modum
1314 801 1502 835 incumbere
1535 801 1566 833 in
1599 800 1788 834 exercitium
1814 783 2087 843 ope-ntssitsst‘issi'i'ssitl

1157 865 1225 886 rum
1244 854 1408 887 charitatis
1427 859 1459 887 et
1478 853 1732 894 misericordiae,
1750 858 1812 886 tam
1829 853 1892 897 spi-

1157 907 1320 940 ritualium
1338 918 1432 950 quam
1452 907 1677 950 corporalium,
1697 917 1773 949 erga
1797 917 1893 939 omne

1158 972 1258 1004 genus
1284 971 1508 1004 personarum,
1532 961 1725 1004 praesertim
1746 971 1823 1003 erga
1846 970 1893 993 ae-

1156 1025 1230 1057 gros
1264 1015 1533 1053 convalescentes,
1560 1014 1768 1057 procurando
1788 1023 1895 1056 quam·

1132 1101 1134 1103 a
1158 1068 1292 1101 maxime
1311 1068 1486 1100 animarum
1507 1072 1574 1099 tum
1599 1066 1806 1110 propriarum
1827 1071 1893 1099 tum

1158 1121 1377 1164 proximorum
1402 1125 1588 1152 nostrorum
1614 1120 1751 1152 salutem
1777 1128 1835 1161 per
1859 1129 1894 1151 o-

1158 1174 1279 1206 mnium
1304 1173 1453 1206 virtutum
1470 1183 1564 1205 usum
1584 1178 1615 1205 et
1630 1171 1714 1205 vitae
1739 1171 1893 1215 probatae
1929 1164 1932 1168 ¹

1158 1228 1334 1270 exemplar,
1371 1227 1451 1260 adeo
1488 1231 1521 1258 ut
1557 1226 1603 1266 hi,
1640 1225 1694 1269 qui
1720 1225 1758 1258 ad
1782 1230 1894 1258 nostra

1159 1280 1329 1324 hospitalia
1356 1279 1505 1312 venerint
1522 1279 1667 1323 corporis
1683 1279 1820 1312 salutem
1843 1288 1894 1311 re-

1157 1332 1352 1376 cuperaturi,
1389 1332 1422 1365 in
1458 1332 1584 1365 animae
1621 1341 1754 1375 quoque
1789 1332 1893 1365 salute

1158 1386 1367 1429 egrediantur
1390 1386 1542 1419 meliores
1568 1384 1685 1419 effecti.

1202 1439 1232 1472 2.
1252 1439 1370 1473 Omnes
1403 1439 1525 1472 subditi
1555 1449 1626 1472 esse
1657 1439 1777 1472 debent
1801 1449 1894 1482 prae-

1159 1493 1239 1526 fecto
1266 1493 1409 1536 generali
1435 1498 1467 1526 et
1489 1492 1522 1525 in
1547 1492 1662 1525 humili
1691 1491 1894 1525 subiectione

1157 1547 1221 1580 suis
1247 1546 1471 1590 superioribus
1491 1545 1719 1588 peculiaribus.

1201 1600 1232 1632 21.
1267 1599 1346 1638 Quia
1379 1598 1554 1632 multitudo
1587 1598 1814 1632 confusionem
1838 1609 1894 1643 pa·
1930 1605 2049 1653 „⁶⁴²¹”st

1157 1663 1229 1685 rere
1255 1653 1345 1692 solet,
1365 1663 1400 1685 ac
1425 1651 1519 1685 etiam
1544 1651 1797 1692 relaxationem3
1817 1637 2084 1708 οοηνιᾱεῐξῃζῗέἶέἐοιιῖῗῗῗῖ

1157 1705 1291 1738 veniens
1310 1705 1370 1738 erit
1394 1710 1428 1737 ut
1453 1715 1517 1737 non
1544 1704 1626 1738 adsit
1648 1704 1680 1737 in
1705 1705 1822 1738 nostris
1841 1705 1894 1738 ho·
2025 1701 2030 1706 '

1158 1758 1327 1802 spitalibus
1344 1758 1446 1791 maior
1463 1758 1596 1790 fratrum
1613 1768 1776 1799 numerus,
1798 1769 1893 1802 quam

1158 1824 1237 1856 quos
1262 1812 1369 1855 exiget
1392 1811 1585 1852 necessitas;
1608 1822 1674 1845 non
1698 1811 1760 1845 erit
1784 1817 1893 1846 tamen

1157 1865 1358 1899 duodenario
1375 1864 1525 1905 inferior;
1544 1870 1585 1904 et,
1613 1864 1638 1897 si
1657 1875 1738 1908 opus
1757 1864 1818 1898 erit
1834 1875 1894 1898 nu-

1157 1930 1283 1953 merum
1309 1928 1447 1960 augere,
1475 1917 1545 1950 fieri
1575 1917 1695 1961 poterit
1722 1918 1755 1951 id
1785 1918 1824 1951 de
1856 1918 1894 1952 ti-

1157 1972 1260 2006 centia
1277 1970 1431 2015 praefecti
1453 1970 1613 2014 generalis
1630 1975 1661 2003 et
1677 1970 1894 2005 assistentium

1158 2025 1373 2069 generalium.

1201 2078 1232 2110 ⁶2.
1260 2077 1384 2117 Omnes,
1407 2076 1459 2120 qui
1478 2076 1543 2120 apti
1569 2076 1688 2109 fuerint
1712 2077 1894 2111 medicinae

1157 2137 1188 2165 et
1207 2131 1390 2174 chirurgiae
1410 2130 1544 2170 artibus,
1570 2130 1640 2163 illas
1666 2130 1832 2164 addiscent
1856 2142 1893 2164 ex

1157 2184 1309 2229 praefecti
1335 2183 1495 2226 generalis
1521 2188 1552 2215 et
1578 2182 1798 2216 assistentium
1824 2194 1894 2227 per-

1157 2237 1324 2271 missione.

1201 2290 1231 2323 3.
1260 2289 1470 2329 Admittendi‚
1496 2293 1600 2322 aetate
1631 2294 1662 2322 et
1689 2289 1810 2323 viribus
1828 2291 1894 2334 pol-

1158 2346 1223 2377 lere
1256 2343 1376 2376 debent
1404 2342 1442 2374 ad
1474 2342 1663 2383 ministeria,
1694 2343 1810 2386 quibus
1839 2343 1895 2376 ini-

1159 2398 1286 2437 tiantur,
1314 2396 1594 2436 convenientibus,
1619 2396 1657 2429 ab
1683 2397 1769 2430 omni
1794 2397 1894 2440 origi-

1160 2451 1208 2483 nis
1234 2456 1265 2484 et
1291 2450 1440 2483 infamiae
1465 2450 1547 2489 labe,
1573 2450 1635 2482 imo
1654 2449 1768 2482 eteius
1793 2450 1897 2494 suspi-

1160 2504 1252 2537 cione
1279 2504 1447 2543 immunes,
1474 2502 1623 2542 coelibes,
1642 2502 1787 2546 corporis
1811 2502 1892 2543 sani,

1161 2568 1218 2589 noc
1244 2558 1309 2590 ullo
1328 2556 1424 2589 morlo
1445 2564 1518 2588 acre
1536 2555 1642 2588 alieno
1662 2560 1716 2587 aut
1733 2555 1803 2588 aliis
1820 2564 1897 2588 one-

1161 2611 1247 2642 ribus
1273 2610 1406 2652 gravati,
1425 2619 1506 2654 qnae
1524 2609 1693 2642 molestiae
1717 2619 1773 2642 seu
1798 2608 1895 2655 impet
