2111 3157
68 207 130 258 *Am
146 228 175 257 e.
197 229 263 256 1686

79 980 83 984 ’
99 972 216 994 clausulae.

79 1761 146 1786 Doroa
154 1762 190 1783 itio
199 1768 247 1784 eon-

64 1790 185 1814 barinum.

844 211 1066 255 'mocimus
1089 230 1120 254 xi
1144 230 1190 254 rr.

269 276 365 310 nibus
390 278 458 311 eius
483 278 613 312 nomine
637 278 732 311 nobis
757 285 851 318 snper
867 273 931 307 hoc
949 279 1004 311 ht]-

269 330 389 363 militer
411 331 571 374 porrectis
604 331 760 370 inclinati,
784 331 1001 374 praeinsertas

269 383 404 426 praefati
431 383 514 416 Petri
539 383 650 416 Marini
675 384 813 416 ministri
839 384 1000 426 generalis

269 441 416 479 patentes
448 436 570 470 litteras
595 447 611 469 a
636 442 814 470 memorato
839 437 999 470 Alderano

270 488 423 532 episeopo
448 489 603 522 cardinali
628 494 658 521 et
679 494 863 532 protectore
890 499 1001 532 appro-

267 540 359 574 batas
384 546 416 574 ct
440 541 649 582 confirmatas,
668 547 703 574 ut
719 542 910 585 praefertur,
930 552 998 574 cum

267 593 416 626 omnibus
433 599 463 626 et
480 594 613 636 singulis
633 594 664 626 in
687 594 732 626 eis
758 594 927 633 contentis,
947 605 1000 626 au-

266 645 417 679 ctoritate
442 646 629 689 apostolica,
644 652 755 679 tenore
770 646 997 689 praesentium,

267 698 496 731 confirmamus
515 698 636 741 pariter
661 703 692 730 et
716 699 945 741 approbamus,
964 699 1000 730 il—

266 749 371 793 lisque
396 750 589 783 inviolabilis
616 750 816 792 apostolicae
842 749 1000 783 firmitatis

264 803 364 836 robur
388 803 565 843 adiicimus,
590 814 625 836 ac
656 813 766 835 omnes
792 807 823 835 et
853 803 998 845 singulos

264 853 342 887 iuris
367 861 400 888 et
430 855 504 888 sacti
530 855 684 895 desectus,
718 855 743 887 si
775 855 830 898 qui
862 856 1000 898 desuper

264 908 508 950 quomodolibet
534 907 775 947 intervenerint,
795 908 996 950 supplemus.

309 960 324 1004 ἓ
348 959 380 994 3.
413 960 625 993 Decernentes
659 960 787 993 easdem
813 966 999 1004 praesentes

265 1018 298 1046 et
320 1013 536 1057 praeinsertas
554 1018 704 1057 patentes
723 1014 844 1046 litteras
872 1024 1000 1057 semper

264 1066 384 1108 sirmas,
411 1067 532 1100 validas
565 1072 597 1100 et
626 1067 772 1100 efficaces
804 1067 943 1100 existere
969 1072 1000 1100 et

263 1120 340 1161 sore,
366 1131 506 1164 suosque
531 1121 694 1164 plenarios
729 1126 760 1153 et
789 1121 930 1163 integros
955 1121 999 1153 es—

263 1173 366 1207 sectus
401 1173 508 1207 sortiri
548 1179 579 1207 et
616 1174 772 1215 obtinere,
800 1185 836 1207 ac
861 1175 933 1214 illis,
959 1174 997 1207 ad

263 1236 344 1270 quos
369 1231 494 1270 spectat
516 1232 547 1260 et
571 1238 629 1270 pro
655 1233 800 1270 tempore
826 1227 994 1271 spectabit,

262 1279 296 1312 in
314 1280 463 1314 omnibus
481 1285 512 1313 et
530 1291 589 1324 per
606 1281 710 1314 omnia
730 1281 915 1324 plenissime
934 1281 997 1313 sus-

262 1332 390 1375 sragari‚
418 1338 451 1365 et
474 1333 513 1366 ab
539 1334 584 1366 eis
618 1334 797 1377 respective
829 1334 997 1368 inviolabi-

262 1384 337 1417 liter
356 1385 534 1425 observari,
553 1385 664 1429 sieque
683 1386 713 1418 in
730 1387 916 1430 praemissis
937 1397 995 1430 per

261 1448 482 1481 quoscumque
507 1438 629 1471 iudices
653 1439 833 1473 ordinarius
859 1445 891 1473 et
912 1440 996 1473 dele-

261 1496 363 1533 gatos,
381 1491 476 1524 etiam
502 1502 666 1525 causarum
686 1492 797 1536 palatii
823 1493 993 1536 apostolici

260 1544 444 1585 auditores,
470 1544 603 1578 iudicari
633 1550 665 1578 et
693 1545 819 1578 definiri
853 1546 991 1587 debere,

259 1607 296 1629 ac
317 1596 442 1630 irritum
468 1602 500 1630 et
524 1597 617 1630 inane
650 1597 675 1630 si
702 1609 794 1631 secus
819 1609 918 1642 super
942 1600 993 1632 liis

259 1660 277 1683 a
301 1660 474 1693 quoquam,
490 1650 602 1694 quavis
627 1652 831 1692 auctoritate,
858 1652 995 1685 scienter

258 1704 307 1737 vel
335 1704 533 1746 ignoranter,
550 1704 722 1747 contigerit
747 1705 905 1738 attentari.

301 1757 364 1800 §la
383 1756 451 1790 Non
479 1757 683 1790 obstantibus
713 1758 993 1791 constitutionibus

258 1815 289 1844 et
303 1810 561 1848 ordinationibus
573 1810 769 1853 apostolicis,
780 1821 824 1851 ac,
837 1817 993 1854 quatenus

252 1867 339 1906 *opus
373 1862 422 1903 sit,
449 1862 524 1895 dicti
549 1862 687 1903 Ordinis,
711 1863 843 1907 eiusque
870 1865 993 1907 provin-

257 1915 378 1948 ciarum
405 1920 437 1948 et
461 1921 675 1949 conventuum
701 1927 991 1960 quorumcumque,

257 1968 353 2000 etiam
379 1968 569 2008 iuramento,
592 1968 837 2003 confirmatione
860 1975 991 2013 aposto-

255 2019 329 2060 lica,
349 2021 397 2053 vel
424 2021 534 2064 quavis
553 2021 701 2054 firmitate
732 2022 793 2054 alia
820 2023 990 2061 roboratis,

255 2073 382 2105 statutis
415 2078 445 2105 et
476 2074 788 2115 consttctudiniluts‚
815 2076 991 2118 privilegiis

257 2135 410 2170 quoqne,
438 2125 571 2158 indultis
605 2132 636 2159 et
666 2127 782 2160 litteris
807 2130 991 2171 apostolicis·

255 2177 290 2211 in
315 2178 512 2212 contrarium
536 2179 784 2221 praemissorum
817 2184 991 2224 quomodo·

254 2231 335 2266 libet
356 2231 528 2271 concessis,
552 2232 751 2266 confirmatis
768 2239 799 2266 et
815 2235 988 2275 innovatis,

256 2285 372 2329 quibus
397 2285 547 2318 omnibus
573 2286 773 2328 tet-singulis,
800 2288 929 2323 illorum
949 2295 991 2323 tc-

254 2348 352 2372 nores
376 2339 603 2382 praesentibus
629 2350 688 2382 pro
713 2341 810 2383 plene
840 2347 872 2374 ct
909 2344 991 2375 suffi-

255 2391 380 2425 cienter
403 2392 566 2435 expressis
601 2403 636 2425 ac
660 2393 790 2426 insertis
820 2395 989 2434 habentes,

254 2443 322 2490 illis*
344 2445 421 2477 alias
439 2445 470 2477 in
488 2455 546 2477 suo
567 2445 684 2479 robore
704 2449 935 2490 permansuris,
953 2450 988 2482 ad

255 2497 507 2540 praemissorum
533 2497 690 2539 ellectum,
721 2499 781 2532 hac
807 2500 874 2534 vice
903 2502 991 2534 dum-

256 2555 353 2590 taxat,
366 2551 548 2594 specialiter
565 2556 596 2584 et
613 2562 763 2596 expresse
783 2553 988 2597 derogamus,

258 2604 439 2650 ceterisque
464 2605 633 2639 contrariis
657 2606 930 2652 quibuscumque.

1091 278 1161 321 §42
1194 277 1346 310 Volumus
1382 280 1487 310 autem
1521 280 1557 309 ut
1592 277 1777 309 earumdem

1045 331 1265 373 praesentium
1282 331 1461 364 litterarum
1481 330 1701 372 transumptis,
1722 340 1778 363 seu

1043 383 1217 426 exemplis,
1245 384 1339 416 etiam
1371 383 1552 426 impressis,
1588 393 1682 415 manu
1723 383 1780 416 ali-

1042 436 1131 468 cuius
1156 436 1272 469 notarii
1298 436 1420 479 publici
1446 436 1655 478 subscriptis,
1687 441 1719 468 et
1737 437 1779 469 si-

1043 487 1120 528 gillo
1143 498 1302 530 personae
1325 489 1356 520 in
1382 488 1600 521 ecclesiastica
1620 488 1777 530 dignitate

1042 540 1236 574 constitutae
1272 542 1414 581 munitis⁷
1442 542 1555 574 eadem
1586 552 1722 584 prorsus
1748 542 1767 573 si

1042 593 1099 624 des
1134 593 1255 636 ubique
1298 595 1445 627 locorum
1482 600 1544 627 tam
1584 595 1616 626 in
1655 594 1776 627 iudicio

1042 654 1137 687 quam
1162 651 1250 678 extra
1280 646 1360 679 illud
1386 647 1556 687 habeatur,
1584 657 1666 690 quae
1696 647 1776 690 ipsis

1043 698 1270 739 praesentibus
1291 699 1468 732 haberetur
1501 700 1526 731 si
1553 700 1662 734 forent
1688 699 1779 732 exhi-

1044 750 1129 782 bitae
1154 753 1204 784 vel
1223 757 1388 785 ostensae.

1086 802 1197 834 Datum
1214 803 1344 843 Romae,
1357 805 1441 847 apud
1459 805 1489 837 S.
1503 805 1641 844 Petrum,
1654 806 1712 837 sub
1726 815 1778 837 an-

1043 854 1119 886 nulo
1130 855 1312 895 Piscatoris‚
1325 856 1375 889 die
1388 867 1481 889 xxvnt
1496 857 1575 889 iunii
1589 867 1775 897 tttDCLxxxvl,

1042 907 1247 949 pontificatus
1274 909 1373 941 nostri
1400 920 1482 942 anno
1506 920 1536 942 x.

1077 967 1135 995 Dat.
1152 969 1196 997 die
1211 970 1244 997 28
1258 970 1325 998 iunii
1343 971 1421 1003 1686,
1438 972 1537 1007 pontif.
1559 981 1630 1002 anno
1645 981 1671 1000 λ.

1345 1114 1474 1148 CLXXI.

1041 1191 1237 1227 Prohibetur
1253 1195 1424 1228 monachos
1436 1196 1702 1240 Conyreqatiom's
1716 1198 1777 1232 Fu-

1085 1245 1194 1278 Iiensis
1220 1247 1260 1279 ad
1285 1248 1387 1281 aliam
1419 1249 1606 1291 reliyt'ouem
1637 1254 1776 1286 transire

1082 1299 1151 1332 sine
1175 1302 1380 1343 superiorum
1407 1302 1538 1335 licentis}
1553 1303 1572 1336 ¹.

1222 1380 1420 1407 Innocentius
1442 1382 1519 1414 Papa
1539 1383 1589 1416 xl,

1177 1424 1214 1450 ad
1234 1424 1367 1451 futuram
1387 1426 1431 1453 rei
1451 1428 1633 1454 memoriam.

1081 1492 1144 1535 51.
1165 1492 1288 1536 Exponi
1308 1495 1400 1528 nobis
1420 1506 1523 1539 nuper
1538 1497 1612 1530 fecit
1637 1499 1773 1533 dilectus

1038 1544 1122 1577 iilius
1141 1552 1336 1588 procurator
1357 1550 1519 1591 generalis
1540 1552 1774 1585 monachorum

1037 1598 1305 1641 Congregationis
1331 1601 1364 1633 B.
1393 1602 1508 1635 Mariae
1534 1603 1703 1645 Fanensis,
1719 1606 1773 1638 Or-

1038 1651 1121 1683 dinis
1145 1651 1376 1693 Cisterciensis,
1404 1655 1488 1697 quod
1516 1656 1635 1689 dudum
1672 1658 1772 1691 felicis

1038 1705 1270 1737 recordationis
1296 1705 1403 1739 Sixtus
1428 1708 1462 1748 V,
1491 1708 1638 1742 Clemens
1656 1711 1719 1743 Vlll
1743 1717 1774 1743 et

1038 1758 1154 1790 Paulus
1171 1758 1194 1789 V
1219 1758 1353 1792 Romani
1381 1760 1549 1794 Pontiticcs
1574 1764 1770 1805 praedeces-

1037 1822 1125 1843 sorcs
1152 1812 1253 1844 nostri
1274 1813 1387 1846 dictam
1406 1813 1696 1857 Congregatiouem
1714 1817 1773 1849 Fu-

1036 1864 1182 1905 liensem,
1211 1877 1292 1909 qnae
1314 1867 1344 1899 in
1370 1878 1472 1909 regno
1499 1869 1619 1902 Galliae
1644 1871 1769 1903 stabili-

1036 1922 1075 1955 ta,
1101 1923 1131 1950 et
1155 1929 1215 1961 per
1240 1918 1373 1952 Galliam
1397 1926 1427 1953 et
1452 1921 1573 1954 ltaliam
1599 1922 1770 1965 plurimum

1035 1968 1093 2002 suit
1129 1971 1269 2012 dilatata,
1304 1973 1566 2016 approbaverunt
1598 1980 1629 2007 ct
1654 1976 1771 2008 contir-

1034 2029 1211 2063 maveiwtnt,
1228 2025 1390 2068 variisque
1408 2026 1517 2069 gratiis
1542 2032 1573 2059 ct
1590 2027 1769 2070 privilegiis

1034 2082 1238 2118 exornarunt,
1272 2078 1327 2111 illo
1354 2079 1384 2110 in
1412 2079 1524 2121 primis
1551 2090 1614 2122 quo
1640 2091 1656 2112 a
1680 2091 1771 2123 prae-

1035 2129 1104 2161 fatis
1129 2129 1293 2162 Clemente
1320 2135 1351 2162 et
1376 2131 1473 2163 Paulo
1510 2132 1771 2174 praedecessori-

1034 2181 1090 2213 bus
1116 2181 1147 2213 in
1173 2182 1289 2215 virtute
1315 2188 1443 2216 sanctae
1469 2184 1673 2217 obedientiae
1698 2195 1771 2227 pro-

1087 2263 1096 2288 1
1120 2262 1332 2289 Constitutiones
1361 2262 1403 2289 liic
1432 2263 1557 2290 laudatae
1582 2267 1644 2290 suut
1663 2264 1728 2290 Sixti
1750 2263 1770 2290 V

1033 2306 1140 2332 constit.
1162 2306 1205 2332 ed.
1232 2313 1376 2339 tubmxxvt,
1402 2306 1443 2333 die
1468 2308 1484 2334 5
1506 2307 1586 2341 maii,
1617 2308 1712 2342 pontis.
1737 2315 1768 2340 11,

1032 2354 1117 2377 const.
1131 2350 1171 2377 ed.
1186 2356 1338 2384 Mbcxxxvu,
1354 2351 1398 2377 die
1413 2352 1445 2377 Μ
1466 2351 1630 2384 novembris,
1642 2356 1715 2387 pont.
1729 2359 1767 2385 1113

1032 2395 1176 2421 Clementis
1191 2394 1247 2421 vlll
1268 2399 1352 2421 const.
1370 2395 1411 2422 ed.
1435 2402 1536 2429 MDXCH,
1557 2396 1600 2423 die
1621 2397 1635 2422 Ιι
1652 2401 1768 2431 septem-

1032 2440 1097 2471 bris,
1114 2439 1210 2474 pontif.
1227 2446 1234 2465 1
1255 2444 1282 2466 et
1298 2441 1403 2467 constit.
1421 2440 1465 2467 ed.
1489 2447 1617 2472 uncxfflx,
1640 2441 1684 2467 die
1699 2442 1716 2467 9
1730 2442 1768 2467 se·

1033 2484 1144 2517 bruai-ii,
1162 2483 1255 2517 pontif.
1274 2491 1333 2515 vui,
1349 2493 1451 2511 necnon
1469 2489 1554 2512 const.
1566 2486 1608 2512 ed.
1621 2493 1712 2520 unciv,
1725 2487 1767 2513 die

1037 2528 1063 2554 17
1082 2528 1179 2560 martii,
1196 2529 1289 2562 pontis.
1307 2536 1369 2561 xiii,
1388 2529 1462 2556 Pauli
1480 2530 1497 2555 V
1514 2534 1598 2556 const.
1617 2531 1659 2557 ed.
1677 2538 1766 2565 mpetu,

1033 2571 1074 2598 die
1090 2572 1105 2597 9
1120 2571 1186 2605 iulii,
1204 2572 1298 2606 pontis.
1315 2579 1350 2607 11,
1367 2577 1393 2600 et
1406 2578 1492 2601 const.
1509 2574 1551 2601 ed.
1568 2581 1659 2609 MDCVt,
1676 2574 1718 2601 die
1736 2575 1767 2601 10

1033 2615 1163 2651 octobris,
1185 2616 1279 2652 pontis.
1301 2623 1329 2644 11.

1684 218 1747 252 609
1793 227 1841 253 An.
1858 227 1886 253 c.
1905 227 1970 253 isso

1829 289 1891 309 Fides

1789 318 1926 341 sumpturum.

1918 292 1971 309 [1⁴21ss-

1812 1510 1900 1538 specics
1911 1511 1969 1533 sacti.
