2111 3157
170 210 218 238 An.
239 208 267 236 c.
291 209 357 236 ¹679
401 200 466 234 216
938 206 1117 231 BULLARIUM
1140 205 1292 230 Romnum

169 271 188 290 sn
229 271 348 300 ‹2909110112
359 257 583 301 unusquisque
608 257 647 290 de
665 255 928 298 obligationibus,
946 265 1026 298 quas
1044 264 1092 286 as-

167 298 486 349 3'2-,s{¹⁵³>'33'fel’11.⁸²S11me1<e
500 312 575 350 vult,
594 311 690 353 plene
708 310 906 347 informetur,
926 307 1092 340 statuimus

360 370 394 396 ut
416 365 524 396 nullus
546 363 720 405 recipiatur
745 362 783 395 ad
809 361 953 394 habitum
971 360 1091 402 regula-

359 427 427 449 rem
452 417 485 449 in
511 416 625 448 eodem
649 414 778 453 Ordine,
803 413 865 446 nisi
887 413 976 456 prius
995 414 1091 455 plene

360 469 547 501 informatus
582 468 624 500 sit
648 467 685 499 dc
711 465 883 509 praedictis
909 465 1090 508 praeceptis

358 524 490 565 regulae
526 521 743 564 obligantibus
768 520 800 552 in
829 519 1035 557 conscientia,
1061 523 1092 551 et

358 575 485 617 praevia
513 575 573 607 hac
612 574 727 606 notitia
766 573 843 605 velit
865 572 1090 615 probationem

357 627 484 667 subire;
503 637 563 660 nec
576 627 747 670 quisquam
764 625 949 658 admittatur
966 624 1004 657 ad
1023 635 1092 667 pro-

356 679 528 712 fessionem
553 679 750 721 regularem,
776 677 836 709 nisi
861 677 949 719 prius
974 675 1091 708 exami-

355 737 447 763 natus
472 731 512 763 sit
536 731 577 763 de
602 730 770 762 intellectu
795 729 928 770 regulae
952 733 983 760 et
1002 738 1090 770 prae-

354 789 522 826 ceptorum
541 783 609 816 eius
628 783 715 815 iuxta
732 782 907 825 praedicta,
925 786 955 813 et
972 781 1089 813 deinde

353 836 538 868 immediate
553 840 624 867 ante
639 835 726 867 illam
740 844 847 867 coram
867 836 931 865 tota
948 843 1090 865 commu-

352 888 451 920 nitate
473 887 526 920 slat
546 887 575 919 ei
592 886 794 929 protestatio,
814 886 900 927 quod
920 885 958 917 ad
977 885 1089 917 obscr-

352 940 491 972 vantiam
505 941 636 982 regulae
654 949 726 971 cum
744 938 895 971 omnibus
911 937 980 970 eius
998 947 1090 979 prae-

354 992 456 1035 ceptis
475 997 548 1024 tunc
564 990 792 1024 enumerandis
819 995 850 1022 et
866 989 1087 1031 exprimendis

354 1045 515 1087 obligetur
531 1044 563 1077 in
581 1044 795 1087 professione,
823 1052 957 1085 eamque
984 1046 1088 1084 prote-

353 1097 525 1130 stationem
549 1097 706 1135 admittat,
725 1102 756 1129 et
772 1096 831 1128 sub
857 1097 894 1128 ea
918 1094 1088 1137 professio-

353 1161 427 1183 nem
452 1150 558 1183 faciat.

188 1211 343 1235 ouivliaine-
396 1203 411 1245 ξ
447 1202 478 1235 4.
505 1202 582 1240 Quia
617 1211 694 1234 vero
727 1201 889 1233 efficacius
919 1199 1087 1243 praedicta

161 1240 239 1283 22¹3?
252 1244 271 1257 ’Π
282 1244 342 1264 wm-
352 1255 545 1288 observandi
570 1255 711 1287 medium
729 1259 776 1287 est
792 1254 973 1296 exemplum
994 1262 1088 1295 prae-

353 1310 492 1341 latorum
516 1310 583 1340 sive
601 1307 813 1350 superiorum,
831 1306 903 1338 ideo
921 1305 1087 1337 statuimus

353 1360 476 1403 pariter
500 1359 664 1392 neminem
690 1359 765 1401 eligi
790 1369 883 1401 posse
908 1357 941 1389 in
961 1358 1088 1400 praela-

352 1419 419 1444 tum
432 1412 496 1445 sive
511 1411 708 1455 superiorem
728 1411 759 1443 in
776 1411 894 1443 Ordine
909 1410 1085 1453 praedicto,

353 1466 407 1507 qui
431 1465 527 1497 vitam
552 1474 755 1497 communem
776 1463 1000 1496 observantiae
1021 1473 1086 1495 non
1107 1475 1108 1484 ¹

353 1522 518 1559 sequatur,
538 1517 601 1549 hoc
617 1521 665 1548 est
677 1515 730 1558 qui
747 1515 934 1558 frequenter
951 1515 1085 1558 equitet,

353 1579 410 1601 seu
428 1569 657 1607 infirmitatem,
679 1578 740 1611 qua
758 1568 796 1599 ab
814 1568 1014 1609 obligatione
1032 1578 1088 1609 pe-

355 1621 449 1654 dibus
473 1620 642 1654 incedendi
668 1624 846 1658 excusetur,
872 1619 1006 1658 habeat,
1033 1619 1087 1662 qui

354 1673 491 1706 indusiis
526 1683 582 1705 seu
607 1672 745 1705 camisiis
775 1677 830 1704 aut
863 1672 957 1704 lineis
982 1676 1088 1704 utatur

355 1726 438 1768 apud
463 1736 497 1758 se
522 1727 571 1758 vel
596 1725 628 1757 in
653 1727 746 1763 lecto,
772 1725 824 1767 qui
849 1726 1008 1757 calceatus
1033 1724 1085 1756 in-

354 1778 460 1816 cedat,
487 1779 541 1821 qui
566 1778 686 1810 ieiunia
709 1777 870 1810 Ecclesiae
900 1782 932 1809 et
956 1778 1086 1819 regulae

355 1841 419 1863 non
449 1831 618 1870 observet,
645 1830 698 1873 qui
736 1830 910 1872 aliquando
940 1830 1024 1861 visus
1049 1829 1109 1870 sits

355 1889 555 1916 contrectare
574 1883 736 1926 pecunias,
755 1882 816 1914 nisi
838 1882 900 1914 iam
917 1893 975 1925 per
992 1882 1089 1914 trien·
1107 1871 1109 1909 ἶ

355 1937 443 1969 nium
468 1937 579 1969 saltem
606 1936 793 1968 emendatus
818 1935 867 1973 sit,
890 1935 945 1977 qui
965 1935 1088 1967 notabi-
1107 1934 1109 1952 ³
1131 1933 1169 1964 ad
1191 1942 1228 1964 ea
1252 1931 1362 1970 vocati,
1388 1930 1473 1962 citati
1494 1934 1526 1962 et
1545 1929 1654 1968 auditi,
1673 1938 1863 1972 causaeque,

355 1990 428 2022 liter
453 1989 657 2021 defectuosus
682 1988 723 2019 sit
746 1988 779 2019 in
804 1987 983 2020 assistendo
1008 1997 1089 2020 com-

355 2041 504 2074 munitati
530 2041 631 2079 chori,
658 2039 820 2072 refectorii
842 2044 872 2072 et
896 2039 976 2078 aliis,
994 2044 1090 2081 prout

357 2093 417 2126 sibi
449 2093 482 2125 in
521 2093 806 2125 constitutionibus
843 2091 1086 2134 praescribitur.

357 2146 455 2178 Porro
473 2145 696 2181 electioillius,
714 2143 769 2186 qui
786 2145 818 2175 in
836 2144 987 2176 omnibus
1002 2154 1090 2186 prae-

357 2198 462 2230 missis
486 2198 581 2230 vitam
607 2207 809 2229 communem
835 2207 901 2229 non
921 2201 1087 2239 sequatur,

358 2249 514 2282 irritanda
545 2250 586 2281 sit
609 2260 626 2281 a
651 2250 796 2291 praelato
830 2249 895 2281 sive
921 2249 1088 2291 superiore

359 2302 522 2343 generali,
549 2303 641 2343 capta
666 2302 891 2335 informatione
917 2301 1089 2333 extraiudi—

359 2354 443 2393 ciali,
467 2364 525 2396 pro
551 2356 608 2386 sua
633 2354 841 2393 conscientia,
860 2354 930 2386 sine
955 2353 1088 2395 strepitu

360 2406 482 2444 iudicii,
510 2417 580 2437 cum
606 2406 741 2438 consilio
769 2412 873 2438 tamen
898 2411 930 2437 et
953 2415 1089 2437 assensu

360 2458 455 2490 trium
481 2459 625 2496 fratrum,
650 2458 701 2500 qui
721 2458 857 2490 ministri
876 2457 1090 2501 provinciales

360 2512 410 2543 vel
442 2512 556 2542 saltem
597 2510 782 2542 definitores
818 2509 1002 2551 provinciae
1029 2509 1092 2540 siut

360 2564 408 2595 vel
428 2563 566 2601 suerint,
586 2563 726 2604 ipsorum
746 2568 851 2593 auu-111
867 2561 1090 2599 conscientias,
1111 2589 1113 2596 ,

1871 208 1919 232 An.
1936 205 1966 234 G.
1991 205 2058 234 ¹679

1136 264 1175 286 ne
1201 258 1254 285 aut
1288 253 1343 286 ille
1369 253 1547 296 expellatur
1578 255 1633 297 qui
1657 255 1753 287 vitam
1778 265 1866 288 com-

1134 316 1264 338 munem
1295 312 1465 349 sequatur,
1491 312 1543 339 aut
1574 307 1627 339 ille
1659 307 1868 339 confirmetur

1135 360 1188 402 qui
1214 370 1283 392 eam
1307 369 1373 392 non
1398 359 1564 399 observet,
1592 370 1776 392 oneramus.

1177 413 1191 455 ἓ
1216 412 1246 444 5.
1274 412 1417 451 Demum,
1442 418 1476 444 ut
1496 413 1599 445 omnis
1618 413 1744 445 occasio
1765 417 1868 446 trans·
1889 422 2058 445 promuntunu-

1877 449 2001 470 ministratio
2022 451 2058 470 bo·

1135 464 1304 506 grediendi
1339 470 1548 507 praeceptum
1579 465 1618 497 de
1642 475 1707 497 non
1732 470 1948 504 contre-omnm
1970 478 1991 495 et
2011 476 2057 506 sea-

1134 517 1256 550 ctandis
1281 516 1423 549 denariis
1440 527 1496 549 seu
1513 517 1660 560 pecuniis
1684 501 2057 561 auferatur,giiiiiiiiiiaafti'i'iiss

1134 570 1284 602 omnibus
1308 575 1340 602 et
1363 570 1496 612 singulis
1522 570 1597 602 dicti
1622 569 1750 602 Ordinis
1775 555 1998 612 prae-‘'⁵⁹⁰⁹m'

1133 621 1204 654 latis
1230 621 1293 654 sive
1318 621 1540 665 superioribus
1556 622 1588 654 in
1606 622 1719 654 virtute
1737 627 1866 654 sanctae

1110 674 1356 714 'obedientiae‚
1393 685 1429 706 ac
1462 675 1520 707 sub
1551 676 1655 717 poena
1678 674 1866 717 privationis

1133 737 1263 759 suorum
1289 727 1476 766 officiorum,
1494 727 1693 769 iniungimus
1709 732 1744 759 ut
1759 726 1865 760 nullo¹

1132 779 1285 820 religioso
1325 779 1471 811 eiusdem
1516 779 1643 812 Ordinis
1677 779 1867 822 permittant

1132 831 1446 864 administrationem
1471 832 1656 870 fundorum,
1677 831 1865 864 reddituum

1132 889 1185 915 aut
1210 894 1488 926 quarumcumque
1523 884 1659 916 aliarum
1698 893 1805 916 rerum
1834 889 1867 916 et

1131 936 1290 968 bonorum
1314 936 1479 968 mobilium
1505 937 1553 968 vel
1579 936 1800 975 immobilium,
1816 946 1865 968 cu·

1131 988 1320 1030 iuscumque
1339 988 1460 1020 domini
1481 988 1535 1020 illa
1552 988 1625 1027 sint,
1647 993 1678 1020 et
1696 989 1865 1030 signanter

1131 1046 1164 1072 ut
1188 1040 1267 1073 nulli
1287 1041 1515 1082 religiosorum
1532 1040 1659 1073 Ordinis
1682 1040 1863 1073 huiusmodi

1131 1093 1336 1136 permittatur
1352 1093 1589 1125 administratio
1608 1093 1766 1126 bonorum
1785 1099 1864 1126 tem-

1130 1144 1288 1187 poralium
1313 1145 1446 1177 alicuius
1463 1145 1651 1177 monasterii
1676 1145 1863 1178 monialium

1130 1198 1189 1229 sub
1206 1197 1318 1239 quovis
1331 1202 1498 1239 praetextu
1516 1202 1570 1229 aut
1587 1197 1727 1237 nomine,
1746 1207 1863 1240 nempe

1129 1249 1409 1287 administratoris,
1428 1249 1564 1292 syndici,
1583 1249 1721 1288 factoris,
1741 1249 1860 1290 coloni,

1130 1302 1437 1345 superintendentis,
1453 1301 1562 1341 villici,
1588 1307 1642 1334 aut
1665 1301 1726 1335 alio
1752 1302 1863 1345 quovis

1130 1354 1342 1397 imaginabili.

1173 1409 1188 1451 ἓ
1212 1408 1243 1440 6.
1271 1409 1489 1440 Decernentes
1522 1399 1652 1440 easdem
1673 1412 1862 1450 praesentes
1900 1412 2018 1435 chumbe-

1131 1461 1252 1493 litteras
1277 1465 1309 1492 et
1332 1460 1364 1492 in
1389 1460 1434 1492 eis
1460 1465 1613 1492 contenta
1629 1470 1862 1503 quaecumque,

1131 1513 1227 1546 etiam
1253 1524 1291 1546 eo
1315 1513 1402 1555 quod
1427 1512 1613 1555 superiores
1634 1517 1666 1545 et
1682 1513 1795 1545 fratres
1811 1512 1862 1545 Or-

1131 1566 1213 1598 dinis
1239 1565 1412 1608 praedicti,
1437 1565 1557 1607 aliique
1579 1564 1728 1607 quilibet,
1755 1565 1863 1597 cuius-

1131 1628 1268 1660 cumque
1287 1623 1396 1656 status,
1415 1617 1543 1659 gradus,
1560 1616 1692 1656 ordinis,
1710 1616 1864 1659 praeemi-

1130 1671 1257 1703 nentiae
1283 1671 1331 1702 vel
1356 1669 1496 1712 digitatis
1522 1669 1675 1709 existant,
1703 1679 1760 1701 seu
1784 1669 1862 1701 alias

1131 1722 1281 1766 specifica
1304 1727 1336 1755 et
1370 1721 1535 1754 individua
1558 1721 1723 1754 mentione
1748 1726 1779 1754 et
1802 1731 1859 1754 ex-

1131 1775 1298 1817 pressione
1323 1773 1423 1816 digni‚
1449 1773 1480 1805 in
1505 1773 1691 1815 praemissis
1709 1773 1863 1805 interesse

1132 1828 1286 1859 babentes
1303 1836 1359 1858 seu
1373 1825 1495 1857 habere
1513 1824 1759 1867 quomodolibet
1776 1835 1863 1867 prae-

1132 1879 1322 1917 tendentes,
1347 1877 1410 1910 illis
1436 1887 1499 1909 non
1532 1876 1781 1917 consenserint,
1807 1887 1863 1909 seu

1132 1990 1267 2027 propter
1281 1994 1357 2026 quas
1372 1983 1459 2025 ipsae
1477 1987 1662 2025 praesentes
1675 1981 1863 2021 emanarint,

1132 2036 1328 2068 sufficienter
1353 2035 1532 2074 adductae,
1559 2033 1742 2066 verificatae
1767 2038 1799 2066 et
1822 2033 1865 2066 iu-

1132 2088 1285 2121 stificatae
1306 2098 1371 2120 non
1390 2087 1522 2126 fuerint,
1542 2091 1598 2119 aut
1621 2097 1657 2118 ex
1676 2086 1738 2119 alia
1762 2086 1865 2128 quali-

1132 2142 1197 2181 bet,
1218 2141 1313 2173 etiam
1335 2139 1539 2183 qiutntumvis
1558 2138 1706 2178 veridica,
1721 2138 1865 2180 legitima

1132 2199 1163 2226 et
1187 2192 1389 2236 privilegiata
1412 2193 1516 2231 causa,
1544 2192 1663 2231 colore,
1694 2195 1865 2233 praetextu

1132 2247 1181 2278 vel
1198 2246 1313 2287 capite,
1332 2245 1429 2277 etiam
1448 2244 1480 2276 in
1498 2253 1632 2286 corpore
1649 2243 1727 2274 iuris
1746 2243 1864 2282 clauso,

1132 2299 1226 2331 etium
1251 2297 1404 2336 enormis,
1430 2296 1674 2329 enormissiniae
1706 2300 1736 2327 et
1760 2294 1866 2327 totalis

1133 2350 1305 2389 laesionis,
1341 2350 1430 2381 nullo
1471 2358 1610 2390 unquam
1644 2352 1789 2390 tempore
1826 2347 1865 2379 de

1133 2402 1352 2444 subreptionis
1385 2402 1433 2433 vel
1459 2400 1660 2443 obreptionis
1690 2404 1746 2431 aut
1769 2399 1866 2432 nulli-

1134 2456 1205 2487 tatis
1235 2454 1335 2493 vitio,
1360 2464 1416 2486 seu
1442 2453 1631 2485 intentionis
1656 2457 1787 2484 nostrae
1812 2455 1867 2483 aut

1110 2519 1112 2523 ⁴
1133 2507 1288 2538 iuteresse
1329 2505 1517 2538 habentium
1542 2514 1738 2543 consensus,
1765 2503 1866 2536 aliove

1170 2571 1179 2594 1
1205 2568 1273 2595 Edit.
1295 2568 1372 2593 nain.
1393 2566 1457 2601 legit
1476 2566 1552 2592 nulli
1571 2568 1607 2599 (R.
1624 2568 1672 2597 T.).
