2111 3157
35 142 82 168 An.
105 140 133 166 C.
153 135 219 167 16⁸}ss

55 1936 142 1956 Obstnnt
158 1941 209 1955 nnn-

28 1962 96 1982 nult-in„
126 1963 198 1982 Ponttli

30 1994 76 2008 cuin
91 1989 181 2009 litterae.

225 189 323 226 ralta„
351 188 450 221 frater
485 199 633 233 expresse
665 190 832 233 professus
856 196 897 223 et
920 191 952 223 in

225 241 364 274 Romana
407 242 500 274 Curia
539 249 730 285 procurator
767 244 952 286 provinciae

223 294 254 326 S.
282 293 366 326 Petri
392 294 429 326 de
456 296 626 328 Aleantara
655 296 689 328 in
714 296 867 339 Hispania
892 297 953 328 fra-

223 351 306 378 trum
332 347 486 379 Minorum
512 347 640 380 Ordinis
669 349 769 381 saneti
793 348 951 381 Francisci

223 398 395 432 Strictioris
414 399 640 433 observantiae
657 401 720 433 sive
744 401 954 433 Discaleeato-

223 461 295 483 rum
318 458 570 494 nuncupatorum
587 479 594 492 ‚
619 453 718 496 quod,
745 463 814 485 cum
840 453 952 485 fratres

224 504 325 536 dictae
349 504 531 547 provinciae
559 505 622 538 Deo
654 506 686 538 in
717 506 829 549 spiritu
856 517 952 538 evan-

223 556 327 598 gelieo
344 557 474 596 servire,
493 559 636 599 regulam
662 558 736 590 dicti
761 558 888 591 Ordinis
905 570 952 591 ac-

222 614 329 640 curate
360 618 500 648 servare,
529 611 667 652 populos
691 611 776 643 bono
802 613 950 654 exemplo

222 660 402 699 aedificare,
428 672 620 705 omnemque
646 673 776 706 operam
802 675 861 708 pro
887 666 953 708 spi-

222 713 328 745 rituali
344 713 599 747 christifidelium
619 717 840 750 consolatione
855 724 950 761 atque

220 764 358 797 utilitate
395 766 581 808 impendere
617 768 743 801 assidue
780 775 948 812 satagant,

220 816 294 849 ideo
319 818 408 851 multi
436 830 470 851 ex
498 820 589 853 dictis
608 822 737 863 populis
756 833 856 855 novos
875 834 951 855 ron-

220 876 333 902 ventus
352 871 485 904 instituti
505 873 661 906 dictorum
681 875 811 907 fratrum
834 876 951 909 [tisral-

221 928 381 955 ceatorum
400 924 525 966 erigere
547 928 690 969 eupiunt,
713 928 861 971 dictaque
883 940 949 971 pro-

219 978 324 1010 vincia
345 979 501 1012 eiusmodi
524 981 734 1014 conventibus
753 993 949 1024 magnopere

220 1030 354 1074 indiget,
370 1032 488 1076 quippe
506 1044 595 1076 quae,
607 1034 681 1067 licet
695 1046 754 1078 per
769 1035 827 1067 tria
841 1047 948 1078 regna,

220 1084 415 1118 Granatense
434 1087 564 1124 scilicet,
581 1088 716 1120 Murciae
738 1095 769 1121 et
789 1089 951 1123 Giennen-

220 1148 266 1177 se,
282 1138 412 1171 dilatata
437 1139 488 1176 sit,
513 1141 665 1173 tredecim
697 1146 802 1175 tamen
828 1143 951 1176 dumta—

220 1196 272 1223 xat
287 1197 462 1223 conventus
477 1192 584 1232 habet,
612 1204 748 1236 quorum
766 1195 864 1237 aliqui
880 1206 950 1228 eum

221 1243 260 1275 ab
285 1243 354 1275 aliis
379 1245 592 1277 conventibus
616 1246 712 1287 longe
734 1247 851 1279 distent
867 1274 874 1286 ,
903 1248 951 1280 111-

220 1296 385 1328 commoda
409 1297 557 1329 redditur
580 1297 729 1331 ministro
760 1300 949 1341 provinciali

219 1348 347 1381 illorum
383 1348 543 1388 visitatio,
571 1355 602 1382 et
626 1350 788 1390 fratribus,
817 1353 890 1384 dum
912 1353 950 1385 ab

218 1411 284 1433 uno
299 1401 337 1433 ad
360 1400 458 1434 alium
477 1408 667 1435 conventum
691 1405 949 1444 transferentur¹,

219 1463 284 1485 non
309 1453 415 1485 minus
430 1454 666 1487 incommodum
686 1461 733 1488 est
758 1461 879 1488 tantum
902 1457 952 1489 iti-

219 1505 304 1538 neris
334 1506 472 1548 pedibus
504 1506 589 1539 iuxta
626 1518 737 1540 eorum
770 1508 951 1542 institutum

219 1568 399 1600 peragere,
426 1559 572 1601 quinimo
607 1571 840 1603 nonnunquam
865 1567 952 1595 extra

218 1611 368 1654 proprios
386 1617 561 1644 conventus
576 1618 763 1655 pernoctare
781 1620 950 1656 coguntur,

219 1673 392 1706 paremque
414 1664 708 1698 incommoditatem
730 1666 890 1699 sustinent
907 1668 951 1701 illi

218 1716 348 1754 fratres,
376 1715 450 1758 qui²
467 1717 503 1749 ad
523 1718 647 1760 aliquas
673 1724 774 1751 terras
799 1719 952 1753 distantes

219 1768 258 1800 ab
295 1767 357 1800 illis
392 1767 446 1799 ubi
490 1779 604 1801 eorum
645 1776 821 1803 conventus
858 1771 952 1814 positi

221 1826 308 1853 sunt.
336 1820 455 1858 Quibus
487 1822 635 1854 omnibus
666 1822 875 1856 incommodis
904 1835 954 1857 re-

221 1875 362 1908 medium
387 1874 604 1914 adhiberetur,
632 1874 656 1907 si
682 1876 846 1917 provincia
865 1888 955 1920 prae-

222 1927 307 1960 dicta
332 1928 440 1970 plures
465 1926 601 1959 haberet
626 1933 811 1960 conventus.
828 1928 952 1967 Verum,

221 1978 297 2011 licet
328 1989 445 2021 magna
479 1979 519 2011 sit
556 1978 683 2011 illorum
720 1979 899 2021 indigentia
924 1986 955 2012 et

222 2030 432 2073 quorumdam
447 2030 638 2072 populorum
654 2030 755 2072 pietas
770 2041 869 2063 novos
883 2042 955 2064 con-

221 2088 335 2114 ventus
360 2081 544 2114 huiusmodi
571 2081 676 2114 dietae
699 2082 882 2125 provinciae
909 2083 955 2115 of-

223 2133 313 2173 ferat,
332 2135 402 2177 ipsa
419 2139 526 2166 tamen
545 2133 712 2177 provincia
726 2134 799 2167 illos
820 2134 954 2167 fundare

222 2186 336 2229 nequit
366 2191 501 2228 propter
530 2186 685 2229 quasdam
712 2186 814 2219 felicis
840 2197 952 2219 recor-

223 2238 362 2271 dationis
376 2238 548 2270 Clementis
568 2238 670 2279 Papae
688 2238 750 2270 Vlll
769 2240 955 2281 praedeees-

223 2291 306 2323 soris
325 2291 426 2323 nostri
446 2290 568 2323 litteras
587 2290 618 2322 in
639 2290 735 2322 simili
759 2291 861 2323 forma
881 2291 956 2323 Bre-

226 2343 273 2375 vis
299 2342 350 2374 die
374 2353 406 2376 x1
432 2343 499 2375 iulii
524 2352 602 2376 iunci
627 2343 665 2374 ad
691 2342 875 2376 instantiam
898 2343 956 2375 fra-

224 2400 307 2428 trum
321 2395 476 2428 Minorum
496 2395 679 2438 provinciae
693 2394 956 2438 Carthaginensis

261 2466 272 2491 1
296 2465 388 2499 Aptius
404 2464 462 2499 tege
483 2465 701 2498 transferuntur
718 2464 756 2498 (a.
776 2465 823 2497 T.).

260 2509 277 2536 2
297 2507 375 2536 Deest
388 2508 496 2536 verbum
511 2507 682 2543 perquntvel
693 2508 955 2543 mittuntur(n.·r.).

799 140 1009 167 INNOCENTH'S
1031 144 1062 168 XI
1087 142 1135 167 1²1³.

1621 134 1680 167 tot

972 197 975 239 ξ
995 191 1122 223 Ordinis
1147 190 1288 224 eiusdem
1306 191 1407 224 sancti
1433 191 1593 224 Francisei
1611 192 1650 224 de
1668 192 1723 224 Ob-

972 244 975 294 }
995 244 1151 276 servantia
1174 250 1430 287 nuncupatorum
1456 244 1631 286 expeditas,
1657 244 1724 286 qui-

972 296 1054 328 ?bus
1082 302 1220 336 cavetur,
1245 302 1281 328 ut
1305 297 1416 329 fratres
1442 297 1578 329 Minores
1605 296 1726 329 Discat-

995 348 1074 380 ceati
1111 355 1287 381 conventus
1324 360 1436 381 eorum
1472 349 1606 381 instituti
1640 349 1726 381 inter

994 402 1129 443 spatium
1166 408 1303 444 quatuor
1332 403 1495 435 leucarum
1520 412 1536 434 a
1561 402 1724 434 conventi-

993 453 1052 485 bus
1068 453 1167 496 ipsius
1185 455 1370 496 provinciae
1384 454 1644 496 Carthaginensis
1659 454 1725 487 fun-

993 505 1070 538 dare
1096 512 1278 548 nequeant3
1298 517 1377 549 quae
1404 507 1529 539 litterae
1547 517 1563 538 a
1580 507 1724 540 recolen-

994 558 1052 590 dae
1070 558 1241 590 memoriae
1267 559 1446 592 Alexandro
1467 559 1551 602 Papa
1568 559 1616 591 vlt
1634 570 1726 602 prae-

994 610 1164 643 decessore
1178 611 1301 653 pariter
1312 617 1431 651 nostro,
1445 623 1504 655 per
1516 622 1589 644 suas
1603 612 1726 655 pariter

994 662 1025 693 in
1053 663 1153 695 forma
1177 663 1287 696 Brevis
1312 664 1363 696 die
1385 675 1421 697 xx
1450 665 1591 697 octobris
1606 675 1724 698 MDCLXI

993 725 1048 746 seu
1075 715 1138 748 alio
1163 716 1279 749 veriori
1306 722 1453 760 tempore
1479 722 1641 750 emanatas
1673 718 1725 750 lit—

994 767 1318 809 tet*ttS,confi1·matae,
1334 770 1415 802 etad
1433 770 1632 813 provinciam
1650 770 1725 803 Gra-

994 825 1159 853 natensem
1172 820 1301 853 fratrum
1314 821 1469 854 Minorum
1483 822 1592 855 itidem
1611 823 1649 855 de
1666 822 1726 854 Ob-

994 873 1151 905 servantia
1176 873 1251 905 dicti
1270 874 1395 907 Ordinis
1414 880 1526 908 contra
1544 875 1724 918 provincias

994 926 1127 957 fratrum
1153 927 1426 960 Disealceatorum
1456 928 1631 971 ampliatae
1659 928 1725 961 fue-

994 984 1080 1010 runt.

1036 1031 1050 1073 ,ξ
1068 1031 1098 1063 ⁶2.
1118 1031 1193 1065 Cum
1211 1038 1328 1073 autem,
1343 1033 1424 1066 sieut
1439 1033 1550 1066 eadem
1565 1034 1723 1076 expositio
1747 1066 1750 1069 Δ

993 1084 1215 1123 subiungebat,
1225 1085 1353 1119 litterae
1368 1086 1530 1128 praefatae
1549 1087 1586 1118 ad
1604 1086 1725 1118 instan-

995 1136 1067 1168 tiam
1093 1137 1250 1169 dietorum
1281 1138 1415 1171 fratrum
1445 1140 1483 1171 de
1508 1139 1724 1179 observantia,

993 1200 1057 1221 non
1083 1190 1198 1222 auditis
1223 1189 1372 1223 fratribus
1396 1191 1612 1230 DiscaleeatiS,
1640 1203 1726 1224 ema-

994 1242 1151 1282 naverint,
1172 1243 1268 1286 idque
1295 1244 1385 1277 facile
1411 1245 1495 1277 factu
1523 1245 1624 1283 fuerit,
1651 1244 1727 1287 quia

994 1301 1188 1337 procurator
1212 1297 1374 1337 generalis
1399 1297 1473 1329 dicti
1505 1296 1645 1335 Ordinis,
1673 1297 1727 1339 qui

994 1346 1025 1378 in
1052 1346 1194 1380 Romana
1225 1348 1319 1380 Curia
1353 1349 1490 1387 residet,
1518 1359 1647 1392 semper
1678 1356 1728 1381 est

994 1409 1029 1430 ex
1057 1399 1205 1432 fratribus
1230 1400 1267 1432 de
1286 1400 1512 1439 Obswvantia,
1538 1402 1626 1433 nulla
1651 1411 1727 1433 vero

994 1452 1170 1485 adsitratio
1188 1453 1292 1485 solido
1319 1453 1392 1484 nixa
1418 1453 1636 1492 fundamento,
1653 1463 1728 1496 pro-

996 1510 1066 1547 pter
1091 1515 1184 1547 quam
1215 1505 1247 1537 in
1280 1507 1395 1547 magna
1420 1515 1594 1547 regnorum
1619 1516 1729 1548 supra-

995 1556 1152 1589 dictorum
1184 1563 1273 1599 parte
1299 1557 1445 1600 impediri
1472 1557 1588 1590 debeat
1612 1568 1729 1600 propa-

995 1609 1079 1649 gatio
1106 1609 1241 1641 instituti
1268 1609 1428 1642 dictorum
1454 1610 1585 1642 fratrum
1611 1610 1729 1642 Diseal-

996 1667 1172 1700 eeatorum,
1194 1661 1259 1703 qui,
1274 1663 1416 1703 regulam
1443 1662 1641 1705 praedictam
1660 1663 1730 1694 stri-

996 1718 1044 1745 cte
1070 1719 1246 1753 servantes,
1270 1713 1324 1746 Dei
1350 1713 1486 1756 gloriam
1513 1719 1544 1746 et
1560 1713 1728 1755 religionis

997 1767 1146 1799 decorem
1172 1776 1364 1808 promovere
1381 1776 1511 1809 semper
1528 1766 1729 1804 studuerunt,

997 1819 1256 1861 populorumque
1281 1817 1495 1851 aedificationi
1522 1828 1654 1860 operam
1680 1818 1730 1850 de-

997 1871 1123 1909 derunt,
1152 1875 1182 1901 et
1214 1870 1350 1912 proinde
1377 1870 1481 1903 dietus
1506 1870 1728 1902 Ferdinandus

997 1927 1189 1965 procurator
1223 1922 1397 1964 plurimum
1433 1921 1542 1965 cupiat
1564 1922 1729 1964 praefatae

996 1974 1181 2017 provinciae
1205 1973 1236 2006 S.
1264 1974 1347 2006 Petri
1367 1974 1406 2006 de
1432 1975 1600 2007 Aleantara
1623 1973 1729 2006 indul-

998 2027 1073 2068 geri,
1099 2031 1145 2066 ut,
1165 2037 1230 2058 non
1256 2026 1458 2059 obstantibus
1477 2026 1593 2059 litteris
1618 2036 1729 2069 supra-

998 2078 1099 2117 dietis,
1126 2083 1189 2110 tres
1214 2088 1314 2110 novos
1340 2084 1525 2117 conventus
1549 2088 1649 2110 unum
1670 2079 1730 2110 sei-

998 2131 1073 2164 licet
1104 2131 1136 2162 in
1172 2130 1231 2162 ista
1267 2130 1393 2163 civitate
1427 2130 1614 2163 Malaeitana
1636 2131 1728 2172 regni

997 2183 1211 2221 Graiiatensis,
1239 2184 1374 2215 alterum
1400 2182 1431 2214 in
1457 2183 1578 2225 oppido
1603 2183 1728 2216 civitate

998 2240 1183 2277 nuncupato
1205 2235 1242 2267 de
1253 2235 1351 2267 Baeza
1368 2235 1459 2276 regni
1478 2234 1678 2274 (Hennensis,
1698 2240 1732 2267 et.

997 2288 1157 2330 reliquum
1194 2287 1226 2318 in
1262 2287 1337 2319 villa
1372 2287 1410 2319 de
1447 2288 1556 2320 Auxad
1586 2287 1728 2320 eiusdem

997 2341 1087 2382 regni
1107 2340 1313 2372 Granatensis
1330 2340 1368 2373 ad
1386 2345 1513 2373 montes
1532 2341 1727 2382 Alpuxarras

998 2392 1182 2434 nuncupati,
1208 2392 1338 2424 servatis
1364 2397 1469 2425 tamen
1501 2392 1539 2424 de
1564 2393 1634 2424 iure
1660 2402 1728 2424 ser-

998 2445 1110 2477 vandis
1137 2444 1242 2487 quoad
1260 2444 1392 2487 reliqua,
1415 2450 1446 2476 et
1462 2444 1633 2477 accedente
1652 2455 1729 2477 eon-

998 2507 1093 2531 sensu
1118 2497 1260 2539 illorum,
1276 2507 1413 2541 quorum
1438 2506 1616 2530 consensus
1640 2506 1729 2530 acce-

1732 144 1782 170 Α11.
1799 144 1827 170 C.
1846 140 1914 170 1678

1762 1041 1801 1060 Cur
1817 1045 1855 1060 aaa
1877 1045 1917 1059 uon

1735 1069 1777 1086 sint
1807 1068 1918 1087 attendun-

1737 1093 1783 1113 dae.
