2111 3157
174 216 223 244 Aa.
243 216 273 244 (ι.
297 215 363 245 icso
407 207 472 242 332

402 275 451 296 vn.
475 266 508 296 Et
531 265 555 296 si
578 265 694 305 aliquis,
718 263 876 304 praedictis
894 263 1028 294 omnibus
1044 273 1099 293 non

363 315 535 353 observatis,
559 319 608 344 aut
630 323 686 343 non
709 317 842 352 repertus
864 312 996 351 idonens,
1014 312 1099 342 fuerit

363 365 398 394 ad
420 365 545 403 aliquem
569 363 698 393 ordinem
723 366 882 402 promotus,
902 372 959 392 non
983 362 1102 401 permit-

364 417 442 442 tatur
473 412 499 441 ei
531 411 642 441 ordinis
664 411 889 448 administratio,
913 411 1004 440 donec
1026 410 1101 440 iudi-

364 466 445 491 cetur
467 461 599 490 idoneus.
630 460 664 489 Et
685 459 818 498 superior
841 459 1027 495 monasterii,
1052 459 1100 498 qui

364 509 487 539 voluerit
506 508 550 537 vel
565 508 651 537 etiam
668 507 833 546 permiserit
855 507 1019 546 qnempiam
1037 517 1102 546 pro-

365 557 487 593 moveri,
511 556 650 595 puniatur
671 555 779 585 iudicio
801 555 918 594 capituli
945 556 1099 593 generalis.

404 614 464 634 vui.
487 604 611 635 Caveant
633 604 719 633 etiam
744 607 838 642 patres
854 613 889 633 ne
905 604 998 643 primo
1013 614 1099 640 anno,

365 664 421 694 quo
444 654 509 693 quis
535 653 695 683 monachus
712 653 799 682 alicui
819 653 993 682 monasterio
1012 653 1102 691 depu-

365 707 453 739 tatur,
477 711 543 731 eum
566 702 601 731 ad
623 701 740 731 ordines
763 710 859 730 sacros
882 701 1046 740 promoveri
1062 701 1101 730 sa-

364 751 457 787 ciant,
482 751 539 780 nisi
560 750 682 780 servatis
704 749 879 788 supradictis
900 748 1051 785 omnibus,
1073 752 1101 778 et

364 799 486 838 insuper
513 798 612 828 habito
640 807 782 828 consensu
804 797 923 836 praelati
951 801 979 826 et
1007 797 1102 826 senicu

364 857 428 877 rum
456 847 625 878 monasterii
658 847 687 877 in
710 856 766 886 qno
795 846 876 886 prius
904 846 980 876 idem
1007 855 1102 875 mora-

364 896 459 926 batur.

404 954 443 973 ix.
467 944 634 974 Mandantes
658 943 804 973 universis
829 943 965 982 praelatis
986 946 1101 972 nostrae

364 993 601 1031 Congregationis
618 996 761 1032 quatenus
780 1001 832 1031 pro
848 992 944 1021 missis
960 991 1042 1021 novis
1058 1000 1103 1020 ce-

364 1041 512 1071 lebrandis
543 1050 600 1071 non
631 1041 799 1080 permittant
826 1040 970 1069 solemnes
997 1039 1102 1068 invita-

364 1090 458 1119 tiones
480 1094 529 1119 aut
552 1089 711 1118 oblationes
735 1089 809 1126 fieri,
827 1088 876 1117 sed
893 1097 963 1126 pure
980 1096 1012 1116 ac
1034 1088 1103 1117 sim-

364 1138 478 1176 pliciter
500 1138 606 1176 (prout
641 1141 757 1167 nostrae
784 1136 1003 1166 consuetudinis
1038 1136 1101 1173 est)

364 1187 560 1223 celebrentur,
584 1195 637 1216 nee
660 1186 765 1216 missae
788 1195 878 1215 novae
897 1189 1052 1215 cantentur
1073 1185 1101 1214 iu

364 1236 468 1265 alienis
486 1235 636 1274 quibusvis
654 1235 797 1270 ecclesiis,
814 1234 863 1264 sed
882 1238 994 1264 tantum
1013 1235 1040 1263 in
1057 1243 1103 1264 ec-

366 1285 453 1314 eles-ia
476 1284 720 1323 congregationis.

404 1342 433 1363 Χ.
458 1333 589 1363 Ordinati
605 1332 779 1367 sacerdotes,
799 1331 822 1361 si
839 1331 985 1361 celebrare
1004 1331 1104 1361 nolue-

365 1383 435 1418 rint,
460 1383 555 1412 dicant
580 1382 609 1411 in
632 1382 721 1411 choro
743 1381 927 1419 antiphonas,
951 1381 1024 1410 sieut
1048 1381 1104 1410 cle-

365 1432 429 1467 riei,
453 1431 509 1460 nisi
532 1431 630 1469 aliqua
651 1430 782 1467 legitima
804 1430 837 1459 dc
862 1430 959 1465 causa,
978 1439 1029 1468 per
1046 1439 1104 1458 ma-

365 1481 436 1510 ioris
458 1480 548 1519 partis
570 1479 719 1509 seniorum
743 1479 882 1508 iudicium
904 1478 1102 1518 approbanda,

366 1533 553 1559 excusentur.

405 1588 444 1608 xr.
468 1579 502 1608 Et
523 1578 589 1617 quia
619 1578 654 1607 ad
682 1577 840 1607 sacerdotis
865 1577 992 1608 officium
1017 1577 1104 1615 perti-

366 1633 415 1659 net
439 1629 530 1667 ligare
558 1632 587 1658 et
608 1627 738 1664 solvere,
766 1627 796 1656 in
819 1636 875 1665 quo
897 1627 1055 1656 aucteritas
1077 1630 1104 1655 et

366 1678 486 1707 scientia
507 1677 685 1716 requiritur,
712 1676 893 1713 iniungimus
917 1674 1053 1714 praelatis
1074 1678 1104 1703 ut

366 1727 401 1756 ad
430 1726 590 1756 audiendas
619 1725 816 1755 confessiones
839 1724 1030 1753 saecularium
1054 1724 1105 1753 eli-

366 1779 435 1812 gant
451 1779 499 1804 aut
516 1778 679 1813 proponant
696 1773 853 1802 monachos
867 1773 901 1801 ad
922 1772 948 1801 id
966 1772 1084 1801 idoneos
1096 1795 1103 1809 ,

366 1824 445 1852 iuxta
478 1822 698 1861 dispositionem
732 1820 852 1851 Concilii
883 1820 1045 1849 Tridentini
1078 1824 1105 1849 et

367 1870 589 1900 constitutiones
611 1874 736 1899 nostras.
757 1869 791 1898 Et
813 1869 865 1897 hoc
881 1868 1049 1905 diligentius
1065 1871 1106 1897 at-

366 1919 446 1949 tendi
479 1919 623 1956 volumus,
653 1927 688 1947 ne
720 1917 810 1956 (quod
833 1916 920 1955 absit)
944 1916 972 1945 in
996 1916 1105 1945 aniina-

367 1978 432 1998 rum
449 1968 669 2005 detrimentum,
687 1971 714 1996 et
730 1967 880 2005 religionis
896 1966 1105 1999 confusionem,

367 2016 481 2056 aliquos
496 2016 531 2046 ad
548 2019 658 2046 tantum
674 2025 781 2045 munus
799 2014 993 2045 exercendum
1010 2014 1105 2043 minus

366 2065 479 2095 habiles
500 2064 681 2103 praesentari
704 2064 862 2101 contingat.
885 2063 1022 2092 Distriete
1040 2071 1107 2101 pro-

367 2113 500 2143 hibentes
516 2122 552 2142 ne
573 2113 680 2152 aliquis
696 2122 731 2141 ex
753 2112 854 2142 nostra
876 2111 1106 2149 Congregatione

368 2163 529 2191 monachus
558 2161 649 2200 possit
680 2160 848 2190 huiusmodi
871 2160 1034 2189 facultatem
1058 2168 1108 2187 au-

368 2210 467 2239 diendi
494 2210 688 2239 saecularium
711 2209 907 2239 consessiones
929 2208 964 2237 ab
987 2207 1109 2237 Ordina-

368 2259 420 2289 riis
450 2259 578 2289 Iocorum
613 2263 731 2298 petere,
765 2262 793 2288 et
825 2258 949 2287 obtentis
981 2256 1108 2286 licentiis

368 2307 428 2345 uti,
461 2307 569 2346 absque
599 2308 711 2338 abbatis
733 2308 777 2337 sui
807 2307 937 2337 lieentia..
962 2306 1109 2336 Contrasa-

370 2355 480 2384 cientes
509 2365 577 2385 vero
609 2356 737 2394 graviter
764 2355 934 2394 puniantur.
967 2354 1108 2392 Deputent

369 2404 490 2443 insuper
521 2405 551 2433 in
583 2405 706 2443 singulis
729 2404 933 2442 monasteriis,
960 2403 1038 2433 iuxta
1061 2403 1109 2432 de-

372 2457 483 2482 cretum
512 2453 603 2482 felicis
625 2453 835 2482 reeordationis
864 2451 1019 2483 Clementis
1046 2450 1108 2480 Yul

371 2511 460 2541 super
481 2511 600 2531 casuum
623 2501 832 2539 reservatione,
856 2501 938 2539 duos,
963 2504 1036 2536 tres,
1061 2503 1110 2529 aut

371 2550 470 2590 plures
493 2550 696 2587 confessarios,
716 2559 767 2589 pro
782 2549 965 2579 subditorum
988 2557 1109 2578 numero

371 2599 474 2629 maiori
502 2599 545 2628 vel
575 2598 698 2635 minori;
729 2598 809 2636 iique
840 2598 897 2628 sint
919 2598 1011 2635 docti,
1041 2607 1109 2637 pru-

947 214 1127 239 ·orLrAmmi
1150 214 1303 243 nomnen
1886 213 1934 242 An.
1955 213 1985 242 C.
2006 214 2072 244 ¹680

1144 262 1257 300 dentes,
1280 272 1314 292 ac
1338 262 1478 291 charitate
1501 261 1636 301 praediti,
1660 261 1708 302 qui
1725 271 1738 292 a
1762 271 1819 292 non
1834 270 1882 292 re-

1144 311 1265 339 servatis
1288 320 1336 340 eos
1365 310 1526 348 absolvant,
1552 314 1579 340 et
1600 310 1705 349 quibus
1727 311 1812 340 etiam
1836 320 1882 341 re-

1144 363 1323 388 servatorum
1356 358 1499 388 absolutio
1521 359 1735 396 committatur,
1766 360 1881 399 quando

1144 417 1228 437 casus
1250 408 1420 438 occurrerit.

1183 466 1232 485 xu.
1250 456 1315 494 Qui,
1333 457 1365 486 ad
1382 457 1436 486 hee
1453 465 1558 486 munus
1576 456 1671 494 electi,
1689 456 1824 486 studeant
1839 456 1883 486 di-

1144 504 1267 542 ligenter
1289 505 1358 534 huic
1390 509 1448 534 tam
1478 504 1701 534 commendabili
1733 504 1827 534 officio
1851 514 1881 535 se

1143 557 1225 591 aptos
1247 552 1383 591 reddere,
1408 562 1582 592 omnemque
1604 552 1777 582 industriam
1799 552 1882 582 adhi-

1144 601 1247 639 beant,
1281 605 1312 631 ut
1345 601 1380 631 ob
1412 602 1460 631 Dei
1491 602 1628 630 bonorem
1658 601 1882 640 animarumque

1144 650 1264 679 salutem
1292 651 1360 689 (qua
1384 651 1455 680 nihil
1479 654 1521 680 est
1544 650 1600 680 Deo
1627 650 1787 689 acceptius)
1810 657 1881 689 opus

1144 708 1227 728 suum
1261 699 1374 728 utiliter
1395 703 1588 737 exequantur.
1612 698 1690 734 Quod
1713 702 1745 728 ut
1766 698 1881 737 dIgnius

1144 747 1347 786 adimpleatur,
1363 747 1450 777 etiam
1463 747 1638 783 visitatores,
1655 747 1678 776 si
1695 756 1766 786 opus
1782 746 1880 785 fuerit,

1145 796 1279 834 praelatis
1311 796 1381 825 haee
1412 795 1508 825 omnia
1540 799 1638 825 exacte
1660 804 1779 825 servare
1801 804 1882 825 man-

1144 843 1264 873 dabunt.

1184 901 1243 921 xul.
1267 891 1424 921 Interdicet
1446 892 1533 921 etiam
1556 891 1702 931 praelatus
1724 891 1778 922 sub
1800 893 1882 930 gravi

1145 942 1237 979 poena
1269 941 1319 976 iis,
1353 940 1402 979 qui
1432 940 1466 969 ad
1496 940 1654 969 audiendas
1683 940 1881 970 consessiones

1145 993 1212 1018 sunt
1227 989 1369 1028 deputati,
1381 998 1417 1018 ne
1436 989 1536 1028 quavis
1552 989 1714 1027 occasione,
1733 998 1784 1019 seu
1800 998 1883 1028 prae-

1146 1041 1222 1066 textu
1246 1037 1359 1076 pietatis
1381 1041 1408 1066 et
1429 1037 1626 1076 eleemosynae
1649 1037 1826 1077 pauperibus
1842 1037 1884 1067 sa-

1145 1085 1275 1121 ciendae,
1299 1094 1392 1124 neque
1404 1085 1489 1115 etiam
1507 1094 1558 1124 pro
1575 1085 1671 1114 missis
1686 1085 1881 1124 celebrandis,

1145 1134 1270 1173 aliquam
1300 1134 1453 1172 pecuniam
1488 1137 1603 1172 petant,
1638 1138 1687 1165 aut
1718 1133 1843 1163 oblatam
1866 1142 1882 1163 a

1146 1183 1351 1213 confitentibus
1377 1184 1523 1223 accipiant
1553 1184 1654 1223 quovis
1683 1183 1814 1223 quaesito
1836 1193 1885 1214 co-

1146 1233 1217 1261 lore.
1240 1232 1319 1267 Quod
1342 1233 1366 1262 si
1389 1233 1453 1272 quis
1475 1242 1509 1262 cx
1528 1232 1732 1262 confitentibus
1755 1232 1883 1271 pertina-

1147 1281 1208 1310 cius
1240 1281 1388 1311 insisteret
1416 1281 1524 1320 aliquid
1549 1281 1631 1318 dare,
1664 1281 1700 1311 ad
1731 1281 1881 1311 sacristam

1147 1330 1313 1359 monasterii
1336 1330 1488 1368 dirigatur.

1185 1387 1243 1408 x1v.
1260 1379 1429 1408 Inhihemus
1445 1379 1582 1418 praelatis
1599 1382 1747 1418 praeterea
1770 1382 1798 1409 et
1821 1388 1882 1409 mo-

1146 1427 1247 1456 nachis
1276 1432 1391 1457 nostrae
1413 1427 1650 1465 Congregationis
1668 1427 1818 1457 occasione
1839 1427 1883 1457 vi-

1146 1475 1289 1504 sitationis
1311 1479 1359 1505 ant
1383 1476 1565 1506 assistentiae
1589 1476 1774 1506 intirmorum
1799 1479 1882 1506 extra

1146 1523 1320 1553 monasteria
1342 1524 1481 1553 dormire.

1186 1581 1232 1601 xv.
1257 1572 1298 1601 Ad
1312 1573 1413 1602 funera
1425 1576 1453 1602 et
1468 1576 1647 1602 mortuorum
1657 1572 1794 1612 exequias
1809 1571 1883 1602 nulli

1146 1623 1263 1651 omnino
1284 1621 1420 1650 accedere
1442 1621 1537 1651 liceat.

1186 1679 1243 1699 xvi.
1268 1670 1395 1709 Denique
1412 1670 1562 1700 monachis
1575 1670 1682 1700 nostris
1700 1670 1842 1709 fugitivis,
1859 1670 1884 1700 si

1147 1719 1196 1757 qui
1219 1719 1337 1755 suerint,
1360 1719 1403 1747 vel
1434 1719 1482 1757 qui
1506 1722 1585 1748 extra
1617 1718 1811 1748 obedientiam
1833 1728 1884 1748 no-

1147 1771 1237 1796 stram
1260 1767 1293 1797 ad
1318 1776 1415 1796 sacros
1433 1767 1550 1796 ordines
1566 1771 1783 1806 promoventur,
1802 1767 1826 1796 si
1841 1776 1885 1797 re-

1148 1816 1267 1851 dierint,
1298 1826 1355 1845 non
1379 1816 1565 1855 permittatur
1587 1816 1616 1845 in
1639 1816 1681 1845 eis
1704 1816 1883 1853 ministrare,

1147 1865 1204 1894 nisi
1226 1873 1277 1903 per
1300 1864 1459 1902 capitulum
1479 1864 1613 1902 generale
1629 1873 1695 1894 cum
1710 1864 1753 1894 eis
1768 1864 1885 1904 dispen-

1148 1917 1238 1948 setur,
1263 1916 1290 1943 et
1315 1922 1349 1942 ex
1371 1922 1475 1942 novem
1502 1912 1704 1942 definitoribus
1732 1916 1796 1942 octo
1818 1922 1886 1942 con-

1148 1962 1284 1991 sentiant.
1314 1961 1343 1991 Si
1365 1961 1430 2000 quis
1452 1965 1547 1991 autem
1571 1961 1601 1991 in
1628 1961 1784 2001 apostasia,
1808 1961 1886 2001 quod

1148 2010 1223 2040 Deus
1254 2013 1376 2046 avertat,
1405 2010 1522 2040 ordines
1544 2010 1702 2049 receperit,
1727 2009 1762 2040 ab
1784 2018 1886 2040 eorum

1148 2059 1417 2089 admninistratione
1440 2062 1579 2098 perpetuo
1602 2059 1745 2089 arcendus
1767 2058 1834 2088 erit.

1162 2113 1257 2144 CAPUT
1280 2113 1374 2143 LXIII.
1398 2129 1437 2134 —
1458 2112 1497 2143 De
1518 2113 1612 2143 ordine
1642 2112 1873 2152 Congreyalionis.

1193 2167 1328 2200 Ordines
1353 2177 1426 2199 suos
1452 2168 1484 2199 in
1510 2166 1709 2199 monasterio
1734 2166 1778 2198 ita
1812 2175 1889 2198 con·
1957 2170 2082 2192 Attendatnr

1151 2225 1290 2259 servent‚
1315 2225 1350 2252 ut
1374 2220 1597 2253 conversionis
1624 2224 1752 2262 tempus
1788 2224 1820 2252 et
1843 2219 1886 2252 vi·
1899 2198 2082 2245 iffiisslsetmiiieer‘i:

1153 2279 1202 2306 tae
1227 2273 1378 2306 meritum
1404 2273 1568 2314 discernit,
1602 2273 1651 2306 vel
1685 2272 1784 2305 abbas
1814 2252 1951 2304 con-iffi·
1982 2256 2082 2278 persona-

1152 2326 1303 2358 stituerit.
1331 2326 1388 2363 Qui
1414 2327 1514 2358 abbas
1539 2336 1605 2359 non
1630 2324 1801 2358 conturbet
1818 2334 1890 2367 gre-

1153 2390 1224 2421 gem
1249 2379 1309 2411 sibi
1335 2379 1551 2419 commissum,
1584 2388 1643 2411 nec
1673 2378 1764 2421 quasi
1788 2377 1891 2410 libera

1153 2438 1247 2466 utens
1265 2438 1425 2476 potestate
1443 2432 1563 2465 iniuste
1582 2432 1733 2475 disponat
1749 2430 1889 2474 aliquid;

1153 2487 1210 2519 sed
1241 2487 1363 2529 cogitet
1393 2496 1521 2529 semper
1552 2485 1625 2528 quia
1662 2485 1701 2518 de
1740 2484 1890 2518 omnibus

1152 2539 1282 2573 iudiciis
1308 2545 1340 2573 et
1365 2540 1516 2584 operibus
1541 2539 1605 2572 suis
1630 2538 1818 2572 redditurus
1841 2541 1892 2571 est:

1152 2593 1217 2627 Deo
1241 2593 1414 2628 rationem.
1448 2592 1532 2636 Ergo
1558 2592 1606 2637 (a)
1632 2591 1808 2626 secundum
1839 2582 1896 2625 or*v
