2111 3157
8 242 35 263 n.
55 230 84 260 C.
100 228 168 257 1688

0 239 6 264 i
176 276 293 309 nendis
325 285 359 308 se
394 276 574 308 nullatenus
607 274 813 315 intromittat,
848 274 909 306 nisi

179 339 251 362 cuin
275 338 335 371 per
370 327 561 371 priorissam
593 327 691 360 fuerit
720 327 909 370 requisitus:

176 380 421 424 reprehendere
443 386 549 413 tamen
573 385 680 423 potest
699 390 735 412 ac
751 389 909 419 accusare,

175 443 247 466 cum
263 432 380 466 viderit
397 433 566 476 expedire,
584 438 615 465 et
632 431 714 465 tam¹
730 432 762 464 in
780 431 911 476 prioris-

175 495 242 518 sam
267 496 362 529 quam
387 486 419 518 in
444 487 601 519 moniales
625 491 813 528 ceterasque
838 495 912 527 per-

175 548 268 571 sonas
293 538 422 572 Ordinis
449 549 520 571 cum
545 538 591 571 eis
608 542 844 571 commorantes
863 547 910 569 ex·

174 590 475 624 communicationis
500 596 532 624 et
556 589 781 634 suspensionis
806 594 838 621 et
862 590 910 621 in-

173 643 302 676 terdicti
328 644 520 684 sententias,
545 654 614 676 curn
640 652 774 675 necesse
800 641 906 682 suerit,

173 698 390 739 promulgare,
417 702 448 730 et
468 696 546 730 alias
565 696 685 740 prioris
699 695 837 727 officium
855 705 908 737 ge-

172 758 254 789 rere,
280 749 340 782 nisi
367 749 563 783 eontrarium
582 748 615 781 in
636 747 762 781 statutis
783 757 908 790 expres-

171 812 206 834 se
232 808 372 835 notetur.

214 865 324 889 vaui.
352 855 506 888 Moniales
538 854 640 887 nostri
671 854 798 887 Ordinis
823 863 906 885 sem-

169 918 229 951 per
246 913 413 941 recurrant
432 908 471 940 ad
490 907 672 940 visitatores
690 917 777 946 suos,
796 912 825 938 et
843 905 904 948 ipsi

169 962 312 994 habeant
344 962 473 1004 plenam
497 965 692 1004 potestatem
722 970 739 992 a
763 959 904 1002 capitulo

169 1013 314 1056 generali
345 1014 516 1047 ordinandi
550 1013 581 1045 in
614 1011 762 1045 omnibus
794 1011 833 1044 de
859 1010 903 1044 eis

169 1067 254 1100 iuxta
278 1067 414 1100 sormam
440 1071 631 1099 statutorum
662 1070 846 1098 nostrorum
873 1069 903 1097 et

168 1120 430 1160 ordinationum,
458 1130 540 1163 quae
575 1120 615 1152 ad
651 1130 705 1151 eas
731 1123 901 1162 spectant3

167 1172 245 1216 ipsis
270 1173 356 1206 enim
388 1173 596 1206 committitur
624 1182 702 1205 cura
725 1171 902 1204 animarum

168 1236 276 1259 earum
302 1231 334 1259 et
358 1236 583 1259 conversarum
608 1224 763 1268 ipsarum,
789 1224 845 1256 sed
870 1223 902 1255 in

167 1278 317 1322 gravibus
343 1279 444 1312 causis
471 1278 635 1311 debebunt
656 1277 834 1310 visitatores
851 1287 903 1308 ea-

164 1341 237 1364 rum
261 1332 433 1364 consulere
458 1331 633 1374 capitulum
663 1331 815 1372 gencrale
849 1333 903 1361 aut

166 1384 311 1428 priorem
336 1384 523 1417 Carthusiae
548 1394 645 1426 super
669 1393 801 1415 annum.

209 1446 294 1470 xux.
321 1436 351 1469 Si
371 1438 595 1479 eleemosynae
614 1435 762 1468 venerint
783 1435 821 1467 ad
839 1445 903 1467 ma-

165 1499 225 1522 nus
238 1489 383 1533 priorum
401 1489 601 1528 dividendae,
623 1489 770 1521 volumus
788 1493 823 1520 ut
840 1498 903 1520 mo-

166 1541 269 1575 niales
303 1542 406 1575 nostri
436 1541 564 1575 Ordinis
605 1542 746 1574 habeant
781 1544 903 1584 partein

167 1605 276 1636 suam;
302 1596 328 1627 si
353 1606 428 1628 vero
453 1606 513 1638 per
538 1605 592 1627 eos
624 1595 677 1638 qui
704 1605 757 1627 eas
784 1594 904 1626 faciunt

168 1648 421 1688 distribuantur,
445 1654 480 1681 ut
504 1648 627 1681 eisdem
662 1652 788 1691 partem
814 1658 903 1679 suam

168 1701 374 1739 distribuant,
400 1702 648 1734 admoneantur.

212 1764 242 1788 ι.
268 1754 302 1787 ln
327 1755 566 1788 visitationibus
591 1755 761 1787 domorum
787 1753 904 1786 monia-

169 1807 247 1840 lium
273 1808 398 1850 legatur
432 1818 586 1850 praesens
613 1807 801 1849 capitulum.
828 1806 905 1838 Visi-

169 1860 326 1893 tatoribus
352 1865 459 1893 autem
494 1859 682 1893 monialium
708 1859 904 1902 iniungimus

170 1918 329 1957 quatenus
355 1914 413 1957 ipsi
440 1915 533 1947 ambo
555 1914 604 1946 vel
626 1915 707 1947 alter
725 1924 838 1946 corum
858 1918 906 1945 ter

171 1964 202 2001 in
229 1979 313 2002 anno
338 1972 393 2000 aut
416 1969 530 2000 saltem
556 1967 656 1999 semel
682 1967 720 1999 ad
746 1971 907 1999 monaste-

170 2021 219 2056 ria
243 2021 431 2054 monialium
456 2020 628 2053 accedant:
655 2020 764 2062 ibique
783 2019 821 2052 de
846 2020 908 2051 vita

173 2081 204 2109 et
227 2075 370 2109 moribus
395 2079 428 2107 et
452 2073 664 2106 observantiis
684 2072 821 2113 Ordinis,
840 2083 908 2105 mo-

173 2129 315 2169 nialium,
343 2127 575 2160 monachorum
605 2131 636 2159 et
668 2125 803 2158 aliarum
835 2134 909 2169 per-

174 2192 327 2216 sonarum
363 2180 483 2213 ibidem
515 2179 700 2222 degentium
736 2178 909 2221 diligenter

174 2235 349 2278 inquirant,
367 2239 398 2267 et
422 2232 619 2277 prohibeant
641 2242 680 2265 ne
700 2232 766 2265 illio
782 2232 838 2265 ulli
856 2233 910 2265 ha-

175 2289 272 2322 beant
296 2288 444 2327 devotas3
471 2285 663 2329 provideant
687 2286 782 2318 etiam
809 2291 842 2318 ut
876 2296 909 2319 0-

177 2351 268 2375 mnes
279 2340 456 2384 apostolico
470 2349 559 2372 more
574 2339 787 2372 communiter
796 2339 909 2378 vivant,

177 2394 259 2428 nihil
277 2393 337 2426 sibi
355 2392 526 2436 proprium
552 2402 623 2424 esse
643 2391 761 2431 dicant,
778 2396 809 2423 et
822 2392 912 2435 quid-

179 2448 256 2492 quid
281 2447 327 2481 eis
352 2447 445 2479 datur
468 2450 522 2477 aut
545 2445 690 2484 mittitur,
708 2444 739 2477 in
766 2445 912 2478 manibus

134 2514 137 2516 ·
178 2501 354 2546 priorissae
378 2499 508 2531 realiter
531 2498 696 2540 resignent
719 2503 748 2531 et
768 2498 912 2538 offerant,

179 2565 241 2589 nec
264 2564 302 2588 eo
328 2557 457 2585 utantur
477 2552 546 2584 sine
572 2551 638 2584 eius
662 2551 756 2592 scitu,
783 2551 913 2585 lieentia

218 2617 309 2645 inlate
320 2616 362 2643 ed.
376 2615 453 2642 Main.
471 2614 630 2650 legiteeiam
645 2623 692 2649 pro
708 2617 734 2642 et
750 2617 807 2642 tam
824 2614 910 2649 (n.r.).

268 2670 346 2698 Bull.
368 2670 449 2697 Rom.
475 2670 533 2696 Vol.
555 2684 588 2688 —
608 2669 679 2696 XIX·
831 2669 880 2695 115

749 226 960 249 INNOCENTH’S
986 227 1015 249 Ni
1041 227 1087 249 rt.

1581 218 1643 249 {lla
1691 227 1738 253 Αιι.
1761 227 1788 252 C.
1810 227 1874 253 1088

953 278 984 306 et
1008 274 1179 314 voluntate,
1205 278 1239 306 ut
1264 274 1412 307 omnibus
1443 274 1621 317 aequaliter
1646 276 1684 307 dc

954 326 1147 359 necessariis
1180 327 1410 370 provideatur,
1444 328 1591 370 nihilque
1629 328 1686 359 lia-

952 379 1070 418 beant,
1097 379 1156 411 nisi
1188 380 1276 422 quod
1306 380 1352 413 eis
1383 381 1421 414 de
1458 380 1619 413 communi
1645 379 1684 412 ab

953 431 1144 465 officialibus
1174 433 1398 466 ministratur:
1434 433 1478 466 ita
1514 439 1545 466 et
1577 434 1686 467 taliter

953 486 1039 527 quod
1071 496 1165 519 omne
1197 496 1299 528 genus
1333 486 1542 530 proprietatis
1575 487 1614 519 ab
1640 488 1686 520 eis,

952 538 1080 581 penitus
1098 540 1355 582 praescindatur.
1370 539 1459 578 Quod
1477 540 1504 572 si
1518 540 1599 573 sorte
1619 551 1686 573 mo-

952 591 1054 623 niales
1085 592 1212 635 aliquae
1249 593 1281 625 in
1314 592 1376 625 hoc
1408 592 1580 635 priorissae
1606 604 1684 627 suae

951 643 1085 677 obedire
1110 645 1291 686 noluerint,
1318 650 1350 678 et
1385 656 1466 688 quae
1496 646 1617 678 habent
1652 647 1684 680 in

951 696 1097 729 manibus
1129 697 1193 730 suis
1227 698 1413 740 resignare,
1450 698 1524 731 vino
1554 704 1685 732 careant

950 748 1054 781 donec
1076 750 1136 782 sibi
1162 751 1342 793 paruerint.

992 811 1035 834 L1.
1062 801 1255 835 provideant
1279 803 1401 845 pariter
1421 803 1603 837 visitatores
1623 805 1683 849 ipsi

949 853 1035 887 circa
1059 855 1241 887 clausuram
1267 866 1378 888 earum
1394 883 1401 895 ,
1428 856 1512 889 circa
1539 860 1684 892 saecula-

948 906 1031 939 rium
1045 907 1083 940 ad
1099 917 1152 940 eas
1168 908 1359 949 ingressum,
1375 913 1406 940 et
1419 909 1503 941 circa
1517 909 1578 941 alia
1592 920 1683 951 gene-

947 959 1068 1000 raliter,
1089 971 1169 1004 quae
1187 961 1225 993 ad
1248 971 1359 993 earum
1378 966 1494 994 statum
1516 962 1685 1005 pertinent

947 1019 978 1045 et
1001 1015 1148 1055 salutem,
1175 1016 1235 1047 tale
1254 1015 1425 1049 consilium
1444 1021 1621 1059 apponant,
1642 1027 1682 1048 ne

947 1076 982 1098 ex
1001 1066 1108 1109 aliqua
1132 1067 1215 1100 circa
1242 1068 1303 1100 hoc
1321 1068 1520 1111 negligentia
1542 1069 1683 1111 graviter

946 1125 1134 1152 remaneant
1152 1120 1307 1163 obbligati
1325 1122 1357 1153 in
1375 1121 1425 1154 die
1444 1121 1556 1154 Iudicii
1575 1124 1682 1155 coram

946 1178 1065 1214 sponso
1084 1183 1193 1205 earum
1212 1174 1343 1206 domino
1361 1174 1432 1206 lesu
1449 1174 1590 1207 Christo.

989 1234 1044 1258 L11.
1070 1225 1192 1259 Statuto
1218 1232 1379 1269 perpetuo
1406 1232 1438 1259 et
1463 1227 1681 1270 irrefragabili

946 1277 1131 1311 ordinamus
1156 1289 1195 1312 ne
1221 1280 1337 1313 amodo
1369 1280 1399 1312 in
1425 1278 1543 1313 Ordine
1568 1286 1681 1314 nostro

946 1332 1059 1365 domus
1078 1343 1177 1366 novae
1200 1333 1389 1366 monialium
1411 1333 1611 1376 recipiantur
1628 1338 1683 1365 aut

945 1385 1214 1428 incorporentur,
1240 1386 1296 1418 sed
1324 1391 1444 1418 tantum
1478 1396 1554 1418 cura
1587 1386 1680 1418 nobis

945 1438 1083 1471 sufficiit
1107 1444 1330 1481 susceptarum
1356 1451 1387 1470 ι).

989 1492 1058 1535 ἓῧ.
1082 1492 1179 1524 Nobis
1201 1498 1372 1550 piopteiea
1403 1491 1479 1524 dicti
1512 1500 1679 1534 exponen·
1691 1497 1791 1546 saihs-⁹„-
1773 1503 1794 1516 ⁸
1796 1499 1875 1545 ijntgi

947 1550 992 1578 tes
1014 1545 1180 1578 humilitei
1198 1545 1371 1588 supplicari
1398 1545 1543 1577 fecerunt
1564 1550 1598 1576 ut
1618 1531 1831 1576 gj}]jdc=1.sssi‹u,1.1

946 1598 1024 1641 ipsis
1050 1599 1081 1630 in
1100 1599 1257 1641 praemiss
1263 1599 1288 1630 is
1306 1603 1489 1641 oppoitune
1508 1598 1681 1641 providere

946 1657 978 1684 et
1001 1656 1033 1683 ut
1058 1651 1141 1683 infra
1166 1651 1334 1692 indulgere
1361 1652 1399 1684 de
1426 1651 1625 1693 benignitate
1650 1662 1683 1684 a-

946 1704 1101 1748 postolit
1089 1715 1105 1735 ι
1130 1704 1215 1745 dign
1210 1714 1348 1736 arentin.

990 1758 1004 1800 ἓ
1027 1757 1059 1789 4.
1085 1757 1148 1789 Nos
1175 1757 1281 1799 igitur,
1303 1756 1355 1798 qui
1373 1756 1525 1789 Oidinem
1550 1756 1866 1815 Psffedbctffide'ffflj.
1828 1763 1877 1782 1¹¹-

947 1816 1043 1850 ctum,
1070 1813 1099 1843 et
1124 1809 1208 1842 illius
1233 1820 1399 1852 peisonas,
1426 1820 1492 1841 non
1517 1814 1720 1858 cessantes-13*
1716 1818 1846 1860 ιηιωι
1841 1822 1877 1861 „⁰2

948 1863 978 1896 in
998 1874 1102 1896 terum
1120 1863 1303 1895 divinaiuin
1322 1863 1594 1906 contemplatione
1612 1863 1680 1895 sub
1693 1839 1823 1914 Ξζζιεῑῡοῐῑ
1814 1871 1877 1888 cno-

949 1916 1069 1949 limium
1095 1915 1231 1948 Domino
1258 1915 1422 1955 famulari,
1448 1916 1478 1947 in
1506 1915 1683 1948 visceribus

949 1969 1089 2011 gerimus
1113 1968 1489 2008 charitatis‚Innocentii
1515 1968 1632 2011 prioris
1653 1973 1685 2001 et

950 2022 1083 2054 ministri
1124 2021 1288 2064 generalis
1320 2021 1477 2063 praedicti
1514 2022 1619 2054 zelum
1652 2021 1684 2053 in

950 2075 1084 2107 Domino
1098 2075 1274 2117 plurimum
1289 2074 1560 2113 commendantes,
1579 2074 1685 2117 ipsum

951 2133 981 2161 et
1006 2127 1194 2161 definitores
1228 2127 1388 2169 praefatos
1421 2127 1613 2169 specialibus
1646 2127 1685 2160 sa-

950 2180 1078 2214 voribus
1103 2185 1135 2212 et
1159 2179 1271 2221 gratiis
1296 2179 1451 2222 prosequi
1476 2181 1634 2219 volentes,
1653 2184 1686 2213 et

951 2244 1062 2267 eorum
1093 2233 1271 2274 singulares
1296 2242 1453 2275 personas
1478 2243 1495 2265 a
1521 2232 1686 2275 quibusvis

951 2285 1300 2324 excommunicationis,
1332 2285 1556 2327 suspensionis
1586 2290 1618 2318 et
1639 2285 1687 2318 in-

953 2340 1090 2378 terdicti,
1108 2339 1245 2381 aliisque
1260 2337 1487 2371 ecclesiasticis
1505 2337 1686 2379 sententiis,

953 2392 1099 2426 censuris
1125 2396 1157 2424 et
1180 2391 1294 2434 poenis
1310 2417 1317 2430 ‚
1344 2401 1362 2423 a
1386 2390 1456 2423 iure
1481 2391 1530 2423 vel
1555 2391 1594 2422 ab
1628 2390 1688 2423 ho-

954 2446 1058 2484 mine,
1084 2444 1197 2488 quavis
1222 2443 1393 2477 occasione
1410 2444 1460 2477 vel
1484 2445 1578 2475 causa
1604 2443 1688 2483 latis,

954 2499 978 2532 si
1005 2499 1122 2542 quibus
1149 2496 1395 2540 quomodolibet
1425 2496 1599 2529 innodatae
1624 2497 1690 2529 exi-

954 2558 1054 2591 stunt,
1069 2552 1107 2584 ad
1127 2550 1272 2583 effectum
1289 2549 1508 2593 praesentium
1523 2549 1688 2581 duntaxat

954 2604 1232 2648 consequendum,
1249 2603 1362 2636 harum
1380 2602 1462 2636 serie
1481 2603 1688 2636 absolventes
