2111 3157
0 211 22 230 ι.
40 201 68 230 C.
91 201 158 230 ¹679

738 201 946 227 INNOCENTIUS
968 202 998 226 XI
1023 201 1072 226 PP-

165 251 307 291 tandum,
327 256 463 294 quatuor
486 251 534 284 vel
560 251 701 294 quinque
727 261 894 294 processus
913 262 915 287 l
937 256 989 282 aut
1015 250 1092 282 alias
1119 247 1364 292 quomodolibet
1394 245 1592 289 primodictis
1617 244 1667 277 lit-

166 304 340 346 originales
365 304 396 336 in
423 305 574 337 tribunali
597 303 817 347 Inquisitionis
843 303 915 334 1111-1

165 367 274 390 versus
297 358 490 390 haereticam
509 357 692 399 pravitatem
712 355 895 388 huiusmodi

166 410 198 442 111
224 410 345 442 eisdem
370 410 477 451 regnis
502 409 691 441 auctoritate
717 408 895 451 apostoliea

166 462 312 495 instituto
345 467 458 494 contra
488 472 561 494 reos
598 461 636 493 de
667 461 826 493 iudaismo
852 459 894 491 in-

167 514 300 557 quisitos
325 525 383 547 seu
408 519 572 546 accusatos
598 514 647 546 vel
673 512 892 550 denunciatus,

167 568 221 610 qui
241 568 336 600 etiam
356 572 516 609 tamquam
544 566 683 608 negativi
705 566 738 598 in
755 576 892 608 poenam

166 621 362 654 ordinariam
387 619 589 653 condemnati
615 620 751 659 fuerant,
777 619 839 650 iam
860 618 894 649 11-

165 673 250 706 nitos
272 678 303 705 et
320 672 515 711 terminatos,
534 671 566 704 in
584 671 729 703 manibus
748 670 892 703 eiusdem

165 724 305 758 Marcelli
329 724 566 767 archiepiscopi
587 730 617 756 et
641 723 749 756 nuncii
765 723 895 756 realiter

166 783 199 811 et
222 789 294 811 cum
319 777 433 811 effectu
462 778 668 820 consignasse
695 783 727 810 et
759 776 893 809 tradisse

166 831 298 864 omnino
323 831 474 869 deberet,
500 830 653 873 alioquin,
675 829 894 872 elapsoxdicto

165 883 315 923 termino,
332 893 391 916 nec
411 885 545 926 sequuta
562 882 703 915 ell'ectiva
727 882 896 923 consigna-

165 936 253 969 tione
285 946 494 979 processuum
524 935 728 975 huiusmodi,
756 946 793 968 co
824 935 894 978 ipso

165 993 230 1021 tam
254 989 359 1032 ipsum
383 989 589 1021 Verissimum
614 988 894 1030 arehiepiscopum

166 1043 205 1074 ab
230 1042 335 1075 officio
371 1042 532 1085 generalis
564 1041 762 1085 inquisitoris
787 1042 896 1073 huius-

164 1094 250 1127 modi
275 1094 337 1127 sibi
362 1104 380 1126 a
403 1093 497 1127 nobis
520 1104 579 1137 per
599 1094 675 1126 alias
696 1099 821 1126 nostras
839 1104 896 1126 110-

166 1152 247 1180 stras
271 1147 392 1190 pariter
416 1146 447 1179 in
477 1147 577 1179 forma
601 1147 710 1179 Brevis
735 1152 896 1179 emanatas

165 1199 289 1233 litteras
305 1199 510 1239 demandato,
529 1199 681 1242 omnique
699 1204 729 1231 et
746 1209 896 1242 quacum-

167 1262 230 1295 que
255 1253 427 1284 autoritate
452 1251 511 1283 sibi
538 1262 596 1294 per
620 1251 746 1283 easdem
772 1252 896 1284 litteras

167 1305 414 1347 quomodolibet
438 1304 598 1343 attributa,
616 1314 710 1346 quam
734 1314 845 1336 omnes
867 1309 897 1335 et

168 1358 315 1400 singulos
353 1357 432 1389 alios
468 1356 683 1399 inquisitores,
708 1357 741 1388 in
773 1357 896 1389 eisdem

168 1409 276 1452 regnis
300 1420 318 1442 a
342 1409 426 1442 dicto
450 1408 623 1441 Verissimo
649 1408 896 1451 archiepiscopo

168 1463 303 1506 eiusque
328 1462 634 1505 praedecessoribus
651 1461 898 1504 inquisitoribus

169 1515 372 1558 generalibus
389 1514 567 1557 respective
584 1514 704 1546 electos
722 1525 776 1547 seu
803 1515 900 1556 depu-

169 1574 252 1601 tatos
270 1568 319 1600 vel
336 1567 541 1600 confirmatos
566 1578 582 1600 a
606 1567 670 1600 suis
694 1567 816 1610 pariter
832 1578 900 1599 mu-

169 1622 315 1659 neribus,
342 1620 494 1663 omnique
521 1625 679 1662 potestate
704 1620 819 1661 agendi
845 1630 898 1652 seu

170 1673 368 1717 procedendi
395 1678 448 1704 aut
484 1672 562 1704 alias
593 1672 840 1714 quomodolibet
867 1682 899 1703 se

170 1726 341 1768 ingerendi
369 1726 401 1758 in
433 1727 538 1758 causis
563 1726 599 1757 ad
625 1731 768 1757 sanetum
794 1725 901 1766 luqui-

171 1779 296 1812 sitionis
314 1778 452 1811 officium
470 1778 501 1810 111
520 1778 670 1820 praefatis
685 1778 899 1820 Portugalliae

172 1838 202 1865 et
220 1831 445 1873 Algarbiorum
462 1831 568 1873 regnis
592 1831 704 1874 (1110115
721 1831 815 1863 1110110
830 1841 901 1873 5110-

172 1884 352 1922 ctantibus,
384 1884 486 1916 donec
520 1889 550 1915 et
575 1894 742 1926 quousque
768 1884 860 1916 aliter
885 1894 900 1915 a

173 1937 266 1970 nobis
290 1942 321 1969 ct
333 1936 414 1969 Sede
433 1936 619 1979 Apostolica
636 1937 780 1978 praelata
797 1937 903 1978 dispo-

174 1991 267 2023 situm
303 1990 352 2022 vel
390 1989 572 2021 ordinatum
599 1989 723 2027 suisset,
751 1990 902 2032 penitus,

174 2042 306 2076 omnino
338 2042 618 2085 suspenderinms,
652 2052 687 2074 ae
719 2042 789 2085 ipso
822 2042 904 2074 sacto

175 2105 352 2138 suspensos
379 2096 458 2134 sore,
484 2094 676 2137 irritumque
702 2100 733 2127 et
756 2095 860 2133 inane,
879 2094 904 2126 si

176 2148 254 2190 quid
279 2147 415 2180 subinde
441 2148 582 2190 desuper
617 2153 680 2180 tam
713 2158 731 2179 a
761 2148 906 2190 praelato

176 2200 348 2233 verissimo
374 2200 630 2243 archiepiscopo,
655 2211 748 2242 quam
773 2200 812 2232 ab
838 2200 908 2232 aliis

178 2253 425 2297 inquisitoribus
447 2254 630 2296 praedictis,
649 2255 697 2286 vel
724 2264 834 2286 eorum
854 2254 909 2286 ali—

179 2316 251 2349 quo,
267 2305 521 2348 quomodolibet,
547 2311 579 2338 et
603 2306 713 2348 quavis
739 2306 910 2339 auctorita-

180 2364 234 2398 te,
261 2358 399 2391 scienter
433 2359 483 2391 vel
516 2358 727 2400 ignoranter,
761 2359 909 2392 attentari

181 2410 389 2452 contigisset·,
415 2415 447 2443 et
477 2415 539 2443 tam
569 2410 674 2453 ipsum
706 2411 912 2444 Verissimum

182 2463 479 2506 archiepiscopum,
497 2474 591 2507 quam
609 2468 737 2496 ceteros
757 2475 869 2497 omnes
883 2471 913 2497 et

183 2515 326 2557 singulos
350 2515 556 2558 inquisitores
575 2516 751 2559 praefatos,
773 2516 799 2549 si
821 2528 913 2560 prae·

183 2573 310 2613 ceptum
334 2573 478 2602 nostrum
503 2568 688 2602 huiusmodi
715 2570 909 2613 transgredi,

913 294 915 307 l

938 303 1013 334 teris
1033 302 1255 335 contravenire
1280 301 1347 332 ausi
1366 300 1509 338 1111550111,
1531 299 1601 341 ipso
1623 298 1667 330 sa-

938 360 989 386 cto
1009 355 1039 386 in
1065 364 1187 397 poenas
1205 354 1388 392 canonicas,
1409 353 1512 395 ipsum
1534 351 1666 394 quidem

939 406 1143 438 verissimum
1163 406 1449 449 arehiepiscopum,
1470 410 1544 436 tunc
1561 403 1668 446 inqui-

938 459 1068 491 sitorem
1088 460 1280 501 generalem,
1300 458 1331 491 in
1353 468 1487 500 poenam
1502 455 1666 489 interdicti

938 511 1318 553 ι111111910551111ἓο01051110,
1337 516 1459 543 eeteros
1472 520 1546 542 vero
1564 509 1668 552 inqui-

937 564 1053 596 sitores
1087 564 1270 606 praedictos
1300 564 1332 595 in
1365 561 1669 595 excommunicatio-

937 627 1010 648 nem
1030 616 1182 648 maiorem
1197 616 1385 659 respective,
1401 615 1521 657 absque
1539 616 1599 647 alia
1618 615 1670 647 de-

937 668 1113 701 claratione
1131 669 1316 701 incursuros
1342 678 1411 701 esse
1433 667 1669 700 decreverimus

938 727 970 753 et
994 721 1280 760 declaraverimus3
1303 720 1540 752 absolutionem
1559 725 1668 752 autem

937 774 975 806 ab
1001 774 1113 806 iisdem
1139 774 1251 816 poenis
1276 773 1370 806 nobis
1389 778 1421 805 et
1441 773 1515 805 huic
1539 778 1669 805 sanctae

937 828 1026 860 Sedis
1044 827 1228 870 specialiter
1245 825 1524 864 reservaverimus,
1544 830 1574 857 et
1591 825 1670 858 alias

938 887 1031 924 prout
1050 881 1081 912 in
1096 879 1295 923 primodictis
1312 877 1424 911 litteris
1443 878 1575 917 nostris,
1594 889 1670 921 quo-

938 945 1007 966 rum
1026 939 1170 966 tenorem
1188 932 1412 975 praesentibus
1444 942 1503 974 pro
1524 932 1620 974 plene
1639 936 1672 964 et

939 986 1135 1018 sufficienter
1167 996 1322 1029 expresso
1358 995 1394 1018 110
1425 985 1464 1017 (10
1495 984 1593 1016 verbo
1629 983 1670 1016 ad

1561 186 1625 220 175
1670 194 1720 221 An.
1736 193 1765 223 0.
1786 194 1856 222 1679
1870 174 1881 179 ’

939 1039 1071 1071 verbum
1096 1038 1218 1071 inserto
1233 1038 1346 1071 haberi
1363 1039 1521 1076 volumus,
1537 1036 1684 1082 uberius

940 1091 1137 1131 0011111101111;
1151 1101 1257 1123 νο111111
1269 1090 1362 1132 (510111
1375 1089 1572 1132 accepimus)
1583 1089 1680 1138 idem]

939 1144 1130 1177 Verissimus
1155 1143 1418 1186 archiepiscopus
1438 1141 1514 1175 olim
1535 1141 1673 1184 inquisi-

942 1202 992 1229 tor
1016 1196 1174 1239 generalis
1195 1196 1344 1228 mandato
1363 1200 1393 1227 et
1415 1200 1589 1237 praecepto
1614 1186 1680 1226 no‘-'

941 1249 1015 1281 stris
1041 1249 1100 1281 sibi
1136 1258 1194 1291 per
1228 1248 1354 1280 easdem
1387 1248 1512 1280 litteras
1540 1246 1671 1278 minime

942 1301 1094 1344 paruerit,
1114 1307 1145 1333 01
1169 1301 1305 1343 proinde
1332 1305 1394 1332 tam
1416 1299 1482 1342 ipse
1501 1310 1595 1342 quam
1622 1309 1673 1331 ce-

943 1355 1002 1388 teri
1027 1355 1103 1387 olim
1127 1354 1337 1397 inquisitores
1357 1352 1512 1395 praedicti
1538 1362 1674 1394 suspen-

941 1409 1065 1441 sionem
1081 1419 1097 1440 a
1112 1407 1177 1439 suis
1191 1407 1370 1450 respective
1385 1405 1570 1438 muneribus
1581 1415 1675 1448 prae-

944 1461 1034 1499 fatis,
1068 1460 1220 1503 omnique
1247 1464 1404 1502 potestate
1431 1464 1462 1491 et
1485 1458 1675 1491 auctoritate

943 1513 1058 1556 agendi
1084 1524 1140 1545 seu
1167 1512 1365 1556 procedendi
1401 1517 1455 1543 aut
1485 1511 1563 1543 alias
1596 1520 1674 1552 quo-

945 1566 1123 1599 modolibet
1140 1577 1173 1598 se
1191 1565 1358 1607 ingerendi
1378 1565 1408 1597 in
1427 1564 1529 1597 causis
1546 1563 1584 1596 ad
1602 1573 1676 1595 san-

944 1625 1028 1651 ctum
1049 1618 1269 1662 Inquisitionis
1291 1618 1429 1650 officium
1448 1616 1557 1660 quovis
1578 1616 1675 1648 modo

944 1673 1174 1715 spectantibus,
1201 1671 1377 1703 iucurrisse
1403 1669 1628 1713 reperiantur:

988 1726 1001 1768 g
1019 1724 1050 1757 02.
1071 1725 1150 1756 111110
1168 1729 1216 1756 051
1232 1723 1317 1766 quod
1337 1733 1407 1761 nos,
1433 1721 1611 1765 praemissa
1635 1721 1673 1753 ad

944 1778 1100 1815 omnium,
1127 1787 1262 1819 quorum
1280 1777 1417 1808 interest
1433 1781 1465 1808 et
1485 1776 1515 1807 in
1537 1775 1676 1806 futurum

945 1830 1101 1869 intererit,
1120 1829 1275 1868 notitiam,
1294 1839 1334 1861 ne
1351 1829 1423 1871 quis
1440 1828 1570 1860 illorum
1591 1827 1679 1869 igno-

947 1883 1049 1915 rantia
1068 1883 1175 1914 t'orsan
1191 1881 1377 1924 decipiatur,
1391 1880 1505 1914 deduci
1525 1881 1680 1918 volentes,

947 1941 1033 1968 motu
1049 1935 1196 1978 proprio,
1214 1945 1249 1966 ac
1263 1945 1299 1966 ex
1319 1936 1404 1966 certa
1421 1933 1554 1966 5010111111
1569 1938 1601 1965 01
1615 1943 1682 1964 ma-

949 1991 1016 2020 tura
1032 1987 1265 2020 deliberatione
1280 1986 1411 2025 nostris,
1426 1987 1530 2029 deque
1552 1989 1683 2028 aposto-

949 2041 1026 2073 licae
1048 2040 1215 2083 potcstatis
1234 2039 1448 2082 plenitudine,
1467 2043 1682 2071 memoratum

948 2093 1156 2126 Verissimum
1171 2092 1452 2134 archiepiscopum
1464 2091 1540 2124 olim
1552 2090 1685 2134 inquisi-

951 2153 1053 2179 torem
1079 2146 1274 2188 generalem,
1292 2149 1484 2188 ceterosque
1510 2144 1683 2187 praefatos,

952 2201 993 2233 ol)
1018 2209 1081 2232 non
1107 2198 1290 2242 praestitam
1315 2198 1467 2230 mandato
1498 2204 1530 2230 et
1553 2208 1685 2241 praece-

953 2258 1007 2295 pto
1035 2251 1153 2284 nostris
1185 2250 1368 2283 huiusmodi
1401 2250 1486 2282 circa
1517 2250 1685 2292 consigna-

954 2305 1073 2337 tionem
1085 2314 1296 2346 processuum
1309 2303 1566 2345 supradictorum
1580 2303 1611 2335 in
1623 2314 1686 2336 ma-

954 2358 1047 2390 nibus
1067 2356 1222 2399 praedicti
1241 2355 1380 2389 Marcelli
1400 2355 1636 2400 archiepiscopi
1654 2361 1687 2389 et

955 2409 1063 2442 nuncii
1089 2414 1123 2441 ut
1148 2408 1328 2452 praefertur
1353 2408 1531 2441 faciendam
1564 2409 1595 2441 in
1621 2414 1688 2441 ter-

956 2462 1042 2495 mino
1060 2472 1155 2504 supra
1168 2471 1320 2504 expresso
1331 2461 1469 2494 debitam
1481 2461 1687 2505 paritionem,

957 2526 995 2548 eo
1015 2516 1083 2558 ipso
1101 2515 1349 2558 suspensionem
1367 2515 1565 2558 praedictam
1579 2515 1689 2548 incur-

957 2570 1053 2610 risse,
1080 2580 1116 2602 ac
1140 2569 1276 2614 proinde
1294 2569 1400 2602 statim
1421 2570 1532 2615 elapso
1550 2568 1689 2604 termino

1713 1726 1834 1747 Doctarauo
1847 1728 1871 1746 ul.

1688 1754 1707 1773 in
1723 1753 1817 1773 rutum.
