2111 3157
408 196 472 229 976
960 203 1140 227 mittamini
1166 203 1319 226 nemmem

364 259 490 293 Festum
516 257 547 290 B.
565 257 679 290 Mariae
704 255 841 298 Virginis
865 255 903 288 de
928 255 1031 288 Monte
1055 255 1199 288 Carmelo
1223 254 1407 288 conceditur
1431 260 1466 288 ut
1489 255 1594 289 officio
1616 260 1647 289 et
1666 256 1762 289 missa
1782 257 1915 301 propria

452 312 585 344 fratrum
617 308 855 342 Carmelitarum
887 307 926 340 ab
954 307 1101 340 omnibus
1134 316 1271 340 coronae
1296 307 1508 350 Portugalliae
1544 308 1692 342 subiectis
1726 309 1914 352 celebretur,

454 363 517 396 ‘167
543 374 562 396 (ι
587 367 616 395 et
635 372 711 405 seq,
736 362 810 395 item
836 360 1005 394 Patrocinii
1029 360 1061 393 B.
1084 361 1122 394 M.
1148 360 1182 393 V.
1208 360 1269 393 iam
1294 364 1366 393 ante
1389 360 1422 393 in
1446 361 1553 403 regnis
1577 361 1800 405 Hispaniarum
1825 362 1915 395 insti-

454 422 567 455 tutum,
597 415 635 447 ad
660 414 782 457 reliqua
801 414 886 457 regis
914 413 1061 447 catholici
1089 413 1230 446 dominia
1258 413 1451 454 extenditur,
1479 413 1544 447 173
1562 424 1582 447 α
1599 419 1630 447 et
1655 424 1736 458 seq.;
1762 414 1794 447 B.
1812 415 1915 448 Thur-

452 469 526 501 ribii
555 478 627 501 cum
656 467 760 501 officio
777 473 807 500 et
831 467 927 501 missa
950 466 1001 500 die
1024 476 1111 500 xxvii
1135 467 1243 510 aprilis
1267 466 1299 499 in
1324 466 1418 499 certis
1443 465 1631 509 quibusdam
1656 467 1735 500 locis
1759 467 1915 500 celebrari

454 521 669 565 permittitur,
698 520 762 554 2190
787 521 804 553 b
829 527 859 553 et
882 531 959 564 .s·eq.;
996 520 1070 553 item
1096 520 1128 552 B.
1154 519 1268 552 Mariae
1300 519 1338 552 de
1374 519 1516 552 Mercede
1540 529 1612 552 cum
1638 520 1733 553 missa
1755 525 1786 553 et
1809 520 1915 554 officio

452 575 583 618 proprio
607 574 646 607 ad
670 574 851 607 universum
876 573 996 606 clerum
1022 584 1195 617 regnorum
1223 574 1308 617 regis
1330 573 1554 617 Hispaniarum
1575 573 1733 613 extendit,
1754 573 1818 606 ⁶237
1839 585 1859 607 a
1885 578 1915 607 et

453 638 529 671 secffi
554 628 631 661 festa
655 628 699 660 Ss.
726 626 851 660 loannis
875 627 913 659 de
937 627 1040 660 Matha
1057 632 1087 660 et
1104 627 1216 660 Felicis
1237 627 1275 660 do
1303 626 1416 667 Valois,
1437 626 1469 658 in
1489 627 1555 660 tota
1579 626 1742 659 dumtaxat
1764 626 1915 670 Hispania

453 681 537 713 iuxta
557 680 712 713 indultum
738 679 905 713 Clementis
929 680 954 712 X
979 685 1070 713 antea
1094 680 1263 721 celebrata,
1275 679 1315 712 ad
1335 689 1461 713 omnem
1480 679 1612 713 Galliam
1638 680 1790 720 extendit,
1807 679 1872 714 390
1897 680 1914 713 b

453 738 480 765 et
505 743 582 776 seq.;
607 738 637 765 et
661 732 693 764 B.
719 733 820 765 Rosae
844 732 991 765 Limanae
1016 733 1054 765 ad
1079 743 1177 776 regna
1202 736 1231 766 et
1256 732 1396 766 dominia
1421 743 1557 766 coronae
1581 733 1769 774 Lusitaniae,
1792 732 1857 767 392
1882 744 1912 767 (ι.

364 786 385 817 F
389 791 529 819 estorum
554 785 786 828 indulgentiae,
810 786 881 819 vide
904 785 1130 828 Indulgentiae.

364 839 468 871 Feuda
488 839 518 873 S.
547 839 634 872 Sedis
659 849 722 872 non
746 839 819 872 licet
843 839 981 871 alienare
1005 839 1072 872 sine
1097 840 1164 872 eius
1189 838 1328 879 licentia,
1353 838 1418 871 665
1442 850 1463 872 (ι
1488 844 1519 871 et
1542 840 1568 871 h.

364 892 460 925 Feudi
486 897 584 925 status
608 893 777 925 Messerani
803 892 979 936 principem
1004 892 1086 925 inter
1103 898 1133 925 et
1150 893 1299 926 vassallos
1316 903 1390 926 suos
1408 903 1502 926 eausa
1527 893 1737 926 committitur
1763 893 1913 937 episcopo

453 946 676 985 Alexandrino,
700 945 743 979 43
768 946 801 985 b,
827 945 974 978 alienatio
1007 945 1149 979 eiusdem
1177 946 1260 979 feudi
1289 946 1368 980 sacta
1393 945 1464 979 duci
1489 946 1664 979 Sabaudiae
1690 946 1730 979 ob
1755 946 1913 980 defectum

452 1000 596 1032 licentiae
613 1000 642 1032 S.
660 999 748 1032 Sedis
768 999 854 1032 nulla
878 1003 909 1032 et
933 998 1023 1031 irrita
1047 999 1237 1040 declaratur,
1258 998 1323 1032 665
1347 1010 1368 1033 α
1392 1005 1422 1032 et
1445 1010 1509 1043 seq.

365 1053 485 1086 Fideles
510 1063 573 1097 quo
598 1053 723 1095 longius
746 1063 764 1085 a
789 1052 968 1086 Catholicae
995 1052 1154 1085 Ecclesiae
1178 1052 1280 1095 capite
1303 1052 1429 1093 absunt,
1454 1061 1491 1085 eo
1516 1051 1697 1094 vigilantior
1720 1051 1813 1084 debet
1845 1061 1913 1084 esse

452 1116 549 1149 super
573 1116 626 1139 eos
651 1106 824 1149 apostolica
848 1106 1038 1148 sollicitudo,
1064 1105 1084 1138 5
1110 1116 1147 1143 ct3
1172 1104 1315 1137 fidelium
1340 1115 1465 1148 greges,
1490 1109 1524 1137 ut
1548 1104 1628 1147 aptis
1657 1109 1821 1147 pastorum
1847 1104 1914 1137 rni-

453 1159 592 1192 nisteriis
625 1164 797 1202 regantur,
823 1169 885 1203 quo
912 1158 1013 1202 magis
1043 1169 1154 1192 eorum
1179 1168 1334 1191 numerus
1365 1157 1498 1197 crescit,
1524 1157 1640 1190 horum
1674 1157 1768 1190 etiam
1803 1167 1912 1190 curam

453 1212 659 1256 multiplicari
684 1212 784 1257 decet,
810 1211 829 1244 8
854 1223 884 1245 α.

364 1264 385 1296 F
390 1265 523 1298 idelibus
548 1265 752 1298 christianam
771 1265 948 1297 doctrinam
966 1264 1167 1298 audientibus
1185 1264 1233 1298 vel
1249 1264 1289 1297 ad
1306 1264 1336 1297 id
1353 1264 1597 1308 cooperantibus
1613 1263 1825 1307 indulgentias
1841 1273 1914 1307 per-

452 1323 562 1361 petuas
586 1319 741 1352 concessit
766 1318 926 1357 Pontifex,
952 1316 1016 1350 685
1041 1328 1061 1351 α
1086 1322 1116 1350 et
1142 1318 1168 1350 b.

364 1371 484 1404 Fliscus
510 1371 675 1404 Ferrerius
702 1372 770 1404 vide
795 1371 969 1403 Feirerius.

364 1424 437 1456 Fori
463 1424 665 1457 ecclesiastici
692 1430 761 1456 taxa
785 1435 844 1467 pro
869 1424 1002 1456 diversis
1027 1424 1130 1456 causis
1154 1423 1354 1464 decernitur,
1380 1424 1444 1458 vr165
1469 1424 1486 1457 b
1511 1430 1541 1457 ct
1565 1435 1627 1467 seq.

363 1479 561 1511 Francliitiae
586 1489 603 1511 a
627 1479 768 1521 gabellis,
793 1479 864 1511 vide
887 1478 1043 1511 Gabellae.

363 1531 560 1565 Franchitias
585 1542 714 1565 reorum
740 1541 777 1564 ex
803 1531 887 1564 Urbe
912 1532 1013 1564 Roma
1039 1531 1207 1564 Pontifices
1231 1531 1375 1575 repetitis
1400 1530 1678 1564 constitutionibus
1698 1530 1912 1571 sustulerunt,

454 1584 516 1617 7:39
541 1585 558 1616 b
589 1590 619 1617 et
644 1596 725 1628 seq.;
752 1584 939 1627 praedictas,
963 1584 1158 1618 confirmatis
1184 1590 1214 1617 et
1238 1585 1394 1618 innovatis
1414 1584 1696 1628 praedecessorum
1722 1583 1913 1617 Pontificum

453 1638 730 1671 constitutionibus
754 1643 784 1671 et
808 1637 888 1671 nova
910 1639 1013 1681 poena
1032 1638 1218 1681 constituta,
1240 1638 1377 1672 abolevit
1394 1638 1595 1671 Innocentius
1612 1638 1662 1678 XI,
1682 1637 1746 1670 764
1762 1648 1783 1670 α
1799 1642 1829 1670 et
1846 1648 1909 1681 seq.

365 1691 547 1724 Franciscus
572 1691 740 1724 cardinalis
764 1691 956 1724 Barberinus
981 1691 1150 1734 episcopus
1175 1691 1346 1732 Ostiensis,
1379 1692 1505 1725 Ordinis
1537 1692 1694 1724 Minorum
1727 1691 1766 1723 de
1798 1690 1910 1723 Obser-

453 1745 553 1776 vantii'i
573 1745 826 1778 [lesorriiatorum
843 1750 1020 1788 protector,
1038 1744 1079 1778 99
1098 1745 1129 1784 b;
1148 1745 1223 1777 item
1241 1744 1337 1777 Tertii
1355 1743 1480 1777 Ordinis
1498 1743 1603 1776 Sancti
1620 1742 1869 1785 Fi'ancisci,178
1883 1743 1910 1783 b;

451 1798 527 1831 dum
558 1798 678 1831 viveret
707 1798 1018 1831 vicecancellariatus
1051 1798 1192 1831 officium
1217 1797 1335 1838 tenuit,
1361 1796 1420 1830 ⁹231
1451 1808 1491 1837 a,
1522 1797 1589 1829 eius
1619 1807 1705 1830 mors
1729 1806 1831 1840 nuper
1855 1806 1908 1829 se-

452 1857 548 1894 quuta
574 1857 780 1891 memoratur,
806 1852 880 1884 ibid.

364 1905 547 1937 Franciscus
572 1905 749 1937 Ludovicus
775 1904 940 1937 Ferrerius
966 1904 1097 1944 Fliscus,
1123 1904 1271 1947 princeps
1295 1903 1475 1944 Masserani,
1500 1902 1542 1935 43
1567 1903 1601 1942 Is,
1627 1903 1725 1946 ipsius
1749 1902 1812 1935 litis
1837 1912 1910 1935 cum

452 1959 592 1991 vassallis
617 1958 826 1991 committitur
851 1959 1000 2001 episcopo
1025 1957 1248 1997 Alexandrino,
1272 1957 1347 1990 ibid.

362 2012 547 2045 Francisous
568 2012 606 2045 de
624 2012 773 2045 Veradier
793 2012 869 2045 olim
887 2012 1039 2045 ccclesiae
1056 2011 1317 2055 metropolitanae
1334 2011 1525 2044 Arelatensis
1542 2010 1795 2052 archidiaconus,
1813 2008 1855 2043 39
1873 2010 1909 2049 b,-

452 2066 548 2108 ipsius
574 2066 712 2107 legatum
735 2065 764 2097 in
782 2066 923 2098 savorem
941 2065 1104 2108 hospitalis
1121 2064 1314 2097 Arelatensis
1332 2074 1403 2097 cum
1422 2073 1520 2097 onere
1543 2062 1723 2106 praestandi
1740 2062 1909 2106 quotannis

452 2119 612 2160 sexaginta
637 2118 733 2150 libras
752 2124 896 2151 monetae
918 2119 1049 2161 gallicae
1074 2129 1133 2162 pro
1150 2117 1308 2160 religiosis
1336 2117 1536 2150 diversorum
1558 2116 1711 2149 Ordinum
1740 2116 1779 2148 ad
1807 2115 1910 2149 studia

453 2181 560 2203 sacrae
582 2171 761 2213 theologiae
786 2171 962 2209 mittendis,
988 2172 1064 2204 ibid.

364 2223 488 2255 Fratres
513 2223 638 2255 Ordinis
674 2224 703 2256 S.
728 2223 905 2265 Augustini,
941 2223 1012 2256 vide
1058 2223 1215 2255 Eremitae
1254 2223 1284 2256 S.
1312 2224 1488 2266 Augustini.
1506 2243 1549 2247 —
1569 2223 1765 2264 Carmelitae,
1791 2232 1846 2255 seu
1871 2222 1909 2255 de

453 2277 553 2309 Monte
578 2277 730 2315 Carmclo,
755 2277 825 2309 vide
849 2276 1044 2309 Carmelitac.
1060 2296 1101 2300 —
1119 2276 1383 2316 Camaldulenses,
1407 2277 1479 2310 vide
1504 2277 1661 2309 Eremitac
1685 2275 1906 2309 Camaldulen-

453 2339 510 2361 ses.
530 2348 570 2353 -
585 2329 708 2362 Ordinis
734 2330 901 2369 Minorum,
922 2330 1020 2363 seuS.
1040 2329 1210 2369 Francisci,
1226 2330 1296 2362 vide
1320 2330 1465 2363 Minores.
1491 2349 1533 2354 —
1558 2329 1683 2362 Ordinis
1708 2328 1908 2362 Praedicato-

452 2392 532 2415 rum.
559 2382 630 2415 vide
655 2382 910 2415 I'raedicatorum
937 2382 1030 2416 Ordo.

366 2433 487 2466 Fratres
513 2435 637 2467 Ordinis
659 2436 688 2468 S
716 2436 801 2467 Pauli
826 2436 919 2478 primi
946 2436 1105 2475 cremitae,
1124 2436 1165 2468 219
1190 2447 1226 2475 α;
1252 2436 1406 2479 quaedam
1433 2440 1548 2470 statuta
1571 2436 1741 2469 definitorii
1766 2435 1907 2469 eiusdem

453 2487 577 2519 Ordinis
602 2489 632 2520 in
658 2489 796 2531 capitulo
821 2489 960 2531 generali
987 2490 1180 2531 congregati,
1205 2490 1444 2530 confirmantur,
1469 2489 1510 2522 19
1536 2489 1563 2522 b.

365 2538 490 2571 Fratres
508 2539 538 2571 B.
558 2540 681 2572 Ioannis
696 2541 747 2573 Dei
766 2551 937 2583 regnorum
956 2542 1125 2585 Hispaniae
1144 2547 1174 2575 et
1191 2542 1361 2584 Indiarum,
1380 2542 1438 2575 704
1457 2543 1491 2583 (13
1510 2543 1652 2586 ipsorum
1669 2542 1795 2575 decreta
1811 2552 1907 2585 quae-

455 2592 524 2623 dam
545 2592 573 2623 in
596 2593 734 2634 capitulo
752 2594 938 2628 intermedio
956 2595 1037 2627 edita
1056 2600 1208 2635 recenset,
1227 2595 1289 2628 70⁶2
1307 2608 1327 2629 (ι
1344 2602 1374 2629 et
1391 2607 1462 2640 seqx,
1480 2606 1579 2640 eaque
1596 2595 1778 2637 confirmat,
1798 2595 1861 2628 707
1878 2596 1905 2628 b.
