<?xml version="1.0" encoding="UTF-8"?>
<!DOCTYPE html PUBLIC "-//W3C//DTD XHTML 1.0 Transitional//EN"
    "http://www.w3.org/TR/xhtml1/DTD/xhtml1-transitional.dtd">
<html xmlns="http://www.w3.org/1999/xhtml" xml:lang="en" lang="en">
 <head>
  <title>
</title>
<meta http-equiv="Content-Type" content="text/html;charset=utf-8" />
  <meta name='ocr-system' content='tesseract 3.04.00' />
  <meta name='ocr-capabilities' content='ocr_page ocr_carea ocr_par ocr_line ocrx_word'/>
</head>
<body>
  <div class='ocr_page' id='page_1' title='image "./bullarumdiplomat19cath_1014.png"; bbox 0 0 2111 3157; ppageno 0'>
   <div class='ocr_carea' id='block_1_1' title="bbox 390 188 1295 222">
    <p class='ocr_par' dir='ltr' id='par_1_1' title="bbox 390 188 1295 222">
     <span class='ocr_line' id='line_1_1' title="bbox 390 188 1295 222; baseline -0.004 0"><span class='ocrx_word' id='word_1_1' title='bbox 390 188 455 222; x_wconf 74' lang='lat'>978</span> <span class='ocrx_word' id='word_1_2' title='bbox 941 195 1118 219; x_wconf 78' lang='lat' dir='ltr'>BULLARIUM</span> <span class='ocrx_word' id='word_1_3' title='bbox 1144 196 1295 219; x_wconf 65' lang='lat' dir='ltr'>neumam</span> 
     </span>
    </p>
   </div>
   <div class='ocr_carea' id='block_1_2' title="bbox 341 247 1896 1408">
    <p class='ocr_par' dir='ltr' id='par_1_2' title="bbox 343 247 1889 343">
     <span class='ocr_line' id='line_1_2' title="bbox 343 247 1889 284; baseline 0 0"><span class='ocrx_word' id='word_1_4' title='bbox 343 251 552 284; x_wconf 80' lang='lat' dir='ltr'>Holtzhauzer</span> <span class='ocrx_word' id='word_1_5' title='bbox 576 250 837 282; x_wconf 72' lang='lat' dir='ltr'>Bartholomaeus</span> <span class='ocrx_word' id='word_1_6' title='bbox 861 247 1051 281; x_wconf 88' lang='lat' dir='ltr'>clericorum</span> <span class='ocrx_word' id='word_1_7' title='bbox 1077 248 1287 281; x_wconf 87' lang='lat' dir='ltr'>saecularium</span> <span class='ocrx_word' id='word_1_8' title='bbox 1320 249 1351 281; x_wconf 91' lang='lat' dir='ltr'>in</span> <span class='ocrx_word' id='word_1_9' title='bbox 1376 249 1538 282; x_wconf 87' lang='lat' dir='ltr'>communi</span> <span class='ocrx_word' id='word_1_10' title='bbox 1564 250 1736 282; x_wconf 88' lang='lat' dir='ltr'>viventium</span> <span class='ocrx_word' id='word_1_11' title='bbox 1766 250 1889 284; x_wconf 88' lang='lat' dir='ltr'>institu-</span> 
     </span>
     <span class='ocr_line' id='line_1_3' title="bbox 432 302 640 343; baseline -0.005 -8"><span class='ocrx_word' id='word_1_12' title='bbox 432 309 499 343; x_wconf 89' lang='lat' dir='ltr'>tor,</span> <span class='ocrx_word' id='word_1_13' title='bbox 525 302 584 335; x_wconf 57' lang='lat'>0241</span> <span class='ocrx_word' id='word_1_14' title='bbox 614 303 640 334; x_wconf 77' lang='lat' dir='ltr'>b.</span> 
     </span>
    </p>

    <p class='ocr_par' dir='ltr' id='par_1_3' title="bbox 343 353 1892 504">
     <span class='ocr_line' id='line_1_4' title="bbox 343 353 1891 400; baseline -0.001 -10"><span class='ocrx_word' id='word_1_15' title='bbox 343 357 504 400; x_wconf 84' lang='lat' dir='ltr'>Hospitale</span> <span class='ocrx_word' id='word_1_16' title='bbox 529 356 558 388; x_wconf 93' lang='lat' dir='ltr'>S.</span> <span class='ocrx_word' id='word_1_17' title='bbox 584 355 709 388; x_wconf 83' lang='lat' dir='ltr'>Antonii</span> <span class='ocrx_word' id='word_1_18' title='bbox 730 354 951 387; x_wconf 78' lang='lat' dir='ltr'>Lusitanorum</span> <span class='ocrx_word' id='word_1_19' title='bbox 977 353 1043 386; x_wconf 87' lang='lat'>440</span> <span class='ocrx_word' id='word_1_20' title='bbox 1067 364 1105 393; x_wconf 80' lang='grc' dir='ltr'>α;</span> <span class='ocrx_word' id='word_1_21' title='bbox 1131 359 1247 386; x_wconf 86' lang='lat' dir='ltr'>statuta</span> <span class='ocrx_word' id='word_1_22' title='bbox 1269 354 1422 387; x_wconf 85' lang='lat' dir='ltr'>nonnulla</span> <span class='ocrx_word' id='word_1_23' title='bbox 1449 364 1466 387; x_wconf 89' lang='lat' dir='ltr'>a</span> <span class='ocrx_word' id='word_1_24' title='bbox 1491 354 1648 398; x_wconf 89' lang='lat' dir='ltr'>deputatis</span> <span class='ocrx_word' id='word_1_25' title='bbox 1679 356 1811 398; x_wconf 89' lang='lat' dir='ltr'>praefati</span> <span class='ocrx_word' id='word_1_26' title='bbox 1836 356 1891 389; x_wconf 91' lang='lat' dir='ltr'>ho-</span> 
     </span>
     <span class='ocr_line' id='line_1_5' title="bbox 429 406 1892 452; baseline 0 -11"><span class='ocrx_word' id='word_1_27' title='bbox 429 408 549 452; x_wconf 83' lang='lat' dir='ltr'>spitalis</span> <span class='ocrx_word' id='word_1_28' title='bbox 570 414 713 440; x_wconf 76' lang='lat' dir='ltr'>emanata</span> <span class='ocrx_word' id='word_1_29' title='bbox 730 408 923 447; x_wconf 82' lang='lat' dir='ltr'>referuntur,</span> <span class='ocrx_word' id='word_1_30' title='bbox 943 406 1008 439; x_wconf 83' lang='lat'>440</span> <span class='ocrx_word' id='word_1_31' title='bbox 1025 407 1042 438; x_wconf 84' lang='lat' dir='ltr'>b</span> <span class='ocrx_word' id='word_1_32' title='bbox 1062 412 1092 439; x_wconf 91' lang='lat' dir='ltr'>et</span> <span class='ocrx_word' id='word_1_33' title='bbox 1111 417 1188 450; x_wconf 81' lang='lat' dir='ltr'>seq.;</span> <span class='ocrx_word' id='word_1_34' title='bbox 1215 407 1311 439; x_wconf 89' lang='lat' dir='ltr'>relata</span> <span class='ocrx_word' id='word_1_35' title='bbox 1336 412 1451 440; x_wconf 87' lang='lat' dir='ltr'>statuta</span> <span class='ocrx_word' id='word_1_36' title='bbox 1472 418 1531 451; x_wconf 92' lang='lat' dir='ltr'>pro</span> <span class='ocrx_word' id='word_1_37' title='bbox 1556 407 1637 441; x_wconf 91' lang='lat' dir='ltr'>felici</span> <span class='ocrx_word' id='word_1_38' title='bbox 1663 408 1819 451; x_wconf 75' lang='lat' dir='ltr'>regimine</span> <span class='ocrx_word' id='word_1_39' title='bbox 1843 419 1892 442; x_wconf 89' lang='lat' dir='ltr'>ec-</span> 
     </span>
     <span class='ocr_line' id='line_1_6' title="bbox 430 459 1397 504; baseline -0.002 -10"><span class='ocrx_word' id='word_1_40' title='bbox 430 462 541 495; x_wconf 83' lang='lat' dir='ltr'>clesiae</span> <span class='ocrx_word' id='word_1_41' title='bbox 563 465 592 493; x_wconf 89' lang='lat' dir='ltr'>et</span> <span class='ocrx_word' id='word_1_42' title='bbox 616 460 780 504; x_wconf 84' lang='lat' dir='ltr'>hospitalis</span> <span class='ocrx_word' id='word_1_43' title='bbox 805 460 1034 493; x_wconf 84' lang='lat' dir='ltr'>confirmantur</span> <span class='ocrx_word' id='word_1_44' title='bbox 1058 469 1075 491; x_wconf 86' lang='lat' dir='ltr'>a</span> <span class='ocrx_word' id='word_1_45' title='bbox 1100 459 1262 500; x_wconf 87' lang='lat' dir='ltr'>Pontifice,</span> <span class='ocrx_word' id='word_1_46' title='bbox 1283 459 1348 492; x_wconf 85' lang='lat'>486</span> <span class='ocrx_word' id='word_1_47' title='bbox 1368 471 1397 493; x_wconf 84' lang='lat' dir='ltr'>a.</span> 
     </span>
    </p>

    <p class='ocr_par' dir='ltr' id='par_1_4' title="bbox 341 512 1892 664">
     <span class='ocr_line' id='line_1_7' title="bbox 341 512 1891 558; baseline -0.001 -10"><span class='ocrx_word' id='word_1_48' title='bbox 341 514 501 558; x_wconf 87' lang='lat' dir='ltr'>Hospitale</span> <span class='ocrx_word' id='word_1_49' title='bbox 526 514 555 546; x_wconf 91' lang='lat' dir='ltr'>S.</span> <span class='ocrx_word' id='word_1_50' title='bbox 582 513 706 546; x_wconf 87' lang='lat' dir='ltr'>loannis</span> <span class='ocrx_word' id='word_1_51' title='bbox 731 513 1106 556; x_wconf 75' lang='lat' dir='ltr'>Ilierosolymitanorum‚</span> <span class='ocrx_word' id='word_1_52' title='bbox 1131 512 1196 545; x_wconf 88' lang='grc'>688</span> <span class='ocrx_word' id='word_1_53' title='bbox 1221 513 1254 552; x_wconf 77' lang='grc' dir='ltr'>ἱ];</span> <span class='ocrx_word' id='word_1_54' title='bbox 1280 513 1364 546; x_wconf 89' lang='lat' dir='ltr'>illius</span> <span class='ocrx_word' id='word_1_55' title='bbox 1390 523 1506 556; x_wconf 84' lang='lat' dir='ltr'>magno</span> <span class='ocrx_word' id='word_1_56' title='bbox 1532 514 1686 556; x_wconf 83' lang='lat' dir='ltr'>magistro</span> <span class='ocrx_word' id='word_1_57' title='bbox 1711 514 1891 548; x_wconf 77' lang='lat' dir='ltr'>facultatem</span> 
     </span>
     <span class='ocr_line' id='line_1_8' title="bbox 430 566 1892 611; baseline 0 -11"><span class='ocrx_word' id='word_1_58' title='bbox 430 567 602 611; x_wconf 87' lang='lat' dir='ltr'>recipiendi</span> <span class='ocrx_word' id='word_1_59' title='bbox 624 577 677 600; x_wconf 83' lang='lat' dir='ltr'>eos</span> <span class='ocrx_word' id='word_1_60' title='bbox 702 567 861 609; x_wconf 85' lang='lat' dir='ltr'>Franciae,</span> <span class='ocrx_word' id='word_1_61' title='bbox 887 566 1053 599; x_wconf 86' lang='lat' dir='ltr'>Alverniae</span> <span class='ocrx_word' id='word_1_62' title='bbox 1078 572 1108 599; x_wconf 90' lang='lat' dir='ltr'>et</span> <span class='ocrx_word' id='word_1_63' title='bbox 1132 566 1327 606; x_wconf 77' lang='lat' dir='ltr'>Provinciae,</span> <span class='ocrx_word' id='word_1_64' title='bbox 1351 566 1405 610; x_wconf 87' lang='lat' dir='ltr'>qui</span> <span class='ocrx_word' id='word_1_65' title='bbox 1430 572 1501 599; x_wconf 88' lang='lat' dir='ltr'>actu</span> <span class='ocrx_word' id='word_1_66' title='bbox 1527 566 1683 599; x_wconf 79' lang='lat' dir='ltr'>haeresim</span> <span class='ocrx_word' id='word_1_67' title='bbox 1710 577 1773 600; x_wconf 91' lang='lat' dir='ltr'>non</span> <span class='ocrx_word' id='word_1_68' title='bbox 1797 567 1892 611; x_wconf 78' lang='lat' dir='ltr'>profi-</span> 
     </span>
     <span class='ocr_line' id='line_1_9' title="bbox 429 619 1116 664; baseline 0 -10"><span class='ocrx_word' id='word_1_69' title='bbox 429 625 579 662; x_wconf 89' lang='lat' dir='ltr'>terentur,</span> <span class='ocrx_word' id='word_1_70' title='bbox 601 621 785 664; x_wconf 82' lang='lat' dir='ltr'>impertitur</span> <span class='ocrx_word' id='word_1_71' title='bbox 810 620 965 659; x_wconf 80' lang='lat' dir='ltr'>Pontifex,</span> <span class='ocrx_word' id='word_1_72' title='bbox 991 619 1055 653; x_wconf 80' lang='grc'>689</span> <span class='ocrx_word' id='word_1_73' title='bbox 1081 631 1116 654; x_wconf 88' lang='grc' dir='ltr'>α.</span> 
     </span>
    </p>

    <p class='ocr_par' dir='ltr' id='par_1_5' title="bbox 342 672 1892 770">
     <span class='ocr_line' id='line_1_10' title="bbox 342 672 1892 718; baseline -0.001 -11"><span class='ocrx_word' id='word_1_74' title='bbox 342 675 501 718; x_wconf 84' lang='lat' dir='ltr'>Ilospitale</span> <span class='ocrx_word' id='word_1_75' title='bbox 526 674 555 707; x_wconf 88' lang='lat' dir='ltr'>S.</span> <span class='ocrx_word' id='word_1_76' title='bbox 582 674 696 714; x_wconf 80' lang='lat' dir='ltr'>Rochi,</span> <span class='ocrx_word' id='word_1_77' title='bbox 722 673 763 707; x_wconf 79' lang='grc'>65</span> <span class='ocrx_word' id='word_1_78' title='bbox 788 674 822 713; x_wconf 73' lang='lat' dir='ltr'>b,</span> <span class='ocrx_word' id='word_1_79' title='bbox 849 673 880 705; x_wconf 93' lang='lat' dir='ltr'>in</span> <span class='ocrx_word' id='word_1_80' title='bbox 912 673 1051 705; x_wconf 90' lang='lat' dir='ltr'>favorem</span> <span class='ocrx_word' id='word_1_81' title='bbox 1085 672 1184 716; x_wconf 88' lang='lat' dir='ltr'>ipsius</span> <span class='ocrx_word' id='word_1_82' title='bbox 1215 672 1397 714; x_wconf 76' lang='lat' dir='ltr'>assignatur</span> <span class='ocrx_word' id='word_1_83' title='bbox 1428 683 1511 706; x_wconf 90' lang='lat' dir='ltr'>unus</span> <span class='ocrx_word' id='word_1_84' title='bbox 1543 673 1636 706; x_wconf 88' lang='lat' dir='ltr'>iulius</span> <span class='ocrx_word' id='word_1_85' title='bbox 1667 684 1726 717; x_wconf 87' lang='lat' dir='ltr'>pro</span> <span class='ocrx_word' id='word_1_86' title='bbox 1750 673 1892 717; x_wconf 87' lang='lat' dir='ltr'>qualibet</span> 
     </span>
     <span class='ocr_line' id='line_1_11' title="bbox 429 725 1372 770; baseline -0.001 -11"><span class='ocrx_word' id='word_1_87' title='bbox 429 728 499 760; x_wconf 83' lang='lat' dir='ltr'>navi</span> <span class='ocrx_word' id='word_1_88' title='bbox 524 728 617 770; x_wconf 79' lang='lat' dir='ltr'>lignis</span> <span class='ocrx_word' id='word_1_89' title='bbox 643 729 813 760; x_wconf 72' lang='lat' dir='ltr'>exonerata</span> <span class='ocrx_word' id='word_1_90' title='bbox 838 727 876 759; x_wconf 91' lang='lat' dir='ltr'>ad</span> <span class='ocrx_word' id='word_1_91' title='bbox 901 726 1058 769; x_wconf 86' lang='lat' dir='ltr'>Ripettam</span> <span class='ocrx_word' id='word_1_92' title='bbox 1084 726 1123 759; x_wconf 92' lang='lat' dir='ltr'>de</span> <span class='ocrx_word' id='word_1_93' title='bbox 1148 726 1248 766; x_wconf 86' lang='lat' dir='ltr'>Urbe,</span> <span class='ocrx_word' id='word_1_94' title='bbox 1274 725 1316 758; x_wconf 87' lang='grc'>66</span> <span class='ocrx_word' id='word_1_95' title='bbox 1341 737 1372 759; x_wconf 81' lang='grc' dir='ltr'>α.</span> 
     </span>
    </p>

    <p class='ocr_par' dir='ltr' id='par_1_6' title="bbox 341 778 1893 878">
     <span class='ocr_line' id='line_1_12' title="bbox 341 778 1893 824; baseline -0.001 -11"><span class='ocrx_word' id='word_1_96' title='bbox 341 781 502 824; x_wconf 87' lang='lat' dir='ltr'>llospitale</span> <span class='ocrx_word' id='word_1_97' title='bbox 528 781 558 812; x_wconf 81' lang='lat' dir='ltr'>B.</span> <span class='ocrx_word' id='word_1_98' title='bbox 585 780 699 813; x_wconf 89' lang='lat' dir='ltr'>Mariae</span> <span class='ocrx_word' id='word_1_99' title='bbox 723 780 1003 820; x_wconf 87' lang='lat' dir='ltr'>Theutonicorum,</span> <span class='ocrx_word' id='word_1_100' title='bbox 1027 778 1069 812; x_wconf 91' lang='grc'>37</span> <span class='ocrx_word' id='word_1_101' title='bbox 1095 789 1130 818; x_wconf 79' lang='grc' dir='ltr'>α;</span> <span class='ocrx_word' id='word_1_102' title='bbox 1157 778 1218 822; x_wconf 89' lang='lat' dir='ltr'>ipsi</span> <span class='ocrx_word' id='word_1_103' title='bbox 1242 778 1408 822; x_wconf 84' lang='lat' dir='ltr'>privilegia</span> <span class='ocrx_word' id='word_1_104' title='bbox 1433 779 1599 822; x_wconf 87' lang='lat' dir='ltr'>hospitalis</span> <span class='ocrx_word' id='word_1_105' title='bbox 1623 779 1653 812; x_wconf 89' lang='lat' dir='ltr'>S.</span> <span class='ocrx_word' id='word_1_106' title='bbox 1675 779 1799 812; x_wconf 87' lang='lat' dir='ltr'>loannis</span> <span class='ocrx_word' id='word_1_107' title='bbox 1825 779 1893 812; x_wconf 87' lang='lat' dir='ltr'>Hie-</span> 
     </span>
     <span class='ocr_line' id='line_1_13' title="bbox 430 831 1674 878; baseline -0.001 -11"><span class='ocrx_word' id='word_1_108' title='bbox 430 834 730 878; x_wconf 66' lang='lat' dir='ltr'>rosolymitanorum</span> <span class='ocrx_word' id='word_1_109' title='bbox 758 844 917 875; x_wconf 85' lang='lat' dir='ltr'>concessa,</span> <span class='ocrx_word' id='word_1_110' title='bbox 942 833 984 865; x_wconf 87' lang='grc'>37</span> <span class='ocrx_word' id='word_1_111' title='bbox 1010 833 1048 873; x_wconf 83' lang='lat' dir='ltr'>b,·</span> <span class='ocrx_word' id='word_1_112' title='bbox 1073 832 1244 866; x_wconf 89' lang='lat' dir='ltr'>confirmat</span> <span class='ocrx_word' id='word_1_113' title='bbox 1267 832 1470 866; x_wconf 83' lang='lat' dir='ltr'>Innocentius</span> <span class='ocrx_word' id='word_1_114' title='bbox 1495 833 1547 873; x_wconf 81' lang='lat' dir='ltr'>XI,</span> <span class='ocrx_word' id='word_1_115' title='bbox 1575 831 1618 865; x_wconf 83' lang='lat'>38</span> <span class='ocrx_word' id='word_1_116' title='bbox 1644 844 1674 866; x_wconf 85' lang='lat' dir='ltr'>a.</span> 
     </span>
    </p>

    <p class='ocr_par' dir='ltr' id='par_1_7' title="bbox 341 885 1896 1196">
     <span class='ocr_line' id='line_1_14' title="bbox 341 885 1894 931; baseline -0.001 -11"><span class='ocrx_word' id='word_1_117' title='bbox 341 887 519 931; x_wconf 84' lang='lat' dir='ltr'>Hospitium</span> <span class='ocrx_word' id='word_1_118' title='bbox 544 888 573 920; x_wconf 90' lang='lat' dir='ltr'>S.</span> <span class='ocrx_word' id='word_1_119' title='bbox 592 887 698 920; x_wconf 79' lang='lat' dir='ltr'>Gallae</span> <span class='ocrx_word' id='word_1_120' title='bbox 723 897 782 930; x_wconf 92' lang='lat' dir='ltr'>pro</span> <span class='ocrx_word' id='word_1_121' title='bbox 808 886 999 931; x_wconf 88' lang='lat' dir='ltr'>recipiendis</span> <span class='ocrx_word' id='word_1_122' title='bbox 1024 886 1177 919; x_wconf 87' lang='lat' dir='ltr'>mendicis</span> <span class='ocrx_word' id='word_1_123' title='bbox 1203 886 1242 918; x_wconf 88' lang='lat' dir='ltr'>de</span> <span class='ocrx_word' id='word_1_124' title='bbox 1267 886 1360 926; x_wconf 85' lang='lat' dir='ltr'>Urbe,</span> <span class='ocrx_word' id='word_1_125' title='bbox 1386 885 1450 919; x_wconf 83' lang='grc'>669</span> <span class='ocrx_word' id='word_1_126' title='bbox 1475 897 1510 926; x_wconf 85' lang='grc' dir='ltr'>α;</span> <span class='ocrx_word' id='word_1_127' title='bbox 1536 886 1634 930; x_wconf 89' lang='lat' dir='ltr'>ipsius</span> <span class='ocrx_word' id='word_1_128' title='bbox 1659 887 1851 920; x_wconf 86' lang='lat' dir='ltr'>erectionem</span> <span class='ocrx_word' id='word_1_129' title='bbox 1876 897 1894 919; x_wconf 89' lang='lat' dir='ltr'>a</span> 
     </span>
     <span class='ocr_line' id='line_1_15' title="bbox 430 939 1894 984; baseline 0 -12"><span class='ocrx_word' id='word_1_130' title='bbox 430 940 615 984; x_wconf 82' lang='lat' dir='ltr'>primordiis</span> <span class='ocrx_word' id='word_1_131' title='bbox 648 940 814 983; x_wconf 84' lang='lat' dir='ltr'>repetitam</span> <span class='ocrx_word' id='word_1_132' title='bbox 839 944 958 980; x_wconf 83' lang='lat' dir='ltr'>narrat,</span> <span class='ocrx_word' id='word_1_133' title='bbox 983 939 1047 972; x_wconf 81' lang='lat'>660</span> <span class='ocrx_word' id='word_1_134' title='bbox 1073 939 1088 972; x_wconf 83' lang='lat' dir='ltr'>b</span> <span class='ocrx_word' id='word_1_135' title='bbox 1113 945 1144 972; x_wconf 90' lang='lat' dir='ltr'>et</span> <span class='ocrx_word' id='word_1_136' title='bbox 1167 950 1249 983; x_wconf 82' lang='lat' dir='ltr'>seq.;</span> <span class='ocrx_word' id='word_1_137' title='bbox 1274 939 1522 972; x_wconf 85' lang='lat' dir='ltr'>instrumentum</span> <span class='ocrx_word' id='word_1_138' title='bbox 1547 950 1606 983; x_wconf 90' lang='lat' dir='ltr'>pro</span> <span class='ocrx_word' id='word_1_139' title='bbox 1631 939 1791 973; x_wconf 88' lang='lat' dir='ltr'>erectione</span> <span class='ocrx_word' id='word_1_140' title='bbox 1818 939 1894 973; x_wconf 87' lang='lat' dir='ltr'>dicti</span> 
     </span>
     <span class='ocr_line' id='line_1_16' title="bbox 430 992 1894 1036; baseline 0.001 -11"><span class='ocrx_word' id='word_1_141' title='bbox 430 993 580 1036; x_wconf 83' lang='lat' dir='ltr'>hospitii,</span> <span class='ocrx_word' id='word_1_142' title='bbox 610 993 668 1025; x_wconf 81' lang='grc'>67]</span> <span class='ocrx_word' id='word_1_143' title='bbox 699 993 716 1025; x_wconf 80' lang='grc' dir='ltr'>ἰ)</span> <span class='ocrx_word' id='word_1_144' title='bbox 740 997 770 1026; x_wconf 85' lang='lat' dir='ltr'>ct</span> <span class='ocrx_word' id='word_1_145' title='bbox 793 1003 874 1036; x_wconf 76' lang='lat' dir='ltr'>seq.;</span> <span class='ocrx_word' id='word_1_146' title='bbox 900 992 1041 1025; x_wconf 88' lang='lat' dir='ltr'>eiusdem</span> <span class='ocrx_word' id='word_1_147' title='bbox 1067 992 1260 1025; x_wconf 82' lang='lat' dir='ltr'>erectionem</span> <span class='ocrx_word' id='word_1_148' title='bbox 1287 996 1317 1025; x_wconf 89' lang='lat' dir='ltr'>et</span> <span class='ocrx_word' id='word_1_149' title='bbox 1336 992 1488 1025; x_wconf 89' lang='lat' dir='ltr'>ecclesiae</span> <span class='ocrx_word' id='word_1_150' title='bbox 1513 992 1707 1026; x_wconf 85' lang='lat' dir='ltr'>dotationem</span> <span class='ocrx_word' id='word_1_151' title='bbox 1732 1003 1791 1036; x_wconf 91' lang='lat' dir='ltr'>pro</span> <span class='ocrx_word' id='word_1_152' title='bbox 1814 1003 1894 1036; x_wconf 87' lang='lat' dir='ltr'>pau-</span> 
     </span>
     <span class='ocr_line' id='line_1_17' title="bbox 430 1045 1893 1090; baseline 0 -12"><span class='ocrx_word' id='word_1_153' title='bbox 430 1046 560 1090; x_wconf 89' lang='lat' dir='ltr'>peribus</span> <span class='ocrx_word' id='word_1_154' title='bbox 585 1056 642 1089; x_wconf 89' lang='lat' dir='ltr'>per</span> <span class='ocrx_word' id='word_1_155' title='bbox 668 1046 785 1079; x_wconf 86' lang='lat' dir='ltr'>Urbem</span> <span class='ocrx_word' id='word_1_156' title='bbox 812 1046 1015 1088; x_wconf 77' lang='lat' dir='ltr'>vagantibus,</span> <span class='ocrx_word' id='word_1_157' title='bbox 1041 1045 1209 1079; x_wconf 84' lang='lat' dir='ltr'>confirmat</span> <span class='ocrx_word' id='word_1_158' title='bbox 1234 1045 1395 1085; x_wconf 78' lang='lat' dir='ltr'>Pontifex,</span> <span class='ocrx_word' id='word_1_159' title='bbox 1424 1045 1489 1078; x_wconf 91' lang='grc'>674</span> <span class='ocrx_word' id='word_1_160' title='bbox 1513 1056 1549 1085; x_wconf 52' lang='grc' dir='ltr'>ας</span> <span class='ocrx_word' id='word_1_161' title='bbox 1583 1045 1724 1078; x_wconf 87' lang='lat' dir='ltr'>eiusdem</span> <span class='ocrx_word' id='word_1_162' title='bbox 1757 1045 1893 1079; x_wconf 87' lang='lat' dir='ltr'>liberam</span> 
     </span>
     <span class='ocr_line' id='line_1_18' title="bbox 431 1097 1896 1142; baseline 0 -11"><span class='ocrx_word' id='word_1_163' title='bbox 431 1099 751 1140; x_wconf 79' lang='lat' dir='ltr'>administrationem,</span> <span class='ocrx_word' id='word_1_164' title='bbox 772 1099 1009 1142; x_wconf 85' lang='lat' dir='ltr'>iuspatronatus</span> <span class='ocrx_word' id='word_1_165' title='bbox 1034 1104 1064 1131; x_wconf 89' lang='lat' dir='ltr'>et</span> <span class='ocrx_word' id='word_1_166' title='bbox 1089 1098 1137 1130; x_wconf 91' lang='lat' dir='ltr'>ius</span> <span class='ocrx_word' id='word_1_167' title='bbox 1160 1097 1344 1130; x_wconf 88' lang='lat' dir='ltr'>nominandi</span> <span class='ocrx_word' id='word_1_168' title='bbox 1371 1098 1569 1142; x_wconf 86' lang='lat' dir='ltr'>capellanum</span> <span class='ocrx_word' id='word_1_169' title='bbox 1595 1103 1625 1131; x_wconf 84' lang='lat' dir='ltr'>et</span> <span class='ocrx_word' id='word_1_170' title='bbox 1647 1098 1820 1142; x_wconf 85' lang='lat' dir='ltr'>deputandi</span> <span class='ocrx_word' id='word_1_171' title='bbox 1840 1098 1896 1131; x_wconf 87' lang='lat' dir='ltr'>mi-</span> 
     </span>
     <span class='ocr_line' id='line_1_19' title="bbox 431 1150 1783 1196; baseline -0.001 -12"><span class='ocrx_word' id='word_1_172' title='bbox 431 1152 560 1192; x_wconf 83' lang='lat' dir='ltr'>nistros,</span> <span class='ocrx_word' id='word_1_173' title='bbox 586 1152 624 1184; x_wconf 90' lang='lat' dir='ltr'>ad</span> <span class='ocrx_word' id='word_1_174' title='bbox 650 1152 750 1184; x_wconf 88' lang='lat' dir='ltr'>instar</span> <span class='ocrx_word' id='word_1_175' title='bbox 774 1162 897 1194; x_wconf 77' lang='lat' dir='ltr'>regum,</span> <span class='ocrx_word' id='word_1_176' title='bbox 923 1151 1066 1194; x_wconf 90' lang='lat' dir='ltr'>patronis</span> <span class='ocrx_word' id='word_1_177' title='bbox 1091 1150 1265 1184; x_wconf 86' lang='lat' dir='ltr'>reservavit</span> <span class='ocrx_word' id='word_1_178' title='bbox 1288 1156 1319 1183; x_wconf 89' lang='lat' dir='ltr'>et</span> <span class='ocrx_word' id='word_1_179' title='bbox 1342 1151 1508 1193; x_wconf 83' lang='lat' dir='ltr'>concessit,</span> <span class='ocrx_word' id='word_1_180' title='bbox 1534 1150 1599 1184; x_wconf 85' lang='lat'>676</span> <span class='ocrx_word' id='word_1_181' title='bbox 1624 1162 1645 1184; x_wconf 84' lang='grc' dir='ltr'><em>α</em></span> <span class='ocrx_word' id='word_1_182' title='bbox 1668 1156 1699 1184; x_wconf 84' lang='lat' dir='ltr'>et</span> <span class='ocrx_word' id='word_1_183' title='bbox 1722 1162 1783 1196; x_wconf 85' lang='lat' dir='ltr'>seq.</span> 
     </span>
    </p>

    <p class='ocr_par' dir='ltr' id='par_1_8' title="bbox 344 1203 1895 1352">
     <span class='ocr_line' id='line_1_20' title="bbox 344 1203 1895 1249; baseline -0.001 -11"><span class='ocrx_word' id='word_1_184' title='bbox 344 1206 522 1249; x_wconf 85' lang='lat' dir='ltr'>Hospitium</span> <span class='ocrx_word' id='word_1_185' title='bbox 546 1216 605 1249; x_wconf 89' lang='lat' dir='ltr'>pro</span> <span class='ocrx_word' id='word_1_186' title='bbox 630 1205 692 1238; x_wconf 89' lang='lat' dir='ltr'>illis</span> <span class='ocrx_word' id='word_1_187' title='bbox 717 1205 770 1249; x_wconf 90' lang='lat' dir='ltr'>qui</span> <span class='ocrx_word' id='word_1_188' title='bbox 796 1205 835 1237; x_wconf 89' lang='lat' dir='ltr'>ad</span> <span class='ocrx_word' id='word_1_189' title='bbox 859 1205 953 1237; x_wconf 88' lang='lat' dir='ltr'>fidem</span> <span class='ocrx_word' id='word_1_190' title='bbox 980 1204 1130 1243; x_wconf 90' lang='lat' dir='ltr'>veniunt,</span> <span class='ocrx_word' id='word_1_191' title='bbox 1155 1208 1298 1236; x_wconf 88' lang='lat' dir='ltr'>erectum</span> <span class='ocrx_word' id='word_1_192' title='bbox 1327 1214 1344 1236; x_wconf 88' lang='lat' dir='ltr'>a</span> <span class='ocrx_word' id='word_1_193' title='bbox 1366 1203 1525 1238; x_wconf 89' lang='lat' dir='ltr'>Clemente</span> <span class='ocrx_word' id='word_1_194' title='bbox 1545 1205 1570 1237; x_wconf 89' lang='lat' dir='ltr'>X</span> <span class='ocrx_word' id='word_1_195' title='bbox 1600 1204 1632 1236; x_wconf 91' lang='lat' dir='ltr'>in</span> <span class='ocrx_word' id='word_1_196' title='bbox 1657 1203 1753 1237; x_wconf 92' lang='lat' dir='ltr'>domo</span> <span class='ocrx_word' id='word_1_197' title='bbox 1778 1204 1895 1236; x_wconf 90' lang='lat' dir='ltr'>eremi-</span> 
     </span>
     <span class='ocr_line' id='line_1_21' title="bbox 433 1256 1894 1299; baseline -0.002 -7"><span class='ocrx_word' id='word_1_198' title='bbox 433 1266 536 1292; x_wconf 89' lang='lat' dir='ltr'>tarum</span> <span class='ocrx_word' id='word_1_199' title='bbox 563 1259 713 1293; x_wconf 88' lang='lat' dir='ltr'>ecclesiae</span> <span class='ocrx_word' id='word_1_200' title='bbox 746 1260 776 1293; x_wconf 89' lang='lat' dir='ltr'>S.</span> <span class='ocrx_word' id='word_1_201' title='bbox 802 1259 917 1292; x_wconf 90' lang='lat' dir='ltr'>Mariae</span> <span class='ocrx_word' id='word_1_202' title='bbox 942 1258 1122 1293; x_wconf 85' lang='lat' dir='ltr'>Gratiarum</span> <span class='ocrx_word' id='word_1_203' title='bbox 1149 1257 1187 1290; x_wconf 90' lang='lat' dir='ltr'>ad</span> <span class='ocrx_word' id='word_1_204' title='bbox 1213 1258 1339 1291; x_wconf 84' lang='lat' dir='ltr'>Portam</span> <span class='ocrx_word' id='word_1_205' title='bbox 1366 1257 1549 1299; x_wconf 76' lang='lat' dir='ltr'>Angelicarn</span> <span class='ocrx_word' id='word_1_206' title='bbox 1575 1256 1614 1289; x_wconf 91' lang='lat' dir='ltr'>de</span> <span class='ocrx_word' id='word_1_207' title='bbox 1640 1256 1743 1297; x_wconf 87' lang='lat' dir='ltr'>Urbe,</span> <span class='ocrx_word' id='word_1_208' title='bbox 1772 1256 1837 1290; x_wconf 88' lang='grc'>680</span> <span class='ocrx_word' id='word_1_209' title='bbox 1862 1257 1894 1296; x_wconf 87' lang='lat' dir='ltr'>b;</span> 
     </span>
     <span class='ocr_line' id='line_1_22' title="bbox 433 1311 1126 1352; baseline -0.003 -6"><span class='ocrx_word' id='word_1_210' title='bbox 433 1312 639 1346; x_wconf 87' lang='lat' dir='ltr'>confirmatur</span> <span class='ocrx_word' id='word_1_211' title='bbox 664 1313 702 1345; x_wconf 89' lang='lat' dir='ltr'>ab</span> <span class='ocrx_word' id='word_1_212' title='bbox 728 1313 911 1346; x_wconf 84' lang='lat' dir='ltr'>Innocentio</span> <span class='ocrx_word' id='word_1_213' title='bbox 936 1313 986 1352; x_wconf 81' lang='lat' dir='ltr'>XI,</span> <span class='ocrx_word' id='word_1_214' title='bbox 1011 1312 1070 1346; x_wconf 80' lang='grc'>681</span> <span class='ocrx_word' id='word_1_215' title='bbox 1101 1311 1126 1344; x_wconf 79' lang='lat' dir='ltr'>b.</span> 
     </span>
    </p>

    <p class='ocr_par' dir='ltr' id='par_1_9' title="bbox 345 1363 1790 1408">
     <span class='ocr_line' id='line_1_23' title="bbox 345 1363 1790 1408; baseline -0.003 -9"><span class='ocrx_word' id='word_1_216' title='bbox 345 1366 486 1400; x_wconf 85' lang='lat' dir='ltr'>Hostiam</span> <span class='ocrx_word' id='word_1_217' title='bbox 512 1372 725 1399; x_wconf 86' lang='lat' dir='ltr'>consecratam</span> <span class='ocrx_word' id='word_1_218' title='bbox 752 1366 924 1398; x_wconf 86' lang='lat' dir='ltr'>retinentes</span> <span class='ocrx_word' id='word_1_219' title='bbox 949 1370 979 1398; x_wconf 91' lang='lat' dir='ltr'>et</span> <span class='ocrx_word' id='word_1_220' title='bbox 1003 1364 1065 1397; x_wconf 78' lang='lat' dir='ltr'>alio</span> <span class='ocrx_word' id='word_1_221' title='bbox 1091 1364 1316 1397; x_wconf 78' lang='lat' dir='ltr'>transferentes</span> <span class='ocrx_word' id='word_1_222' title='bbox 1341 1364 1451 1408; x_wconf 92' lang='lat' dir='ltr'>poenis</span> <span class='ocrx_word' id='word_1_223' title='bbox 1476 1364 1670 1407; x_wconf 89' lang='lat' dir='ltr'>plectuntur,</span> <span class='ocrx_word' id='word_1_224' title='bbox 1696 1363 1733 1396; x_wconf 77' lang='grc'>41</span> <span class='ocrx_word' id='word_1_225' title='bbox 1763 1363 1790 1395; x_wconf 82' lang='lat' dir='ltr'>b.</span> 
     </span>
    </p>
   </div>
   <div class='ocr_carea' id='block_1_3' title="bbox 1116 1505 1135 1537">
    <p class='ocr_par' dir='ltr' id='par_1_10' title="bbox 1116 1505 1135 1537">
     <span class='ocr_line' id='line_1_24' title="bbox 1116 1505 1135 1537; baseline 0 0"><span class='ocrx_word' id='word_1_226' title='bbox 1116 1505 1135 1537; x_wconf 91' lang='lat' dir='ltr'>l.</span> 
     </span>
    </p>
   </div>
   <div class='ocr_carea' id='block_1_4' title="bbox 344 1629 1903 2626">
    <p class='ocr_par' dir='ltr' id='par_1_11' title="bbox 345 1629 860 1672">
     <span class='ocr_line' id='line_1_25' title="bbox 345 1629 860 1672; baseline -0.006 -9"><span class='ocrx_word' id='word_1_227' title='bbox 345 1629 485 1672; x_wconf 81' lang='lat' dir='ltr'>Ignatius</span> <span class='ocrx_word' id='word_1_228' title='bbox 504 1629 570 1672; x_wconf 77' lang='lat' dir='ltr'>(S),</span> <span class='ocrx_word' id='word_1_229' title='bbox 594 1629 661 1662; x_wconf 71' lang='lat' dir='ltr'>risle</span> <span class='ocrx_word' id='word_1_230' title='bbox 679 1629 860 1662; x_wconf 85' lang='lat' dir='ltr'>Patronum.</span> 
     </span>
    </p>

    <p class='ocr_par' dir='ltr' id='par_1_12' title="bbox 344 1679 1898 1777">
     <span class='ocr_line' id='line_1_26' title="bbox 344 1679 1898 1724; baseline -0.003 -9"><span class='ocrx_word' id='word_1_231' title='bbox 344 1682 560 1715; x_wconf 88' lang='lat' dir='ltr'>Immunitates</span> <span class='ocrx_word' id='word_1_232' title='bbox 584 1692 637 1714; x_wconf 81' lang='lat' dir='ltr'>seu</span> <span class='ocrx_word' id='word_1_233' title='bbox 663 1681 862 1714; x_wconf 83' lang='lat' dir='ltr'>Franchitiae</span> <span class='ocrx_word' id='word_1_234' title='bbox 887 1681 1083 1724; x_wconf 79' lang='lat' dir='ltr'>gabellarum</span> <span class='ocrx_word' id='word_1_235' title='bbox 1118 1681 1149 1714; x_wconf 92' lang='lat' dir='ltr'>in</span> <span class='ocrx_word' id='word_1_236' title='bbox 1178 1681 1304 1714; x_wconf 84' lang='lat' dir='ltr'>dohana</span> <span class='ocrx_word' id='word_1_237' title='bbox 1329 1680 1421 1714; x_wconf 86' lang='lat' dir='ltr'>Urbis</span> <span class='ocrx_word' id='word_1_238' title='bbox 1454 1680 1650 1713; x_wconf 89' lang='lat' dir='ltr'>reducuntur</span> <span class='ocrx_word' id='word_1_239' title='bbox 1674 1680 1711 1712; x_wconf 86' lang='lat' dir='ltr'>ad</span> <span class='ocrx_word' id='word_1_240' title='bbox 1736 1679 1898 1723; x_wconf 87' lang='lat' dir='ltr'>antiquam</span> 
     </span>
     <span class='ocr_line' id='line_1_27' title="bbox 433 1735 832 1777; baseline -0.003 -10"><span class='ocrx_word' id='word_1_241' title='bbox 433 1736 578 1775; x_wconf 90' lang='lat' dir='ltr'>formam,</span> <span class='ocrx_word' id='word_1_242' title='bbox 604 1735 645 1767; x_wconf 71' lang='lat'>52</span> <span class='ocrx_word' id='word_1_243' title='bbox 671 1746 691 1767; x_wconf 66' lang='lat' dir='ltr'>tt</span> <span class='ocrx_word' id='word_1_244' title='bbox 716 1740 746 1767; x_wconf 91' lang='lat' dir='ltr'>et</span> <span class='ocrx_word' id='word_1_245' title='bbox 770 1745 832 1777; x_wconf 76' lang='lat' dir='ltr'>seq.</span> 
     </span>
    </p>

    <p class='ocr_par' dir='ltr' id='par_1_13' title="bbox 346 1785 1903 2626">
     <span class='ocr_line' id='line_1_28' title="bbox 346 1785 1900 1831; baseline -0.003 -10"><span class='ocrx_word' id='word_1_246' title='bbox 346 1788 543 1831; x_wconf 77' lang='lat' dir='ltr'>Indulgentia</span> <span class='ocrx_word' id='word_1_247' title='bbox 567 1788 707 1831; x_wconf 87' lang='lat' dir='ltr'>plenaria</span> <span class='ocrx_word' id='word_1_248' title='bbox 733 1792 886 1831; x_wconf 88' lang='lat' dir='ltr'>perpetua</span> <span class='ocrx_word' id='word_1_249' title='bbox 907 1787 1090 1820; x_wconf 86' lang='lat' dir='ltr'>conceditur</span> <span class='ocrx_word' id='word_1_250' title='bbox 1115 1787 1314 1820; x_wconf 87' lang='lat' dir='ltr'>visitantibus</span> <span class='ocrx_word' id='word_1_251' title='bbox 1336 1786 1472 1830; x_wconf 88' lang='lat' dir='ltr'>aliquam</span> <span class='ocrx_word' id='word_1_252' title='bbox 1494 1795 1533 1819; x_wconf 82' lang='lat' dir='ltr'>ex</span> <span class='ocrx_word' id='word_1_253' title='bbox 1551 1785 1692 1819; x_wconf 88' lang='lat' dir='ltr'>ecclesiis</span> <span class='ocrx_word' id='word_1_254' title='bbox 1708 1785 1900 1818; x_wconf 90' lang='lat' dir='ltr'>clericorum</span> 
     </span>
     <span class='ocr_line' id='line_1_29' title="bbox 434 1837 1901 1884; baseline -0.003 -10"><span class='ocrx_word' id='word_1_255' title='bbox 434 1840 629 1884; x_wconf 72' lang='lat' dir='ltr'>regularium</span> <span class='ocrx_word' id='word_1_256' title='bbox 655 1840 894 1872; x_wconf 76' lang='lat' dir='ltr'>Bai-nabitarum</span> <span class='ocrx_word' id='word_1_257' title='bbox 921 1840 952 1872; x_wconf 94' lang='lat' dir='ltr'>in</span> <span class='ocrx_word' id='word_1_258' title='bbox 985 1839 1070 1872; x_wconf 86' lang='lat' dir='ltr'>festis</span> <span class='ocrx_word' id='word_1_259' title='bbox 1099 1839 1319 1873; x_wconf 83' lang='lat' dir='ltr'>Conversionis</span> <span class='ocrx_word' id='word_1_260' title='bbox 1344 1844 1373 1872; x_wconf 85' lang='lat' dir='ltr'>et</span> <span class='ocrx_word' id='word_1_261' title='bbox 1404 1838 1723 1872; x_wconf 86' lang='lat' dir='ltr'>Commemorationis</span> <span class='ocrx_word' id='word_1_262' title='bbox 1750 1838 1780 1871; x_wconf 88' lang='lat' dir='ltr'>S.</span> <span class='ocrx_word' id='word_1_263' title='bbox 1812 1837 1901 1870; x_wconf 88' lang='lat' dir='ltr'>Pauli</span> 
     </span>
     <span class='ocr_line' id='line_1_30' title="bbox 434 1891 1901 1937; baseline -0.002 -10"><span class='ocrx_word' id='word_1_264' title='bbox 434 1894 585 1937; x_wconf 81' lang='lat' dir='ltr'>Apostoli,</span> <span class='ocrx_word' id='word_1_265' title='bbox 611 1893 653 1926; x_wconf 61' lang='lat' dir='ltr'>tif)</span> <span class='ocrx_word' id='word_1_266' title='bbox 677 1904 717 1933; x_wconf 71' lang='lat' dir='ltr'>a,</span> <span class='ocrx_word' id='word_1_267' title='bbox 744 1893 817 1925; x_wconf 88' lang='lat' dir='ltr'>item</span> <span class='ocrx_word' id='word_1_268' title='bbox 843 1893 1041 1926; x_wconf 82' lang='lat' dir='ltr'>visitantibus</span> <span class='ocrx_word' id='word_1_269' title='bbox 1065 1894 1204 1937; x_wconf 89' lang='lat' dir='ltr'>aliquam</span> <span class='ocrx_word' id='word_1_270' title='bbox 1229 1904 1265 1926; x_wconf 82' lang='lat' dir='ltr'>ex</span> <span class='ocrx_word' id='word_1_271' title='bbox 1290 1893 1433 1926; x_wconf 88' lang='lat' dir='ltr'>ecclesiis</span> <span class='ocrx_word' id='word_1_272' title='bbox 1454 1892 1580 1926; x_wconf 87' lang='lat' dir='ltr'>Ordinis</span> <span class='ocrx_word' id='word_1_273' title='bbox 1602 1892 1632 1925; x_wconf 87' lang='lat' dir='ltr'>S.</span> <span class='ocrx_word' id='word_1_274' title='bbox 1657 1891 1784 1925; x_wconf 90' lang='lat' dir='ltr'>Antonii</span> <span class='ocrx_word' id='word_1_275' title='bbox 1809 1892 1901 1925; x_wconf 84' lang='lat' dir='ltr'>Vien-</span> 
     </span>
     <span class='ocr_line' id='line_1_31' title="bbox 434 1944 1897 1989; baseline -0.002 -10"><span class='ocrx_word' id='word_1_276' title='bbox 434 1947 539 1979; x_wconf 88' lang='lat' dir='ltr'>nensis</span> <span class='ocrx_word' id='word_1_277' title='bbox 565 1947 595 1978; x_wconf 94' lang='lat' dir='ltr'>in</span> <span class='ocrx_word' id='word_1_278' title='bbox 621 1946 705 1978; x_wconf 78' lang='lat' dir='ltr'>sestis</span> <span class='ocrx_word' id='word_1_279' title='bbox 730 1946 937 1989; x_wconf 89' lang='lat' dir='ltr'>quibusdam,</span> <span class='ocrx_word' id='word_1_280' title='bbox 966 1946 1009 1979; x_wconf 84' lang='grc'>84</span> <span class='ocrx_word' id='word_1_281' title='bbox 1031 1958 1068 1986; x_wconf 82' lang='grc' dir='ltr'>α;</span> <span class='ocrx_word' id='word_1_282' title='bbox 1094 1947 1322 1989; x_wconf 80' lang='lat' dir='ltr'>indulgentiam</span> <span class='ocrx_word' id='word_1_283' title='bbox 1347 1946 1522 1989; x_wconf 86' lang='lat' dir='ltr'>plenariam</span> <span class='ocrx_word' id='word_1_284' title='bbox 1539 1972 1546 1985; x_wconf 93' lang='lat'>‚</span> <span class='ocrx_word' id='word_1_285' title='bbox 1572 1944 1713 1978; x_wconf 81' lang='lat' dir='ltr'>ecclesiis</span> <span class='ocrx_word' id='word_1_286' title='bbox 1739 1944 1897 1977; x_wconf 88' lang='lat' dir='ltr'>Eremita-</span> 
     </span>
     <span class='ocr_line' id='line_1_32' title="bbox 436 1997 1901 2043; baseline -0.002 -11"><span class='ocrx_word' id='word_1_287' title='bbox 436 2011 507 2033; x_wconf 90' lang='lat' dir='ltr'>rum</span> <span class='ocrx_word' id='word_1_288' title='bbox 531 2000 560 2032; x_wconf 93' lang='lat' dir='ltr'>S.</span> <span class='ocrx_word' id='word_1_289' title='bbox 593 1999 760 2042; x_wconf 77' lang='lat' dir='ltr'>Augustini</span> <span class='ocrx_word' id='word_1_290' title='bbox 787 1999 817 2031; x_wconf 93' lang='lat' dir='ltr'>in</span> <span class='ocrx_word' id='word_1_291' title='bbox 843 2000 968 2032; x_wconf 87' lang='lat' dir='ltr'>Etruria</span> <span class='ocrx_word' id='word_1_292' title='bbox 1004 2010 1063 2043; x_wconf 92' lang='lat' dir='ltr'>pro</span> <span class='ocrx_word' id='word_1_293' title='bbox 1095 2005 1181 2033; x_wconf 90' lang='lat' dir='ltr'>certo</span> <span class='ocrx_word' id='word_1_294' title='bbox 1213 1999 1263 2032; x_wconf 89' lang='lat' dir='ltr'>die</span> <span class='ocrx_word' id='word_1_295' title='bbox 1299 1999 1374 2031; x_wconf 80' lang='lat' dir='ltr'>alias</span> <span class='ocrx_word' id='word_1_296' title='bbox 1399 2008 1604 2038; x_wconf 88' lang='lat' dir='ltr'>concessam,</span> <span class='ocrx_word' id='word_1_297' title='bbox 1633 1998 1664 2030; x_wconf 92' lang='lat' dir='ltr'>in</span> <span class='ocrx_word' id='word_1_298' title='bbox 1696 1997 1792 2030; x_wconf 91' lang='lat' dir='ltr'>alium</span> <span class='ocrx_word' id='word_1_299' title='bbox 1817 1997 1901 2030; x_wconf 90' lang='lat' dir='ltr'>diem</span> 
     </span>
     <span class='ocr_line' id='line_1_33' title="bbox 438 2049 1902 2096; baseline -0.002 -11"><span class='ocrx_word' id='word_1_300' title='bbox 438 2053 618 2093; x_wconf 82' lang='lat' dir='ltr'>transtulit,</span> <span class='ocrx_word' id='word_1_301' title='bbox 653 2053 695 2086; x_wconf 67' lang='lat' dir='ltr'>st</span> <span class='ocrx_word' id='word_1_302' title='bbox 719 2054 756 2092; x_wconf 74' lang='lat' dir='ltr'>b,</span> <span class='ocrx_word' id='word_1_303' title='bbox 783 2053 841 2093; x_wconf 83' lang='lat' dir='ltr'>iis,</span> <span class='ocrx_word' id='word_1_304' title='bbox 866 2053 920 2096; x_wconf 84' lang='lat' dir='ltr'>qui</span> <span class='ocrx_word' id='word_1_305' title='bbox 946 2053 1148 2085; x_wconf 89' lang='lat' dir='ltr'>interfuerint</span> <span class='ocrx_word' id='word_1_306' title='bbox 1170 2051 1304 2086; x_wconf 89' lang='lat' dir='ltr'>orationi</span> <span class='ocrx_word' id='word_1_307' title='bbox 1331 2062 1391 2095; x_wconf 89' lang='lat' dir='ltr'>pro</span> <span class='ocrx_word' id='word_1_308' title='bbox 1416 2050 1615 2084; x_wconf 90' lang='lat' dir='ltr'>moribundis</span> <span class='ocrx_word' id='word_1_309' title='bbox 1640 2050 1709 2083; x_wconf 86' lang='lat' dir='ltr'>[ieri</span> <span class='ocrx_word' id='word_1_310' title='bbox 1734 2049 1845 2083; x_wconf 89' lang='lat' dir='ltr'>solitae</span> <span class='ocrx_word' id='word_1_311' title='bbox 1869 2050 1902 2082; x_wconf 92' lang='lat' dir='ltr'>in</span> 
     </span>
     <span class='ocr_line' id='line_1_34' title="bbox 438 2103 1902 2148; baseline -0.001 -10"><span class='ocrx_word' id='word_1_312' title='bbox 438 2106 578 2139; x_wconf 86' lang='lat' dir='ltr'>ecclesiis</span> <span class='ocrx_word' id='word_1_313' title='bbox 603 2106 792 2139; x_wconf 85' lang='lat' dir='ltr'>clericorum</span> <span class='ocrx_word' id='word_1_314' title='bbox 818 2105 1014 2148; x_wconf 76' lang='lat' dir='ltr'>regularium</span> <span class='ocrx_word' id='word_1_315' title='bbox 1040 2105 1283 2138; x_wconf 87' lang='lat' dir='ltr'>Ministrantium</span> <span class='ocrx_word' id='word_1_316' title='bbox 1309 2105 1460 2146; x_wconf 76' lang='lat' dir='ltr'>infirmis,</span> <span class='ocrx_word' id='word_1_317' title='bbox 1491 2104 1656 2144; x_wconf 85' lang='lat' dir='ltr'>concessit,</span> <span class='ocrx_word' id='word_1_318' title='bbox 1680 2103 1745 2137; x_wconf 70' lang='lat'>103</span> <span class='ocrx_word' id='word_1_319' title='bbox 1765 2114 1802 2143; x_wconf 69' lang='lat' dir='ltr'>a,</span> <span class='ocrx_word' id='word_1_320' title='bbox 1826 2103 1902 2136; x_wconf 90' lang='lat' dir='ltr'>item</span> 
     </span>
     <span class='ocr_line' id='line_1_35' title="bbox 440 2155 1902 2202; baseline -0.003 -10"><span class='ocrx_word' id='word_1_321' title='bbox 440 2160 580 2192; x_wconf 80' lang='lat' dir='ltr'>ecclesiis</span> <span class='ocrx_word' id='word_1_322' title='bbox 593 2159 622 2192; x_wconf 89' lang='lat' dir='ltr'>S.</span> <span class='ocrx_word' id='word_1_323' title='bbox 635 2159 759 2202; x_wconf 88' lang='lat' dir='ltr'>losephi</span> <span class='ocrx_word' id='word_1_324' title='bbox 773 2159 896 2202; x_wconf 91' lang='lat' dir='ltr'>patroni</span> <span class='ocrx_word' id='word_1_325' title='bbox 918 2158 1140 2201; x_wconf 86' lang='lat' dir='ltr'>Hispaniarum</span> <span class='ocrx_word' id='word_1_326' title='bbox 1161 2157 1192 2189; x_wconf 93' lang='lat' dir='ltr'>in</span> <span class='ocrx_word' id='word_1_327' title='bbox 1213 2157 1281 2190; x_wconf 90' lang='lat' dir='ltr'>eius</span> <span class='ocrx_word' id='word_1_328' title='bbox 1298 2158 1386 2197; x_wconf 88' lang='lat' dir='ltr'>festo,</span> <span class='ocrx_word' id='word_1_329' title='bbox 1404 2156 1464 2189; x_wconf 73' lang='lat'>171</span> <span class='ocrx_word' id='word_1_330' title='bbox 1495 2167 1532 2196; x_wconf 83' lang='lat' dir='ltr'>a;</span> <span class='ocrx_word' id='word_1_331' title='bbox 1551 2155 1779 2198; x_wconf 80' lang='lat' dir='ltr'>indulgentiam</span> <span class='ocrx_word' id='word_1_332' title='bbox 1793 2155 1902 2199; x_wconf 90' lang='lat' dir='ltr'>plena-</span> 
     </span>
     <span class='ocr_line' id='line_1_36' title="bbox 439 2208 1902 2255; baseline -0.002 -11"><span class='ocrx_word' id='word_1_333' title='bbox 439 2213 517 2244; x_wconf 88' lang='lat' dir='ltr'>riam</span> <span class='ocrx_word' id='word_1_334' title='bbox 536 2212 733 2245; x_wconf 82' lang='lat' dir='ltr'>visitantibus</span> <span class='ocrx_word' id='word_1_335' title='bbox 767 2211 983 2255; x_wconf 88' lang='lat' dir='ltr'>parochialem</span> <span class='ocrx_word' id='word_1_336' title='bbox 1009 2210 1174 2244; x_wconf 87' lang='lat' dir='ltr'>ecclesiam</span> <span class='ocrx_word' id='word_1_337' title='bbox 1201 2210 1232 2242; x_wconf 90' lang='lat' dir='ltr'>in</span> <span class='ocrx_word' id='word_1_338' title='bbox 1253 2210 1304 2243; x_wconf 89' lang='lat' dir='ltr'>die</span> <span class='ocrx_word' id='word_1_339' title='bbox 1328 2208 1646 2243; x_wconf 87' lang='lat' dir='ltr'>Commemorationis</span> <span class='ocrx_word' id='word_1_340' title='bbox 1664 2209 1902 2250; x_wconf 87' lang='lat' dir='ltr'>Defunctorum,</span> 
     </span>
     <span class='ocr_line' id='line_1_37' title="bbox 439 2261 1902 2309; baseline -0.002 -12"><span class='ocrx_word' id='word_1_341' title='bbox 439 2277 498 2309; x_wconf 89' lang='lat' dir='ltr'>pro</span> <span class='ocrx_word' id='word_1_342' title='bbox 516 2266 622 2308; x_wconf 78' lang='lat' dir='ltr'>regnis</span> <span class='ocrx_word' id='word_1_343' title='bbox 640 2266 863 2309; x_wconf 84' lang='lat' dir='ltr'>Hispaniarum</span> <span class='ocrx_word' id='word_1_344' title='bbox 882 2265 964 2297; x_wconf 89' lang='lat' dir='ltr'>etad</span> <span class='ocrx_word' id='word_1_345' title='bbox 989 2264 1177 2297; x_wconf 89' lang='lat' dir='ltr'>decennium</span> <span class='ocrx_word' id='word_1_346' title='bbox 1195 2268 1316 2297; x_wconf 88' lang='lat' dir='ltr'>lantum</span> <span class='ocrx_word' id='word_1_347' title='bbox 1339 2263 1444 2306; x_wconf 88' lang='lat' dir='ltr'>primo</span> <span class='ocrx_word' id='word_1_348' title='bbox 1461 2272 1657 2302; x_wconf 88' lang='lat' dir='ltr'>concessam,</span> <span class='ocrx_word' id='word_1_349' title='bbox 1674 2261 1713 2294; x_wconf 91' lang='lat' dir='ltr'>ad</span> <span class='ocrx_word' id='word_1_350' title='bbox 1730 2261 1790 2294; x_wconf 86' lang='lat' dir='ltr'>alia</span> <span class='ocrx_word' id='word_1_351' title='bbox 1806 2261 1902 2294; x_wconf 89' lang='lat' dir='ltr'>etiam</span> 
     </span>
     <span class='ocr_line' id='line_1_38' title="bbox 441 2314 1902 2361; baseline -0.001 -12"><span class='ocrx_word' id='word_1_352' title='bbox 441 2329 537 2360; x_wconf 75' lang='lat' dir='ltr'>regna</span> <span class='ocrx_word' id='word_1_353' title='bbox 562 2329 598 2351; x_wconf 90' lang='lat' dir='ltr'>ac</span> <span class='ocrx_word' id='word_1_354' title='bbox 623 2319 762 2351; x_wconf 88' lang='lat' dir='ltr'>dominia</span> <span class='ocrx_word' id='word_1_355' title='bbox 786 2318 871 2361; x_wconf 74' lang='lat' dir='ltr'>regis</span> <span class='ocrx_word' id='word_1_356' title='bbox 905 2318 1052 2351; x_wconf 87' lang='lat' dir='ltr'>catholici</span> <span class='ocrx_word' id='word_1_357' title='bbox 1085 2323 1115 2349; x_wconf 91' lang='lat' dir='ltr'>et</span> <span class='ocrx_word' id='word_1_358' title='bbox 1140 2318 1171 2350; x_wconf 88' lang='lat' dir='ltr'>in</span> <span class='ocrx_word' id='word_1_359' title='bbox 1196 2322 1387 2360; x_wconf 85' lang='lat' dir='ltr'>perpetuum</span> <span class='ocrx_word' id='word_1_360' title='bbox 1414 2316 1570 2357; x_wconf 85' lang='lat' dir='ltr'>extendit,</span> <span class='ocrx_word' id='word_1_361' title='bbox 1595 2315 1660 2349; x_wconf 58' lang='lat'>⁹208</span> <span class='ocrx_word' id='word_1_362' title='bbox 1685 2315 1702 2347; x_wconf 87' lang='lat' dir='ltr'>b</span> <span class='ocrx_word' id='word_1_363' title='bbox 1727 2321 1757 2348; x_wconf 88' lang='lat' dir='ltr'>et</span> <span class='ocrx_word' id='word_1_364' title='bbox 1781 2314 1845 2348; x_wconf 64' lang='lat'>209</span> <span class='ocrx_word' id='word_1_365' title='bbox 1864 2324 1902 2353; x_wconf 83' lang='lat' dir='ltr'>a;</span> 
     </span>
     <span class='ocr_line' id='line_1_39' title="bbox 439 2367 1903 2411; baseline -0.001 -9"><span class='ocrx_word' id='word_1_366' title='bbox 439 2382 457 2402; x_wconf 82' lang='lat' dir='ltr'>a</span> <span class='ocrx_word' id='word_1_367' title='bbox 481 2372 638 2403; x_wconf 83' lang='lat' dir='ltr'>Clemente</span> <span class='ocrx_word' id='word_1_368' title='bbox 663 2372 688 2403; x_wconf 78' lang='lat' dir='ltr'>X</span> <span class='ocrx_word' id='word_1_369' title='bbox 714 2372 743 2403; x_wconf 90' lang='lat' dir='ltr'>in</span> <span class='ocrx_word' id='word_1_370' title='bbox 769 2372 847 2404; x_wconf 87' lang='lat' dir='ltr'>sesto</span> <span class='ocrx_word' id='word_1_371' title='bbox 872 2372 901 2403; x_wconf 92' lang='lat' dir='ltr'>S.</span> <span class='ocrx_word' id='word_1_372' title='bbox 928 2371 1086 2403; x_wconf 88' lang='lat' dir='ltr'>Benedicti</span> <span class='ocrx_word' id='word_1_373' title='bbox 1111 2380 1302 2411; x_wconf 86' lang='lat' dir='ltr'>concessam,</span> <span class='ocrx_word' id='word_1_374' title='bbox 1329 2370 1480 2403; x_wconf 86' lang='lat' dir='ltr'>translato</span> <span class='ocrx_word' id='word_1_375' title='bbox 1506 2370 1593 2409; x_wconf 91' lang='lat' dir='ltr'>festo,</span> <span class='ocrx_word' id='word_1_376' title='bbox 1621 2368 1782 2402; x_wconf 89' lang='lat' dir='ltr'>transferri</span> <span class='ocrx_word' id='word_1_377' title='bbox 1807 2367 1903 2400; x_wconf 87' lang='lat' dir='ltr'>etiam</span> 
     </span>
     <span class='ocr_line' id='line_1_40' title="bbox 442 2420 1902 2467; baseline -0.002 -12"><span class='ocrx_word' id='word_1_378' title='bbox 442 2434 533 2466; x_wconf 83' lang='lat' dir='ltr'>posse</span> <span class='ocrx_word' id='word_1_379' title='bbox 552 2424 700 2466; x_wconf 74' lang='lat' dir='ltr'>indulget,</span> <span class='ocrx_word' id='word_1_380' title='bbox 718 2424 781 2457; x_wconf 65' lang='lat'>209</span> <span class='ocrx_word' id='word_1_381' title='bbox 799 2425 815 2456; x_wconf 82' lang='lat' dir='ltr'>b</span> <span class='ocrx_word' id='word_1_382' title='bbox 833 2430 862 2456; x_wconf 92' lang='lat' dir='ltr'>et</span> <span class='ocrx_word' id='word_1_383' title='bbox 879 2435 956 2467; x_wconf 74' lang='lat' dir='ltr'>seq.;</span> <span class='ocrx_word' id='word_1_384' title='bbox 978 2423 1162 2457; x_wconf 88' lang='lat' dir='ltr'>conceditur</span> <span class='ocrx_word' id='word_1_385' title='bbox 1182 2423 1493 2456; x_wconf 88' lang='lat' dir='ltr'>confraternitatibus</span> <span class='ocrx_word' id='word_1_386' title='bbox 1511 2422 1768 2465; x_wconf 74' lang='lat' dir='ltr'>Cordigerorum,</span> <span class='ocrx_word' id='word_1_387' title='bbox 1786 2420 1851 2454; x_wconf 67' lang='lat'>263</span> <span class='ocrx_word' id='word_1_388' title='bbox 1868 2420 1902 2460; x_wconf 81' lang='lat' dir='ltr'>b3</span> 
     </span>
     <span class='ocr_line' id='line_1_41' title="bbox 444 2473 1903 2517; baseline -0.001 -10"><span class='ocrx_word' id='word_1_389' title='bbox 444 2477 516 2508; x_wconf 78' lang='lat' dir='ltr'>item</span> <span class='ocrx_word' id='word_1_390' title='bbox 543 2477 573 2508; x_wconf 89' lang='lat' dir='ltr'>in</span> <span class='ocrx_word' id='word_1_391' title='bbox 598 2477 815 2510; x_wconf 71' lang='lat' dir='ltr'>festivitatibus</span> <span class='ocrx_word' id='word_1_392' title='bbox 840 2478 886 2509; x_wconf 82' lang='lat' dir='ltr'>Ss.</span> <span class='ocrx_word' id='word_1_393' title='bbox 912 2477 1091 2517; x_wconf 84' lang='lat' dir='ltr'>Francisci,</span> <span class='ocrx_word' id='word_1_394' title='bbox 1117 2477 1242 2509; x_wconf 78' lang='lat' dir='ltr'>Antonii</span> <span class='ocrx_word' id='word_1_395' title='bbox 1267 2476 1305 2509; x_wconf 90' lang='lat' dir='ltr'>de</span> <span class='ocrx_word' id='word_1_396' title='bbox 1331 2476 1445 2517; x_wconf 87' lang='lat' dir='ltr'>Padua,</span> <span class='ocrx_word' id='word_1_397' title='bbox 1472 2476 1726 2515; x_wconf 88' lang='lat' dir='ltr'>Bonaventurae,</span> <span class='ocrx_word' id='word_1_398' title='bbox 1752 2473 1903 2507; x_wconf 91' lang='lat' dir='ltr'>Ludovici</span> 
     </span>
     <span class='ocr_line' id='line_1_42' title="bbox 443 2526 1901 2572; baseline -0.001 -12"><span class='ocrx_word' id='word_1_399' title='bbox 443 2529 591 2571; x_wconf 75' lang='lat' dir='ltr'>episcopi,</span> <span class='ocrx_word' id='word_1_400' title='bbox 617 2530 799 2562; x_wconf 85' lang='lat' dir='ltr'>Bernardini</span> <span class='ocrx_word' id='word_1_401' title='bbox 825 2541 860 2563; x_wconf 87' lang='lat' dir='ltr'>ac</span> <span class='ocrx_word' id='word_1_402' title='bbox 880 2531 908 2563; x_wconf 88' lang='lat' dir='ltr'>S.</span> <span class='ocrx_word' id='word_1_403' title='bbox 934 2530 1051 2572; x_wconf 86' lang='lat' dir='ltr'>Clarae,</span> <span class='ocrx_word' id='word_1_404' title='bbox 1077 2529 1276 2562; x_wconf 88' lang='lat' dir='ltr'>visitantibus</span> <span class='ocrx_word' id='word_1_405' title='bbox 1300 2529 1437 2572; x_wconf 88' lang='lat' dir='ltr'>aliquam</span> <span class='ocrx_word' id='word_1_406' title='bbox 1463 2539 1499 2561; x_wconf 85' lang='lat' dir='ltr'>ex</span> <span class='ocrx_word' id='word_1_407' title='bbox 1525 2527 1665 2561; x_wconf 88' lang='lat' dir='ltr'>ecclesiis</span> <span class='ocrx_word' id='word_1_408' title='bbox 1690 2527 1822 2559; x_wconf 87' lang='lat' dir='ltr'>fratrum</span> <span class='ocrx_word' id='word_1_409' title='bbox 1847 2526 1901 2558; x_wconf 79' lang='lat' dir='ltr'>Mi-</span> 
     </span>
     <span class='ocr_line' id='line_1_43' title="bbox 444 2578 1902 2626; baseline -0.001 -14"><span class='ocrx_word' id='word_1_410' title='bbox 444 2591 568 2621; x_wconf 82' lang='lat' dir='ltr'>noi-um,</span> <span class='ocrx_word' id='word_1_411' title='bbox 595 2581 659 2614; x_wconf 53' lang='lat'>“20¹4</span> <span class='ocrx_word' id='word_1_412' title='bbox 683 2583 716 2622; x_wconf 76' lang='lat' dir='ltr'>b,</span> <span class='ocrx_word' id='word_1_413' title='bbox 745 2583 818 2615; x_wconf 84' lang='lat' dir='ltr'>item</span> <span class='ocrx_word' id='word_1_414' title='bbox 845 2583 1043 2615; x_wconf 82' lang='lat' dir='ltr'>visitantibus</span> <span class='ocrx_word' id='word_1_415' title='bbox 1067 2582 1203 2626; x_wconf 86' lang='lat' dir='ltr'>aliquam</span> <span class='ocrx_word' id='word_1_416' title='bbox 1229 2592 1265 2615; x_wconf 84' lang='lat' dir='ltr'>ex</span> <span class='ocrx_word' id='word_1_417' title='bbox 1291 2581 1431 2615; x_wconf 81' lang='lat' dir='ltr'>ecclesiis</span> <span class='ocrx_word' id='word_1_418' title='bbox 1457 2581 1686 2615; x_wconf 89' lang='lat' dir='ltr'>monachorum</span> <span class='ocrx_word' id='word_1_419' title='bbox 1712 2578 1902 2613; x_wconf 88' lang='lat' dir='ltr'>Caelestino-</span> 
     </span>
    </p>
   </div>
  </div>
 </body>
</html>
