2111 3157
157 210 195 236 Αη
228 208 256 237 C.
282 209 349 237 1680

392 201 458 235 3⁶24

349 265 406 297 cta,
430 269 487 289 non
511 263 606 290 autem
633 259 772 300 pecunias
795 269 846 299 pro
869 260 958 300 ipsis,
985 260 1042 291 nisi
1057 260 1088 291 in

349 308 446 348 aliquo
468 318 536 339 casu
560 309 751 339 necessitatis.

389 357 428 396 (c)
455 366 485 387 x.
510 358 549 388 De.
578 368 715 388 mensura.
739 358 771 388 In
797 359 936 390 mensura
962 359 1088 390 vestium

349 410 482 436 servetur
504 407 685 436 consuetudo
707 411 818 446 nostra,
842 418 901 439 non
923 409 958 439 de
982 410 1086 449 parva,

349 454 399 484 sed
421 454 456 484 de
477 454 598 484 notabili
620 455 785 486 differentia
807 461 953 487 curantes,

388 512 427 532 xi.
452 503 551 541 ltaque
574 503 705 533 cucullae
721 503 780 534 sint
801 504 905 543 longae
922 515 980 535 uno
997 506 1088 544 digito

349 560 365 580 a
388 552 478 588 terra,
503 560 661 590 earumque
677 552 807 582 manicae
822 554 926 592 longae
940 554 1015 584 ultra
1031 564 1089 584 ma-

349 608 419 628 num
441 602 590 629 extensam
613 609 664 638 per
685 600 838 631 dimidium
852 601 976 641 brachii,
991 603 1088 641 largae

349 657 416 677 vcro
439 657 491 686 per
513 652 571 677 tres
593 652 711 688 quartas
733 659 800 679 cum
823 650 955 681 dimidio.

389 705 438 726 xn.
462 696 591 727 Tunicae
613 707 680 728 vero
702 698 760 728 sint
782 698 854 728 tales
875 703 903 729 et
925 700 1005 730 iuxta
1027 700 1089 730 Cle-

349 745 509 775 mentinam
537 745 766 786 circumquaque
795 748 925 778 clausae:
959 749 1088 779 manicae

350 792 516 822 tunicarum
538 794 577 823 ita
600 794 696 832 largae
723 799 754 825 ut
778 795 889 835 possint
910 805 1015 835 capere
1037 806 1088 835 pu-

348 841 466 879 gillum:
499 842 654 873 tunicellae
686 853 754 874 vero
784 844 885 875 laneae
917 854 970 884 per
1001 854 1087 876 unam

349 893 483 928 quartam
506 900 520 920 a
543 892 622 921 terra
644 892 865 931 protendantur.

388 947 449 968 xnr.
472 939 640 978 Scapularia
656 941 867 971 monachorum
885 941 944 971 sint
958 941 1087 972 eiusdem

349 985 540 1024 longitudinis
555 997 588 1017 ac
611 989 720 1025 tunica,
739 989 855 1028 lataque
871 990 1032 1020 secundum
1048 990 1089 1019 la-

348 1035 503 1065 titudinem
520 1037 642 1067 rasciae.
656 1038 825 1077 Scapularia
837 1039 1015 1069 novitiorum
1030 1038 1088 1068 sint

348 1084 449 1113 stricta
472 1088 500 1114 et
522 1084 633 1124 brevia,
652 1085 725 1116 itaut
739 1096 797 1117 non
818 1087 1031 1125 protendantur
1045 1087 1089 1116 ul—

348 1136 392 1161 tra
414 1141 520 1169 genua.

388 1188 446 1209 Xiv.
476 1181 516 1210 De
544 1182 669 1221 caputiis
695 1187 793 1213 autem
821 1183 990 1214 ordinamus
1011 1183 1087 1222 quod

348 1228 379 1258 in
401 1229 531 1267 quolibet
549 1231 725 1262 monasterio
744 1231 887 1262 habeatur
901 1232 994 1262 forma
1011 1242 1026 1262 a
1043 1241 1089 1262 ca-

349 1277 441 1316 pitulo
464 1279 632 1316 constituta,
650 1289 736 1319 quam
759 1290 860 1310 omnes
876 1284 1047 1319 sequantur.

389 1334 436 1355 xv.
460 1326 586 1357 Tunicae
608 1328 829 1359 commissorum
844 1329 903 1358 sint
924 1329 1089 1367 aliquantu-

349 1373 409 1403 lum
434 1384 523 1414 super
544 1376 652 1406 collum
674 1377 773 1415 pedis:
791 1381 819 1406 et
836 1373 971 1407 similiter
989 1377 1087 1416 pallia,

349 1431 424 1461 quae
447 1423 640 1453 circumclusa
663 1424 738 1462 sint,
762 1434 777 1454 a
808 1424 948 1454 lateribus
976 1428 1088 1455 tantum

349 1476 460 1510 aperta,
484 1476 515 1502 ut
537 1473 655 1503 brachia
677 1474 790 1513 possint
811 1474 976 1504 extrahere.

389 1529 447 1550 xw.
465 1521 549 1552 Color
566 1523 691 1552 vestium
708 1523 938 1553 extrinsecarum
953 1524 1089 1554 commis-

350 1578 449 1599 sorum
472 1570 509 1600 sit
530 1569 708 1600 berrettinus
731 1580 782 1600 seu
810 1571 948 1609 subniger
974 1581 1089 1610 semper

349 1622 378 1647 et
399 1618 555 1648 uniformis
577 1623 718 1658 quantum
741 1619 844 1649 haberi
867 1621 971 1658 possit3
995 1624 1089 1649 vestes

351 1670 448 1696 autem
470 1667 625 1697 interiores
641 1668 700 1697 sint
721 1668 779 1698 albi
795 1669 839 1698 vel
854 1668 1026 1707 nigricantis
1042 1678 1089 1697 co-

351 1715 442 1751 loris;
467 1716 553 1754 pallia
576 1726 691 1755 quoque
709 1718 839 1756 ipsorum
855 1722 882 1746 et
900 1717 1016 1746 tunicae
1032 1717 1089 1746 sint

350 1764 387 1794 ad
401 1764 555 1795 arbitrium
572 1766 692 1804 praelati
708 1776 742 1795 ex
759 1776 854 1805 panno
869 1770 918 1796 aut
931 1775 964 1796 ex
981 1766 1087 1795 rascia.

392 1822 460 1843 xvii.
484 1814 591 1844 Omnes
614 1824 698 1854 porro
721 1816 895 1854 accipientes
910 1824 995 1851 nova,
1012 1816 1088 1845 intra

351 1866 416 1892 octo
438 1863 500 1892 dies
528 1863 587 1893 lota
610 1867 638 1892 et
660 1864 766 1893 munda
794 1864 912 1893 omnino
935 1864 1089 1893 restituant

351 1916 460 1947 vetera,
485 1912 645 1941 secundum
677 1912 822 1950 regulam:
847 1913 1089 1942 contrafacientes

352 1959 450 1988 dicant
472 1969 553 1989 suam
576 1960 689 1999 culpam
716 1960 745 1989 in
777 1960 923 1999 capitulo,
947 1965 975 1990 et
996 1969 1090 1990 come-

352 2008 422 2037 dant
444 2008 534 2037 semel
561 2008 590 2037 in
620 2018 693 2047 pane
721 2012 749 2038 et
771 2010 847 2048 aqua
868 2009 898 2039 in
921 2009 1088 2046 refectorio,

352 2060 438 2095 atque
462 2057 616 2096 priventur
638 2057 724 2087 rebus
747 2058 849 2095 novis,
874 2067 1023 2097 quousque
1046 2066 1091 2087 rc-

352 2106 473 2136 stituant
495 2110 602 2136 vetera.

392 2155 435 2193 (d)
457 2164 536 2185 xvin.
561 2156 637 2185 Duas
664 2157 781 2185 tunicas.
811 2155 985 2185 Ordinamus
1014 2155 1089 2194 quod

352 2203 474 2241 singulis
490 2205 586 2241 annis,
605 2209 668 2244 post
690 2213 854 2242 regressum
871 2204 991 2243 praelati
1007 2213 1021 2233 a
1044 2214 1090 2233 ca-

353 2252 455 2291 pitulo,
472 2263 570 2283 omnes
585 2254 740 2283 conficiant
755 2253 950 2282 inventarium
966 2253 1088 2282 vestium

353 2310 615 2340 quarumcumque,
631 2311 702 2340 quas
725 2301 850 2339 habent,
874 2302 1006 2340 apposita
1021 2311 1091 2340 qua-

353 2350 451 2386 litate,
475 2359 511 2378 an
534 2355 666 2387 veteres,
691 2350 735 2378 vel
764 2359 853 2379 novae
882 2350 961 2385 sint,
990 2349 1088 2388 ibique

353 2398 547 2434 subscribant,
572 2398 677 2436 quibus
700 2398 828 2427 vestibus
852 2398 1000 2436 indigent3
1018 2398 1090 2427 scri-

353 2451 493 2486 ptumque
507 2448 560 2476 hoc
574 2448 700 2485 praelato
713 2447 896 2484 consignent,
912 2448 972 2486 qui,
987 2447 1088 2476 unius-

354 2496 494 2534 cuiusque
526 2495 686 2533 indigentia
717 2496 921 2533 considerata,
954 2495 1088 2525 omnibus

352 2545 566 2575 rationabiliter
590 2545 754 2583 provideat:
772 2545 843 2575 itaut
862 2546 1009 2584 superflua
1029 2554 1089 2574 am-

354 2598 510 2634 putentur,
534 2597 561 2623 et
584 2593 745 2624 necessaria
769 2594 904 2631 aliunde,
929 2603 984 2633 qua
1007 2594 1088 2624 decct

924 195 1113 236 ’nULLARIUM
1134 211 1287 238 Romnum

1131 261 1270 291 charitate
1284 285 1291 298 ‚
1315 260 1595 298 subministrentur2
1618 268 1732 295 servato
1753 265 1784 296 in
1806 274 1868 296 om-

1130 310 1217 340 nibus
1244 310 1368 342 vestium
1398 311 1552 349 generibus
1574 313 1624 342 tali
1647 314 1843 345 moderamine
1857 339 1864 346 .

1131 363 1162 390 ut
1183 369 1277 400 neque
1299 360 1334 390 ob
1357 361 1457 391 luxum
1479 362 1607 391 scandali
1630 361 1804 401 praebeatur
1820 373 1867 394 oc-

1131 408 1220 446 casio,
1246 418 1341 448 neque
1363 409 1399 439 ob
1420 409 1519 439 sordes
1545 413 1594 440 aut
1615 410 1736 440 nimiam
1758 411 1868 442 lacera-

1131 457 1240 486 tionem
1263 457 1424 488 monastica
1451 458 1580 496 gravitas
1607 458 1638 488 in
1667 462 1868 499 contemptum

1131 505 1276 535 deveniat.

1171 554 1210 593 (e)
1232 563 1292 584 xlx.
1317 554 1392 590 Quae
1407 559 1496 585 tumen
1512 556 1592 585 lecta.
1610 555 1665 586 Pro
1681 555 1867 588 observantia.

1131 602 1217 632 huius
1240 606 1334 633 textus
1351 604 1471 642 praelati
1487 604 1604 634 omnino
1620 614 1677 635 non
1698 606 1868 644 permittant

1131 656 1300 681 ornamenta
1324 652 1401 682 circa
1434 653 1612 683 lectisternia
1634 658 1662 683 et
1688 654 1815 693 parietes
1836 654 1867 684 in

1130 699 1212 728 cellis
1239 700 1457 739 monachorum,
1481 705 1510 731 et
1540 702 1710 740 praesertim
1739 702 1867 742 picturas

1131 748 1276 786 profanas,
1294 749 1423 788 specula,
1440 750 1547 780 scrinia
1563 752 1650 781 etiam
1671 755 1700 781 et
1720 751 1867 790 horologia

1130 796 1228 834 magni
1251 797 1368 834 valoris,
1392 797 1507 837 aliaque
1529 797 1697 828 huiusmodi
1719 799 1867 838 superflua

1131 847 1158 873 et
1180 844 1306 882 pretiosa
1329 846 1505 875 monasticae
1521 846 1687 885 paupertati
1709 847 1866 877 contraria.

1130 891 1254 922 Visitent
1275 896 1373 922 autem
1396 893 1559 932 praedictas
1581 894 1667 923 cellas
1683 894 1866 934 scrupulose,

1131 943 1180 969 aut
1202 940 1313 970 visitari
1336 941 1452 978 saciant,
1471 945 1514 971 ter
1537 941 1581 971 vel
1603 946 1705 980 quater
1726 942 1756 972 in
1777 952 1865 973 anno.

1130 987 1164 1017 Et
1185 988 1209 1017 si
1231 988 1301 1027 quid
1324 988 1364 1018 ibi
1386 990 1578 1029 superfluum,
1596 994 1645 1019 aut
1660 990 1796 1029 religioso
1812 995 1868 1021 sta-

1131 1035 1171 1065 tui
1194 1045 1251 1065 non
1275 1037 1463 1076 conveniens,
1482 1038 1527 1068 vel
1549 1038 1625 1077 quod
1646 1038 1703 1078 ipsi
1725 1048 1783 1069 non
1801 1048 1868 1069 con-

1131 1084 1286 1123 cesserint,
1310 1085 1471 1124 invenient‚
1488 1087 1596 1117 auferri
1612 1087 1731 1117 omnino
1747 1088 1868 1126 saciant,

1131 1136 1157 1162 et
1179 1136 1209 1165 in
1231 1135 1401 1165 monasterii
1423 1136 1608 1166 commodum
1629 1139 1810 1174 convertant,
1834 1146 1868 1167 ac

1130 1183 1251 1222 insuper
1276 1182 1419 1213 salutares
1452 1184 1645 1223 poenitentias
1673 1184 1730 1224 iis,
1754 1185 1803 1224 qui
1825 1185 1868 1215 sic

1131 1231 1329 1271 deliquerint,
1352 1232 1515 1271 imponant.
1538 1234 1560 1264 E
1592 1237 1715 1270 contra,
1742 1233 1767 1263 si
1798 1233 1868 1273 quid

1131 1279 1328 1309 necessarium
1351 1279 1391 1309 ibi
1415 1280 1515 1310 deesse
1538 1281 1724 1320 repererint,
1748 1281 1869 1311 omnino

1131 1337 1196 1357 cum
1219 1328 1298 1358 omni
1326 1328 1467 1359 charitate
1501 1330 1672 1369 provideant
1693 1333 1721 1360 et
1742 1330 1870 1368 largian-

1131 1380 1187 1406 tur.
1212 1377 1304 1416 AEque
1333 1378 1411 1407 enim
1440 1379 1608 1408 necessitati
1636 1378 1868 1409 subveniendum

1131 1428 1191 1462 est,
1216 1434 1248 1454 ac
1275 1425 1470 1463 superfluitati
1500 1436 1557 1455 non
1582 1426 1813 1464 indulgendum3
1837 1430 1869 1456 ut

1131 1473 1225 1502 omnis
1247 1473 1430 1512 proprietatis
1453 1475 1565 1504 radices
1581 1478 1610 1504 et
1625 1475 1805 1506 necessitatis
1820 1485 1869 1506 ex-

1130 1522 1294 1551 cusationes
1315 1526 1511 1561 amputentur.

1171 1579 1218 1599 xx.
1242 1570 1286 1607 Et,
1305 1580 1370 1600 cum
1394 1572 1543 1601 monachis
1567 1581 1636 1601 usus
1657 1572 1803 1602 lineorum
1825 1573 1870 1603 in-

1131 1618 1307 1653 terdicatur,
1333 1619 1417 1649 lineis
1441 1620 1483 1650 nti
1504 1620 1632 1650 camisiis
1655 1621 1770 1659 penitus
1790 1621 1869 1650 inhi-

1131 1666 1243 1704 bemus,
1267 1667 1322 1696 nisi
1345 1677 1377 1697 ex
1401 1668 1532 1706 legitima
1555 1670 1659 1707 causa,
1688 1669 1868 1699 medicorum

1131 1716 1252 1745 consilio
1274 1720 1302 1745 et
1324 1717 1446 1756 praelati
1468 1717 1576 1747 iudicio
1598 1717 1759 1757 probanda,
1784 1727 1869 1757 opor-

1133 1768 1189 1793 teat
1210 1765 1389 1804 dispensari3
1413 1775 1501 1805 super
1523 1776 1579 1805 quo
1606 1766 1736 1805 ipsorum
1758 1767 1870 1806 praela-

1131 1816 1226 1842 torum
1248 1814 1456 1843 conscientiam
1479 1824 1644 1844 oneramus.
1668 1815 1868 1844 Permittimus

1131 1864 1228 1891 tamen
1250 1872 1337 1901 super
1364 1872 1465 1901 sagum
1493 1867 1542 1893 aut
1570 1867 1688 1894 mattam
1711 1864 1814 1903 pannis
1836 1863 1869 1893 li-

1131 1910 1194 1939 neis
1216 1911 1269 1946 uti,
1287 1911 1336 1949 qui
1360 1912 1472 1950 possint
1494 1912 1639 1942 removeri
1660 1916 1688 1942 et
1706 1912 1785 1942 ablui
1804 1920 1869 1951 pro—

1131 1962 1196 1997 pter
1217 1959 1398 1989 munditiem.

1172 2016 1230 2037 xx1.
1255 2008 1351 2038 Liceat
1373 2009 1460 2038 etiam
1484 2018 1572 2049 super
1594 2010 1695 2040 sedilia
1717 2014 1766 2040 aut
1787 2009 1869 2040 tabu-

1132 2056 1173 2085 las
1196 2056 1239 2085 vel
1262 2058 1458 2094 genuflexoria
1481 2059 1574 2088 teneri
1596 2069 1723 2098 pannum
1745 2059 1868 2089 viridem

1133 2104 1241 2134 lineum
1264 2106 1324 2135 sive
1346 2107 1482 2145 laneum,
1507 2107 1556 2146 qui
1580 2112 1675 2137 tamen
1698 2107 1868 2146 prohibetur

1132 2153 1209 2184 circa
1232 2155 1422 2194 lectisternia,
1440 2160 1489 2186 aut
1505 2166 1519 2185 a
1543 2157 1703 2195 parietibus
1725 2156 1866 2196 pendens.

1219 2212 1315 2242 CAPUT
1338 2213 1405 2243 LVI.
1432 2230 1466 2234 -—
1489 2213 1528 2243 De
1550 2216 1642 2243 mansii
1662 2214 1773 2243 abbatis.

1176 2271 1282 2303 Mensa
1306 2271 1431 2304 abbatis
1455 2282 1527 2304 cum
1552 2272 1732 2314 hospitibus
1757 2278 1789 2304 et
1813 2282 1867 2315 pe-

1131 2324 1268 2366 regrinis
1293 2324 1332 2356 sit
1356 2335 1497 2368 semper.
1524 2325 1571 2368 (a)
1596 2324 1726 2362 Quoties
1756 2329 1865 2358 tamen

1131 2377 1237 2409 minus
1261 2382 1335 2410 sunt
1359 2378 1515 2421 hospiteS,
1540 2388 1620 2421 quos
1646 2378 1713 2410 vult
1738 2377 1777 2410 dc
1804 2378 1867 2410 fra-

1132 2431 1233 2463 tribus
1270 2441 1386 2464 vocare
1420 2431 1453 2463 in
1484 2431 1583 2474 ipsius
1615 2431 1656 2464 sit
1690 2436 1863 2474 potestate.

1131 2483 1299 2516 seniorum
1325 2489 1430 2517 autem
1451 2495 1550 2517 unum
1567 2488 1621 2517 aut
1638 2484 1718 2516 duos
1735 2494 1866 2527 semper

1130 2547 1200 2569 Clllll
1219 2538 1372 2570 fratribus
1393 2538 1600 2571 dimittendos
1621 2542 1773 2581 procuret
1789 2547 1866 2580 pro-

1129 2596 1203 2633 pter
1220 2590 1436 2633 disciplinam.

1872 202 1923 244 Ᾱηζ
1942 202 2058 248 C.1680

1932 2278 2059 2303 Quibuscum

1876 2308 1988 2326 comedero
2019 2307 2057 2327 da-

1876 2332 1926 2353 beat
1939 2333 2014 2355 abbas.
