2111 3157
30 260 78 288 An.
94 259 122 287 ’λ
144 261 209 288 1687

793 264 1003 288 tNNOCt-:Nrtt's
1024 265 1054 288 XI
1080 266 1127 290 1’1’.

262 309 293 343 ⁶2.
320 310 462 353 Singulis
486 312 579 344 annis
603 311 635 344 in
661 312 810 344 omnibus
832 312 947 345 nostris
967 312 970 339 Ι
991 318 1127 345 strorum
1146 313 1176 346 S.
1196 313 1233 346 R.
1251 314 1284 347 E.
1305 314 1517 348 cardinalium
1535 325 1635 358 super
1659 316 1721 348 hoc

218 362 434 405 hospitalibus
448 374 513 397 uno
531 370 603 407 post
619 364 848 397 Defunctorum
862 363 949 397 Com·
967 342 970 393 i

217 417 483 450 memorationem
518 417 573 449 vdie
614 417 739 450 dicetur
777 417 873 450 missa
897 427 949 449 so-

216 470 332 503 lemnis
364 480 435 503 cum
464 470 639 502 'nocturnis
671 474 703 502 et
734 471 856 502 tumulo
889 480 947 512 pro

216 523 365 556 omnibus
389 522 508 556 nostris
542 523 691 555 fratribus
717 523 893 562 defunctis,
918 528 949 555 et

214 574 345 608 finietur
369 585 439 607 cum
457 575 595 608 solemni
614 585 770 618 responso
799 576 949 608 assisten-

215 627 300 660 tibus
342 627 492 661 omnibus
534 628 684 660 fratribus
728 638 798 660 cum
846 627 948 660 cereis

214 691 293 724 prae
313 681 461 713 manibus
487 681 642 721 accensis,
662 680 810 723 idemque
836 680 891 713 fiet
916 680 947 712 in

214 734 332 774 missis,
358 744 439 777 quae
465 734 587 766 cantari
608 733 726 765 debent
745 733 949 775 peculiariter

214 797 273 830 pro
299 787 446 830 quolibet
469 787 567 818 fratre
593 786 759 818 defuncto.

256 839 289 874 3.
314 839 555 873 Exactissimum
575 837 708 872 afferant
724 839 756 871 in
774 839 947 872 observan-

213 892 256 925 tia
272 898 304 925 et
319 892 495 925 servatione
514 891 779 924 constitutionum
796 892 945 932 studium,

212 952 248 979 ut
271 946 310 979 ad
334 946 475 979 litteram
505 945 728 983 observentur,
746 950 777 978 et
796 945 835 978 ad
861 945 946 977 hunc

211 999 309 1033 finem
342 999 375 1032 in
400 999 543 1032 triclinio
574 999 725 1041 legentur
760 999 840 1032 hora
856 1009 946 1042 pran-

213 1052 256 1085 dii
274 1058 306 1085 et
322 1063 443 1086 coenae
465 1053 614 1085 omnibus
637 1053 711 1085 anni
729 1054 825 1085 sextis
842 1053 942 1085 feriis.

256 1104 372 1138 Omnes
402 1105 479 1138 istac
505 1105 764 1145 constitutiones,
805 1105 946 1148 exceptis

213 1159 304 1199 votis,
330 1168 394 1191 non
420 1158 566 1200 obligant
590 1159 649 1190 sub
674 1163 806 1201 peccato
831 1168 944 1191 eorum

212 1217 488 1254 transgressores;
514 1217 653 1244 attamen
674 1221 733 1244 nos
758 1212 798 1244 ad
822 1221 946 1244 earum-

212 1264 286 1296 dem
311 1263 547 1297 observantiam
565 1264 784 1296 inuolabilem
808 1264 945 1305 compcl-

209 1316 279 1349 lere
297 1316 395 1350 debet
411 1316 465 1348 Dci
483 1327 585 1356 amor,
600 1316 654 1359 qui
668 1327 726 1349 nos
740 1317 773 1348 in
788 1316 858 1349 illas
877 1326 946 1348 con-

211 1370 366 1412 gregavit,
385 1375 416 1402 et
429 1369 541 1402 salutis
558 1375 709 1402 aeternae
735 1370 943 1409 desiderium,

209 1421 255 1454 uti
280 1427 408 1454 nostrae
434 1421 654 1454 observantiae
684 1422 864 1464 praemium
890 1436 919 1455 n.

35 1117 144 1140 conclusit)
154 1123 202 1140 cou-

20 1147 155 1167 »mulionum

66 1485 198 1509 confirmatio
253 1475 268 1517 ᾗ
292 1474 323 1507 2.
351 1475 428 1508 Cum
453 1480 571 1514 autem,
597 1476 680 1507 sicut
711 1476 823 1509 eadem
848 1486 945 1519 expo-

18 1512 285 1562 {iitlffissffimfffl'sitio
311 1528 538 1571 subiungebat,
574 1529 737 1571 praefatus
770 1529 945 1562 Rodericus

209 1587 403 1626 procurator
427 1581 586 1623 generalis
612 1582 859 1615 constitutiones
888 1583 946 1614 hu-

210 1634 363 1675 iusmodi,
390 1645 453 1678 quo
479 1634 601 1667 firmius
627 1635 804 1667 subsistant
829 1640 860 1667 et
885 1646 947 1667 ser-

212 1693 325 1720 ventur
349 1688 498 1727 exactius,
513 1688 708 1730 apostolicae
733 1687 948 1720 confirmatio-

211 1740 261 1773 nis
279 1746 407 1774 nostrae
426 1740 604 1783 patrocinio
619 1741 807 1773 communiri
823 1746 854 1773 et
871 1741 948 1773 alias

211 1793 314 1827 dictae
340 1793 499 1827 societatis
525 1793 619 1825 statui
645 1799 827 1836 opportune
855 1805 872 1826 a
890 1804 948 1826 no-

210 1847 260 1880 bis
284 1847 446 1890 provideri
472 1852 504 1879 et
527 1853 562 1879 ut
588 1847 669 1879 infra
694 1847 855 1889 indulgeri
882 1848 948 1889 plu.

211 1900 328 1934 rimum
353 1901 535 1934 desideret:
571 1911 641 1940 nos,
668 1900 768 1943 ipsius
794 1900 947 1933 Roderici

211 1955 429 1998 procuratoris
455 1955 617 1997 generalis
642 1954 724 1988 votis
759 1955 819 1986 hac
845 1954 876 1986 in
901 1964 946 2001 rc,

212 2014 368 2052 quantum
384 2018 456 2041 cum
474 2008 610 2041 Domino
630 2019 810 2051 possumus,
829 2008 948 2041 favora.

200 2061 320 2096 ‘biliter
344 2072 486 2095 annuere
511 2063 666 2102 volentes,
689 2072 831 2105 eumque
849 2073 864 2094 a
883 2062 947 2105 qui-

211 2115 321 2148 busvis
342 2115 699 2154 excommunicationis,
721 2116 946 2158 suspensionis

212 2173 244 2201 et
260 2167 435 2208 interdicti,
461 2168 597 2210 aliisque
623 2168 851 2201 ecclesiasticis
876 2179 947 2201 sen-

210 2222 334 2262 tentiis,
352 2221 494 2253 censuris
516 2226 547 2253 et
567 2221 696 2263 poenis,
718 2232 735 2254 a
752 2222 820 2254 iure
841 2222 890 2254 vel
906 2222 944 2254 ab

210 2274 351 2314 homine,
364 2274 476 2317 quavis
493 2273 662 2307 occasione
677 2275 725 2307 vel
747 2278 841 2308 causa
862 2275 944 2313 latis,

210 2327 236 2360 si
265 2327 382 2370 quibus
407 2327 652 2370 quomodolibet
678 2327 852 2360 innodatus
880 2328 944 2360 exi-

211 2380 276 2420 stit,
291 2381 329 2413 ad
348 2380 496 2413 effectum
514 2380 733 2423 praesentium
749 2381 945 2413 dumtataxat

210 2433 497 2476 consequendum,
525 2433 639 2465 harum
664 2433 748 2465 serie
774 2433 944 2466 absolven-

212 2490 260 2518 tes
288 2491 319 2518 et
343 2487 526 2519 absolutum
551 2486 619 2518 fore
651 2490 843 2525 censentes,
869 2496 944 2530 sup-

210 2538 442 2581 plicationibus
472 2538 539 2570 eius
564 2538 693 2570 nomine
724 2537 816 2570 nobis
846 2548 943 2581 super

210 2590 272 2624 hoc
305 2591 470 2624 humiliter
510 2591 668 2633 porrectis
704 2583 867 2630 inclinati,
905 2591 943 2623 de

202 2645 463 2693 Vnonnnullorum
488 2643 721 2676 venerabilium
739 2644 872 2676 fratrum
890 2654 942 2676 no-

990 367 1124 408 negocio
1143 377 1159 399 a
1180 367 1271 400 nobis
1291 368 1475 411 specialiter
1495 369 1721 411 deputatorum

990 419 1139 459 consilio,
1166 421 1345 463 praefatam
1377 421 1564 454 societatem
1595 421 1722 455 confra-

990 476 1074 503 trum
1100 473 1412 506 Bethlehemitarum
1430 480 1646 518 nuncupatam
1663 475 1722 507 ho-

990 525 1152 568 spitalium
1172 537 1352 569 pauperum
1377 528 1674 561 convalescentium
1688 528 1722 561 in

990 578 1086 611 Indiis
1100 579 1355 613 Occidentalibus
1375 581 1405 613 in
1420 582 1720 625 Congregationem,

989 633 1048 664 sub
1074 634 1184 675 regula
1208 633 1238 666 S.
1267 634 1412 675 Agustini
1439 640 1471 667 et
1494 635 1721 679 suprascriptis

990 685 1282 725 constitutionibus,
1310 688 1499 721 auctoritate
1529 689 1720 731 apostolica,
1768 726 1773 729 ¹

991 743 1101 770 tenore
1127 739 1354 781 praesentium,
1382 746 1541 783 perpetuo
1567 741 1720 784 erigimus

990 796 1022 822 et
1046 791 1261 831 instituimus,
1296 803 1330 825 ac
1356 794 1485 826 easdem
1519 795 1723 827 constitutio-

990 853 1046 875 nes
1071 843 1299 885 praeinsertas,
1326 856 1397 877 cum
1423 846 1574 878 omnibus
1599 853 1630 880 et
1660 847 1723 880 sin-

989 895 1071 937 gulis
1097 896 1127 927 in
1154 897 1200 928 eis
1225 897 1395 936 contentis,
1411 898 1600 931 auctoritate
1627 904 1658 931 et
1678 905 1723 932 te-

988 958 1066 981 nore
1091 950 1265 992 praedictis
1289 950 1516 984 confirmamus
1549 958 1581 984 et
1608 963 1724 995 appro-

988 1001 1108 1041 bamus,
1142 1002 1270 1045 illisque
1296 1003 1491 1036 inviolabilis
1524 1005 1721 1048 apostolicae

987 1054 1146 1086 firmitatis
1173 1055 1272 1087 robur
1296 1055 1474 1097 adiicimus,
1501 1067 1536 1089 ac
1561 1067 1672 1090 omnes
1691 1063 1723 1090 et

988 1106 1132 1149 singulos
1156 1107 1234 1140 iuris
1268 1114 1298 1140 et
1330 1109 1401 1140 facti
1428 1109 1580 1150 defectus,
1612 1110 1638 1142 si
1667 1110 1721 1152 qni

988 1160 1126 1203 desuper
1142 1161 1641 1203 quomodolibetintervenerint,
1653 1173 1723 1205 sup-

988 1214 1122 1256 plemus.
1151 1214 1322 1247 Praeterea
1358 1215 1504 1248 eamdem
1540 1215 1723 1258 Congrega-

989 1267 1108 1299 tionem
1146 1267 1191 1299 sic
1221 1277 1238 1299 a
1263 1267 1357 1300 nobis
1397 1273 1548 1307 erectam,
1586 1268 1722 1311 eiusque

987 1320 1177 1358 confratres,
1204 1319 1389 1362 hospitalia,
1418 1321 1570 1353 ecclesias
1593 1327 1624 1353 et
1647 1331 1723 1364 per-

988 1383 1084 1405 sonas
1110 1383 1343 1415 quascumque,
1359 1374 1398 1405 ab
1417 1373 1605 1406 omnimoda
1630 1373 1723 1406 iuris-

988 1425 1128 1458 dictione
1153 1431 1185 1458 et
1209 1425 1413 1458 correctione·
1444 1436 1722 1470 quorumcumque

987 1477 1230 1510 Ordinariorum
1255 1479 1412 1517 locorum,
1447 1479 1559 1511 eadem
1585 1478 1723 1511 auctori-

989 1537 1064 1572 tate,
1079 1532 1192 1564 harum
1214 1531 1306 1571 serie,
1330 1532 1496 1564 eximimus
1522 1537 1553 1565 et
1576 1532 1720 1575 plenarie

989 1586 1176 1623 liberamus,
1216 1584 1385 1628 ipsamque
1424 1585 1721 1627 Congregationem,

989 1639 1179 1677 confratres,
1205 1638 1389 1681 hospitalia,
1416 1638 1570 1671 ecclesias
1595 1644 1626 1671 et
1650 1648 1723 1682 per-

990 1702 1084 1725 sonas
1109 1691 1294 1723 liuiusmodi
1321 1692 1380 1723 sub
1405 1691 1588 1724 immediata
1612 1693 1723 1725 nostra

991 1750 1021 1777 et
1048 1745 1141 1776 huius
1161 1749 1288 1776 sanctae
1306 1744 1395 1777 Sedis
1417 1745 1622 1787 Apostolicae
1648 1755 1723 1788 pro-

992 1797 1128 1830 tectione
1144 1801 1175 1828 et
1190 1796 1390 1829 subiectione
1403 1797 1607 1840 suscipimus.
1624 1797 1722 1831 Porro

992 1851 1090 1893 ipsam
1102 1850 1401 1892 Congrcgationcm,
1416 1850 1460 1882 sic
1475 1855 1626 1889 erectam,
1643 1850 1722 1884 eius-

991 1914 1051 1946 que
1073 1904 1250 1935 confratres
1277 1914 1511 1946 quoscumque,
1529 1914 1546 1935 a
1562 1903 1722 1936 solutione

990 1962 1120 1999 quartae
1136 1955 1290 1988 funeralis
1313 1961 1374 1988 tam
1392 1957 1609 1989 saecularibus
1628 1965 1724 1999 quam

991 2009 1193 2051 regularibus
1218 2009 1362 2041 ecclesiis
1388 2010 1640 2052 parochialibus,
1666 2009 1723 2043 ali-

990 2064 1079 2105 isque
1105 2062 1182 2094 locis
1208 2062 1278 2104 piis,
1305 2063 1401 2094 ctiam
1422 2063 1586 2095 doctrinae
1611 2063 1722 2106 populi

989 2116 1140 2148 ludorum
1167 2121 1219 2148 aut
1237 2116 1298 2148 alia
1319 2116 1431 2158 quavis
1455 2116 1721 2149 denominatione

989 2169 1190 2212 nuncupatis,
1206 2169 1345 2208 debitae,
1362 2169 1549 2202 auctoritate
1569 2170 1720 2212 praefata,

988 2222 1174 2255 earumdem
1201 2226 1312 2254 tenore
1344 2222 1576 2264 praesentium,
1603 2223 1723 2265 plenis-

987 2277 1067 2308 sime
1092 2281 1123 2308 et
1149 2276 1347 2318 amplissime
1372 2276 1410 2307 de
1436 2286 1520 2308 novo
1552 2276 1722 2310 eximimus

988 2329 1109 2372 pariter
1141 2334 1172 2360 ct
1201 2328 1391 2360 liberamus:
1427 2328 1630 2362 declarantes
1665 2330 1723 2362 hu-

987 2380 1122 2413 iusmodi
1150 2380 1386 2423 exemptionem
1408 2380 1575 2423 suffragari
1601 2382 1721 2415 debere

987 2434 1083 2466 ctiam
1109 2433 1214 2476 quoad
1241 2433 1413 2475 hospitalia
1440 2433 1470 2465 in
1498 2434 1637 2467 futurum
1663 2435 1723 2467 eri-

987 2486 1092 2529 genda
1117 2490 1148 2517 et
1169 2495 1325 2527 personas
1350 2491 1591 2519 commorantes
1618 2492 1649 2519 et
1674 2487 1720 2520 in-

987 2538 1164 2571 servientes
1184 2537 1266 2569 intra
1284 2543 1375 2580 septa
1397 2538 1618 2581 hospitalium,
1638 2539 1724 2571 dum-

986 2591 1083 2623 modo
1125 2596 1228 2622 tamen
1271 2591 1470 2633 sepeliantur
1507 2591 1536 2623 in
1576 2591 1723 2624 ecclesiis

985 2643 1143 2689 dictorum
1168 2643 1376 2679 confratrum.
1392 2648 1423 2676 et
1444 2643 1545 2692 dictae
1566 2644 1722 2677 ecclesiae

1618 258 1680 290 749
1726 268 1773 294 An.
1792 269 1820 295 c.
1845 269 1908 297 ¹687
