2111 3157
38 189 88 217 An.
103 188 132 216 C.
154 189 216 215 test

67 665 221 686 contrariorum

39 693 72 713 du·
79 694 156 717 egatio.

806 186 1017 212 INNOCENTlUS
1038 187 1067 209 Xl
1094 187 1141 211 1³1³.

231 237 487 279 praeeminentia
512 243 544 269 et
568 241 729 280 potestate
748 237 916 278 fungentes
937 241 968 267 et

234 290 412 325 suncturos,
438 291 563 322 sublata
581 290 626 322 ei<
645 295 677 322 et
697 299 809 322 eorum
835 288 967 320 cuilibet

235 342 345 384 quavis
371 343 466 375 aliter
490 342 654 375 iudicandi
677 347 708 374 et
731 340 966 384 interpretandi

233 395 382 428 facultate
408 400 440 427 et
464 394 671 434 auctoritate,
698 393 832 426 iudicari
858 399 890 425 et
914 393 967 425 de-

230 447 315 479 finiri
350 448 490 486 debere,
522 458 558 479 ac
591 446 717 478 irritum
750 451 779 478 et
805 445 913 484 inane,
940 445 965 477 si

231 510 323 532 secus
349 510 449 542 super
474 499 524 531 his
547 510 564 531 a
589 509 762 541 quoquam,
780 497 893 540 quavis
911 507 966 529 au-

231 553 387 591 ctoritate,
413 551 555 584 scienter
576 551 623 583 vel
648 551 847 593 ignoranter,
865 549 966 582 conti-

232 605 314 647 gerit
339 603 502 637 attentari.

275 658 290 700 ἓ
315 655 346 689 8.
376 656 447 688 Non
472 655 675 688 obstantibus
708 655 825 688 litteris
854 666 966 698 supra-

232 709 335 747 dictis,
355 708 491 750 aliisque
513 707 714 750 praemissis,
731 718 779 747 ac,
805 713 963 750 quatenus

232 772 313 804 opus
331 761 387 800 sit,
406 763 516 793 nostra
543 765 574 792 ct
598 760 811 792 cancellariae
837 766 965 803 aposto-

230 815 311 848 licae
338 815 449 856 regula
474 813 512 845 de
538 813 608 845 iure
639 812 787 855 quaesito
813 823 878 845 non
905 814 965 845 tol-

231 867 341 905 lendo,
378 866 513 909 aliisque
546 866 743 908 apostolicis,
778 876 814 898 ae
842 865 874 897 in
899 865 965 897 uni-

231 919 419 958 versalibus,
437 918 758 961 provincialibusque
779 922 810 950 et
829 918 964 960 synoda-

232 972 316 1004 libus
351 971 497 1003 conciliis
533 970 637 1008 editis,
675 970 882 1011 generalibus
915 972 963 1003 vel

233 1023 440 1066 specialibus,
461 1023 744 1056 constitutionibus
776 1029 808 1056 et
836 1024 965 1056 ordina-

233 1075 387 1115 tionibus,
409 1086 538 1108 necnon
564 1076 732 1108 tribunalis
751 1076 907 1118 praedicti
935 1083 966 1109 et

234 1129 305 1161 aliis
331 1129 505 1171 quibusvis,
524 1129 619 1161 etiam
637 1128 829 1169 iuramento,
851 1129 966 1162 contir-

233 1182 374 1214 matione
398 1182 587 1224 apostolica,
611 1182 662 1214 vel
688 1182 798 1224 quavis
816 1181 965 1215 firmitate

233 1234 297 1267 alia
316 1235 484 1272 roboratis,
510 1235 645 1274 statutis,
672 1234 773 1277 stylis,
798 1235 908 1267 usibus
934 1241 966 1267 et

234 1286 537 1325 consuetudinibus,
574 1286 668 1318 etiam
705 1287 967 1319 immemorabili-

233 1338 312 1378 bus,
339 1338 516 1382 privilegiis
542 1349 679 1381 quoque,
706 1338 839 1371 indultis
865 1344 897 1371 et
921 1339 967 1371 lit-

234 1391 312 1424 teris
333 1391 532 1434 apostolicis,
553 1392 649 1424 etiam
675 1391 706 1423 in
733 1392 873 1424 savorem
891 1391 966 1424 fidei

235 1450 266 1477 et
291 1444 365 1476 dicti
390 1444 560 1477 tribunalis
585 1455 621 1476 ac
644 1455 817 1486 regnorum
841 1446 968 1488 praedi-

234 1503 368 1534 ctorum,
382 1507 509 1530 necnon
522 1497 751 1540 inquisitorum
766 1498 966 1540 aliarumque
986 1515 988 1523 ι

234 1560 447 1593 personarum
487 1550 725 1592 quarumlibet,
768 1551 863 1583 etiam
895 1562 967 1594 spe-

235 1602 324 1635 cifica
349 1608 380 1635 et
403 1602 566 1635 individua
591 1602 755 1635 mentione
781 1609 812 1635 et
836 1614 967 1645 expres-

236 1655 326 1687 sione
345 1655 527 1697 dignarum,
547 1656 605 1687 sub
626 1656 881 1698 quibuscumque
899 1667 967 1688 ver-

235 1706 348 1740 borum
378 1707 544 1739 tenoribus
571 1712 601 1739 et
618 1707 739 1748 formis,
757 1719 793 1740 ac
810 1719 882 1740 cum
901 1709 968 1751 qui-

236 1760 343 1792 busvis
368 1760 461 1793 etiam
487 1760 763 1802 derogatoriarum
797 1761 968 1802 derogato-

236 1812 306 1852 riis,
323 1812 459 1855 aliisque
477 1812 719 1851 efficacioribus,
737 1812 967 1845 efficacissimis

237 1870 268 1897 et
293 1865 432 1898 insolitis
458 1864 618 1904 clausulis,
644 1865 909 1908 irritantibusque
939 1872 970 1899 et

237 1918 308 1950 aliis
341 1917 488 1957 decretis,
515 1917 610 1949 etiam
646 1923 744 1956 motu,
772 1919 905 1951 scientia
939 1926 970 1952 et

237 1970 408 2013 potestatis
439 1970 642 2012 plenitudine
675 1970 846 2010 similibus,
870 1983 906 2004 ac
931 1973 967 2005 ad

238 2032 515 2065 quarumcumque
540 2033 768 2065 personarum,
795 2023 890 2056 etiam
920 2036 970 2056 re-

238 2075 299 2116 gia,
317 2075 416 2106 aliave
438 2074 584 2117 qualibet
609 2075 769 2108 mundana
794 2078 844 2109 vel
870 2079 971 2109 ecs-lc-

239 2127 370 2159 siastica
389 2126 547 2168 dignitate
567 2127 757 2168 fulgentium
775 2128 968 2168 instantiam,

238 2190 296 2212 seu
322 2190 432 2212 earum
457 2180 743 2222 contemplatione,
769 2181 863 2214 etiam
895 2193 992 2233 con-3

239 2232 454 2271 sistorialiter,
479 2236 512 2264 et
547 2232 624 2264 alias
660 2234 904 2276 quomodolibet
939 2235 969 2267 in

239 2284 437 2318 contrarium
461 2284 712 2326 praemissorum
736 2286 767 2317 in
786 2297 904 2328 genere
922 2289 970 2319 vel
991 2284 992 2303 ³

239 2337 272 2369 in
298 2338 407 2380 specie
433 2338 607 2377 concessis,
628 2349 662 2370 ac
687 2339 811 2381 pluries
828 2346 859 2372 et
875 2352 972 2383 quan-

241 2391 418 2433 tiscumque
442 2391 562 2423 vicibus
587 2391 800 2432 confirmatis,
829 2393 969 2434 iteratis,

241 2443 426 2485 approbatis
441 2448 473 2475 et
489 2443 664 2483 innovatis3
684 2444 801 2486 quibus
819 2445 969 2477 omnibus
992 2454 994 2482 ji

242 2499 274 2526 et
287 2495 432 2537 singulis,
447 2496 570 2528 etiamsi
589 2506 647 2538 pro
660 2497 789 2529 illorum
803 2498 970 2530 sufficienti

243 2546 450 2588 derogatione
472 2548 511 2579 de
536 2548 598 2580 itti<
625 2559 802 2590 eorumque
828 2550 902 2582 totis
925 2555 969 2582 te-

1010 235 1143 267 noribus
1160 234 1321 277 specialis,
1352 233 1512 278 specifica,
1535 243 1690 277 expressa
1714 238 1745 266 et

1008 286 1182 327 individua,
1208 298 1274 321 non
1300 292 1406 320 autem
1431 298 1490 331 per
1511 287 1669 320 clausulas
1690 297 1745 329 ge-

1008 341 1136 372 nerales
1167 340 1251 373 idem
1281 341 1512 383 importantes,
1536 339 1659 373 mentio
1688 349 1745 372 seu

1009 392 1137 434 quaeris
1154 392 1216 425 alia
1233 393 1399 435 expressio
1416 398 1468 427 aut
1485 393 1593 436 aliqua
1613 392 1677 425 alia
1694 402 1746 424 ex-

1007 444 1123 487 quisita
1140 445 1244 478 forma
1260 446 1300 478 ad
1318 446 1381 478 hoc
1397 446 1555 479 servanda
1579 445 1669 485 soret,
1696 449 1744 477 te-

1007 507 1102 529 nores
1121 497 1305 531 huiusmodi
1323 498 1549 540 praesentibus
1568 507 1628 541 pro
1645 497 1743 540 plene

1007 554 1039 580 et
1063 548 1260 582 sufficienter
1284 550 1441 593 expressis
1458 560 1494 583 ac
1519 551 1557 584 de
1584 550 1683 583 verbo
1702 549 1743 582 ad

1007 601 1138 633 verbum
1161 601 1293 634 insertis
1315 602 1483 642 habenteS,
1512 602 1577 635 illis
1602 602 1681 635 alias
1708 601 1743 634 in

1006 664 1066 686 suo
1091 654 1206 686 robore
1231 654 1463 696 permansuris,
1482 655 1521 687 ad
1547 654 1741 697 praemisso-

1006 716 1077 739 rum
1103 705 1262 746 effectum,
1288 706 1347 739 hac
1372 707 1439 739 vice
1461 707 1643 747 dumtaxat,
1668 717 1742 750 spe-

1006 758 1130 791 cialiter
1153 763 1185 791 et
1208 769 1359 801 expresse
1391 758 1604 801 derogamus,
1630 764 1662 792 et
1685 759 1742 792 de·
1769 800 1772 804 ⁴

1006 817 1151 853 rogatum
1177 821 1247 844 esse
1267 812 1436 851 volumus;
1463 811 1647 855 ceterisque
1666 821 1742 845 con-

1006 864 1112 897 trariis
1133 865 1403 907 quibuscumque.
1761 862 1763 865 ’

1049 917 1064 960 g
1089 917 1120 950 9.
1147 917 1302 951 Volumus
1335 923 1441 951 autem
1470 922 1507 950 ut
1529 917 1936 975 inquisitoresmgrffiggmpto·

1007 975 1037 1002 et
1061 970 1114 1003 alii
1140 971 1296 1013 praedicti
1317 971 1562 1014 poenitentiam,
1581 982 1676 1015 quam
1696 982 1742 1005 eis

1007 1023 1160 1056 sacerdos
1185 1023 1320 1056 idoneus
1336 1029 1470 1067 propter
1489 1024 1671 1067 praemissa
1694 1034 1743 1057 re-

1007 1075 1148 1118 spective
1166 1075 1365 1118 imposuerit,
1379 1076 1510 1110 omnino
1524 1076 1740 1119 adimpleant;
1765 1075 1769 1079 ’

1008 1128 1150 1171 alioquin
1167 1134 1357 1171 praesentes
1374 1130 1510 1170 litterae,
1526 1131 1631 1173 quoad
1649 1130 1743 1163 abso-

1008 1181 1162 1213 lutionem
1177 1181 1209 1213 in
1225 1182 1292 1214 soro
1306 1182 1534 1223 conscientiae,
1551 1182 1595 1215 eis
1609 1183 1741 1215 minime

1008 1232 1242 1275 sutl'ragentur3
1269 1238 1368 1276 utque
1387 1235 1571 1267 earumdem
1589 1245 1744 1278 praesen-

1008 1284 1085 1317 tium
1110 1285 1290 1318 litterarum
1316 1287 1534 1329 transumptis,
1552 1297 1608 1319 seu
1634 1297 1743 1320 exem-

1008 1337 1077 1379 plis,
1096 1337 1191 1369 etiam
1215 1337 1391 1380 impressis,
1410 1349 1506 1370 manu
1525 1339 1660 1372 alicuius
1684 1349 1742 1372 no-

1009 1390 1079 1422 tarii
1097 1390 1217 1433 publici
1242 1390 1443 1433 subscriptis,
1462 1396 1494 1423 et
1511 1391 1617 1434 sigillo
1634 1401 1744 1434 perso-

1008 1454 1067 1475 nae
1085 1443 1117 1475 in
1135 1443 1352 1476 ecclesiastica
1371 1444 1528 1486 dignitate
1546 1445 1743 1477 constitutae

1009 1495 1151 1534 munitis,
1170 1496 1283 1528 eadem
1307 1507 1441 1539 prorsus
1460 1497 1539 1530 tides
1560 1502 1623 1529 tam
1647 1496 1680 1528 in
1702 1497 1744 1529 iu-

1010 1549 1094 1581 dicio
1113 1559 1208 1591 quam
1235 1554 1323 1580 extra
1348 1549 1427 1581 illud
1452 1549 1571 1592 ubique
1597 1550 1743 1582 locorum

1011 1600 1178 1640 habeatur,
1193 1610 1274 1643 quae
1297 1601 1473 1633 haberetur
1489 1601 1567 1644 ipsis
1588 1611 1745 1644 praesen·-

1011 1653 1094 1685 tibus
1119 1653 1142 1685 si
1169 1653 1275 1685 forent
1300 1653 1462 1686 exhibitae
1488 1654 1538 1686 vel
1563 1659 1724 1686 ostensae.

1052 1706 1165 1737 Datum
1191 1706 1319 1744 Romae,
1341 1706 1425 1748 apud
1450 1706 1481 1739 S.
1503 1706 1629 1738 Mariam
1647 1706 1746 1739 Maio-

1010 1769 1087 1797 rem,
1109 1759 1167 1790 sub
1191 1759 1312 1791 annulo
1338 1758 1521 1798 piscatoris,
1541 1759 1592 1792 die
1607 1769 1670 1792 xx11
1688 1769 1746 1791 au-

988 1846 989 1862 }
1011 1811 1094 1853 gusti
1119 1821 1298 1851 MDCLXXXI,
1332 1811 1540 1854 pontificatus
1565 1811 1665 1844 nostri
1689 1822 1746 1844 an-

1011 1874 1052 1896 no
1078 1874 1108 1896 v.

1047 1925 1106 1952 Dat.
1127 1925 1171 1953 die
1190 1925 1224 1952 2⁶2
1244 1926 1351 1961 augusti
1374 1926 1451 1961 1681,
1473 1926 1569 1962 pontis.
1591 1934 1660 1953 anno
1676 1933 1702 1953 v.

1335 2093 1422 2127 CVII.

1015 2181 1241 2215 Concedmztur
1265 2181 1420 2224 fratribus
1438 2180 1551 2213 oblatis
1572 2180 1673 2214 Tertii
1687 2178 1749 2215 Or-

1058 2235 1146 2266 dinis
1171 2235 1203 2267 S.
1232 2235 1401 2266 Franciscz·
1432 2235 1617 2276 provinciae
1640 2234 1748 2266 Fran-

1057 2288 1124 2318 ciuc
1146 2291 1215 2329 post
1240 2286 1430 2318 decennium
1448 2297 1467 2317 a
1481 2287 1678 2329 professione
1698 2285 1748 2318 iu-

1057 2351 1094 2371 ra
1119 2341 1229 2371 omma
1254 2340 1465 2381 antiquorum
1484 2339 1626 2381 fratrum
1649 2339 1748 2371 laico-

1057 2402 1128 2422 rum
1142 2392 1161 2423 ¹.

1051 2473 1059 2495 1
1080 2470 1182 2496 Horum
1206 2470 1355 2497 oblatorum
1376 2471 1579 2497 constitutiones
1604 2474 1695 2504 postea
1716 2471 1749 2497 ab

1016 2514 1063 2539 lio·-
1080 2515 1211 2540 Pontitice
1227 2515 1401 2541 confirmatae
1418 2514 1527 2540 fuerunt
1547 2515 1572 2539 in
1592 2514 1682 2540 (Ioust.
1705 2514 1749 2539 ed.

1015 2565 1201 2591 metuunt,
1223 2558 1264 2583 ‹tie
1291 2560 1317 2584 ti)
1339 2559 1441 2588 intuiti,
1464 2559 1556 2591 pontit.
1575 2565 1623 2584 κη.

1633 175 1698 210 413
1742 185 1792 212 An.
1809 185 1838 212 e.
1860 184 1934 212 1031
