2111 3157
11 222 60 250 An.
76 219 105 249 c.
126 212 199 248 1688’

775 220 983 245 INNOCENTIL'S
1006 221 1035 244 XI
1059 221 1109 245 1³1².

1598 210 1662 245 893
1706 221 1756 249 An.
1772 222 1800 250 c.
1823 224 1889 250 1638

242 278 292 302 111.
318 268 482 302 Sotulares
517 268 750 302 monachorum
774 268 868 310 ungit
893 278 929 300 ac
948 271 949 287 ¹
970 268 1104 300 cretioni
1135 268 1369 310 disponendum
1394 267 1599 311 relinquitur,
1626 270 1890 312 quim„„„,‚„„„„„,

198 320 309 362 reficit,
341 332 570 355 conversorum
602 328 708 354 autem
739 330 925 364 nunquam,

198 373 254 406 sed
285 373 413 417 ipsimet
445 385 568 418 ungere
604 374 736 407 debent.
775 374 836 406 Eos
873 372 926 415 qui

196 428 353 460 sotulares
377 435 552 461 nocturnos
587 428 653 461 sive
667 428 802 460 diurnos
826 426 927 468 negli-

196 484 312 522 genter
328 481 517 520 custodiunt,
535 480 766 524 reprehendat.

239 543 283 566 1v.
308 533 393 566 Nulli
417 539 570 566 extraneo
596 533 650 566 det
672 533 797 565 corium
820 537 852 564 et
879 542 927 564 sa—

196 586 305 629 gimen
340 586 409 619 sine
433 586 585 626 licentia;
612 596 672 618 nec
701 585 797 618 etiam
823 585 926 617 fratri-

194 638 254 671 bus
278 639 327 672 vel
352 638 503 676 familiae,
536 637 596 670 nisi
625 638 658 670 in
690 637 739 669 his
770 647 851 679 quae
885 637 923 668 de

194 691 396 724 institutione
409 692 578 724 debemur.
594 689 764 727 Cortieem,
780 689 923 731 quaesito

193 743 363 784 adiutorio,
400 744 433 776 in
469 747 588 775 aestate
625 742 727 780 saciat,
762 741 861 773 siccet
893 746 924 773 et

192 797 301 830 molat.

234 857 257 880 1.
277 846 380 880 Faber
395 846 577 878 communia
598 845 792 877 ferramenta
809 844 922 876 domus

191 900 287 933 saciat
311 904 342 932 et
366 898 510 935 reficiat,
544 898 622 930 nulli
648 898 754 930 alieno
786 896 854 929 sine
886 896 923 929 li-

190 952 296 985 centia
319 950 471 984 utensilia
495 949 736 989 accommodet,
765 949 864 981 semel
890 948 921 980 in

190 1014 274 1038 anno
307 1003 458 1037 ostendat
490 1003 597 1035 omnia
632 1002 855 1044 procuratori,
893 1007 924 1033 et

189 1062 380 1100 procurator
404 1055 576 1095 describat,
610 1065 649 1087 ne
679 1054 798 1098 aliquid
825 1054 923 1097 depe-

189 1111 254 1143 rire
271 1109 384 1153 possit.

232 1172 268 1196 11.
295 1162 330 1194 In
365 1161 493 1204 hyeme,
519 1166 551 1193 et
574 1170 645 1192 eum
670 1160 754 1193 aliud
792 1159 920 1203 operari

188 1225 253 1249 non
276 1220 392 1258 potest,
411 1214 506 1246 saciat
526 1219 557 1246 et
575 1213 698 1246 reficiat
715 1213 918 1245 ferramenta.

187 1268 265 1301 Cum
282 1268 400 1300 serrum
418 1276 510 1299 suum
528 1266 680 1305 extendit,
699 1265 919 1308 praecipiente

187 1322 419 1364 procuratore,
454 1319 605 1352 adiuvent
640 1329 712 1351 eum
748 1319 847 1361 aliqui
880 1319 919 1351 de

187 1372 410 1407 mercenariis.

228 1436 278 1460 111.
305 1426 375 1459 Non
400 1425 496 1459 debet
522 1425 678 1458 fabricare
704 1425 855 1457 fratribus
877 1425 918 1457 si-

186 1489 227 1512 ne
251 1478 397 1518 licentia,
424 1478 486 1510 nisi
511 1478 596 1521 quod
623 1478 744 1510 liabent
768 1478 807 1511 de
831 1477 919 1510 insti-

178 1532 324 1578 tutione.

231 1595 274 1619 1v.
308 1583 518 1627 Temporibus
555 1584 705 1625 congruis
741 1584 836 1617 saciat
870 1584 918 1616 vel

187 1637 257 1671 fieri
276 1637 369 1670 saciat
388 1637 563 1670 carbonem
581 1647 686 1669 suum.

232 1702 252 1724 1.
267 1690 378 1724 Custos
392 1691 477 1723 horti
493 1690 596 1733 ipsum
613 1696 645 1723 et
658 1701 734 1734 apes
749 1692 918 1731 custodiat,

189 1744 320 1778 domum
344 1744 508 1787 propriam
534 1744 662 1783 habeat,
691 1744 745 1777 ubi
770 1745 921 1777 utensilia

189 1808 245 1831 sua
269 1802 302 1830 et
325 1797 448 1830 semina
473 1797 642 1837 custodiat;
662 1797 768 1840 ipsmn
793 1798 920 1830 hortum

190 1851 300 1890 fodiat,
327 1850 444 1883 herbas
469 1851 607 1883 seminet
632 1855 663 1882 et
687 1852 830 1892 mundet,
849 1862 921 1884 cum

191 1904 265 1938 dato
282 1903 343 1936 sibi
365 1903 536 1949 adiutorio.

235 1966 269 1990 tt.
295 1955 364 1989 Non
390 1956 549 1989 conducat
574 1956 742 1999 operarios
761 1957 829 1990 sine
853 1967 923 2000 pro-

192 2009 351 2042 curatoris
369 2008 508 2041 licentia.

236 2071 284 2096 111.
310 2061 388 2094 Cum
414 2061 602 2094 hortulanus
627 2062 671 2094 ibi
696 2072 761 2095 non
787 2068 845 2103 est,
872 2073 924 2095 co-

193 2114 372 2158 quinarius,
397 2119 450 2146 aut
474 2114 564 2153 alius,
591 2115 641 2147 eui
664 2121 856 2157 procurator
879 2116 925 2148 in-

193 2167 346 2207 iunxerit,
373 2167 458 2199 horti
484 2167 603 2199 habeat
626 2178 747 2206 curam,
766 2173 796 2200 et
813 2168 925 2201 hortu-

193 2219 278 2260 lano,
305 2229 377 2252 cum
402 2220 513 2259 adest,
538 2229 640 2262 opem,
667 2221 773 2262 quoad
796 2226 924 2264 potest,

195 2272 357 2305 exhibeat.

240 2335 262 2358 1.
289 2324 515 2368 Carpentarius
543 2325 678 2358 consilio
704 2327 926 2368 procuratoris

197 2377 311 2410 domos
337 2377 514 2420 cooperiat,
534 2377 628 2410 saciat
645 2383 676 2410 et
693 2378 826 2419 reliciat,
850 2390 927 2422 ope—

197 2430 300 2462 rarios
336 2429 396 2462 sibi
430 2430 627 2462 necessarios
663 2435 798 2473 quaerat
825 2437 856 2464 et
888 2432 926 2464 de

199 2482 350 2515 omnibus
366 2482 524 2514 rationem
542 2483 744 2525 procuratori
761 2484 885 2516 reddat.

243 2544 265 2567 1.
292 2534 452 2577 Quidquid
472 2535 510 2567 ad
532 2536 758 2577 agriculturam
776 2541 807 2569 et
831 2547 928 2580 peco-

199 2597 270 2621 rum
285 2588 517 2620 nutrimentum
534 2588 684 2631 pertinet,
703 2588 848 2631 priorum
870 2590 928 2623 dis-

40 856 108 878 enm·
122 857 146 879 x.

33 883 64 905 De
78 884 144 905 fabro.

31 1697 98 1719 Cum·
113 1697 145 1719 Xl.

7 1723 37 1746 Do
50 1725 167 1746 hortulano.

32 2327 99 2350 emir
116 2329 159 2350 ΧΠ.

7 2354 38 2376 Do
49 2356 186 2382 carpentario.

36 2550 102 2571 Cum
113 2550 162 2572 xm.

23 2574 53 2598 De
63 2578 189 2604 agricultura

1718 317 1813 334 runculo.

970 321 1079 353 habita
1103 321 1228 354 ratione
1253 322 1407 361 locorum,
1432 327 1625 365 temporum,
1644 316 1714 357 ne-K

968 373 1148 406 cessitatum
1183 379 1214 406 et
1245 373 1375 407 maioris
1412 375 1556 408 utilitatis
1586 377 1698 410 domo-

967 435 1035 457 rum
1061 432 1092 458 et
1123 436 1334 469 personarum
1366 426 1508 468 Ordinis,
1548 429 1587 462 de
1619 430 1696 473 ipsis

967 479 1138 519 ordinabit,
1178 485 1273 522 prout
1316 481 1492 513 secundum
1527 482 1627 515 Deum
1666 489 1698 517 et

966 532 1196 564 conscientiam
1232 532 1346 565 melius
1384 534 1534 576 expedire
1558 535 1621 568 sibi
1651 536 1697 569 vi-

967 582 1094 615 debitur
1114 584 1171 626 (a).

1010 646 1031 668 t.
1060 636 1158 669 [Tuam
1184 637 1326 679 qualibet
1363 639 1568 673 hebdomada
1598 641 1696 674 absti-
1729 655 1866 676 CAPCTXH'.

966 689 1106 721 nentiam
1134 690 1251 722 saciant.
1269 691 1384 723 fratres
1407 694 1565 732 conversi,
1585 694 1616 726 in
1635 705 1694 737 qua
1707 683 1890 729 tPffefflZl'S‘if'?

966 751 1046 782 pane
1074 747 1105 773 et.
1129 744 1210 784 aqua
1236 748 1267 774 et
1290 744 1355 775 sale
1372 743 1436 776 sint
1458 746 1611 785 contenti,
1633 738 1767 779 nisitrum.

965 794 1051 825 aliud
1078 795 1116 826 de
1142 795 1362 828 misericordia
1386 803 1576 840 apponatur,
1606 809 1697 832 exce-

965 847 1026 888 ptis
1052 847 1111 886 liis,
1130 858 1212 889 quos
1232 847 1408 888 infirmitas
1426 856 1584 891 senectus,
1606 852 1698 885 debi-

965 899 1043 937 titas,
1059 905 1113 931 aut
1129 901 1191 932 alia
1208 901 1339 943 quaevis
1357 912 1460 941 causa,
1479 902 1597 936 iudicio
1614 905 1697 947 prio-

965 953 1007 985 ris
1025 954 1236 992 rationabilis,
1255 959 1396 986 excusat.

1008 1016 1042 1039 11.
1069 1006 1151 1039 Nulli
1174 1012 1278 1038 autem
1297 1007 1391 1039 detur
1411 1009 1512 1050 gratia
1533 1011 1695 1051 generalis

965 1059 1002 1090 de
1028 1059 1249 1099 abstinentiis,
1277 1060 1353 1098 sed,
1381 1060 1434 1103 qui
1466 1062 1574 1094 volent
1598 1073 1696 1105 super

965 1111 1013 1143 liis
1038 1111 1171 1153 gratiam
1205 1111 1372 1153 obtinere,
1398 1114 1653 1147 misericordiam
1677 1126 1695 1149 a

963 1164 1167 1206 praesidente
1192 1169 1304 1207 petant
1330 1175 1368 1197 eo
1394 1166 1445 1198 die
1472 1177 1535 1209 quo
1557 1168 1625 1201 fieri
1644 1169 1696 1202 de-

963 1217 1015 1249 bet
1041 1216 1246 1255 abstinentia,
1275 1217 1338 1259 qui,
1365 1218 1447 1250 sieut
1471 1220 1622 1262 expedire
1647 1222 1695 1253 iu-

962 1269 1124 1307 dicaverit,
1146 1269 1401 1303 misericordiam
1428 1271 1493 1304 illis
1523 1272 1618 1306 saciet
1644 1275 1694 1307 vel

962 1322 1148 1364 denegabit.

1005 1385 1052 1407 111.
1079 1374 1151 1407 Ovis
1183 1380 1214 1407 et
1248 1375 1417 1408 lacticiniis
1450 1377 1564 1410 diebus
1595 1379 1696 1411 absti-

961 1427 1091 1459 nentiae
1123 1432 1155 1459 et
1187 1428 1220 1459 in
1254 1428 1401 1460 Adventu
1434 1434 1466 1461 et
1498 1440 1559 1472 per
1595 1436 1694 1464 totam

960 1479 1265 1523 Quinquagesimam
1303 1481 1385 1513 vesci
1411 1492 1477 1514 non
1512 1482 1598 1523 licet,
1632 1484 1694 1516 nisi

961 1539 1096 1576 propter
1134 1532 1362 1573 infirmitatem,
1402 1539 1457 1566 aut
1493 1535 1524 1568 in
1561 1535 1691 1576 itinere,

960 1586 1012 1618 ubi
1038 1587 1118 1619 alius
1144 1586 1339 1619 conveniens
1365 1587 1454 1619 cibus
1481 1598 1547 1621 non
1573 1590 1695 1632 poterit

961 1650 1109 1672 inventri.

1006 1703 1048 1725 tv.
1083 1692 1318 1724 Abstinentiam
1356 1692 1473 1725 Faciant
1510 1694 1541 1726 in
1576 1695 1695 1736 vigiliis

962 1744 1139 1778 Nativitatis
1172 1745 1310 1783 Domini,
1334 1745 1549 1786 Ascensionis,
1583 1747 1697 1780 Pente-

963 1804 1080 1837 cos-tes,
1106 1797 1258 1840 CorporiS
1284 1797 1414 1840 Christi,
1443 1800 1586 1832 omnium
1612 1801 1691 1833 solc-

963 1852 1132 1883 mnitatum
1166 1851 1370 1884 beatissimae
1401 1863 1530 1895 semper
1559 1853 1696 1896 Virginis

964 1905 1088 1943 Mariae,
1103 1904 1132 1937 S.
1147 1904 1273 1936 loannis
1289 1904 1458 1946 Baptistae,
1473 1907 1695 1948 apostolorum

964 1957 1048 1990 Petri
1074 1962 1106 1989 et
1130 1957 1229 1997 Pauli,
1256 1957 1288 1990 S.
1314 1953 1474 1990 Brunonis
1499 1958 1599 2000 patris
1622 1969 1697 1992 nos-

967 2010 1018 2049 tri,
1037 2015 1067 2042 et
1084 2009 1230 2041 Omnium
1250 2008 1452 2042 Sanctorum.

1008 2072 1038 2095 v.
1065 2062 1185 2094 Ceteris
1202 2062 1404 2105 septimanis,
1426 2062 1458 2094 in
1477 2063 1592 2106 quibus
1608 2065 1698 2098 nulla

966 2116 1203 2158 praedictarum
1234 2115 1418 2158 vigiliarum
1454 2116 1578 2157 evenit,
1604 2117 1700 2150 absti-

967 2169 1110 2201 nentiam
1135 2168 1251 2201 saciant
1277 2168 1354 2200 seria
1384 2171 1492 2210 sexta,
1517 2170 1579 2202 nisi
1605 2170 1636 2202 in
1662 2172 1699 2202 ea

967 2226 1114 2255 occurrat
1149 2222 1262 2253 festum
1295 2221 1465 2254 duodecim
1501 2223 1698 2263 lectionum,

967 2275 1030 2307 sive
1056 2274 1233 2317 capitulum
1258 2273 1384 2312 habeat,
1411 2274 1477 2307 sive
1500 2285 1577 2307 non.
1611 2275 1701 2308 Tunc

967 2327 1053 2360 enim
1077 2326 1306 2359 abstinentiam
1331 2326 1450 2359 saciant
1474 2327 1553 2360 seria
1575 2329 1699 2370 quarta,

1002 2423 1031 2456 a)
1051 2422 1097 2449 Hic
1117 2426 1196 2450 nota:
1218 2422 1383 2450 consulenda
1403 2426 1442 2450 est
1461 2423 1536 2451 Bulla
1554 2423 1597 2450 SS.
1619 2423 1648 2450 D.
1665 2424 1700 2451 N.

971 2467 1118 2494 innocentii
1137 2468 1226 2502 Papae
1243 2467 1284 2502 tv,
1305 2476 1375 2503 quae
1394 2471 1434 2494 est
1451 2469 1615 2504 sexagesima
1633 2468 1702 2495 iuter

969 2510 1108 2546 privilegia
1127 2510 1251 2544 Ordinis,
1277 2514 1304 2537 et
1324 2511 1457 2538 videbitur
1475 2516 1576 2547 quanta
1596 2512 1700 2538 cautela

969 2559 1031 2581 tunc
1050 2554 1210 2581 adhibeatur
1227 2555 1460 2590 (adhibebatur),
1481 2564 1514 2583 ne
1534 2557 1699 2592 superfluum

969 2598 1032 2634 quid
1056 2598 1082 2625 in
1103 2606 1229 2634 pecorum
1249 2599 1414 2627 nutrimenta
1434 2599 1595 2627 admitteret.
