2111 3157
27 193 75 219 Λιι.
91 189 118 218 C.
142 189 210 217 ¹688

33 879 100 901 Cani·
115 877 187 900 XMV.

33 933 36 935 ‚
45 905 74 926 Di·
90 905 201 931 reprehen-

19 938 86 953 nune.

41 989 177 1006 neomuto.

810 191 1021 217 INNOCENTlUS
1043 193 1073 217 XI
1098 193 1146 217 PP-

215 241 297 278 mus,
321 249 402 282 quae
426 238 576 272 iniuriam
600 240 730 282 patitur,
757 240 949 283 significabit

214 292 395 325 reverendo
420 292 503 335 patri
528 292 736 333 Carssmsiae,
770 293 825 336 qui
849 293 948 326 desti-

214 344 306 377 nabit
330 344 376 378 eis
401 345 482 378 duos
505 345 640 388 priores,
658 345 711 388 qui
737 346 885 379 similiter
902 346 948 378 di-

214 397 377 430 scordiam
395 407 454 430 suo
472 398 591 431 iudicio
610 398 839 431 terminabunt.
858 398 947 436 Quod

214 449 242 482 si
256 449 371 493 aliquis
388 450 479 493 prior
495 451 748 483 discordantium
763 451 859 483 suerit
876 461 949 484 con—

214 508 323 535 tumax
357 503 390 536 in
421 503 622 537 observando
648 504 733 546 quod
768 504 864 536 suerit
895 504 948 536 de-

212 554 350 595 finitum,
375 561 482 589 careat
506 556 612 596 missa,
634 556 695 588 nisi
715 556 797 589 sorte
822 567 881 599 pro
903 567 948 589 se-

213 608 368 651 peliendo
393 614 531 649 mortuo,
563 610 613 642 vel
637 619 697 651 pro
722 610 845 642 novitio
870 620 947 652 pro-

213 660 389 694 fessionem
414 662 546 700 facturo,
572 666 603 694 et
628 661 691 693 hoc
714 672 816 704 usqne
841 663 880 694 ad
905 662 948 694 fu-

213 719 319 747 turum
343 714 532 757 capitulum.
559 714 707 746 Monaehi
727 725 805 747 vero
827 720 858 747 et
875 725 949 747 con-

213 766 296 799 versi
321 767 574 800 contradictores
603 772 735 799 teneant
754 768 867 800 cellam
888 777 946 810 pro

212 829 351 859 carcere,
370 824 403 852 et
426 819 574 852 ordinem
598 819 631 851 in
657 819 856 852 victualibus.

255 881 277 905 1.
295 872 372 905 Cum
386 872 538 905 Dominus
552 873 758 915 praeceperit
771 883 835 905 non
851 878 947 905 trans-

211 924 366 958 ferendos
392 925 556 965 terminos,
583 935 663 968 quos
687 930 869 958 statuerunt
894 936 948 967 pa·

211 983 275 1011 tres
290 978 404 1017 nostri,
429 978 606 1010 timendum
630 978 723 1010 nobis
741 983 798 1017 est,
814 988 864 1016 ne,
884 983 946 1010 ter-

209 1029 316 1063 minos
356 1030 552 1073 regulariter
590 1030 719 1063 vivendi
752 1041 768 1062 a
800 1031 946 1073 patribus

209 1082 331 1115 nostris
355 1083 449 1116 nobis
476 1083 608 1116 traditos
632 1082 819 1115 notabiliter
845 1088 946 1114 trans-

210 1136 357 1176 ferendo,
382 1136 479 1169 huius
500 1136 668 1179 praecepti
691 1141 945 1177 transgressores

209 1199 227 1221 a
244 1188 379 1222 Domino
403 1188 592 1222 iudicemur.

253 1251 288 1275 11.
315 1241 346 1275 Si
377 1241 448 1285 quis
485 1246 591 1274 autem
628 1241 780 1274 terminos
816 1246 944 1274 nostrae

208 1291 376 1334 religionis
401 1293 582 1331 translatos,
608 1292 685 1324 licet
719 1302 755 1325 ex
790 1292 944 1334 prudenti

209 1345 452 1384 moderatione,
485 1344 628 1384 dubitet,
655 1345 765 1377 domni
791 1344 945 1386 Guigonis

208 1397 326 1440 prioris
364 1396 553 1430 Carthusiae
597 1397 852 1429 consuetudines
890 1407 944 1429 seu

208 1455 326 1483 statuta
350 1450 446 1492 legat,
464 1455 495 1482 et
513 1454 587 1482 tunc
605 1449 688 1482 scire
711 1449 830 1492 poterit
858 1449 944 1492 quod

208 1509 330 1543 nostra,
349 1513 430 1546 quae
447 1513 534 1535 nunc
551 1508 600 1536 est
625 1502 839 1541 conversatio,
857 1513 873 1534 a
891 1513 945 1545 pa-

209 1562 294 1590 trum
318 1562 505 1590 nostrornm
529 1557 775 1590 conversatione
794 1556 826 1588 in
851 1556 945 1588 absti-

209 1609 328 1643 nentiis
359 1614 391 1643 et
423 1609 618 1652 quibusdam
655 1609 725 1641 aliis
761 1608 942 1641 dissentiat.

211 1662 300 1695 Unde
315 1661 491 1695 timendum
503 1667 593 1695 estet
605 1661 742 1695 sollicite
757 1671 945 1704 praecaven-

210 1715 287 1748 dum
304 1725 345 1748 ne
361 1715 400 1748 ad
426 1720 544 1747 statum
562 1714 728 1754 laxiorem,
746 1724 842 1757 quam
859 1724 945 1746 nunc

210 1773 270 1807 est,
296 1768 329 1801 in
354 1778 509 1810 processu
536 1768 690 1810 temporis
714 1766 898 1799 inclinetur.

253 1831 302 1854 111.
330 1820 391 1854 Sed
416 1820 501 1853 sicut
525 1820 557 1852 in
583 1820 682 1852 Esdra
706 1820 838 1862 legitur,
859 1819 944 1862 quod

209 1873 242 1906 in
261 1873 519 1915 transgressione
533 1873 637 1915 prima
651 1872 709 1904 suit
726 1882 838 1904 manus
856 1872 945 1914 prin-

209 1926 328 1968 cipum,
347 1925 394 1959 sic
414 1925 510 1958 bodie
528 1930 655 1958 nostrae
677 1923 944 1967 transgressionis
962 1963 965 1976 W

210 1988 305 2012 causa
321 1988 392 2011 esse
410 1983 520 2021 posset
536 1978 685 2010 remissio
703 1978 752 2010 vel
775 1977 945 2019 negligen-
962 1979 965 2010 l

212 2031 255 2064 tia
280 2031 494 2074 quorumdam
520 2030 666 2073 priorum
693 2030 751 2073 (“>;
776 2014 965 2098 negligen-'¹

244 2127 266 2160 ⁶)
285 2126 439 2154 Ordinatio
459 2133 533 2152 anni
553 2132 661 2152 mncxxi.
684 2139 695 2152 a
714 2124 780 2152 Cum
801 2133 895 2160 magno
916 2133 943 2151 a·

208 2171 274 2197 nimi
295 2170 387 2197 dolore
406 2169 585 2196 intelleximus
604 2170 630 2196 in
651 2169 810 2205 quibusdam
836 2170 944 2196 Ordinis

209 2215 335 2241 domibus
354 2222 403 2248 per
422 2213 612 2247 negligentiam
631 2213 801 2248 superiorum
823 2213 943 2249 discipli-

210 2267 271 2285 nam
291 2258 443 2292 regularem
463 2262 612 2292 tepescere,
632 2265 682 2284 nec
701 2265 753 2283 non
773 2261 883 2286 statuta.
905 2266 946 2284 or·

210 2302 362 2329 dmationes
390 2305 417 2328 et
436 2300 564 2336 quasdam
591 2300 750 2335 apostolicas
776 2301 945 2327 constitutio-

210 2354 259 2372 nes
280 2345 393 2380 negligi,
414 2345 474 2371 ideo
493 2344 555 2371 huic
575 2344 654 2376 malo,
671 2352 703 2371 ne
723 2344 828 2379 longius
843 2349 943 2380 serpat,

213 2390 312 2417 mederi
324 2390 474 2426 cupientes,
492 2389 630 2416 hortamur
645 2390 670 2415 in
687 2389 835 2416 visceribus
847 2389 944 2415 Christi

213 2443 305 2461 amnes
324 2434 488 2470 superiores,
510 2437 538 2460 ut
567 2433 694 2459 maiorem
724 2433 835 2467 posthac
860 2434 944 2460 zelum

211 2481 355 2506 ostendant
372 2479 405 2505 ad
426 2478 552 2505 tuendam
571 2478 598 2504 in
618 2478 673 2504 suis
691 2478 814 2504 domibus
832 2482 945 2505 statuto-

213 2532 273 2550 rum
292 2523 430 2558 divinique
449 2523 537 2548 cultus
560 2522 770 2554 observantiam,
787 2522 945 2548 mandantes

212 2567 333 2604 patribus
354 2566 554 2600 visitatoribus,
576 2570 618 2600 ut,
640 2574 708 2601 quos
727 2566 864 2602 deinceps,
887 2571 946 2601 post

323 2630 399 2656 Ball.
417 2630 497 2656 lium.
511 2644 542 2648 -—
566 2629 623 2655 t'ul.
641 2629 712 2656 XIX*
863 2630 910 2654 lit)

993 241 1045 280 tia,
1074 240 1150 283 quia
1175 240 1321 273 videntes
1351 239 1543 282 delinquere
1576 239 1723 273 subditos

991 304 1057 325 uon
1081 293 1282 336 corriperent
1312 294 1361 327 vel
1393 292 1439 326 eis
1463 292 1602 325 debitam
1628 292 1723 327 disci-

992 345 1111 388 plinam
1129 356 1194 378 non
1211 346 1433 389 imponerent·,
1455 345 1614 385 remissio,
1635 344 1722 388 quia·

990 398 1051 431 sibi
1066 409 1082 430 a
1095 399 1230 431 subditis
1246 399 1278 431 in
1296 398 1562 431 subventionibus
1577 399 1721 441 corporis

991 451 1084 483 nimis
1109 452 1258 494 propitiis
1284 452 1358 484 dum
1378 451 1602 484 misericordes
1621 450 1722 484 videri

991 505 1111 536 vellent
1124 509 1155 536 et
1171 504 1296 537 remissi
1315 503 1439 537 fierent.
1457 504 1606 544 Audiant,
1623 504 1649 536 si
1667 504 1722 547 qui

991 555 1177 588 huiusmodi
1189 562 1271 596 sunt,
1283 557 1434 599 quoniam
1447 562 1581 599 propter
1592 561 1724 599 peccata

990 608 1101 650 populi
1127 608 1158 640 in
1178 608 1326 641 Numeris
1352 609 1427 641 iussi
1453 615 1528 641 sunt
1550 619 1567 640 a
1587 608 1722 642 Domino

990 661 1154 703 principes
1171 661 1344 703 suspendi;
1364 667 1395 693 et
1411 662 1444 694 in
1460 661 1631 694 Ezechiele
1651 671 1724 694 san-

990 713 1121 754 guinem
1146 712 1351 746 subditorum
1375 714 1413 746 de
1439 724 1534 746 manu
1555 719 1724 757 pastorum

991 766 1140 798 Dominus
1165 776 1198 798 se
1224 766 1393 808 requirere
1418 766 1641 799 comminatur.

1032 828 1074 850 lv.
1102 817 1183 855 Quid
1209 823 1316 850 autem
1340 819 1536 851 censendum
1565 824 1650 852 esset
1683 820 1723 853 de

990 870 1051 910 his,
1078 870 1194 913 quibus
1230 870 1323 903 labor
1348 869 1512 903 rideretur
1547 881 1616 903 esse
1651 882 1723 904 cum

990 924 1152 964 fratribus,
1193 923 1386 956 delectabile
1426 923 1533 965 vagari
1567 924 1721 963 exterius,

991 982 1107 1008 terrain
1133 976 1349 1015 circumirent,
1376 975 1480 1008 alicua
1505 976 1639 1018 negocia
1660 981 1724 1009 tra-

989 1035 1124 1069 ctarent,
1152 1035 1182 1061 et
1209 1029 1371 1062 tractanda
1396 1029 1606 1071 susciperent,
1631 1029 1724 1062 etsie

988 1092 1120 1124 gregem
1145 1082 1203 1114 sibi
1230 1081 1386 1114 creditum
1411 1091 1476 1114 non
1501 1082 1724 1114 custodirent?

989 1134 1144 1166 custodiat
1170 1145 1254 1171 euin,
1281 1133 1334 1176 qni
1360 1133 1499 1166 custodit
1522 1133 1633 1166 Israel.
1653 1134 1724 1166 Istis

988 1188 1105 1223 clamat,
1119 1187 1285 1219 Zacharias
1312 1186 1492 1229 propheta:
1513 1186 1537 1219 O
1553 1191 1672 1229 pastor,
1692 1192 1721 1219 et

989 1240 1109 1272 idolum
1128 1239 1362 1281 derelinquens
1380 1239 1532 1281 gregem!
1560 1238 1617 1276 Qui
1635 1239 1720 1272 enim

989 1293 1197 1335 derelinquit,
1215 1298 1326 1335 pastor
1343 1298 1392 1325 est
1408 1293 1477 1325 solo
1496 1292 1637 1332 nomine,
1656 1292 1724 1325 ido-

989 1347 1053 1378 lum
1080 1346 1111 1378 iu
1137 1345 1285 1378 utilitate.
1313 1345 1343 1377 Si
1371 1345 1423 1388 qui
1450 1345 1606 1378 eiusmodi
1632 1345 1721 1385 sint,

989 1398 1048 1440 ipsi
1068 1398 1221 1435 viderint,
1248 1408 1344 1439 quam
1374 1397 1533 1429 rationem
1558 1398 1596 1429 de
1622 1406 1721 1439 grege

988 1451 1049 1484 sibi
1074 1451 1198 1484 credito
1223 1451 1359 1483 Domino
1383 1451 1521 1483 reddere
1554 1455 1721 1493 poterunt.

1032 1514 1061 1536 v.
1088 1503 1211 1541 Quanta
1236 1509 1343 1536 autem
1369 1503 1504 1536 deberet
1521 1502 1723 1536 intervenire

989 1557 1163 1589 necessitas
1203 1561 1375 1598 antequam
1413 1556 1596 1589 exeundum
1641 1561 1725 1588 esset

988 1609 1072 1641 foras
1097 1614 1127 1641 et
1153 1619 1212 1651 per
1236 1609 1398 1641 saeculum
1425 1608 1640 1650 evagandum,
1667 1607 1724 1640 ob·

989 1664 1077 1695 tenta
1101 1662 1195 1694 etiarn
1214 1661 1460 1704 dispensatione
1479 1671 1575 1703 super
1592 1661 1724 1694 licentia

988 1714 1136 1753 exeundi,
1164 1715 1347 1747 volentibus
1372 1714 1544 1746 attendere
1570 1713 1647 1747 satis
1673 1725 1724 1756 ap-

988 1772 1081 1810 paret
1104 1778 1140 1800 ex
1167 1768 1230 1799 lioc
1254 1767 1370 1805 solum,
1406 1767 1491 1809 quod
1524 1765 1615 1809 prior
1649 1765 1723 1799 Car-

989 1820 1113 1853 thusiae
1140 1830 1306 1862 nunquam
1339 1820 1494 1852 terminos
1519 1819 1620 1852 eremi
1647 1829 1722 1852 suae

987 1872 1153 1914 egreditur
1171 1873 1232 1914 (ᾗιιγ,
1258 1872 1353 1911 unde,
1380 1882 1451 1904 cum
1477 1882 1557 1904 unus
1584 1877 1614 1904 et
1638 1872 1723 1904 idem

987 1926 1068 1958 ordo
1101 1924 1307 1957 uniformiter
1342 1930 1373 1957 et
1409 1925 1647 1958 indissimiliter
1679 1925 1724 1957 vi-

986 1996 1052 2022 duas
1073 1995 1230 2022 monitiones
1246 1994 1397 2029 specialiter
1411 1995 1450 2021 eis
1465 1994 1491 2021 in
1507 1994 1613 2029 scriptis
1628 1994 1723 2028 factas,

986 2040 1057 2066 eirca
1077 2038 1223 2074 praemissa
1250 2038 1403 2065 notabiliter
1431 2038 1576 2074 deliquisse
1604 2038 1724 2072 legitime

963 2106 965 2115 ,
986 2082 1224 2117 deprehenderint,
1241 2082 1397 2109 omnimodo
1413 2090 1459 2109 eos
1479 2082 1511 2109 ab
1527 2082 1623 2109 officiis
1638 2081 1724 2109 ahsol-

987 2131 1057 2154 rant.

1023 2172 1031 2196 1
1047 2170 1156 2197 Comma
1168 2169 1237 2196 istud
1250 2169 1344 2196 lectori
1356 2169 1452 2204 corrig.
1465 2169 1625 2196 dimittimus
1635 2169 1722 2202 (afr.)-

1021 2219 1050 2243 α)
1070 2214 1147 2241 Extat
1166 2214 1277 2248 antiqua
1295 2213 1452 2243 declaratio,
1473 2213 1518 2239 ubi
1539 2222 1603 2240 usus
1627 2213 1723 2240 obser-

987 2260 1039 2286 vati
1067 2264 1093 2286 et
1119 2258 1278 2286 observandi
1304 2259 1376 2285 circa
1400 2258 1528 2285 terminos
1547 2258 1613 2285 istos
1631 2259 1723 2293 expri-

988 2304 1075 2334 mitur,
1096 2310 1165 2338 quae
1185 2306 1225 2328 est
1245 2301 1277 2328 de
1297 2310 1368 2328 anno
1395 2308 1545 2334 mccctvn13
1575 2302 1611 2328 ibi
1641 2303 1722 2329 etiam

987 2347 1092 2373 videtur
1111 2346 1197 2381 qualis
1216 2353 1322 2380 semper
1337 2345 1417 2372 fuerit
1432 2354 1495 2372 usus
1511 2345 1722 2372 reverendorum

988 2395 1090 2424 patrum
1111 2390 1180 2416 circa
1201 2397 1283 2416 novas
1304 2390 1485 2424 possessiones
1505 2389 1636 2416 limitibus
1655 2390 1721 2416 Car-

988 2434 1093 2460 tliusiae
1113 2433 1262 2468 contignaS,
1283 2441 1351 2467 quae
1372 2441 1419 2468 per
1438 2437 1552 2460 tractum
1569 2438 1721 2468 temporum

987 2479 1036 2512 ipsi
1056 2478 1232 2510 obvenerunt,
1253 2478 1351 2513 quibus
1370 2478 1500 2512 inspectio
1520 2478 1661 2504 reverendi
1678 2486 1722 2513 pa-

987 2523 1033 2548 tris
1053 2530 1161 2555 semper
1181 2521 1253 2547 utilis
1272 2522 1320 2547 suit
1340 2525 1366 2547 et
1380 2522 1448 2548 erit:
1470 2526 1542 2548 extat
1568 2523 1648 2547 etiam
1674 2529 1720 2548 or-

988 2566 1087 2593 dinatio
1108 2571 1271 2598 iinctnvni,
1292 2573 1344 2602 qna
1364 2574 1427 2592 usus
1448 2565 1497 2592 iste
1518 2565 1681 2601 explicatur.

1620 181 1683 216 873
1728 191 1776 219 An.
1799 191 1826 219 c.
1846 191 1910 219 1688
