2111 3157
140 162 327 191 An..c.¹ess
374 151 437 185 813
479 191 486 196 ,

335 209 445 244 omnia
471 208 574 241 officia
599 206 739 243 Ordinis,
765 214 824 236 nec
849 203 1006 236 educatur
1035 202 1074 233 de

335 272 467 296 carcere
494 262 598 294 donec
624 258 745 291 iudicio
774 255 905 298 capituli
939 264 1075 297 genera-

335 317 374 350 lis
399 321 455 349 aut
479 312 650 348 reverendi
676 310 776 354 patris
806 308 968 351 condigne
996 317 1074 351 poe-

336 369 480 404 nituerit.

380 433 463 456 xxiv.
490 421 607 454 Omnes
632 427 792 462 personae
814 413 942 449 Ordinis
961 413 1073 453 nostri,

336 477 566 517 cuiuscumque
577 477 686 511 status,
705 468 902 503 conditionis
915 468 965 501 vel
980 476 1074 500 sexus

337 529 465 567 suerint,
495 532 558 559 tam
592 524 734 557 novitiae
767 532 864 566 quam
896 521 1075 564 professae,

337 593 418 627 quae
444 581 555 613 missas
582 589 648 611 non
672 577 850 615 celebrant,
879 574 984 618 prima
1019 574 1076 606 do-

336 635 455 669 minica
490 633 665 666 cuiuslibet
701 630 833 669 mensis,
860 633 892 662 et
914 628 985 671 ipso
1023 627 1074 660 die

339 687 517 721 Nativitatis
542 691 573 719 et
605 685 732 718 Coenae
757 681 896 723 DomIni‚
922 681 1074 721 Paschae,

339 742 558 777 Pentecostes,
583 736 818 775 Eucharistiae,
844 740 877 768 et
901 734 1003 767 sancti
1022 744 1076 777 pa-

339 794 396 826 tris
419 793 522 826 nostri
542 790 713 829 ssrunonis,
731 800 802 822 cum
824 787 1075 832 praeparatione

339 847 469 882 debita,
502 846 554 878 SS.
591 843 743 877 dominici
772 842 924 885 Corporis
957 841 1073 874 Sacra-

337 905 482 933 mentum
503 899 534 931 in
553 899 649 930 missa
668 896 885 935 ‹vtonventualh
905 895 964 927 nisi
984 894 1077 927 aliter

338 958 448 986 essent
472 951 616 993 legitime
642 950 875 993 praepeditae,
900 948 1072 991 recipiant.

379 1016 451 1039 xxv.
480 1005 592 1037 Laieos
618 1004 714 1036 etia'm
740 1003 778 1033 de
811 1002 931 1034 familia
966 1003 1075 1033 nostra

337 1064 369 1092 et
393 1064 517 1091 ceteras
543 1067 697 1100 personas
722 1055 851 1088 Ordinis
876 1054 1007 1086 aliunde
1025 1063 1077 1085 ve-

336 1112 465 1145 nientes
490 1116 522 1144 et
546 1110 721 1143 servitores
746 1119 865 1148 earum,
891 1108 916 1139 si
943 1108 981 1140 de
1008 1117 1078 1150 pec-

338 1166 416 1198 catis
438 1165 499 1198 rite
524 1164 661 1197 confessi
689 1163 818 1201 suerint,
836 1161 1075 1195 communicare

337 1229 513 1263 possumus
539 1223 612 1260 post
636 1221 842 1249 conventum.

381 1281 462 1305 xxvi.
501 1270 705 1305 Consulimus
734 1274 765 1302 et
798 1269 987 1308 hortamur,
1022 1273 1075 1306 ut,

338 1332 470 1369 praeter
501 1324 664 1367 publicam
699 1321 963 1355 communionem
997 1331 1077 1363 quae

339 1380 375 1412 fit
394 1379 588 1422 supradictis
610 1377 820 1421 tempot·il)uS‚
840 1376 989 1408 monachi
1014 1386 1076 1407 nou

341 1433 564 1471 celebrantes,
596 1430 732 1472 singulis
764 1431 875 1462 saltem
909 1428 1079 1461 dominicis

341 1486 454 1519 diebus
474 1491 504 1517 et
521 1483 784 1517 solemnitatibus
799 1482 831 1514 in
844 1482 967 1525 privata
983 1481 1078 1513 missa

343 1538 592 1571 communicent.

384 1602 481 1625 xxvii.
509 1590 586 1624 Cum
612 1590 694 1622 nihil
721 1589 896 1622 habeamus
923 1588 955 1620 in
983 1588 1078 1620 terris

340 1644 562 1677 venerabilius
586 1642 727 1685 Corpore
753 1642 786 1674 D.
811 1641 846 1673 N.
868 1641 936 1673 Iesu
959 1641 1078 1674 Christi

343 1703 374 1731 et
399 1697 544 1741 reliquiis
569 1696 765 1735 Sanemruni,
791 1706 827 1727 ac
845 1695 882 1727 iis
900 1706 980 1738 quae
1007 1705 1081 1738 per-

344 1751 449 1784 tinent
473 1751 511 1783 ad
537 1751 657 1783 cultum
685 1749 855 1789 ecelesiae,
894 1748 1080 1781 ordinamus-

344 1810 379 1837 ut
404 1804 529 1847 priores
554 1814 683 1836 omnem
705 1813 812 1835 curam
830 1806 861 1835 et
880 1802 1080 1845 diligentiam

345 1858 531 1896 adhibeant,
557 1862 592 1888 ut
617 1856 686 1898 ipsa
711 1856 850 1898 primum
876 1855 948 1887 loca
974 1855 1082 1887 divino

345 1911 444 1943 cultui
471 1910 575 1943 dicata
593 1909 804 1941 mundissima
827 1914 859 1941 et
887 1908 1084 1941 nitidissima

346 1965 431 2003 sint·,
459 1963 586 2003 deinde,
612 1968 646 1994 ut
671 1973 745 1994 vasa
771 1962 839 2004 ipsa
865 1967 895 1994 et
921 1962 1023 2002 theca,
1051 1962 1082 1994 in

347 2017 462 2060 quibus
494 2016 547 2049 SS.
574 2016 697 2059 Corpus
723 2015 840 2048 Christi
868 2014 1084 2057 et'reliquiae

348 2070 569 2109 continentur,
594 2074 724 2112 praeter
749 2068 969 2101 omnimodam
994 2078 1084 2100 muu-

348 2123 470 2162 dhiem,
493 2128 647 2164 argentea
673 2122 747 2161 sint,
768 2127 821 2153 aut
846 2132 882 2153 ex
909 2121 1016 2163 aliqua
1034 2121 1087 2153 de-

348 2176 433 2208 centi
460 2176 605 2207 materia.
639 2175 761 2207 Calices
794 2175 892 2207 etiam
918 2180 950 2207 et
974 2184 1085 2206 eorum

349 2229 495 2267 tersoria,
521 2229 715 2271 corporalia,
740 2228 856 2271 pallae,
884 2232 915 2260 et
939 2227 1087 2259 altarium

350 2286 547 2325 paramenta,
582 2287 614 2314 et
639 2280 743 2313 omnis
777 2280 916 2323 denique
942 2280 1085 2322 supellex

351 2340 382 2366 et
421 2340 551 2366 ornatus
592 2334 767 2372 eeclesiae,
805 2333 1019 2366 mundissima
1056 2332 1088 2364 in

352 2387 462 2430 primis
502 2393 533 2419 et
572 2387 799 2419 decentissima
839 2386 959 2419 debent
995 2396 1086 2425 ¹‡·ssc;

352 2441 504 2482 quoniam
532 2439 561 2471 in
588 2440 703 2471 divinis
729 2446 760 2472 et
785 2439 1015 2472 ecclesiasticis
1040 2449 1090 2470 re-

352 2494 411 2525 bus
437 2503 543 2524 crassa
569 2493 725 2534 quaedai‘ii
748 2492 948 2534 negligentia
970 2491 1091 2524 indicat

352 2546 492 2578 animum
519 2555 535 2576 a
562 2545 676 2577 timore
698 2545 751 2577 bei
778 2545 933 2578 alienum.

918 153 1097 178 BULLAmt'M
1120 151 1271 176 ROMANUM

1160 209 1271 233 xxvlu.
1298 199 1376 232 Cum
1395 199 1513 242 aliquis
1533 202 1682 231 nostrum
1699 197 1854 240 fragilita·

1117 259 1180 286 tem
1206 253 1328 296 patitur
1351 252 1552 291 dormiendo,
1571 251 1616 284 sic
1641 250 1727 284 enim
1751 251 1856 284 hone-

1117 306 1206 339 statis
1232 307 1327 339 causa
1350 304 1566 349 pollutionem
1590 309 1782 337 nocturnam
1799 314 1854 337 no-

1117 359 1238 391 minare
1273 359 1439 399 solemus,
1477 358 1645 391 celebrare
1674 361 1730 389 aut
1761 367 1852 390 com-

1116 411 1296 451 municare,
1323 412 1373 444 vel
1401 422 1486 451 non,
1513 421 1573 444 nec
1597 410 1776 451 laudamus,
1793 419 1856 443 nec

1116 466 1354 510 vituperamus3
1385 471 1558 509 utrumque
1592 465 1678 498 enim
1709 464 1793 497 bene
1823 468 1856 496 et

1117 521 1201 553 male
1226 520 1295 553 fieri
1321 524 1439 563 potest,
1457 519 1532 552 dum
1551 518 1604 552 alii
1626 518 1739 551 timore
1758 523 1790 550 et
1804 527 1856 551 re-

1117 573 1262 606 verentia
1280 573 1455 612 abstinent,
1474 573 1523 605 vel
1541 571 1713 605 devotione
1727 576 1782 604 aut
1797 581 1855 614 spe

1117 627 1248 660 maioris
1284 626 1360 660 boni
1394 626 1660 665 communicant,
1693 625 1746 657 alii
1776 635 1855 658 vero

1118 681 1386 723 praesumptione
1419 685 1450 712 et
1474 679 1610 712 audacia
1642 679 1780 722 quadarn
1811 682 1858 711 te-

1118 741 1205 764 mere
1225 731 1264 763 ad
1283 731 1390 764 divina
1409 730 1562 774 mysteria
1587 730 1757 763 accedunt.
1776 728 1859 767 Qua-

1118 790 1254 828 propter
1270 785 1354 817 nihil
1380 794 1480 827 super
1499 784 1562 817 hoc
1579 784 1694 817 melius
1714 787 1858 816 statuen-

1119 839 1194 871 dum
1228 849 1299 871 esse
1329 838 1528 877 iudicamus,
1555 848 1651 881 quam
1685 836 1711 869 si
1742 846 1858 870 unum-

1118 902 1282 935 quemque
1307 901 1367 934 pro
1387 891 1461 923 facti
1489 891 1643 934 qualitate
1659 896 1735 923 suae
1761 892 1858 934 atque

1119 944 1309 977 confessarii
1324 944 1371 977 sui
1388 944 1606 977 conscientiae
1619 943 1855 987 relinquamus.

1161 1008 1244 1031 xxix.
1272 997 1303 1029 Si
1330 1002 1438 1030 tamen
1463 997 1535 1030 talis
1569 997 1726 1039 fragilitas
1751 1001 1857 1037 esset,

1119 1052 1205 1094 quod
1238 1051 1339 1089 absit,
1367 1055 1536 1093 peccatum
1572 1051 1730 1088 mortale,
1763 1059 1859 1082 nemo

1119 1110 1194 1137 tunc
1218 1104 1316 1137 debet
1340 1104 1580 1137 communicare
1604 1104 1654 1136 vel
1675 1102 1859 1143 celebrare;

1119 1159 1175 1191 sed
1200 1169 1259 1201 pro
1286 1157 1400 1190 timore
1424 1156 1480 1189 Dei
1506 1155 1740 1199 omnipotentis
1765 1155 1862 1188 absti-

1119 1222 1217 1250 nere,
1250 1211 1312 1243 nisi
1349 1211 1429 1243 sorte
1464 1215 1542 1242 tunc
1574 1209 1690 1252 aliquis
1715 1208 1861 1241 infirmus

1119 1264 1305 1298 necessario
1341 1263 1627 1297 communicandus
1664 1267 1769 1302 esset,
1806 1266 1863 1294 aut

1121 1318 1216 1351 missa
1238 1318 1268 1349 in
1287 1321 1448 1350 conventu
1466 1315 1671 1355 celebranda,
1689 1325 1772 1358 quae
1790 1314 1862 1347 sine

1120 1372 1274 1404 scandalo
1292 1371 1395 1404 omitti
1412 1371 1463 1403 vel
1477 1368 1648 1402 transferri
1662 1379 1726 1402 non
1741 1373 1863 1412 posset.

1121 1431 1153 1457 et
1172 1426 1279 1457 nullus
1304 1423 1385 1456 alius
1411 1428 1597 1466 superesset
1621 1422 1774 1455 sacerdos
1806 1422 1862 1464 qui

1122 1479 1183 1510 hoe
1209 1478 1339 1510 faceret.
1367 1477 1401 1509 In
1426 1477 1489 1509 hoc
1519 1476 1604 1509 enim
1635 1481 1668 1508 et
1702 1475 1863 1508 similibus

1122 1531 1249 1564 casibus
1274 1530 1455 1563 iudicamus
1488 1540 1559 1562 cum
1595 1529 1712 1562 timore
1738 1533 1770 1561 et
1798 1534 1863 1561 tre·

1122 1595 1222 1623 more,
1237 1584 1417 1627 praemissa
1431 1589 1538 1616 tamen
1553 1581 1772 1621 consessione,
1789 1591 1866 1625 poe-

1123 1638 1279 1671 nitentem
1314 1647 1412 1680 posse
1445 1636 1631 1675 celebrare,
1658 1635 1723 1668 imo
1748 1634 1863 1673 etiarn,

1124 1701 1182 1734 pro
1208 1690 1316 1723 dando
1337 1689 1467 1729 viatico,
1490 1689 1622 1722 debere.
1654 1688 1689 1721 In
1712 1687 1864 1721 omnibus

1123 1755 1201 1777 vero
1228 1743 1299 1776 aliis
1318 1743 1447 1776 casibus
1464 1743 1740 1786 quibuscumque,
1760 1741 1786 1774 si
1803 1742 1866 1774 Ira-

1125 1798 1231 1841 gilitas
1256 1797 1296 1829 sit
1320 1796 1479 1835 mortalis,
1499 1806 1613 1828 omnes
1630 1806 1647 1828 a
1664 1795 1867 1828 communio-

1126 1862 1165 1884 ne
1184 1856 1216 1883 et
1235 1849 1457 1883 celebratione
1481 1848 1723 1888 abstineant,et
1737 1847 1867 1881 interim

1126 1915 1185 1948 pro
1210 1908 1301 1937 tanto
1326 1907 1418 1935 reatu
1444 1901 1540 1944 digne
1558 1902 1749 1945 poeniteant
1766 1906 1797 1934 et
1817 1911 1868 1934 sa·

1128 1957 1299 1990 tisfaciaut.

1169 2022 1244 2045 xxx.
1271 2010 1332 2043 Eos
1350 2019 1437 2049 vero,
1460 2009 1525 2053 qui,
1547 2019 1618 2042 cum
1641 2009 1799 2051 fragilitas
1816 2012 1870 2041 aut

1128 2066 1251 2098 nullum
1277 2068 1333 2096 aut
1356 2063 1483 2095 veniale
1508 2067 1673 2105 peceatum
1699 2067 1762 2100 est,
1788 2061 1870 2094 iudi-

1129 2122 1204 2150 cant
1236 2116 1412 2149 secundum
1450 2115 1548 2148 Deum
1582 2126 1654 2148 esse
1691 2115 1807 2148 melius
1839 2119 1872 2147 et

1129 2171 1239 2203 utilius
1261 2170 1428 2203 celebrare
1446 2174 1500 2201 aut
1517 2169 1756 2202 communicare
1775 2179 1871 2211 quam

1129 2223 1300 2262 abstinere,
1322 2232 1492 2255 monemus
1518 2227 1553 2253 ut
1577 2221 1735 2265 quidquid
1757 2221 1789 2254 in
1814 2220 1871 2253 tali

1131 2287 1204 2309 casu
1227 2277 1334 2309 minus
1361 2276 1483 2308 habent
1508 2275 1546 2308 de
1574 2275 1733 2308 munditia
1757 2281 1788 2308 et
1812 2286 1871 2318 pu-

1130 2330 1223 2363 ritate
1261 2329 1433 2372 coiporis,
1468 2328 1531 2361 hoc
1567 2333 1668 2360 totum
1699 2329 1873 2371 suppleant

1132 2383 1313 2416 humilitate
1333 2382 1440 2415 cordis
1467 2387 1498 2414 et
1523 2381 1695 2414 devotione
1721 2381 1847 2414 maiori.

1174 2446 1259 2468 xxvi.
1287 2435 1317 2467 Si
1346 2440 1453 2467 tamen
1480 2435 1596 2478 aliquis
1621 2434 1758 2467 sentiret
1774 2444 1807 2467 se
1826 2434 1874 2466 in-

1134 2489 1233 2522 terius
1267 2494 1402 2531 propter
1437 2489 1532 2521 talem
1568 2487 1773 2529 fragililatem
1800 2497 1873 2520 esse

1135 2542 1362 2577 deordinatum
1387 2549 1419 2575 et
1443 2542 1547 2575 minus
1566 2543 1787 2584 recollectum,
1805 2541 1874 2584 lau-

1858 147 1908 172 Αη.
1924 145 1955 173 C.
1976 146 2043 174 1588
