2111 3157
193 196 240 221 Λιι.
263 197 291 223 (3.
318 196 381 221 11359
429 187 492 220 3Ῑέ

386 246 507 278 hahent
533 244 749 283 obedientias,
776 243 911 275 veniunt
941 242 981 274 ad
1013 251 1123 285 procu-

385 303 535 337 ratorem,
552 303 593 336 ut,
606 296 691 339 quod
707 295 854 334 voluerit,
870 294 916 327 eis
930 292 1119 337 praecipiat.

384 350 472 383 Circa
491 350 634 393 singulas
654 347 858 382 obedientias
876 357 1119 386 conversorum,

382 409 624 446 procuratorem
652 401 804 434 convenit
830 410 899 434 esse
925 400 1120 433 sollicitum:

383 462 414 488 et
439 467 477 489 ne
504 455 550 489 eis
576 455 700 498 aliquid
719 455 884 497 depereat,
902 454 1121 487 omnimodam

382 508 582 551 diligentiam
608 508 777 540 adhihere.
806 506 977 540 Conversis
1010 512 1121 550 potest

380 562 413 594 in
440 562 554 594 virtute
574 561 792 601 obedientiae,
811 561 896 604 quod
917 561 1120 604 praecipien-

381 615 455 648 dum
482 620 540 655 est,
561 615 777 659 praecipere:
802 625 875 646 raro
902 619 1019 654 tamen,
1046 625 1119 657 pro-

379 674 452 712 pter
466 668 642 712 periculum
659 668 837 711 praecepti,
852 667 882 700 id
907 667 1012 700 saciat.
1027 667 1057 700 Si
1077 667 1119 700 in·

380 722 570 755 obedientes
593 721 718 760 suerint,
734 720 907 763 disciplina
920 720 1060 763 pertinet
1080 721 1117 753 ad

379 776 534 819 priorem,
553 780 617 814 aut,
629 785 666 807 eo
679 773 821 813 absente,
837 773 876 806 ad
889 773 1044 807 vicarium
1060 775 1117 816 (a);

379 839 442 862 non
457 834 566 872 potest
583 828 645 861 illis
661 828 737 861 dare
756 826 919 860 licentiam
938 827 1118 871 accipiendi

378 888 499 915 vestem
524 882 653 914 missam
685 880 723 913 ab
756 880 878 924 aliquo,
909 881 961 913 vel
996 880 1118 924 aliquid

379 936 442 968 tale
459 934 644 967 :licentiam
666 944 741 966 vero
759 932 927 976 loquendi,
945 944 1018 966 cum
1037 943 1119 976 opus

379 993 438 1027 est,
463 987 539 1020 dare
567 992 686 1030 potest.

421 1051 470 1074 XV.
482 1039 681 1083 Quicumque
698 1039 740 1072 sit
757 1039 1024 1081 obedientiarius,
1040 1032 1120 1073 mer-

377 1094 523 1128 cenarios
554 1094 617 1127 sibi
646 1093 849 1127 necessarios
878 1093 1018 1137 quaerit,
1054 1104 1118 1127 non

378 1152 486 1180 tamen
512 1154 601 1181 extra
623 1147 788 1188 terminos,
808 1152 839 1180 et
863 1147 903 1180 ad
928 1152 1119 1190 procurato-

377 1210 446 1233 rem
479 1200 617 1240 adducit,
644 1205 679 1233 ut
715 1201 753 1232 ab
791 1211 830 1233 eo
868 1200 1116 1240 conducantur,

376 1255 437 1287 nisi
463 1265 638 1287 conversus
656 1253 861 1287 conducendi
881 1253 1045 1287 licentiam
1065 1253 1119 1286 lia-

376 1308 463 1341 beat.
481 1308 682 1342 Conductum
701 1318 777 1340 vero
795 1307 1033 1341 mercenarium
1047 1309 1118 1341 nul-

377 1361 428 1394 lus
442 1367 549 1405 potest
563 1361 724 1394 dimittere
739 1361 821 1394 infra
837 1361 1010 1394 terminum
1027 1372 1118 1394 suum

376 1415 446 1449 sine
464 1415 685 1458 procuratoris
703 1414 835 1448 licentia
849 1427 854 1447 :
869 1425 928 1448 nec
945 1415 1014 1447 sine
1033 1415 1118 1448 illius

376 1469 513 1502 consilio
539 1468 661 1512 aliquid
686 1469 827 1501 vendere
863 1469 911 1501 vel
938 1479 1045 1502 emere
1070 1469 1118 1500 111-

376 1523 424 1556 sra
453 1522 619 1556 terminos.
655 1521 873 1561 Mcrccnariis,
906 1521 961 1565 qui
991 1522 1117 1562 adsunt,

377 1576 463 1619 quod
489 1575 549 1609 sibi
575 1575 675 1608 visum
703 1575 807 1614 suerit,
835 1574 931 1607 debet
954 1575 1119 1618 praecipe-

376 1640 434 1669 re·,
462 1629 516 1673 qui
543 1629 612 1662 sine
638 1628 724 1661 illius
749 1628 881 1661 licentia
906 1639 971 1661 non
997 1629 1119 1661 debent

377 1682 462 1716 toras
499 1682 622 1725 egredi.
661 1682 737 1715 Cum
773 1692 851 1715 vero
891 1682 1119 1715 conducuntur

376 1735 593 1775 mercenarii,
632 1734 811 1778 praecipiat
847 1735 893 1768 eis
924 1740 1119 1778 procurator

376 1794 412 1820 ut
442 1789 505 1821 sint
537 1788 753 1827 continentes,
785 1793 819 1821 ut
844 1788 883 1820 ad
910 1798 1023 1820 usuras
1052 1799 1117 1822 non

378 1842 629 1881 accommodent,
657 1842 798 1874 decimas
824 1841 962 1874 reddant
987 1842 1026 1875 de
1051 1842 1118 1874 ani-

379 1896 516 1929 malibus
541 1895 617 1935 suis,
634 1894 658 1927 si
677 1905 757 1938 quae
776 1895 930 1935 habeant,
949 1900 979 1928 et
996 1895 1117 1928 nemini

378 1948 529 1981 iniuriam
556 1949 604 1981 vel
631 1949 782 1981 damnum
807 1947 961 1981 inserant.

421 2013 485 2035 xvi.
512 2002 605 2036 Nulla
630 2003 743 2035 domus
760 2001 889 2035 Ordinis
914 2002 1017 2035 nostri
1044 2002 1118 2034 suh-

379 2056 486 2088 trahat
514 2056 734 2088 mercenarios
762 2055 854 2088 alteri
882 2055 1005 2088 domui.
1032 2055 1117 2093 Quae

377 2120 452 2142 vero
484 2109 693 2149 subtraxerit,
724 2110 774 2142 vel
811 2109 1011 2141 subtractum
1042 2108 1118 2141 reti·

378 2162 495 2201 11116111,
531 2162 562 2194 111
589 2163 652 2194 hoc
676 2162 841 2205 puniatur,
864 2166 896 2194 et
921 2161 1040 2201 domui,
1067 2161 1115 2193 0111

379 2214 455 2247 secit
490 2214 654 2253 iniuriam,
684 2215 733 2247 vel
758 2214 960 2247 subtractum
981 2214 1114 2253 reddat,

378 2269 428 2301 vel
454 2268 550 2300 alium
576 2268 640 2300 suis
667 2268 818 2311 expensis
843 2267 1021 2310 provideat.

372 2322 378 2326 '
421 2331 496 2353 xvu.
520 2321 712 2354 Procurator
730 2321 865 2363 singulis
884 2321 977 2353 annis
1003 2321 1035 2353 111
1055 2321 1117 2353 Ad-

379 2378 486 2413 ventu,
512 2375 560 2406 vel
586 2374 649 2406 alio
676 2379 830 2417 tempore,
856 2384 915 2417 pro
942 2379 1118 2406 consuetu-

380 2425 454 2459 dine
490 2427 680 2467 domorum,
708 2428 738 2459 in
776 2427 960 2469 praesentia
985 2427 1115 2470 prioriS‚

379 2479 487 2511 vicarii
513 2485 544 2511 et
569 2480 704 2512 duorum
730 2480 767 2511 ad
787 2480 892 2512 minus
917 2491 952 2512 cx
980 2480 1117 2512 seniori—

379 2532 439 2565 bus
469 2538 500 2565 et
524 2533 766 2565 discretioribus
792 2534 906 2566 domus
931 2533 1044 2566 reddat
1069 2543 1117 2564 ra-

415 2600 443 2629 a)
463 2594 528 2621 Vide
544 2603 620 2622 num.
638 2604 667 2621 xx
683 2604 743 2630 cap.
761 2604 791 2622 xx
814 2596 907 2623 tertiae
924 2596 1017 2631 partis.

969 192 1151 218 11111111111111
1175 185 1328 217 nouantur

1166 241 1287 274 tionem
1313 242 1498 284 generalem
1516 242 1613 275 totius
1632 246 1783 285 receptae
1799 247 1830 275 et
1847 252 1900 276 ex-

1165 305 1284 337 pensae
1301 295 1334 327 in
1352 295 1448 328 domo
1466 295 1566 328 factae
1583 306 1590 328 ε
1616 295 1828 329 nihilominus
1851 295 1902 330 in-

1165 348 1211 380 sra
1240 359 1358 381 annum
1383 349 1477 382 toties
1503 349 1617 382 reddat
1640 349 1799 384 rationem
1824 361 1899 384 suae

1164 401 1478 441 administrationis,
1511 402 1640 446 quoties
1675 402 1776 446 priori
1813 403 1901 438 vide-

1164 454 1262 488 bitur.

1206 518 1294 541 xviii.
1314 508 1511 542 Procurator
1534 509 1630 542 unica
1654 509 1695 543 sit
1721 510 1902 554 equitatura

1163 566 1344 601 contentus,
1370 566 1402 594 et
1427 561 1549 594 ramulo
1574 562 1736 606 pedestre,
1754 562 1814 596 nisi
1841 573 1900 606 pro

1163 619 1300 656 urgente
1336 619 1368 647 et
1403 615 1550 648 evidente
1586 615 1780 649 necessitate
1813 616 1900 650 aliud

1162 668 1264 700 visum
1290 667 1387 701 fuerit
1411 668 1533 711 priori:
1569 668 1601 701 in
1634 679 1698 712 quo
1723 669 1901 703 iudicamus

1162 730 1227 753 non
1254 731 1324 753 esse
1350 721 1441 754 facile
1459 721 1729 764 dispensandum.
1751 722 1826 756 Illos
1846 733 1902 756 au-

1162 779 1226 807 tem
1251 779 1485 817 procuratores,
1505 775 1560 818 qui
1578 775 1664 808 iuxta
1684 781 1827 809 veterem
1845 776 1902 811 Or-

1162 826 1247 859 dinis
1273 827 1414 870 rigorem
1440 827 1568 871 pedites
1593 828 1764 869 incedunt,
1798 829 1902 873 pluri·

1162 889 1250 912 mum
1274 880 1456 920 laudamus,
1477 887 1508 914 et
1527 881 1695 914 hortamur
1715 881 1747 914 in
1765 882 1901 916 Domino

1161 938 1196 965 ut
1220 943 1289 965 rem
1324 939 1386 966 tam
1419 934 1616 967 laudabilem
1647 941 1902 978 perseveranter

1161 992 1357 1019 conservent
1381 992 1413 1019 et
1437 987 1476 1020 ad
1502 993 1652 1030 posteros
1671 988 1901 1022 transmittant.

1203 1049 1268 1072 mx.
1295 1039 1325 1072 Si
1352 1046 1547 1082 procurator
1570 1040 1602 1072 in
1629 1041 1779 1074 omnibus
1809 1052 1903 1086 prae-

1162 1092 1269 1125 missis
1287 1092 1467 1135 negligens,
1487 1098 1540 1125 aut
1556 1093 1724 1136 prodigus,
1749 1100 1804 1127 aut
1827 1105 1903 1129 con-

1163 1149 1280 1185 tumax,
1305 1145 1392 1188 quod
1418 1145 1510 1185 absit,
1529 1145 1679 1179 inventus
1704 1146 1808 1187 suerit,
1833 1158 1904 1182 sae-

1162 1197 1298 1240 piusque
1335 1203 1501 1230 correctus
1536 1199 1711 1233 emendare
1748 1200 1901 1241 noluerit,

1162 1250 1339 1293 subrogato
1358 1250 1389 1283 in
1407 1251 1479 1284 loco
1498 1251 1568 1284 eius
1585 1251 1733 1294 meliore,
1745 1251 1783 1286 ad
1798 1253 1901 1287 cellae

1162 1303 1310 1346 protinus
1342 1304 1524 1337 custodiam
1559 1310 1748 1346 revocatur,
1781 1311 1816 1338 ut
1847 1306 1902 1350 qui

1162 1356 1275 1399 nequit
1299 1356 1447 1396 alienam,
1480 1367 1568 1390 suam
1605 1358 1719 1391 saltem
1744 1364 1903 1402 operetur

1143 1438 1147 1443 .
1161 1410 1309 1443 salutem.

1204 1473 1256 1496 xx.
1283 1463 1360 1497 Cum
1396 1469 1590 1507 procurator
1624 1474 1685 1508 pro
1721 1465 1819 1508 culpa
1843 1467 1902 1498 sua

1161 1515 1346 1555 absolvitur,
1374 1516 1405 1549 in
1428 1517 1498 1560 ipsa
1523 1517 1617 1551 domo
1642 1528 1708 1552 non
1733 1518 1832 1552 debet
1856 1519 1902 1553 re'-

1161 1569 1248 1602 stitui
1275 1569 1307 1602 in
1333 1571 1556 1613 procuratoris
1574 1571 1714 1604 officium
1731 1598 1738 1611 ,
1761 1572 1866 1605 donec
1883 1582 1901 1604 a

1161 1623 1304 1666 capitulo
1330 1623 1474 1666 generali
1496 1624 1544 1657 vel
1570 1635 1588 1657 a
1605 1623 1786 1658 reverendo
1806 1628 1900 1668 patre

1160 1677 1364 1711 concedatur.
1401 1677 1594 1711 Procurator
1625 1678 1793 1712 dimittens
1820 1688 1901 1721 pro-

1161 1731 1371 1770 curationem,
1399 1731 1558 1775 quidquid
1585 1731 1737 1765 habuerit
1759 1731 1792 1764 in
1817 1732 1900 1765 cella

1161 1790 1193 1818 et
1219 1785 1376 1829 quidquid
1401 1785 1434 1817 in
1460 1785 1554 1818 aliam
1583 1787 1697 1819 cellam
1729 1790 1900 1829 asportare

1161 1838 1311 1878 voluerit,
1336 1838 1487 1871 ostendat
1512 1844 1544 1872 et
1569 1844 1710 1882 exponat
1744 1839 1898 1873 voluntati

1161 1892 1294 1935 prioris.

1203 1956 1267 1979 xxi.
1288 1945 1322 1978 In
1341 1945 1500 1984 domibus,
1520 1945 1551 1978 in
1571 1945 1689 1988 quibus
1711 1951 1760 1979 est
1783 1946 1900 1980 domus

1160 2059 1297 2093 curator,
1312 2063 1384 2086 cum
1404 2052 1477 2085 facit
1495 2052 1642 2095 superius
1660 2053 1900 2087 hebdomadam

1160 2105 1344 2145 sacerdotii,
1369 2105 1408 2138 ad
1445 2105 1550 2148 ipsum
1588 2110 1711 2138 tantum
1736 2105 1900 2149 pertinent

1159 2160 1274 2192 missae
1296 2157 1446 2202 propriae
1474 2169 1556 2201 quae
1583 2162 1782 2191 occurrunt:
1808 2162 1842 2191 et
1865 2158 1898 2192 in

1160 2213 1256 2253 sestis,
1271 2223 1354 2255 quae
1373 2211 1550 2255 capitulum
1577 2211 1707 2251 habent,
1721 2211 1897 2245 matutinae

1159 2272 1191 2300 et
1206 2267 1321 2300 horae.
1348 2266 1474 2306 Cetera,
1501 2270 1533 2299 et
1557 2265 1644 2309 quod
1665 2265 1704 2298 de
1721 2264 1897 2309 praedictis

1194 2373 1225 2405 ⁶)
1245 2372 1400 2399 Ordinatio
1420 2371 1494 2398 anni
1517 2377 1658 2398 Muctxxix.
1683 2381 1696 2395 α
1719 2369 1748 2397 111
1771 2369 1896 2398 domibus

1159 2416 1342 2448 inferioribus,
1358 2424 1427 2451 quae
1443 2423 1513 2442 nunc
1528 2415 1553 2442 in
1565 2415 1665 2442 Ordine
1680 2422 1757 2441 rarae
1772 2418 1844 2448 sunt,
1854 2413 1896 2441 vel

1159 2460 1325 2495 praescripta
1340 2468 1355 2486 a
1370 2460 1478 2486 statutis
1496 2463 1638 2486 serventur
1657 2458 1690 2485 ad
1708 2458 1838 2492 litteram,
1853 2457 1896 2485 vel

1159 2505 1254 2531 domus
1269 2506 1336 2531 istae
1357 2504 1527 2536 aboleantur,
1545 2512 1577 2530 ne
1598 2503 1667 2530 vitae
1686 2502 1794 2530 laxioris
1813 2502 1896 2530 veluti

1158 2550 1281 2576 officinae
1301 2550 1426 2583 existant,
1447 2552 1694 2583 convertanturque
1713 2547 1739 2574 in
1758 2546 1895 2582 simplices

1158 2593 1283 2628 grangias
1299 2603 1324 2619 n.

1900 194 1948 220 An.
1969 193 1999 220 C.
2023 192 2091 220 ¹688

2007 1952 2093 1969 recura-

1910 1973 1962 1994 torls
1981 1979 1993 1994 o
2009 1974 2050 1994 icio
2072 1974 2092 1995 iu

1160 1999 1298 2032 inferior
1333 1998 1373 2040 (⁶)
1410 2009 1427 2031 a
1452 1999 1614 2041 superiori
1641 2004 1798 2042 separata,
1824 1999 1972 2043 pro-⁶⁰m0
1989 2000 2091 2023 ³⁰s⁹f¹⁰ffi
