2111 3157
216 243 266 268 an.
285 241 312 268 c.
337 241 402 268 1688
449 232 513 265 9⁶26

409 290 604 323 confirmatis
620 294 651 322 et
665 287 841 327 innovatis;
860 287 975 330 quibus
994 286 1146 319 omnibus

411 349 442 376 et
475 343 632 385 singulis,
662 340 786 374 etiamsi
812 350 872 384 pro
897 340 1029 373 illorum
1062 338 1149 371 suffi-

409 396 505 429 cienti
536 395 749 436 derogatione
786 394 825 426 de
865 393 928 426 illis
968 401 1148 435 eorumque

411 450 483 481 totis
510 448 679 481 tenoribus
705 447 855 490 specialis
873 474 880 487 ‚
908 446 1071 490 specifica,
1094 455 1148 478 ex-

411 513 526 546 pressa
545 507 575 533 ct
593 500 768 540 individua,
787 511 850 533 non
869 506 975 533 autem
992 510 1051 543 per
1068 499 1150 531 clau-

410 556 498 587 sulas
518 553 688 597 generales
705 553 791 586 idem
818 553 1043 596 importantes,
1063 562 1151 584 men-

412 609 455 640 tio
485 618 541 640 sen
572 606 701 650 quaevis
722 606 784 639 alla
810 606 977 649 expressio
1000 605 1151 638 habenda

411 665 465 692 ant
490 661 598 703 aliqua
622 659 688 692 alia
714 660 872 703 exquisita
899 660 999 692 forma
1024 659 1063 691 ad
1089 659 1151 691 hoc

412 715 570 747 servanda
596 715 684 754 soret,
709 719 838 746 tenores
857 713 1053 751 huiusmodi,
1071 722 1107 744 ac
1124 711 1149 743 si

413 767 450 800 de
467 768 563 800 verbo
578 767 767 806 adverbum,
779 766 860 798 nihil
876 766 1004 809 penitus
1020 765 1151 804 omiss0‚

413 827 442 852 ct
471 821 571 852 forma
596 820 627 852 in
652 819 716 852 illis
743 820 857 852 tradita
883 819 1074 859 observata,
1098 827 1151 850 ex-

991 230 1173 262 'nutnxnmn
1198 237 1349 262 nonaxon

1373 285 1570 313 Innocentius
1599 286 1678 320 Papa
1703 287 1751 321 xl,

1326 331 1363 358 ad
1382 331 1519 358 futuram
1538 330 1585 358 rei
1605 330 1777 358 memoriam

1236 393 1250 435 ἓ
1277 392 1306 424 1.
1328 392 1413 425 Alias
1442 404 1458 425 a
1480 392 1572 425 nobis
1590 397 1782 425 emanarunt
1801 392 1926 426 litterae
1966 404 2062 426 neaman
2082 413 2111 428 an-

1939 434 1972 452 tea
1988 433 2102 458 impositae.

1192 445 1313 478 tenoris
1335 445 1573 488 subsequentis,
1588 445 1738 478 videlicet
1762 457 1769 478 2
1798 457 1810 476 <t
1835 445 1927 479 Inno-

1191 499 1315 532 centius
1341 499 1523 542 opiscopus,
1549 510 1656 532 servus
1681 510 1844 532 servorum
1861 500 1926 539 Dei,

1192 553 1230 585 ad
1258 558 1447 596 perpetuam
1484 552 1531 585 rei
1561 553 1760 586 memoriani.
1787 552 1863 586 Cum
1888 554 1928 586 ab

1193 606 1274 649 ipso,
1293 611 1365 645 ete„
1386 606 1527 649 (reliqua
1545 605 1616 638 vide
1632 616 1689 638 suo
1708 606 1799 649 loco).
1815 606 1927 638 Datum

1193 659 1325 700 Romae,
1345 659 1429 702 apud
1449 659 1479 691 S.
1501 659 1629 691 Mariam
1654 659 1818 700 Maiorem,
1844 669 1929 692 anno

1193 711 1429 745 Incarnationis
1478 711 1664 745 Dominicae
1715 721 1900 745 MDCLxxxln
1920 739 1927 751 ‚

1192 775 1210 797 v
1239 764 1393 797 kalendas
1427 764 1575 804 octobris,
1599 764 1802 808 pontificatus
1827 765 1930 798 nostri

1193 828 1278 851 anno
1304 829 1346 851 vn
1365 830 1395 851 ».

1926 232 1984 266 Ἀεὶ.
2000 238 2030 266 C.
2042 239 2111 269 ‘¹688

413 873 644 916 primerentur,
669 872 895 916 praesentibus
922 883 981 915 pro
999 872 1097 914 plene
1121 875 1152 903 et

413 926 611 958 sufficienter
635 925 795 968 expressis
820 936 855 957 ac
880 926 919 957 ad
944 924 1077 957 verbum
1103 924 1152 955 in-

413 978 510 1011 sertis
538 978 705 1018 habentes,
724 978 788 1010 illis
809 979 887 1010 alias
901 978 935 1010 in
951 988 1009 1009 suo
1030 977 1150 1009 robore

1236 871 1250 914 ξ
1275 870 1305 904 ⁶2.
1333 871 1422 904 Nunc
1446 882 1523 904 vero
1549 882 1617 911 nos,
1643 881 1702 914 pro
1720 872 1756 904 ea
1773 881 1868 914 quam
1890 871 1928 903 de
1969 879 2063 900 Decima·
2083 887 2111 902 ex-

1195 924 1291 957 totius
1316 924 1471 957 dominici
1509 925 1614 967 gregis
1652 924 1805 957 divinitus
1834 906 2111 957 ῐ101)ἰ3ἷῖῗιῖἐῖἷω’Μ’4

262 1258 283 1277 Γὶ
293 1258 322 1276 Μ’(

221 1289 309 1310 sumptu!
317 1290 357 1304 um,

350 1258 403 1276 tran-

413 1031 644 1074 permansuris,
664 1031 701 1063 ad
717 1031 970 1073 praemissorum
987 1028 1150 1069 effectum,

415 1085 475 1117 hac
510 1084 579 1117 vice
615 1085 801 1123 dumtaxat,
831 1083 1019 1126 specialiter
1043 1087 1075 1115 et
1099 1092 1153 1115 ex-

415 1147 525 1180 presse
552 1137 767 1179 derogamus;
805 1136 989 1179 ceterisque
1026 1140 1152 1169 eontra·

415 1191 471 1223 riis
496 1190 768 1233 quibuscumque.

460 1244 474 1286 ᾗ
506 1244 538 1276 4.
566 1243 722 1275 Volumus
759 1247 868 1275 autem
899 1248 935 1275 ut
967 1242 1153 1276 earumdem

415 1296 635 1340 praesentium
654 1296 833 1328 litterarum
854 1296 1074 1337 transumptis,
1098 1306 1154 1327 seu

415 1350 595 1393 exemplis,
621 1350 717 1382 etiam
746 1350 935 1392 impressis,
968 1359 1065 1381 manu
1097 1349 1155 1381 ati-

416 1403 506 1435 cuius
534 1403 654 1436 notarii
679 1402 800 1445 publici
821 1402 1035 1445 subscriptis,
1058 1407 1090 1434 et
1113 1402 1156 1434 si-

417 1456 495 1497 gillo
517 1466 678 1498 personae
703 1456 736 1487 in
758 1455 978 1487 ecclesiastica
996 1453 1153 1497 dignitate

416 1508 610 1541 constitutae
629 1508 772 1547 munitis,
788 1509 902 1540 eadem
920 1517 1053 1550 prorsus
1074 1507 1153 1539 sides

415 1561 535 1605 ubique
562 1563 704 1594 locorum
736 1567 797 1593 tam
834 1561 865 1593 in
904 1561 1024 1593 iudicio
1058 1571 1153 1603 quam

417 1620 505 1647 extra
521 1615 601 1647 illud
621 1615 790 1653 habeatur,
811 1624 892 1656 quae
910 1613 988 1656 ipsis
1006 1623 1154 1656 praesen-

417 1668 501 1700 tibus
529 1669 706 1700 haberetur
730 1667 755 1699 si
781 1667 890 1699 forent
917 1666 1079 1699 exhibitae
1103 1668 1152 1700 vel

417 1726 578 1753 ostensae.

459 1774 574 1806 Datum
596 1774 727 1812 Romae,
749 1773 834 1816 apud
861 1773 891 1806 S.
912 1773 1042 1805 Mariam
1059 1772 1155 1806 Maio-

415 1838 495 1867 rem,
521 1827 580 1859 sub
604 1827 725 1858 annulo
751 1826 935 1863 piscatoris,
958 1826 1009 1858 die
1034 1836 1071 1858 xx
1097 1836 1155 1858 no-

415 1880 553 1913 vembris
577 1889 799 1919 MDCLxxxv111‚
823 1878 1029 1922 pontificatus
1053 1879 1154 1911 nostri

415 1945 502 1967 anno
531 1944 596 1967 xnl.

451 1996 511 2039 Dat.
531 1996 574 2023 die
590 1996 625 2039 20
641 1996 794 2024 novembris
807 1997 885 2024 1688.
897 1996 994 2032 pontif.
1007 2004 1079 2025 auno
1094 2002 1152 2022 xm.

733 2189 826 2226 ‘cuit
853 2183 857 2187 ’

417 2307 568 2344 Emensis>
587 2309 683 2341 trium
704 2308 905 2341 clrei'marum
929 2319 949 2340 a
974 2307 1154 2341 Sanctitate

461 2363 527 2395 Sicci
552 2363 631 2394 olim
657 2362 859 2394 inflictarum
877 2360 896 2394 ¹.

455 2459 464 2484 1
488 2458 599 2485 indictio
629 2458 726 2485 harum
756 2457 919 2484 decimarum
949 2460 1018 2483 extat
1045 2456 1143 2483 constit

419 2503 462 2529 cd.
480 2509 644 2533 MDCLxxxut,
661 2503 703 2528 die
718 2502 750 2528 27
767 2502 938 2536 septembris,
956 2500 1049 2535 pontif.
1066 2507 1112 2529 vit:
1129 2504 1154 2526 et

419 2547 452 2573 ah
475 2546 624 2572 Alexandro
651 2547 705 2572 x'tll
736 2547 841 2572 constit.
868 2546 911 2572 ed.
937 2552 1094 2574 unctum&
1111 2544 1154 2569 die

418 2591 452 2616 16
468 2589 627 2620 decembris,
650 2589 741 2623 pontis.
764 2597 780 2620 1,
796 2593 957 2615 revocantur
973 2587 1154 2614 immunitates

420 2638 444 2660 ct
464 2634 645 2661 exemptiones
665 2633 698 2659 ab
715 2634 842 2659 ‹inci-ihus
858 2632 978 2667 pulilitiS.

1193 977 1305 1010 crediti
1333 978 1434 1010 salute
1456 978 1661 1021 praecipuam
1680 979 1823 1020 gerimus
1842 977 1931 1010 solli-

1194 1030 1384 1069 citudinem,
1415 1031 1549 1072 provide
1581 1031 1826 1063 considerantes
1857 1041 1931 1063 cau-

1194 1094 1253 1122 sas,
1274 1088 1408 1126 propter
1433 1093 1510 1126 quas
1536 1088 1602 1115 tres
1626 1083 1770 1125 integrae
1787 1082 1930 1115 decimae

1195 1136 1383 1169 huiusmodi
1406 1147 1421 1169 a
1443 1136 1549 1175 nobis,
1562 1141 1597 1168 ut
1615 1136 1810 1179 praefertur,
1826 1136 1932 1178 impo-

1195 1190 1274 1222 sitae
1301 1189 1449 1228 suerunt,
1479 1189 1585 1221 adhuc
1609 1188 1809 1231 perdurare,
1834 1188 1930 1221 officii

1195 1241 1296 1274 nostri
1319 1247 1426 1285 partes
1453 1252 1524 1274 esse
1549 1241 1697 1274 duximus
1714 1241 1746 1273 in
1765 1241 1929 1284 praesenti

1195 1306 1305 1328 rerum
1341 1294 1528 1328 calamitoso
1569 1299 1652 1327 statu
1692 1294 1931 1337 impositionem

1196 1349 1393 1382 deeimarum
1424 1348 1613 1381 huiusmodi
1643 1348 1740 1380 modo
1769 1352 1801 1380 et
1831 1347 1932 1380 forma

1196 1402 1410 1445 infrascriptis
1424 1402 1598 1434 extendere
1616 1406 1648 1433 et
1661 1400 1826 1443 ampliare⁴
1845 1400 1931 1433 Motu

1197 1455 1303 1498 itaque
1329 1454 1473 1497 proprio,
1502 1460 1534 1487 et
1563 1465 1599 1487 ex
1625 1456 1711 1486 certa
1733 1453 1871 1486 scientia
1894 1463 1931 1485 ac

1196 1510 1320 1540 matura
1338 1507 1574 1540 deliberatione
1592 1506 1721 1546 nostris,
1736 1507 1838 1550 deque
1856 1516 1932 1550 apo-

1196 1561 1328 1593 stolicae
1354 1560 1522 1603 potestatis
1547 1560 1760 1603 plenitudine,
1780 1559 1932 1591 indictio-

1196 1624 1269 1646 nem
1287 1619 1318 1646 et
1343 1613 1587 1656 impositionem
1612 1612 1707 1645 trium
1731 1612 1931 1655 integrarum

1196 1667 1393 1699 decimarum
1426 1666 1675 1709 praedictarum,
1701 1676 1760 1709 per
1790 1676 1871 1706 nos,
1896 1671 1932 1697 ut

1195 1721 1385 1763 praefertur,
1406 1720 1513 1760 saetas,
1537 1720 1725 1762 litterasque
1751 1719 1932 1762 praeinser-

1198 1778 1244 1805 tas
1271 1773 1469 1813 huiusmodi,
1489 1783 1560 1805 cum
1583 1772 1730 1804 omnibus
1749 1777 1779 1804 et
1795 1771 1931 1814 singulis

1196 1826 1228 1858 in
1247 1826 1292 1858 eis
1310 1826 1482 1865 contentis,
1502 1825 1540 1858 ad
1560 1825 1655 1857 aliam
1675 1835 1770 1856 unam
1795 1823 1931 1857 similem

1197 1879 1356 1922 integram
1381 1879 1537 1911 decimam
1555 1877 1602 1911 et‘
1621 1882 1763 1920 quatuor
1783 1888 1820 1910 ex
1845 1877 1922 1921 quin

1197 1943 1258 1975 que
1277 1932 1421 1975 partibus
1439 1931 1569 1964 alterius
1591 1930 1736 1963 decimae
1755 1930 1922 1973 percipien

1197 1986 1265 2026 das,
1283 1985 1456 2028 exigendas
1483 1989 1514 2017 et
1539 1984 1690 2017 levandas
1715 1984 1755 2016 ab
1781 1984 1929 2017 omnibus

1197 2045 1229 2071 et
1248 2038 1382 2081 singulis
1400 2038 1430 2069 in
1450 2037 1570 2070 eisdem
1586 2036 1798 2080 praeinsertis
1814 2036 1930 2069 litteris

1196 2092 1370 2125 nominatis
1390 2092 1485 2134 (quos
1504 2101 1616 2123 omnes
1636 2090 1674 2122 ad
1694 2090 1756 2123 hoc
1773 2089 1930 2132 obligatos

1197 2145 1281 2177 intra
1295 2144 1470 2177 triennium
1484 2143 1668 2187 proximum
1691 2142 1792 2175 tribus
1817 2153 1930 2186 aequa-

1196 2199 1281 2230 libus
1317 2197 1555 2237 solutionibus,
1585 2206 1646 2239 pro
1683 2195 1787 2239 prima
1818 2195 1930 2228 videli-

1196 2257 1245 2284 cet
1270 2252 1352 2283 intra
1378 2251 1561 2294 proximum
1580 2250 1664 2282 diem
1690 2249 1805 2282 festum
1829 2248 1860 2282 S.
1883 2248 1922 2281 Mi

1196 2304 1318 2337 cliaiilis
1334 2303 1525 2346 Archangeli
1540 2303 1660 2335 mensis
1673 2302 1746 2334 maii
1766 2302 1839 2335 anni
1858 2312 1930 2345 pro-

1196 2358 1277 2391 xime
1313 2356 1441 2389 venturi
1475 2365 1665 2395 nnctxxxix,
1689 2360 1721 2388 et
1752 2355 1930 2387 successive

1196 2421 1255 2453 pro
1276 2409 1410 2452 reliquis
1429 2408 1552 2440 duabus
1567 2407 1786 2440 solutionibus
1803 2406 1931 2449 singulo

1196 2473 1324 2505 quoque
1350 2472 1434 2494 anno
1453 2467 1552 2493 ratam
1571 2466 1693 2503 partem
1712 2460 1796 2492 intra
1814 2459 1930 2492 festum

1196 2514 1381 2547 huiusmodi
1422 2514 1594 2546 cuiuslibet
1632 2513 1706 2545 anni
1746 2512 1930 2545 immediate

1195 2579 1294 2611 nsque
1324 2568 1363 2600 ad
1397 2568 1529 2600 totalem
1566 2566 1782 2606 solutionem,
1807 2567 1930 2599 servata

1233 2631 1241 2656 1
1266 2629 1404 2655 Cuiiiunct.
1427 2632 1453 2656 el
1473 2637 1520 2655 nos
1540 2628 1662 2655 addimus
1681 2634 1716 2662 (n.
1736 2626 1784 2662 T.).
