2111 3157
163 211 215 239 Au.
234 209 262 236 c.
282 209 350 237 168ss
397 201 462 235 704

199 803 230 824 De
248 802 351 835 domibus?

159 831 280 852 noxinatus.

358 271 490 293 suorum
515 258 725 303 hospitalium
751 256 811 291 nisi
833 256 935 299 spatio
954 259 1094 298 quatuor
1113 263 1115 265 ’

358 315 508 355 dierum,
536 318 568 347 et
603 313 664 345 hoc
699 314 912 344 concurrente
948 308 1095 350 legitima

357 369 461 408 causa,
479 372 520 407 et,
539 366 565 399 si
583 375 661 408 opus
679 363 774 397 suerit
790 364 873 396 ultra
890 361 1093 406 praedictum

358 428 483 465 teinpus
507 430 524 452 a
549 418 693 462 prioratu
719 417 852 458 abesse,
884 415 918 449 id
942 414 1013 448 ficri
1039 425 1095 447 ne-

351 479 453 518 queat
486 473 609 516 absque
646 471 797 513 expressa
832 468 962 502 licentia
994 466 1095 512 patris

356 525 519 570 generalis
542 525 591 558 vel
617 522 824 567 provincialis
849 521 996 555 eiusdem
1022 530 1096 570 pro-

355 580 492 620 vinciae,
508 578 568 612 sub
589 578 697 622 poena
714 575 904 620 privationis
922 574 1017 608 officii
1036 584 1095 621 pro

354 635 459 678 prima
483 633 552 666 vice
578 632 616 665 ad
643 640 772 670 annum,
791 635 833 670 et,
853 629 886 662 in
911 639 985 662 casu
1010 627 1096 660 rein-

357 687 529 727 cidentiae,
553 696 613 730 pro
639 690 707 718 toto
733 689 880 727 tempore
905 683 973 716 eius
998 681 1095 715 officii

355 745 556 774 remanente.

400 804 458 827 vu.
481 792 559 831 Quia
584 791 623 825 ad
648 791 874 834 receptionem
899 788 1096 822 novitiorum

355 857 421 880 non
447 851 522 879 sunt
547 846 664 883 domus
683 845 856 877 novitiatus
875 842 1095 886 praescriptae

355 900 387 932 iu
407 900 499 933 dictis
518 896 1020 939 constitutionibus,accipiendo
1039 905 1095 928 eos

354 954 388 987 in
408 953 560 986 omnibus
579 952 682 985 dictae
700 950 878 993 religionis,
904 955 936 982 et
959 949 1034 992 quia
1049 948 1096 980 illi

358 1007 411 1051 qui
438 1008 570 1040 aluntur
595 1006 627 1038 in
652 1004 758 1048 parvis
784 1002 1006 1041 monasteriis,
1031 1011 1097 1034 non

358 1061 482 1094 liabent
499 1070 568 1092 eam
586 1058 762 1101 perfectam
777 1056 1000 1089 educationem
1016 1065 1097 1097 quae

356 1113 544 1157 requiritur,
570 1111 665 1144 sicuti
692 1110 799 1150 etiam,
816 1119 888 1141 cum
915 1108 956 1140 sit
982 1118 1096 1140 eorum

355 1177 487 1210 parvum
512 1164 699 1207 hospitium,
732 1173 798 1195 non
823 1166 992 1194 remanent
1015 1161 1097 1193 bene

356 1219 462 1252 edocti
484 1219 517 1251 in
539 1228 650 1251 eorum
672 1216 834 1255 exercitio,
854 1219 884 1248 et
901 1219 1015 1258 postea
1038 1213 1097 1257 ipsi

357 1272 556 1306 transeundo
581 1271 619 1303 ad
653 1270 715 1303 alia
748 1269 873 1302 maiora
903 1267 1099 1301 monasteria

356 1326 559 1367 recognitum
591 1324 648 1357 suit
682 1334 736 1356 eos
770 1321 897 1365 ingredi
935 1331 1007 1354 cum
1039 1319 1097 1353 dis-

356 1379 501 1413 ficultate
544 1378 576 1410 in
613 1377 698 1410 dicto
742 1374 897 1408 exercitio
938 1374 1097 1408 bonorum

356 1432 577 1465 ministrorum
603 1440 679 1472 erga
704 1428 877 1461 infirmos:
912 1427 951 1460 ad
977 1427 1098 1459 evitan-

358 1487 432 1519 dum
465 1485 563 1528 igitur
595 1484 657 1516 hoc
688 1481 919 1515 inconveniens
948 1481 1098 1524 imposte-

357 1549 428 1572 rum
456 1538 652 1581 deputantur
682 1539 712 1569 et
741 1535 906 1577 eliguntur
938 1538 1098 1567 monaste-

358 1591 406 1624 ria
440 1596 472 1624 et
507 1590 620 1623 domus
657 1588 831 1622 novitiatus
864 1588 897 1620 in
928 1586 1097 1630 provincia

358 1644 488 1678 Baetica
513 1643 636 1676 scilicet
659 1642 820 1676 civitatum
844 1641 1013 1680 Granatae,
1042 1640 1097 1673 Hi-

357 1698 466 1742 spalis,
493 1697 669 1736 Cordubae,
683 1696 828 1736 Iaiensis,
854 1700 885 1728 et
909 1694 942 1727 in
967 1694 1097 1738 provin-

357 1752 407 1785 cia
431 1751 589 1785 Castellae
622 1748 822 1783 monasteria
851 1747 977 1788 Matriti,
1002 1747 1098 1780 Valli-

357 1804 467 1845 soleti,
485 1803 631 1837 Medinae
656 1803 696 1836 de
718 1802 866 1843 Rioseco‚
892 1807 924 1835 et
947 1801 1096 1841 Mursiae,

357 1864 390 1892 et
415 1858 447 1891 in
468 1857 620 1891 Lusitana
636 1856 802 1900 provincia
819 1855 1018 1889 monasteria
1033 1855 1097 1888 Lis-

356 1912 475 1953 bonae,
503 1916 535 1945 et
559 1911 683 1951 lelues,
711 1910 744 1943 in
770 1909 887 1954 quibus
912 1915 1037 1949 tamen,
1066 1913 1098 1941 et

356 1977 422 2000 non
440 1966 473 1998 in
487 1965 557 1998 aliis
579 1970 706 2008 praeter
729 1961 922 1997 nominatis¹
941 1962 1097 1996 dictarum

356 2019 598 2065 provinciarum
617 2019 745 2059 dentur,
765 2028 825 2051 nec
850 2017 918 2050 dari
944 2017 1094 2057 debeant,

356 2084 418 2107 nec
433 2072 557 2106 admitti
576 2072 651 2105 dicti
669 2071 798 2112 novitii,
818 2071 856 2104 ad
874 2081 1009 2115 quorum
1023 2070 1098 2103 edu-

357 2127 518 2160 cationem
553 2131 587 2159 et
623 2124 802 2159 doctrinam
838 2125 1034 2169 deputentur
1064 2129 1096 2157 et

357 2181 565 2224 assignentur
589 2179 742 2222 magistri,
773 2179 890 2212 virtute
916 2183 948 2211 et
981 2178 1094 2210 timore

357 2235 413 2268 Dei
431 2234 585 2273 decorati,
604 2233 709 2266 bonae
726 2232 809 2266 vitae
826 2237 856 2265 et
868 2232 989 2272 famae,
1013 2241 1095 2274 quae

357 2286 535 2321 nominatio
549 2286 710 2320 dictorum
725 2285 955 2328 magistrorum
980 2284 1096 2317 debeat

358 2341 428 2375 sieri
453 2352 471 2374 a
494 2346 587 2385 patre
614 2340 760 2383 generali
790 2338 905 2372 litteris
941 2338 1008 2371 suis
1041 2349 1096 2382 pa-

359 2395 500 2428 tentibus
526 2405 586 2438 pro
613 2400 758 2437 tempore
791 2393 852 2426 sihi
878 2392 1008 2436 placito,
1024 2403 1096 2436 per-

359 2453 510 2482 manente
536 2447 568 2480 in
594 2447 663 2480 eius
690 2446 823 2479 arbitrio
848 2450 1006 2489 potestate
1025 2455 1097 2488 per-

361 2501 506 2534 mutandi
523 2499 751 2533 etnominandi
770 2500 859 2539 alios,
878 2498 1097 2542 quandocum-

939 204 1119 231 nummum
1142 205 1294 230 ROMANUM

1136 254 1285 297 superior
1302 253 1475 288 cuiuslibet
1491 254 1691 296 monasterii,
1706 254 1776 299 ipso
1789 254 1874 288 sacto

1137 317 1213 340 suae
1253 312 1408 351 acceptae
1448 307 1686 351 possessionis,
1726 313 1875 342 teneatur

1137 361 1354 394 transmittere
1380 361 1467 395 dicto
1492 362 1575 405 patri
1601 361 1746 404 generali
1769 362 1875 396 listam

1138 415 1282 447 omnium
1307 415 1438 448 illorum
1462 414 1699 458 religiosorum,
1719 408 1800 459 quos
1818 416 1876 449 ha-

1137 467 1245 500 buerit
1269 469 1499 502 conventuales
1516 469 1549 501 in
1567 469 1637 502 eius
1663 469 1876 510 monasterio,

1138 527 1172 554 ut
1195 522 1325 556 illorum
1349 532 1432 555 unus
1451 522 1600 565 eligatur,
1619 522 1672 565 qui
1690 522 1875 565 recognitus

1138 575 1234 608 suerit
1258 575 1505 609 convenientior
1535 575 1575 608 ad
1600 575 1722 608 dictum
1754 574 1877 608 exerci-

1138 628 1228 670 tium,
1254 633 1286 661 et
1309 639 1379 662 cum
1399 638 1465 662 non
1490 627 1674 661 inveniatur
1697 627 1817 661 habilis
1842 628 1876 661 in

1139 692 1178 717 eo
1192 682 1397 721 monasterio,
1412 681 1595 715 nominabit
1608 681 1706 715 alium
1720 681 1877 714 idoneum

1138 734 1199 768 sibi
1224 735 1421 775 bemzvisum,
1442 734 1483 767 ad
1508 745 1604 778 quem
1628 734 1776 768 effectum
1803 745 1878 779 per-

1138 788 1317 821 mutabitur
1342 799 1379 821 ex
1403 788 1604 821 monasterio
1630 798 1707 820 suae
1732 788 1879 821 residen-

1139 841 1211 881 tiae,
1232 846 1264 874 et
1287 841 1433 874 mittetur
1466 841 1505 874 ad
1538 843 1646 875 locum
1680 841 1878 875 destinatum

1138 905 1197 938 pro
1223 894 1375 927 exercitio
1401 894 1476 927 dicti
1502 893 1612 927 ossicii.

1182 957 1252 980 v111.
1280 947 1359 986 Quia
1393 948 1495 979 multa
1530 951 1562 979 et
1595 947 1704 990 gravia
1727 947 1880 981 inconve-

1139 1001 1262 1035 nientia
1285 1000 1454 1043 recognita
1479 1000 1609 1033 filerunt
1633 1010 1670 1033 ex
1695 1001 1880 1044 perceptio-

1139 1064 1179 1087 ne
1205 1058 1237 1086 et
1260 1053 1447 1097 receptione
1484 1054 1524 1086 ad
1560 1052 1712 1086 habitus*
1733 1054 1767 1086 in
1795 1053 1881 1087 dicta

1141 1106 1301 1149 religione
1335 1106 1519 1149 aliquorum
1549 1106 1779 1148 religiosorum
1804 1106 1881 1140 alia-

1140 1171 1210 1192 rum
1235 1159 1442 1202 religionum,
1468 1159 1522 1203 qui
1554 1159 1649 1192 variis
1682 1160 1787 1193 modis
1812 1160 1882 1193 sue-

1141 1219 1217 1247 runt
1241 1224 1338 1247 causa
1363 1213 1621 1256 gravissimarum
1646 1213 1751 1246 litium
1776 1218 1809 1247 et
1832 1214 1882 1247 in-

1141 1267 1411 1307 convenientium,
1431 1266 1600 1300 excitando
1622 1266 1725 1300 dictae
1749 1271 1882 1302 nostrae

1140 1321 1293 1364 religioni
1311 1320 1575 1354 inconvenientia
1591 1319 1813 1364 irreparabilis
1831 1321 1882 1355 da-

1140 1374 1220 1415 mni,
1260 1384 1343 1418 quae
1368 1373 1478 1407 multis
1503 1374 1543 1406 ab
1568 1373 1646 1406 hinc
1670 1374 1763 1407 annis
1786 1384 1882 1418 passa

1140 1428 1215 1460 suit:
1242 1428 1282 1461 ad
1300 1427 1488 1461 evitandum
1512 1426 1630 1460 similia
1653 1426 1882 1461 inconvenien-

1140 1482 1192 1521 tia,
1218 1481 1385 1514 ordinatur
1410 1486 1442 1513 et
1461 1480 1632 1512 mandatur
1652 1480 1737 1523 quod
1763 1480 1796 1512 in
1820 1490 1880 1523 po-

1139 1540 1261 1568 sterum
1285 1544 1352 1567 non
1376 1533 1506 1576 possint
1531 1532 1655 1566 admitti
1680 1543 1742 1566 nec
1767 1533 1880 1566 admit-

1141 1592 1248 1620 tantur
1259 1587 1318 1620 ulli
1331 1586 1487 1629 religiosi,
1504 1585 1558 1629 qui
1570 1585 1692 1619 suerint
1707 1587 1757 1620 vel
1773 1591 1880 1619 actua-

1140 1640 1214 1675 liter
1239 1639 1304 1672 sint
1328 1639 1463 1673 alterius
1495 1638 1670 1672 cuiuslibet
1693 1638 1876 1682 religionis,

1139 1694 1227 1727 nulla
1252 1693 1291 1726 de
1316 1694 1420 1733 causa,
1447 1691 1540 1726 titulo
1560 1693 1611 1726 vel
1635 1692 1773 1733 ratione,
1793 1702 1876 1737 quae

1140 1747 1177 1780 ad
1204 1756 1316 1780 eorum
1343 1745 1575 1779 admissionem
1599 1744 1713 1778 adduci
1730 1751 1876 1789 possent,

1140 1800 1203 1834 nisi
1234 1811 1271 1834 ex
1307 1800 1400 1832 iustis
1436 1804 1468 1832 et
1498 1797 1748 1833 rationabilibus
1774 1798 1878 1832 causis

1139 1853 1320 1887 referendis
1345 1851 1603 1886 eminentissimo
1628 1856 1661 1885 et
1676 1852 1878 1885 reverendis·

1140 1908 1221 1942 simo
1257 1906 1389 1940 domino
1425 1904 1584 1939 cardinali
1619 1905 1811 1949 protectori,
1837 1906 1877 1938 ab

1140 1972 1243 2005 eoque
1262 1960 1497 2004 approbandis.

1183 2026 1225 2050 ix.
1248 2014 1339 2053 Quod
1370 2013 1515 2056 religiosi
1543 2018 1773 2056 procuratores
1801 2023 1873 2047 mo-
1899 2048 1934 2063 ,u

1139 2069 1352 2102 nasteriorum
1367 2067 1560 2110 consignare
1579 2071 1751 2099 teneantur
1764 2077 1876 2100 omnes

1139 2122 1333 2167 quantitates
1357 2120 1569 2165 pecuniarum
1594 2120 1633 2152 ab
1659 2120 1704 2153 eis
1729 2125 1876 2164 receptas

1138 2188 1173 2210 ex
1199 2175 1379 2209 redditibus
1405 2179 1437 2207 et
1462 2174 1532 2207 aliis
1565 2173 1732 2217 quibusvis
1757 2173 1877 2207 effecti-

1137 2231 1196 2263 bus
1220 2229 1279 2262 sibi
1306 2227 1571 2272 provenientibus
1593 2232 1625 2260 et
1648 2227 1764 2261 debitis
1784 2227 1876 2260 dictis

1138 2283 1343 2318 monasteriis
1368 2283 1480 2315 eadem
1503 2282 1554 2314 die
1574 2281 1677 2314 dictae
1697 2281 1877 2325 perceptio-

1138 2338 1199 2379 nis,
1224 2337 1274 2370 vel
1300 2336 1338 2369 ad
1363 2346 1523 2369 summum
1553 2334 1604 2368 die
1628 2334 1785 2378 sequenti,
1804 2334 1878 2368 abs·

1139 2402 1202 2435 que
1227 2391 1293 2423 ulla
1316 2389 1498 2423 retentione
1524 2399 1626 2431 penes
1659 2398 1713 2428 se;
1740 2393 1771 2421 et
1791 2399 1877 2428 casu,

1140 2456 1202 2488 quo
1227 2454 1362 2477 necesse
1387 2443 1427 2475 sit
1450 2452 1640 2475 conservare
1662 2442 1712 2474 vel
1732 2441 1875 2475 retinere

1140 2498 1278 2540 aliquam
1305 2496 1517 2540 quantitatem
1550 2499 1686 2539 propter
1718 2504 1877 2537 exponis

361 2564 421 2598 que
448 2553 493 2586 illi
520 2553 667 2586 videatur
691 2552 905 2593 conveniens,
938 2552 977 2585 ad
1009 2552 1096 2595 quod
1140 2551 1241 2583 litium
1268 2552 1316 2584 vel
1342 2549 1478 2583 aliarum
1502 2558 1621 2587 rerum,
1655 2547 1710 2580 siat
1734 2547 1880 2592 superio-¹

398 2617 409 2645 1
430 2614 523 2652 Aptius
542 2614 600 2649 lege
622 2614 771 2642 nominata
793 2618 831 2649 (n.
852 2614 902 2648 τ.).

1178 2613 1187 2639 1
1211 2612 1303 2647 Aptius
1324 2611 1382 2646 lege
1403 2610 1536 2639 habitum
1554 2609 1592 2645 (R.
1613 2609 1660 2644 T.)-

1883 203 1931 234 An.
1948 203 1976 232 C.
1996 206 2044 235 1C3

1911 954 1941 975 no
1950 955 2069 980 menmium

1888 981 2032 1006 religiosorum
2048 989 2070 1003 n.-

1889 1008 1964 1029 tiorum
2011 1010 2070 1030 (Ji-«ti-

1889 1041 1945 1056 uum.

1909 2015 1939 2036 De
1949 2017 2068 2042 procurato-

1887 2042 1919 2063 τί)
1937 2049 1955 2064 s.
