2111 3157
780 180 874 202 INDEX
902 180 1100 203 nUBmCAnUM

262 227 526 269 indulgentiarum
559 228 914 262 archiconfraternitatis

261 279 400 312 eiusdem
427 279 563 312 nominis
589 281 619 312 in
644 282 777 314 ecclesia
801 283 830 315 S.
856 283 914 314 Ma-

261 332 326 364 riae
358 342 454 375 super
486 332 655 365 Minervam
688 334 726 366 de
760 335 841 367 Urbe
866 335 913 366 in-

259 384 394 423 stitutae,
415 389 445 416 et
472 384 531 416 alia
562 385 690 428 insuper
719 386 913 429 indulgentia

260 437 442 469 conceditur
468 437 689 470 comitantibus
707 438 788 471 idem
807 439 913 472 Sacra-

260 495 400 522 mentum
422 489 460 521 ad
493 490 634 523 infirmos
661 501 718 533 pro
737 492 848 524 viatico
865 492 915 524 de-

259 542 366 582 latum,
398 542 464 574 103.

174 594 276 627 XLIII.
317 595 410 626 Tassa
447 595 670 628 Innocenziana
707 607 763 638 per
788 597 808 628 il
834 597 914 629 Foro

257 647 469 680 ecclesiastico
488 675 495 687 ,
534 658 649 680 omero
688 648 913 682 dicbiarazioni

259 711 314 743 per
332 701 351 732 li
370 701 573 733 emolumenti
600 701 657 733 che
675 706 776 734 trarre
794 702 817 734 si
840 713 914 745 pos-

259 763 337 786 sono
362 753 442 785 dalle
468 764 559 785 cause
580 764 596 786 e
615 755 744 787 materie
770 755 914 788 eeclesia-

259 806 358 838 stiche
384 817 401 838 o
427 806 592 848 spirituali,
623 807 689 839 105.

172 858 272 890 XLIV.
301 858 573 890 Dismembrantur
590 869 626 891 ex
641 860 914 902 archiepiscopatu

259 910 442 943 Bituricensi
468 921 519 943 sex
546 912 713 951 ecelesiae,
739 924 774 944 cx
800 912 913 954 quibus

259 972 357 995 novus
390 963 589 996 constituitur
626 964 914 1007 archiepiscopatus

260 1016 424 1055 Albiensis,
455 1016 522 1048 tlt.

171 1068 255 1100 XLV.
283 1068 474 1111 Praecipitat*
499 1074 617 1112 septem
643 1069 834 1112 presbyteris
859 1070 914 1102 So-

259 1121 378 1154 cietatis
396 1122 465 1153 Iesu
492 1121 696 1154 missionariis
714 1121 796 1164 apud
825 1122 913 1154 Sinas

259 1177 289 1206 ut
316 1174 465 1206 accedant
489 1173 527 1205 ad
555 1174 688 1211 Urbem;
705 1179 734 1205 et
755 1174 914 1206 missiona-

259 1226 313 1258 riis
339 1226 484 1258 omnibus
517 1226 652 1259 formula
685 1227 839 1269 quaedam
867 1226 912 1258 iu-
937 1220 939 1230 ⁴

257 1278 411 1314 ramenti,
438 1278 520 1321 quod
558 1284 719 1320 praestare
755 1278 911 1317 debeant,

258 1331 496 1373 praescribitur,
526 1330 595 1363 ltu.

171 1383 269 1415 XLVI.
296 1384 424 1415 Decreta
442 1384 470 1415 S.
493 1383 622 1415 Rittium
641 1383 912 1425 Congiegationis,

257 1436 293 1467 de
320 1435 357 1467 iis
381 1446 460 1478 quae
478 1435 508 1467 in
527 1435 628 1467 causis
646 1434 911 1468 beatificationum

257 1494 287 1521 et
320 1489 591 1521 canonizationum
628 1488 813 1521 Sanctorum
845 1499 938 1521 ser-1

258 1541 357 1573 vanda
382 1546 465 1580 sunt,
490 1541 718 1584 approbantur,
750 1540 818 1573 1023.
936 1557 937 1566 κ

171 1593 284 1626 XLVII.
310 1593 514 1627 Declarantur
546 1594 634 1626 irrita
668 1598 696 1627 ct
729 1594 812 1626 nulla
845 1571 939 1627 amal

258 1646 362 1678 omnia
387 1647 508 1679 consilii
535 1647 778 1689 1·egiiCastellae
803 1652 912 1680 contra
936 1655 938 1668 ²

258 1699 407 1731 nuncium
431 1699 641 1742 apostolicum
668 1699 910 1742 Hispaniarum,

257 1752 310 1794 qui
322 1753 502 1795 praefuerat
512 1753 649 1796 capitulo
660 1752 844 1795 provinciali
855 1754 913 1786 cle-

258 1805 398 1838 ricorum
420 1806 622 1848 Regularium
650 1806 816 1845 Minorum,
838 1806 911 1839 131.

172 1857 301 1890 XLVIII.
327 1858 539 1891 Conlirrnatur
564 1859 771 1891 summarium
805 1859 909 1891 indul-

259 1911 434 1952 gentiarum
469 1911 776 1945 confraternitatibus
801 1912 831 1943 in
856 1921 909 1944 ec-

259 1963 361 1995 clesiis
376 1964 507 1996 fratrum
524 1964 633 1998 Beatae
652 1965 766 1997 Mariae
782 1964 820 1996 de
835 1964 913 1996 Mer-

259 2015 332 2048 cede
366 2016 592 2059 redemptionis
626 2017 822 2059 captirorum
855 2017 912 2049 suh

258 2068 368 2101 codem
385 2069 473 2102 titulo
487 2070 599 2102 crectis
613 2079 834 2102 concessarum
850 2070 910 2102 iam

259 2127 329 2153 ante
349 2131 366 2153 a
391 2132 479 2154 sacra
503 2122 751 2164 Congregatione
769 2123 912 2164 recogui-
936 2146 937 2150 ,

259 2178 323 2205 tum
351 2179 380 2206 ct
405 2174 623 2217 approbatum,
655 2174 722 2206 134.

1600 172 1663 205 999

1057 230 1186 262 facultas
1211 231 1352 273 erigendi
1370 242 1450 265 nova
1469 233 1620 265 coenobia
1642 233 1708 265 sine

1057 284 1182 325 praevia
1207 284 1337 317 Sanctae
1361 285 1449 318 Sedis
1474 286 1608 326 licentia,
1635 285 1708 318 ⁴139.

968 335 1013 366 LI.
1050 335 1261 369 Confirmatur
1291 337 1452 370 decretum
1479 338 1508 372 S.
1533 338 1711 380 Congrega-

1058 388 1151 421 tionis
1183 390 1330 430 I'tituum,
1355 390 1444 422 cuius
1470 391 1577 432 vigore
1601 390 1632 422 in
1657 401 1711 433 op-

1057 441 1131 483 pido
1145 441 1183 473 de
1196 442 1300 483 Nului,
1314 443 1530 485 Ampuriensis
1547 443 1708 485 dioecesis,

1057 494 1170 525 fratres
1195 493 1329 526 Minores
1353 494 1559 527 Observantes
1583 505 1711 538 pracce-

1057 545 1171 578 debant
1201 547 1230 577 in
1253 547 1508 589 processionibus
1540 547 1710 590 Cappucci—

1056 608 1123 637 nes,
1149 598 1222 630 fllil.

1054 650 1240 684 Conceditur
1265 651 1412 684 fratribus
1436 652 1652 695 CappucciniS,
1679 657 1712 684 ut

1057 702 1250 745 provinciam
1269 704 1434 736 comitatus
1454 704 1653 746 Burgundiac
1678 715 1711 736 u-

1056 755 1123 787 nire
1157 761 1273 797 queant
1308 757 1531 798 Lugdunensi,
1563 763 1593 789 et
1617 757 1710 789 buius

1056 808 1205 839 nonnulla
1237 809 1389 841 coenobia
1420 809 1612 851 coniungere
1638 820 1709 841 cum

1057 859 1197 892 custodia
1222 860 1418 903 Campaniae,
1436 861 1579 903 hancque
1604 861 1634 892 in
1659 872 1710 893 no-

1057 922 1125 943 vam
1152 913 1348 954 provinciam
1374 913 1507 955 erigere,
1538 913 1607 945 1422.

1066 965 1271 1004 Permittitur,
1297 971 1329 997 ut
1355 965 1385 997 in
1410 970 1572 1008 posterum
1604 965 1710 997 nullus

1055 1017 1224 1049 canonicus
1261 1018 1416 1060 regularis
1451 1018 1709 1059 Congregationis

1055 1068 1152 1100 sancti
1179 1068 1303 1101 Ioannis
1327 1069 1543 1110 Erangelistae
1560 1069 1589 1100 in
1611 1079 1709 1110 regno

1056 1121 1265 1161 Portugalliac
1286 1127 1390 1153 votum
1407 1121 1521 1154 habeat
1542 1122 1571 1152 in
1590 1121 1708 1164 capitu-

1055 1173 1091 1205 lis
1109 1173 1309 1214 generalibus
1329 1179 1398 1205 ante
1424 1174 1580 1216 expletura
1600 1173 1708 1205 decen-

1054 1226 1140 1257 nium
1166 1226 1204 1257 al)
1230 1226 1345 1258 emissa
1371 1226 1574 1268 professione,
1605 1225 1672 1258 943.

1062 1278 1265 1310 Declarantur
1291 1279 1489 1311 scantlalosae
1508 1283 1537 1310 et
1562 1278 1592 1309 in
1619 1278 1708 1320 praxi

1054 1330 1251 1372 perniciosae
1287 1331 1440 1374 plurimae
1477 1331 1708 1374 propositiones

1054 1382 1085 1413 in
1121 1383 1259 1424 generali
1301 1383 1546 1425 congregatione
1582 1388 1708 1415 sanctae

1055 1435 1212 1467 Romanae
1230 1441 1260 1467 ct
1281 1435 1467 1468 universalis
1494 1436 1707 1478 Inquisitionis

1053 1487 1158 1520 habita
1180 1488 1210 1519 in
1228 1488 1343 1531 palatio
1365 1488 1538 1530 apostolico
1559 1488 1707 1521 Vaticano

1053 1550 1159 1573 coram
1174 1540 1371 1572 sanctissimo
1385 1540 1514 1573 domino
1531 1546 1640 1573 nostro
1656 1541 1708 1574 do-

1052 1593 1137 1626 mino
1163 1593 1343 1626 Innocentio
1375 1593 1480 1625 divina
1512 1594 1708 1636 providentia

1053 1646 1134 1688 Papa
1159 1645 1198 1678 XI
1224 1655 1259 1678 ac
1289 1645 1543 1678 eminentissimis
1568 1651 1598 1678 et
1622 1656 1708 1679 reve-

1053 1697 1247 1730 rendissimis
1272 1697 1408 1730 dominis
1428 1698 1456 1730 S.
1483 1698 1517 1730 R.
1543 1698 1575 1730 E.
1601 1698 1706 1731 cardi-

1053 1750 1176 1783 nalibus
1202 1750 1232 1782 in
1259 1756 1323 1783 tota
1348 1750 1511 1793 republica
1535 1750 1705 1784 christiana

1052 1809 1161 1835 contra
1187 1803 1376 1835 haereticam
1403 1802 1586 1846 pravitatem
1611 1813 1706 1845 gene-

1053 1856 1171 1888 ralibus
1188 1855 1429 1898 inquisitoribus
1446 1866 1462 1887 a
1479 1855 1509 1889 S.
1531 1855 1608 1888 Sede
1626 1857 1705 1899 Apo-

1052 1908 1163 1941 stolica
1188 1908 1364 1950 specialiter
1388 1907 1556 1950 deputatis,
1582 1908 1655 1941 145.

1053 1961 1285 1994 Confirmantur
1312 1961 1438 1993 decreta
1468 1961 1573 1993 omnia
1597 1972 1614 1993 a
1639 1972 1705 1994 ma-

1051 2014 1151 2056 gistro
1198 2013 1336 2054 generali
1379 2014 1508 2046 fratrum
1549 2013 1700 2046 cremita-

1053 2077 1122 2099 rum
1156 2065 1280 2099 Ordinis
1315 2066 1413 2098 sancti
1443 2066 1609 2108 Augustini
1646 2077 1704 2109 pro

1052 2129 1126 2162 pace
1151 2118 1305 2151 servanda
1327 2118 1356 2149 in
1377 2118 1538 2160 provincia
1563 2118 1702 2156 Quitensi

1051 2172 1144 2211 edita,
1169 2170 1242 2202 149.

1061 2224 1256 2257 Permittitur
1287 2229 1319 2255 ut
1344 2224 1453 2256 festum
1486 2224 1517 2255 B.
1544 2224 1579 2255 M.
1607 2224 1637 2255 V.
1663 2224 1702 2256 de

967 650 1027 682 LII.

966 964 1039 996 LIII.

966 1277 1037 1309 LIV.

964 1962 1021 1993 LV.

963 2226 1034 2257 LVI.

170 2225 270 2258 XLIX.
297 2226 436 2268 ErIgitur
466 2227 610 2269 precibus
641 2227 723 2269 regis
749 2227 910 2269 IIispania-

259 2289 328 2311 rum
348 2280 487 2312 custodia
508 2281 663 2312 Navarrae
683 2283 713 2312 et
729 2280 910 2313 Cantabriae

258 2331 382 2363 Ordinis
413 2333 543 2363 fratrum
577 2332 852 2375 szpnccinorum
880 2332 910 2363 in

257 2393 369 2416 novam
392 2385 596 2426 proxinciam,
624 2383 694 2416 138.

170 2435 201 2466 L.
227 2435 448 2468 Conceduntur
479 2443 549 2469 octo
576 2437 743 2479 provinciis
772 2438 906 2469 Germa-

259 2488 326 2519 niae
363 2488 485 2528 ttrdinis
511 2488 758 2531 tlapueoinormn
786 2494 854 2520 rota
880 2501 910 2519 o-

260 2541 342 2573 mnia
358 2542 386 2573 in
402 2542 545 2584 capitulis
563 2541 771 2584 generalibus,
786 2550 908 2573 necnon

1051 2277 1153 2309 Monte
1177 2276 1319 2309 Carmelo
1344 2286 1414 2308 cum
1435 2276 1538 2308 officio
1559 2279 1588 2308 et
1608 2276 1702 2309 missa

1049 2329 1177 2372 propria
1203 2329 1334 2361 fratrum
1356 2328 1597 2361 Carmelitarum
1619 2329 1701 2361 cele-

1049 2382 1158 2413 bretur
1183 2381 1221 2413 ab
1248 2380 1394 2413 omnibus
1418 2380 1449 2412 in
1476 2380 1581 2422 regnis
1602 2385 1632 2412 et
1650 2380 1701 2413 do-

1050 2434 1153 2465 miniis
1178 2443 1313 2465 coronae
1347 2433 1553 2473 Portugalliae
1590 2433 1697 2466 subie-

1049 2488 1116 2526 ctis,
1146 2487 1215 2519 167.

960 2540 1047 2572 LVII.
1068 2533 1278 2572 Confirmatur
1295 2540 1465 2579 decretum,
1480 2550 1541 2582 quo
1555 2539 1696 2582 specialis
