2111 3157
212 212 256 239 tn.
278 211 306 238 C.
328 211 392 239 toas
438 204 502 236 0⁵28

227 1179 347 1201 clausulae,

981 212 1032 234 ttt't
1042 212 1058 233 Ῐ,
1067 212 1098 233 tn
1105 211 1158 233 tmt
1183 211 1248 235 ROW
1256 212 1335 235 xxm!

401 266 528 306 gulures
543 273 698 306 personas
712 274 728 294 a
743 260 906 304 quibusvis
925 261 1138 292 excounuuui-
1179 270 1288 291 sortun
1309 260 1466 299 ellectum,
1482 260 1542 292 hac
1566 260 1634 293 vice
1652 261 1824 301 dumtaxat,
1841 273 1914 305 spe·

401 317 548 355 cationis,
566 314 792 358 suspensionis
812 318 843 346 et
860 312 1036 350 interdicti,
1055 312 1137 344 aliis-

400 381 462 413 que
487 368 713 403 ecclesiasticis
737 366 918 405 sententiis,
937 365 1080 398 censuris
1105 370 1138 397 et

399 423 523 467 poenis,
545 433 562 454 a
579 422 649 454 iure
667 421 715 453 vel
734 421 772 453 ab
790 420 934 458 homine,
955 418 1066 462 quavis
1084 428 1137 451 oc-

398 477 529 508 casione
545 476 594 507 vel
613 475 707 507 causa
725 473 808 512 latis,
828 473 985 515 siquibus
1004 481 1136 515 quomo-

399 529 522 562 dolibet
540 529 716 561 innodatae
742 527 894 566 existunt,
921 526 960 558 ad
985 524 1134 558 etl'ectutn

398 582 619 625 praesentium
651 581 817 614 dumtaxat
851 579 1133 622 consequendum,

399 636 513 668 harum
545 634 630 668 serie
671 634 877 666 absolventes
913 638 945 665 et
969 632 1134 664 absolutas

399 690 465 722 sore
497 693 680 730 censentes,
705 686 996 730 supplicationibus
1021 695 1133 717 eorum

398 742 530 776 nomine
548 742 644 775 nobis
663 751 762 784 super
783 741 847 773 hoc
870 739 1037 772 humiliter
1059 749 1134 781 por-

397 795 494 828 rectis
517 795 675 835 inclinati,
701 794 865 826 decretum
883 792 1133 835 praeinsertum.

398 848 590 881 auctoritate
616 847 814 891 apostolica,
843 851 957 878 tenore
982 854 1134 888 praesen-

398 902 721 946 tium,approbamus
748 905 779 933 et
807 899 1043 937 confirmamus,
1072 899 1134 931 illi-

397 967 461 999 que
498 955 694 988 inviolabilis
737 953 939 997 apostolicae
976 952 1132 984 firmitatis

396 1009 497 1042 robur
517 1008 702 1048 adiicimus·,
720 1007 806 1039 salva
832 1011 935 1038 tamen
955 1015 1084 1048 semper
1100 1004 1132 1036 in

395 1061 580 1105 praemissis
607 1060 796 1093 auctoritate
821 1062 1018 1091 memoratae
1051 1057 1133 1091 Con-

395 1114 595 1158 gregationis
619 1113 843 1146 cardinalium.
1118 1114 1120 1117 ’

439 1167 497 1212 53.
510 1168 729 1200 Decernentes
741 1165 870 1198 easdem
885 1170 1072 1208 praesentes
1085 1165 1131 1197 lit-

395 1226 479 1253 teras
497 1230 626 1264 semper
646 1219 766 1259 sirmas,
781 1218 904 1251 validas
930 1223 962 1250 et
986 1217 1131 1250 efficaces

394 1275 534 1307 existere
560 1279 591 1306 et
622 1273 713 1313 sore,
742 1283 879 1315 suosque
910 1272 1075 1315 plenarios
1101 1277 1132 1304 et

394 1327 538 1370 integros
564 1326 695 1359 effectus
721 1325 829 1359 sortiri
856 1330 888 1358 et
914 1325 1074 1365 obtinere,
1097 1334 1132 1357 ae

394 1380 478 1419 illis,
505 1380 544 1412 ad
570 1390 650 1422 quos
676 1383 798 1422 spectat
833 1384 865 1411 et
899 1388 958 1421 pro
985 1383 1130 1420 ternpore

395 1433 566 1477 spectabit,
587 1432 775 1476 plenissime
791 1431 968 1474 suffragari,
983 1436 1010 1463 et
1027 1431 1065 1462 ab
1084 1431 1130 1463 eis

395 1486 572 1529 respective
587 1484 819 1518 inviolabiliter
832 1483 1007 1523 observari,
1022 1483 1130 1525 sicque

396 1539 427 1572 in
456 1538 642 1582 praemissis
666 1548 726 1581 per
757 1547 979 1580 quoscumque
1008 1536 1131 1569 iudices

396 1592 578 1625 ordinarios
600 1597 631 1625 et
648 1592 825 1633 delegatos,
844 1590 940 1622 etiam
965 1599 1130 1622 causarum

1180 311 1306 344 cialiter
1322 317 1354 344 et
1372 322 1524 355 expresse
1549 314 1764 355 derogamus3
1783 315 1914 348 ceteris-

1179 375 1242 406 que
1259 365 1429 397 contrariis
1444 365 1715 408 quibuscumque.

1221 417 1333 449 Datum
1359 418 1491 457 Romae,
1509 419 1594 460 apud
1619 419 1650 451 S.
1667 419 1796 453 Mariam
1821 421 1917 454 Maio-

1179 480 1270 510 rem,
1306 470 1365 503 sub
1397 472 1519 504 annulo
1544 471 1738 512 piscatoris,
1765 473 1818 506 die
1843 483 1917 508 xxtx

1179 523 1365 556 novembris
1389 533 1595 558 MDCLxxxvnl
1627 525 1835 568 pontificatus
1856 537 1916 560 no·

1179 582 1234 608 stri
1259 587 1346 609 anno
1371 587 1440 610 x111.

1214 637 1272 665 Dat.
1289 638 1334 664 die
1350 638 1384 665 29
1400 638 1556 665 novembris
1578 639 1656 673 1688,
1677 639 1770 675 pontif.
1792 648 1836 668 an.
1856 647 1902 669 xut

1496 782 1591 817 CCIV.

1176 860 1339 894 Slalm'lm·
1356 866 1391 894 ul
1409 863 1443 894 in
1456 862 1592 895 dioecesi
1610 862 1851 907 Porluqallensi
1870 865 1911 900 lis

1219 919 1385 947 censeatur
1410 915 1553 958 legitime
1577 921 1752 950 conlcslala
1775 930 1832 961 per
1856 931 1912 952 ne-

1217 968 1376 1008 ῃαιὶυαὶη,
1403 968 1432 1000 si
1449 979 1521 1000 reus
1537 970 1770 1003 contumaciter
1785 982 1914 1015 respon-

1219 1019 1292 1052 dere
1315 1022 1509 1054 recusaverit
1523 1021 1543 1055 ¹.

1361 1100 1559 1128 Innocentius
1580 1101 1659 1135 Papa
1677 1103 1725 1137 XI,

1290 1145 1327 1172 nd
1347 1149 1525 1179 perpetuam
1544 1147 1589 1173 rei
1609 1148 1792 1176 memoriam.

1218 1217 1382 1250 Romanus
1397 1217 1552 1258 Pontifex,
1563 1219 1853 1253 ecclesiasticarum
1867 1222 1912 1254 le-

1175 1281 1248 1312 gum
1275 1270 1425 1303 conditor
1442 1275 1473 1303 et
1492 1271 1689 1308 moderator,
1709 1271 1911 1307 iudiciarium

1175 1323 1336 1361 ordinem,
1354 1333 1393 1355 ne
1414 1333 1473 1366 per
1497 1323 1754 1366 delinquentium
1771 1326 1912 1369 exquisi-

1176 1382 1221 1409 tas
1238 1377 1375 1410 malitias
1396 1376 1555 1416 eludatur,
1574 1376 1700 1420 ipsique
1721 1378 1912 1423 delinquen-

1176 1435 1222 1462 tes
1249 1440 1284 1462 ex
1319 1432 1376 1462 sua
1401 1429 1577 1463 calliditate
1604 1430 1830 1474 impunitatem
1858 1434 1912 1466 de-

1175 1484 1324 1516 lictorum
1354 1488 1620 1526 consequantur,
1647 1485 1729 1517 solet
1758 1495 1911 1518 nonnun-

1175 1547 1269 1580 quam
1290 1536 1469 1576 immutare,
1488 1536 1614 1581 aliaque
1639 1537 1744 1570 facere
1770 1543 1801 1571 et
1825 1539 1912 1572 ordi-

1176 1600 1262 1629 nare,
1284 1593 1382 1632 prout
1398 1598 1505 1622 rerum
1525 1599 1561 1622 ac
1576 1594 1757 1632 temporum
1774 1591 1910 1634 requirit

1922 213 1969 241 Λη.
1990 214 2020 242 C.
2037 217 2100 247 108⁸

1946 1226 2065 1250 Exordium.

395 1645 514 1688 palatii}
537 1644 707 1688 apostolici
731 1643 913 1683 auditores,
940 1642 1075 1676 iudicari
1101 1648 1132 1675 et

396 1698 523 1732 definiri
555 1698 675 1731 debere
692 1725 699 1738 ,
726 1707 762 1729 ac
786 1696 913 1728 irritum
938 1701 970 1729 et
990 1696 1086 1728 inane
1105 1696 1131 1729 si

396 1762 487 1785 secus
501 1762 598 1795 super
614 1752 664 1784 his
679 1762 695 1784 a
709 1760 884 1794 quoquam,
899 1749 1009 1792 quavis
1024 1754 1132 1781 aueto-

1175 1648 1285 1682 status,
1300 1647 1332 1675 et
1355 1642 1541 1684 iniquorum
1562 1642 1726 1684 protervia
1750 1645 1906 1686 exposcit.

1219 1696 1233 1739 ξ
1268 1695 1300 1728 t.
1334 1695 1456 1738 Exponi
1490 1695 1652 1738 siquidem
1683 1696 1777 1729 nobis
1802 1701 2095 1749 ntipermffi¹312¹¹5fftss

1177 1749 1251 1781 fecit
1273 1748 1468 1781 venerabilis
1493 1748 1592 1780 frater
1623 1748 1759 1783 loannes
1785 1749 1975 1793 episomam
1990 1753 2086 1776 uiuent-si.

230 1920 331 1939 ‘tu-urar·-
367 1928 384 1940 tu

205 1946 323 1970 dett)„altt).

396 1806 502 1845 ritate,
520 1805 661 1838 scienter
674 1805 722 1837 vel
741 1804 942 1847 ignoranter,
961 1803 1133 1845 contigerit

397 1858 559 1892 attentari.

441 1913 455 1955 ξ
480 1911 510 1944 [ι.
537 1911 605 1943 Non
624 1910 828 1943 obstantibus
845 1910 1133 1943 constitutionibus

399 1971 430 1998 et
454 1964 716 1998 ordinationibus
734 1963 932 2007 apostolicis,
956 1974 1000 2003 ac,
1024 1969 1133 2007 quate-

398 2029 456 2051 nus
493 2029 574 2061 opus
607 2017 670 2057 sit,
709 2016 921 2059 collegiorum
948 2022 979 2049 et
1003 2017 1133 2050 Ordinis

398 2071 632 2116 praefatorum,
657 2070 752 2103 etiam
779 2070 983 2109 iuramento,
1016 2070 1134 2102 contir-

399 2125 542 2158 matione
560 2123 750 2167 apostolica,
770 2124 819 2156 vel
842 2123 952 2166 quavis
983 2123 1133 2157 firmitate

399 2178 460 2212 alia
490 2177 663 2216 roboratis,
690 2176 816 2209 statutis
842 2181 874 2208 et
891 2176 1134 2209 consuctudini-

398 2233 470 2271 bus,
494 2230 674 2275 privilegiis
699 2240 841 2273 quoque,
868 2229 1003 2262 indultis
1030 2235 1061 2262 ct
1084 2230 1135 2263 lit-

400 2284 476 2317 teris
503 2282 691 2327 apostolicis
708 2282 739 2314 in
761 2281 958 2314 contrarium
980 2282 1135 2324 praernis-

400 2347 511 2369 sorum
541 2335 788 2379 quomodolibet
817 2334 994 2374 concessis,
1020 2334 1134 2367 confir-

400 2389 493 2424 matis
519 2394 551 2422 et
574 2388 754 2427 innovatis·,
788 2388 903 2431 quibus
930 2387 1078 2420 omnibus
1104 2393 1133 2420 et

401 2442 556 2485 singulis,
588 2442 720 2474 illorum
757 2446 885 2474 tenores
910 2441 1136 2484 praesentibus

401 2505 461 2539 pro
495 2496 588 2538 plene
619 2499 651 2527 et
681 2494 878 2526 sufficienter
913 2493 1074 2536 expressis
1101 2503 1136 2525 ac

402 2548 441 2580 ad
466 2547 597 2580 verbum
623 2547 752 2579 insertis
772 2547 942 2587 habentes,
967 2546 1032 2578 illis
1057 2545 1136 2578 alias

1176 1811 1234 1845 pus
1258 1801 1524 1844 Portugallensis,
1555 1801 1640 1844 quod
1668 1801 1697 1833 iu
1724 1802 1792 1834 eius
1818 1802 1909 1834 curia

1177 1860 1208 1888 et
1234 1855 1373 1888 dioecesi
1403 1855 1640 1897 Portugallensi
1671 1855 1819 1898 antiquus
1845 1855 1909 1888 litis

1177 1909 1407 1943 contestandae
1434 1913 1495 1940 tam
1520 1907 1552 1939 in
1579 1908 1727 1940 civilibus
1753 1919 1847 1951 quam
1877 1909 1909 1941 in

1177 1962 1397 1995 criminalibus
1433 1966 1460 1993 et
1488 1960 1593 1993 mixtis
1619 1961 1722 1993 causis
1747 1961 1910 1994 observari

1177 2017 1260 2049 solet
1286 2016 1401 2059 stylus,
1428 2015 1514 2057 quod
1541 2014 1597 2053 rei,
1620 2024 1718 2057 super
1743 2013 1849 2057 aliqua
1876 2024 1910 2046 re

1178 2068 1327 2101 conventi
1350 2068 1397 2099 vel
1413 2067 1451 2100 de
1474 2067 1583 2109 aliquo
1605 2066 1739 2099 crimine
1758 2066 1912 2106 accusati,

1178 2121 1324 2164 negative
1350 2121 1397 2153 vel
1423 2119 1611 2152 affirmative
1638 2119 1778 2151 debeant
1797 2118 1912 2152 libello

1178 2179 1290 2207 contra
1313 2174 1399 2217 ipsos
1413 2172 1583 2216 proposito
1601 2171 1812 2214 respondere,
1832 2170 1911 2203 alias

1178 2228 1301 2260 iudices
1317 2231 1479 2269 nequeant
1492 2224 1530 2257 ad
1548 2224 1706 2257 ulteriora
1718 2223 1822 2256 valide
1842 2233 1912 2266 pro-

1177 2281 1305 2314 cedere.
1315 2279 1391 2312 Cum
1404 2283 1523 2317 autem,
1533 2277 1614 2309 sicut
1627 2276 1738 2309 eadem
1752 2275 1910 2318 expositio

1177 2332 1402 2375 subiungebat,
1427 2342 1464 2364 ex
1491 2330 1574 2374 stylo
1600 2328 1788 2362 huiusmodi
1813 2337 1911 2370 saepe

1214 2430 1224 2455 1
1243 2427 1438 2455 Constitutione
1457 2426 1528 2453 edita
1547 2431 1717 2458 mnchxxvn,
1733 2424 1776 2451 die
1791 2425 1823 2450 12
1838 2423 1912 2458 maii,

1179 2473 1273 2508 pontif.
1295 2479 1324 2506 ιι,
1336 2472 1470 2499 tolluntur
1488 2469 1645 2497 franchitiae
1665 2476 1712 2504 pro
1732 2468 1786 2496 reis
1799 2468 1826 2494 in
1846 2467 1913 2494 urhe

1181 2518 1278 2549 Roma;
1300 2521 1327 2544 et
1345 2516 1379 2543 ab
1399 2514 1556 2542 Innocentio
1575 2513 1619 2540 Xll
1639 2512 1741 2540 eisdem
1767 2513 1914 2547 denegatur

1180 2560 1314 2595 remissio,
1327 2558 1519 2588 constitutione
1531 2557 1574 2586 ed.
1587 2562 1705 2590 iincxcn,
1725 2555 1768 2583 die
1789 2555 1821 2583 12
1841 2555 1914 2588 maii,

402 2601 435 2639 in
453 2609 510 2634 suo
535 2599 652 2633 robore
678 2598 909 2643 permansuris,
928 2599 966 2631 ad
985 2597 1138 2643 praemis·
1182 2608 1255 2642 pont.
1277 2611 1295 2631 1.
