2111 3157
113 217 162 245 Aa.
177 215 206 244 C.
228 215 296 244 ¹684

141 1486 245 1509 Statuitur
267 1487 290 1507 ut

107 1513 126 1535 lu:
143 1514 236 1535 rubrica.

897 213 1110 240 INNOCENTIUS
1131 214 1163 238 Χῖ
1187 213 1236 239 Pr.

305 264 392 307 quod
418 264 457 297 ad
482 265 597 297 fratres
628 264 725 297 laicos
762 263 940 308 respective
964 273 1037 307 spe-

305 322 386 357 ctat;
414 317 626 351 existimatum
650 317 708 350 fuit
731 316 925 350 conveniens
949 326 1036 355 esse,

304 375 351 410 ut,
371 370 630 414 quandoquidem
655 370 868 413 Congregatio
892 369 1036 413 praefata

304 427 379 456 tunc
404 423 558 467 temporis
593 423 853 456 nosocomiorum
885 421 1035 462 servitio,

302 485 363 518 per
386 477 569 509 sacerdotes
593 475 724 519 quidem
755 475 861 518 quoad
885 485 1036 517 procura-

303 526 423 561 tionem
440 528 552 561 salutis
566 528 756 568 animarum,
773 537 832 571 per
848 528 962 560 fratres
980 527 1037 560 lai-

303 589 356 613 cos
380 590 455 614 vero
473 580 579 624 quoad
596 591 703 613 curam
724 581 925 623 corporalem
949 579 1036 611 infir-

302 643 436 674 morum,
456 643 588 676 operam
606 633 711 673 dabat,
725 632 800 665 dicti
820 633 932 665 fratres
950 632 1034 672 laici,

302 685 357 729 qui
383 695 461 718 onus
485 685 727 720 misericordiae
757 685 936 728 corporalis
963 695 1033 717 cum

301 738 484 771 assistentia
518 743 550 771 et
585 738 737 771 continua
772 738 971 772 habitatione
1002 738 1033 771 in

300 789 495 823 nosocomiis
531 791 719 825 huiusmodi
755 791 976 830 sustinebant,
1001 791 1033 824 in

300 847 425 885 partem
447 843 611 886 regiminis
632 849 887 877 assumerentur.
906 844 1032 884 Verum,

300 894 376 937 quia
401 900 478 928 tunc
501 895 755 939 praevidebatur
778 895 849 929 sieri
874 906 966 939 posse
999 902 1034 928 ut

299 946 397 980 Sedes
412 947 598 991 Apostolica
610 948 823 982 ministerium
837 949 1032 982 inserviendi

299 1009 372 1032 cum
395 1000 549 1033 continua
576 1001 777 1035 habitatione
802 1001 834 1034 in
859 1001 952 1034 dictis
977 1011 1034 1035 no-

300 1053 451 1087 socomiis
478 1055 616 1095 tolleret,
635 1061 688 1088 aut
704 1055 785 1089 illud
803 1065 862 1098 per
878 1061 1031 1099 patronos

301 1112 333 1140 et
356 1106 632 1141 administratores
666 1108 853 1142 eorumdem
879 1108 1032 1151 prohibe-

298 1165 403 1200 retur,
428 1159 500 1193 ideo
525 1160 708 1193 ordinatum
732 1166 828 1203 atque
853 1160 1032 1193 institutum

299 1212 359 1245 suit
384 1217 419 1244 ut
442 1212 475 1244 in
501 1212 550 1245 his
575 1213 701 1245 casibus
727 1212 970 1246 continuaretur
986 1212 1032 1245 in-

299 1265 444 1298 stitutum
470 1265 667 1299 inserviendi
698 1265 833 1299 infirmis
858 1276 930 1299 cum
956 1266 1033 1298 assi-

299 1319 419 1352 stentia
453 1319 568 1351 diurna
592 1324 624 1352 et
647 1321 803 1353 nocturna
828 1319 861 1351 in
886 1319 1032 1352 domibus

298 1371 508 1415 privatorum,
525 1382 560 1405 ac
578 1372 774 1413 carceribus,
791 1378 822 1406 et
839 1372 1031 1415 ubicumque

300 1433 382 1466 opus
406 1424 500 1457 soret.

343 1478 358 1520 ἓ
390 1476 420 1510 2.
453 1476 531 1511 Cum
563 1483 691 1518 autem,
717 1478 800 1511 sicut
834 1478 945 1512 eadem
980 1488 1033 1510 ex-

299 1530 420 1574 positio
446 1531 672 1574 subiungebat,
694 1531 944 1565 constitutiones
968 1531 1033 1574 qui-

301 1584 374 1617 dem
398 1584 581 1627 praedictae
614 1584 771 1618 hactenus
797 1590 943 1618 servatae
968 1585 1034 1617 sue-

300 1636 383 1677 rint;
410 1636 575 1670 servitium
592 1647 668 1670 vero
687 1642 717 1670 et
736 1637 910 1670 residentia
926 1637 958 1670 in
976 1647 1034 1670 no-

299 1689 452 1723 socomiis
477 1689 661 1722 huiusmodi
687 1689 818 1723 omnino
844 1690 1031 1729 cessaverit,

300 1741 1033 1786 nec,praeterIanuense,ullumnosocomium

302 1795 341 1828 ad
366 1804 473 1828 curam
503 1795 731 1838 religiosorum
764 1796 865 1829 dictae
898 1795 1035 1838 Congre-

302 1847 439 1890 gationis
462 1848 668 1887 remanserit,
700 1859 735 1881 ac
759 1849 895 1892 proinde
920 1849 1033 1881 fratres

302 1900 388 1940 laici,
410 1900 526 1943 quibus
551 1911 632 1933 onus
657 1901 899 1935 misericordiae
923 1912 1036 1945 corpo-

302 1952 378 1986 ralis
399 1952 616 1993 incumbebat,
635 1954 759 1986 nullum
779 1959 946 1996 praestent
970 1964 1036 1987 ser-

305 2004 428 2046 vitium,
456 2006 518 2038 nisi
542 2005 789 2039 associationem
810 2007 1011 2039 sacerdotum
1026 2033 1033 2046 ,

305 2057 442 2100 quibus,
469 2058 648 2091 secundum
684 2058 865 2091 institutum
890 2059 1036 2102 supradi-

307 2115 402 2149 ctum,
416 2109 591 2153 praecipua
604 2120 679 2143 eura
693 2110 865 2143 assistendi
875 2111 1038 2144 moribun-

308 2163 355 2195 dis
381 2172 556 2205 eorumque
588 2162 767 2196 animarum
797 2164 930 2197 salutem
963 2174 1038 2207 pro-

309 2214 440 2248 curandi
460 2214 636 2255 incumbit;
658 2226 795 2258 cumque
811 2216 906 2249 iidem
924 2217 1037 2250 fratres

309 2267 380 2301 laici
401 2267 440 2300 ad
465 2267 656 2309 gubernium
677 2269 837 2310 praefatae
861 2269 1040 2312 Congrega·

311 2320 407 2353 tionis
432 2319 496 2353 sint
519 2319 647 2353 omnino
673 2320 816 2361 inutiles,
838 2321 958 2365 quippe
987 2323 1040 2366 qui

311 2373 407 2406 rudes
432 2377 463 2405 et
487 2372 667 2406 litterarum
691 2372 831 2416 imperiti
857 2375 962 2407 aliena
982 2376 1040 2407 sus-

312 2424 413 2468 sragia
444 2425 721 2459 etauctoritatem
756 2437 852 2460 caeco
883 2427 1041 2471 obsequio

314 2478 536 2521 utplurimum
553 2484 742 2522 sequantur:
761 2479 854 2512 nobis
871 2487 1042 2523 propterea

1078 261 1265 306 praemissis
1282 266 1464 306 opportune
1478 261 1648 304 providere
1667 267 1698 294 et
1714 268 1749 293 ut
1769 262 1813 296 in-

1079 315 1125 349 fra
1149 315 1317 358 indulgere
1342 315 1381 349 de
1405 314 1606 358 benignitate
1631 315 1812 358 apostolica

1079 368 1298 411 dignaremur.
1316 368 1379 402 Nos
1395 368 1501 411 igitur,
1519 379 1556 401 ex
1574 367 1734 401 commissi
1754 379 1811 402 no-

1078 420 1127 454 bis
1145 421 1297 455 divinitus
1321 421 1605 465 pastoralisJofficii
1630 421 1753 461 debito,
1771 422 1811 454 ad

1078 484 1132 514 ea,
1154 485 1235 517 quae
1260 480 1348 508 recto
1374 475 1520 508 eiusdem
1544 474 1810 517 Congregationis

1079 526 1236 568 gubernio
1253 527 1468 560 conducibilia
1491 533 1568 560 sunt
1594 527 1811 561 favorabiliter

1077 579 1360 620 intendendentes,
1374 580 1559 624 dictumque
1577 581 1728 615 Ioannem
1753 581 1811 614 Ba-

1078 631 1206 674 ptistam
1223 632 1372 675 specialis
1390 633 1495 666 favore
1517 634 1640 676 gratiae
1658 635 1811 677 prosequi

1078 684 1234 724 volentes,
1263 690 1295 717 et
1318 696 1335 718 a
1360 685 1522 728 quibusvis
1555 687 1812 720 excommunica-

1079 737 1193 777 tionis,
1218 739 1440 782 suspensionis
1465 745 1495 772 et
1519 740 1702 780 interdicti,
1727 741 1812 774 aliis-

1077 800 1140 833 que
1159 791 1388 824 ecclesiasticis
1413 793 1594 830 sententiis,
1616 794 1759 826 censuris
1780 800 1812 826 et

1077 842 1214 886 poenis,
1241 854 1257 876 a
1282 844 1351 877 iure
1377 845 1424 877 vel
1450 845 1488 878 ab
1521 846 1652 878 homine
1669 873 1676 886 ,
1703 848 1811 889 quavis

1077 896 1248 929 occasione
1273 897 1321 929 vel
1343 899 1437 929 causa
1454 897 1536 937 latis,
1556 898 1581 930 si
1600 899 1714 941 quibus
1732 910 1811 942 quo-

1076 948 1254 982 modolibet
1277 949 1449 983 innodatus
1474 950 1589 991 existit,
1606 951 1644 986 ad
1663 951 1811 985 effectum

1076 1002 1294 1044 praesentium
1326 1003 1488 1036 dumtaxat
1523 1004 1809 1046 consequendum,

1077 1054 1192 1087 harum
1225 1055 1309 1088 serie
1343 1056 1547 1089 absolventes
1573 1062 1604 1089 et
1628 1056 1811 1089 absolutum

1077 1107 1143 1140 sore
1167 1114 1344 1147 censentes,
1364 1108 1548 1142 huiusmodi
1569 1109 1812 1152 supplicationi-

1076 1160 1134 1193 bus
1160 1160 1311 1200 inclinati‚
1331 1166 1366 1193 ut
1390 1161 1429 1194 de
1454 1167 1560 1194 cetero
1586 1163 1693 1195 nullus
1714 1163 1811 1195 frater

1076 1213 1178 1246 laicus
1204 1214 1307 1246 dictae
1332 1214 1599 1257 Congregationis
1627 1216 1658 1248 in
1685 1218 1812 1249 cousul-

1077 1270 1179 1298 torem
1197 1266 1295 1309 ipsius
1313 1266 1578 1309 Congregationis
1600 1268 1737 1310 eligatur
1754 1279 1811 1301 seu

1076 1324 1264 1359 assumatur,
1285 1319 1339 1351 sed
1362 1325 1498 1361 quatuor
1515 1322 1718 1354 consultores
1731 1322 1811 1354 Conn

1075 1371 1269 1413 gregationis
1302 1372 1487 1405 huiusmodi
1522 1384 1632 1406 omnes
1658 1385 1694 1406 cx
1719 1385 1811 1417 pres-

1076 1423 1194 1466 byteris
1219 1434 1369 1466 expresse
1394 1425 1545 1467 professis
1569 1425 1713 1458 eiusdem
1734 1426 1812 1459 Con-

1075 1476 1271 1519 gregationis
1296 1477 1370 1519 eligi
1407 1488 1466 1510 seu
1502 1478 1618 1510 assumi
1644 1478 1807 1519 debeant,

1076 1529 1268 1562 auctoritate
1293 1529 1483 1573 apostoliea,
1512 1536 1623 1564 tenore
1650 1542 1806 1574 praesen-

1077 1582 1155 1614 tium
1180 1582 1348 1615 statuimus
1377 1588 1408 1616 et
1432 1583 1630 1618 ordinamus.

1119 1636 1134 1678 ἓ
1159 1635 1188 1669 3.
1213 1636 1433 1669 Decernentes
1460 1637 1589 1670 easdem
1621 1644 1808 1681 praesentes

1076 1689 1199 1722 litteras
1224 1699 1351 1732 semper
1370 1688 1488 1730 sirmas,
1506 1690 1626 1723 validas
1652 1696 1684 1724 et
1707 1692 1810 1725 effica-

1077 1753 1129 1775 ces
1154 1742 1292 1775 existere
1317 1747 1348 1775 et
1372 1742 1453 1783 sore,
1481 1753 1618 1787 suosque
1642 1745 1809 1788 plenarios

1077 1800 1108 1828 et
1124 1794 1268 1837 integros
1294 1794 1426 1828 effectus
1449 1796 1557 1829 sortiri
1590 1802 1623 1830 et
1652 1797 1808 1840 obtinere,

1077 1859 1114 1881 ac
1138 1848 1176 1881 ab
1200 1848 1276 1888 iltis,
1293 1848 1333 1881 ad
1355 1859 1437 1892 quos
1463 1855 1586 1892 spectat
1605 1855 1636 1883 et
1656 1862 1715 1894 pro
1734 1856 1810 1884 tem-

1079 1911 1154 1944 pore
1179 1901 1449 1945 quandocumque
1474 1903 1649 1945 spectabit,
1678 1903 1812 1937 inviola-

1079 1954 1186 1987 biliter
1210 1954 1398 1995 observari,
1425 1955 1536 1998 sicque
1566 1956 1597 1988 in
1621 1957 1809 1999 praemissis

1078 2016 1137 2049 per
1160 2016 1379 2049 quoscumque
1414 2007 1537 2040 iudices
1572 2008 1752 2042 ordinarios
1778 2015 1811 2042 et

1079 2060 1262 2102 delegatos,
1289 2058 1384 2091 etiam
1410 2069 1576 2093 causarum
1603 2061 1713 2103 palatii
1738 2072 1813 2105 apo-

1079 2111 1185 2145 stolici
1210 2111 1384 2152 auditores,
1410 2111 1545 2145 iudicari
1563 2120 1594 2147 et
1614 2112 1741 2146 definiri
1762 2114 1812 2147 de-

1080 2165 1169 2205 bere,
1195 2175 1231 2197 ae
1254 2164 1381 2197 irritum
1398 2170 1430 2198 et
1447 2165 1542 2199 inane
1560 2166 1584 2199 si
1604 2177 1697 2199 secus
1715 2177 1813 2210 super

1082 2218 1132 2251 his
1150 2229 1167 2251 a
1185 2227 1358 2261 quoquam,
1372 2218 1482 2261 quavis
1497 2219 1697 2259 auctoritate,
1711 2220 1813 2252 scien-

1081 2277 1130 2305 ter
1149 2271 1197 2304 vel
1219 2270 1417 2313 ignoranter,
1436 2272 1606 2315 contigerit
1625 2273 1789 2306 attentarL

1126 2324 1140 2367 ἓ
1164 2323 1193 2356 4.
1229 2323 1298 2355 Non
1329 2324 1530 2357 obstantibus
1556 2325 1756 2368 praemissis,
1777 2336 1814 2359 ac

1083 2376 1371 2410 constitutionibus
1395 2382 1427 2409 et
1451 2377 1708 2412 ordinationibus
1739 2390 1815 2422 apo-

1084 2430 1222 2469 stolicis,
1253 2440 1380 2463 necnon
1405 2429 1510 2463 dictae
1534 2431 1815 2475 Congregationis‚

1085 2483 1179 2516 etiam
1204 2482 1399 2522 iuramento,
1421 2483 1664 2517 confirmatione
1689 2491 1817 2528 aposto-

316 2530 418 2563 dictus
435 2530 569 2564 Ioannes
587 2532 726 2574 Baptista
743 2533 925 2575 praefectus
946 2544 1043 2576 gene·
1086 2536 1157 2575 lica,
1177 2536 1226 2568 vel
1253 2535 1363 2577 quavis
1389 2535 1536 2569 firmitate
1561 2537 1622 2570 alia
1647 2538 1814 2579 roboratis,

315 2583 391 2619 ralis
427 2584 592 2619 humiliter
625 2585 800 2629 supplicari
834 2587 927 2629 fecit,
952 2594 986 2621 ut
1012 2588 1041 2620 iu
1085 2587 1212 2621 statutis
1247 2592 1278 2621 et
1303 2589 1614 2632 consuetudinibus,
1639 2590 1816 2635 privilegiis

1711 204 1775 238 595
1821 214 1870 239 an.
1886 214 1913 240 c.
1938 213 2002 240 test

1847 1648 1965 1671 Cluniae.

1851 2332 2007 2355 Contrariorum

1825 2360 1942 2386 derogatio,
