2111 3157
26 181 75 212 An.
97 168 124 209 c.
145 182 209 209 msa

210 230 242 264 in
269 231 493 271 instrumento,
520 230 545 263 si
570 230 688 271 volunt,
711 231 795 274 quod
821 234 947 264 senten-

211 285 255 316 tia
279 284 439 317 deserviat
471 284 510 316 ad
535 283 773 326 probationem,
798 282 855 316 sed
880 293 945 315 non

212 336 250 369 ad
276 336 503 370 executionem
519 363 526 376 ‚
551 346 633 379 quae
658 335 728 369 fieri
754 345 818 368 non
843 335 946 379 possit

210 389 273 422 nisi
307 390 422 432 vigore
457 389 600 422 mandati
636 389 675 422 ad
711 393 819 432 partes
849 397 945 431 expe-

211 441 332 483 diendi,
359 442 436 475 alias
463 442 611 475 executio
637 442 677 475 sit
701 443 801 474 nulla.

253 494 288 527 In
324 495 469 527 examine
502 494 629 528 testium
660 505 731 527 cum
767 493 946 536 interroga-

210 547 309 587 tot-iis,
334 550 397 581 tam
422 547 454 580 in
479 548 700 581 criminalibus
721 557 816 591 quam
842 546 875 579 in
901 547 944 580 ci-

209 600 334 639 vilibus,
352 600 384 633 in
402 611 608 644 quocumque
625 600 779 633 tribunali
797 605 828 633 et
845 599 941 639 curia,

210 652 375 696 quaelibet
409 653 511 686 sessio
551 653 667 685 durare
697 652 812 685 debeat
837 652 941 696 spatio

209 705 345 738 duarum
371 705 535 745 horarum,
560 715 635 737 vere
656 707 687 738 et
711 704 855 737 effective
870 714 942 738 con-

207 757 362 790 tinuando
398 757 604 797 exercitium,
640 767 701 790 nec
731 757 852 800 aliquid
876 768 941 789 am-

208 809 304 853 plius,
321 820 382 842 nec
398 811 481 842 ultra
503 809 600 842 iulios
619 810 761 853 quinque
782 820 841 853 pro
866 820 941 852 qua-

207 862 286 895 libet
309 863 455 895 sessione
481 862 656 906 accipiatur
680 863 719 895 ab
751 863 938 906 interprete,

207 914 267 946 sub
291 919 458 958 praetextu
493 915 579 958 quod
605 925 740 948 examen
769 914 822 948 fiat
852 921 940 948 extra

207 967 346 1000 officium
371 967 502 1000 notarii.

39 1027 197 1053 uentoqumio-
251 1021 329 1053 Item
353 1021 479 1064 pariter
503 1022 689 1054 mandatum
716 1025 747 1054 et
775 1021 939 1054 decretum

13 1059 42 1075 no
56 1056 127 1075 contra
139 1057 197 1074 nota·

17 1081 66 1104 ¹⁵⁰⁵·
83 1086 196 1107 eoumque
208 1078 266 1114 est,
283 1074 378 1116 quod,
395 1074 421 1106 si
439 1074 610 1117 eontigerit
626 1075 771 1117 expediri
793 1075 940 1107 mandata

16 1107 125 1128 mmm
207 1127 372 1160 executiva
396 1132 508 1160 contra
534 1128 695 1167 notarios,
732 1128 786 1160 illa
823 1128 936 1170 exequi

206 1190 270 1213 non
286 1180 392 1223 possit
408 1191 507 1223 super
523 1181 709 1223 protocollis
728 1185 759 1213 et
775 1180 844 1214 aliis
861 1181 938 1213 scri-

205 1232 388 1275 pturis,sub
401 1233 515 1276 poenis
532 1233 678 1276 partibus
695 1233 850 1266 nullitatis
870 1244 940 1266 exe-

206 1284 367 1326 cutionis,
405 1290 437 1318 et
473 1286 724 1328 exequutoribus
749 1286 938 1329 privationis

206 1337 315 1378 officii,
343 1343 374 1370 et
399 1338 469 1372 aliis
493 1339 627 1372 arbitrio
653 1339 782 1372 iudicis.

14 1395 196 1444 fflmsssstsstiimssssff
248 1391 286 1424 Et
320 1391 472 1435 quoniam
506 1402 622 1434 magna
658 1396 705 1424 est
730 1392 824 1433 fides,
856 1402 937 1436 quae

14 1448 121 1470 “riorum-
204 1443 339 1477 notariis
363 1448 560 1487 praestatur,
577 1444 716 1487 ideoque
734 1445 837 1477 omnis
857 1446 938 1478 ratio

204 1497 346 1540 postulat
370 1502 404 1528 ut
428 1496 473 1529 illi
499 1497 564 1529 sint
594 1497 650 1529 viri
682 1497 853 1530 sufficienti
884 1509 940 1541 pe-

204 1549 286 1589 ritia,
311 1559 436 1582 morum
461 1549 632 1592 probitate,
660 1560 695 1582 ac
720 1550 868 1583 honestis
885 1561 940 1583 na-

205 1600 320 1634 talibus
345 1601 499 1644 praediti3
534 1601 609 1633 hinc
635 1602 797 1644 provisum
825 1612 860 1635 ac
886 1603 940 1634 de-

205 1657 330 1686 cretum
356 1658 403 1686 est
427 1654 466 1695 <si
492 1653 698 1686 Sanctissimo
718 1654 890 1697 placuerit)
908 1660 940 1686 ut

204 1716 316 1739 omnes
342 1706 499 1739 habentes
524 1706 694 1749 privilegia
717 1712 749 1739 et
774 1707 938 1740 facultates

204 1759 335 1792 creandi
350 1759 501 1799 notarios,
513 1759 743 1802 cuiuscumque
756 1760 818 1793 sint
831 1765 938 1800 status,

204 1811 399 1844 conditionis
439 1817 471 1844 et
496 1811 677 1854 dignitatis,
716 1812 860 1854 quamvis
893 1823 940 1845 ex-

204 1863 313 1906 pressa
338 1868 370 1895 et
405 1863 539 1906 speciali
565 1865 640 1896 uota
666 1864 771 1905 digni,
809 1870 840 1896 et
873 1864 938 1897 sive

203 1916 267 1949 sint
290 1927 451 1959 personae
487 1917 679 1959 singulares,
710 1918 775 1950 sive
802 1918 939 1959 collegia

204 1974 235 2001 et
273 1969 518 2009 universitates,
560 1969 657 2002 firmis
696 1971 938 2004 remanentibus

203 2031 314 2054 eorum
350 2021 525 2065 privilegiis
566 2027 598 2055 et
634 2022 860 2063 facultatibus,
899 2034 937 2056 eo

202 2074 298 2107 modo
331 2084 395 2117 quo
425 2080 615 2117 competunt
650 2080 744 2119 atque
781 2076 938 2109 hactenus

202 2129 386 2170 competere
404 2130 649 2167 consueverunt,
676 2138 739 2161 non
760 2128 885 2171 possint
905 2129 936 2161 in

202 2177 287 2212 Urbe
314 2182 344 2212 et
369 2179 516 2212 districtu
543 2179 626 2215 dicta
651 2180 819 2223 privilegia
847 2186 879 2214 et
899 2182 940 2214 sa·

202 2231 335 2264 cultates
360 2241 520 2271 exercere,
543 2236 639 2274 atque
658 2232 799 2265 notarios
816 2243 937 2273 creare,

202 2283 262 2316 nisi
287 2283 403 2326 prius,
441 2284 549 2326 modo*
570 2294 632 2327 quo
661 2284 743 2316 infra
760 2311 767 2324 ,
795 2285 936 2327 legItime

201 2336 247 2368 eis
286 2336 485 2376 constiterit,
513 2337 601 2379 quod
637 2337 695 2377 illi,
721 2337 775 2380 qui
806 2339 936 2371 creandi

202 2394 276 2421 sunt
299 2389 412 2422 notarii
427 2415 434 2429 ‚
467 2389 620 2431 legitimis
647 2390 857 2433 honestisque
881 2401 937 2423 na-

201 2441 320 2474 talibus
344 2441 504 2484 bonisque
530 2442 674 2475 moribus
696 2442 831 2485 praediti
852 2443 934 2483 sint,

201 2495 317 2527 adeout
347 2505 411 2527 non
447 2494 513 2527 sint
543 2494 706 2538 inquisiti,
731 2505 839 2538 neque
864 2507 936 2529 con-

200 2549 350 2590 tumaces,
384 2558 420 2581 ac
444 2548 541 2580 etiam
566 2548 599 2580 in
624 2551 727 2581 aetate
748 2549 859 2581 saltem
886 2560 936 2582 an*

297 2609 375 2636 Bau.
398 2609 480 2637 Rom.
502 2624 535 2629 —
560 2609 618 2638 Vol.
639 2610 712 2637 ΧΙΧ.
857 2611 906 2637 118

793 181 1003 207 txxocas‘rws
1025 183 1053 205 xi
1081 169 1127 206 vn.

1613 174 1675 207 tm

989 240 1104 263 norum
1138 230 1249 273 viginti
1276 231 1418 275 quinque
1444 232 1629 271 constituti,
1656 242 1716 265 nec

988 293 1053 315 non
1079 285 1166 327 quod
1191 285 1301 317 saltem
1326 295 1386 328 per
1410 295 1464 318 sex
1490 295 1615 318 menses
1640 295 1716 317 con-

988 336 1094 369 tinuos
1120 342 1151 369 et
1176 347 1238 370 non
1259 337 1455 381 interruptos
1472 338 1505 370 in
1522 337 1606 370 Urbe
1631 338 1716 381 apud

987 388 1127 432 aliquem
1158 401 1194 423 ex
1227 391 1358 424 notariis
1389 391 1527 434 publicis
1563 392 1716 424 auditoris

987 441 1152 483 Gamerae,
1179 445 1227 477 vel
1252 444 1369 483 Rotae,
1394 445 1443 476 vel
1468 444 1617 478 Gamerae
1635 446 1718 488 Apo-

987 495 1136 536 stolicae,
1162 507 1218 529 seu
1244 496 1364 537 vicarii,
1390 502 1446 529 aut
1465 497 1624 540 Capitolii,
1641 509 1716 532 vere

987 547 1105 581 suerint
1127 549 1242 582 versati
1267 560 1327 592 pro
1352 549 1549 582 addiscenda
1574 550 1664 593 praxi
1686 556 1717 584 et

986 601 1097 642 peritia
1114 601 1307 635 conficiendi
1322 602 1545 642 instrumenta,
1565 602 1716 646 dictoque

987 654 1124 687 termino
1160 665 1212 686 sex
1249 655 1408 687 mensium
1434 656 1605 698 completo,
1644 666 1716 688 cum

984 716 1057 739 vero
1093 712 1123 739 et
1157 706 1300 740 effectivo
1331 717 1367 739 ac
1400 707 1546 749 rigoroso
1571 707 1716 740 examine

984 760 1124 791 tenendo
1160 770 1269 792 coram
1294 760 1416 793 decano
1442 761 1489 793 vel
1522 760 1584 793 alio
1621 761 1717 804 depu-

985 815 1046 844 tato
1071 811 1155 844 illius
1179 812 1319 854 cbllegii,
1347 811 1399 854 qui
1424 811 1584 844 notarium
1605 823 1716 846 creare

983 863 1087 903 debet,
1114 868 1167 895 aut
1189 874 1296 896 coram
1317 864 1462 896 auditore
1480 863 1641 904 Gamerae,
1659 874 1717 897 seu

982 916 1171 956 camerario,
1185 927 1255 948 cum
1281 916 1462 949 interventu
1488 916 1622 949 duorum
1647 927 1718 959 pro·

983 975 1168 1003 curatorum
1194 970 1232 1002 de
1258 969 1409 1012 collegio,
1438 981 1474 1003 ac
1499 970 1636 1003 duorum
1662 981 1718 1013 pu-

983 1022 1138 1055 blicorum
1152 1022 1350 1055 notariorum
1364 1021 1458 1054 Urbis
1472 1022 1657 1055 habentium
1675 1022 1718 1055 of-

983 1075 1088 1107 ficium
1113 1074 1288 1118 proprium,
1308 1075 1481 1107 dummodo
1507 1085 1571 1107 non
1589 1075 1653 1107 sint
1669 1075 1716 1109 illi

983 1127 1111 1168 notarii,
1136 1128 1220 1171 apud
1246 1138 1326 1170 quos
1345 1127 1405 1170 ipsi
1424 1128 1627 1161 examinandi
1649 1139 1718 1161 ver-

983 1181 1041 1213 sati
1078 1186 1166 1220 sunt,
1200 1180 1369 1224 approbati
1406 1181 1525 1214 suerint
1556 1186 1717 1224 tamquam

982 1233 1103 1273 idonei,
1123 1233 1269 1276 dictaque
1290 1233 1483 1276 approbatio
1501 1234 1618 1266 debeat
1642 1235 1718 1266 sub-

982 1286 1079 1318 scribi
1105 1285 1143 1317 ab
1169 1286 1215 1325 iis,
1235 1285 1298 1328 qui,
1316 1290 1351 1317 ut
1375 1296 1480 1328 supra,
1500 1286 1718 1318 interveniunt

983 1338 1015 1370 in
1040 1337 1197 1377 examine,
1222 1342 1318 1380 atque
1343 1337 1421 1370 alias
1445 1341 1532 1370 actus
1558 1338 1718 1370 habeatur

983 1400 1042 1433 pro
1067 1390 1205 1423 invalido
1231 1389 1365 1432 perinde
1390 1400 1425 1422 ac
1449 1390 1474 1422 si
1508 1396 1615 1432 gestus
1651 1401 1717 1423 non

984 1448 1077 1482 esset,
1104 1443 1225 1485 illeque
1266 1442 1344 1474 ali‘as
1384 1447 1508 1474 creatus
1534 1443 1716 1476 nullatenus

984 1506 1042 1539 pro
1067 1495 1194 1528 notario
1231 1495 1412 1535 habeatur,
1448 1500 1543 1538 atque
1582 1500 1645 1528 tam
1670 1495 1716 1528 illi

985 1549 1038 1591 qui
1063 1548 1208 1581 notarios
1246 1547 1326 1580 citra
1352 1547 1443 1579 istam
1469 1548 1603 1580 sormam
1628 1558 1717 1581 crea-

983 1600 1094 1639 verim,
1122 1610 1215 1642 quam
1241 1599 1299 1642 ipsi
1327 1599 1437 1639 creati,
1462 1610 1583 1642 poenas
1608 1600 1716 1632 incur-

984 1658 1063 1693 rant,
1081 1652 1215 1685 arbitrio
1235 1652 1444 1691 Sanctissimi,
1460 1652 1556 1685 etiam
1574 1653 1718 1686 amissio-

985 1706 1032 1738 nis
1056 1705 1228 1748 privilegii.

1722 183 1769 209 An.
1793 182 1820 210 C.
1840 182 1905 210 ¹689

983 1769 1021 1798 De
1041 1768 1196 1798 cursoribus
1217 1772 1241 1796 et
1265 1768 1453 1801 mandatariis,
1478 1768 1593 1807 aliisque
1622 1779 1718 1798 execu-

1022 1817 1135 1852 toribus,
1151 1816 1221 1844 etde
1243 1816 1424 1849 citationibus,
1448 1817 1672 1854 exequutionibus
1693 1822 1717 1847 et

1021 1864 1266 1894 subhastationibus
1280 1865 1299 1892 ¹.

1025 1918 1140 1951 Exorta
1158 1916 1337 1950 differentia
1360 1917 1446 1950 inter
1471 1929 1618 1953 cursores
1643 1920 1718 1953 San-
1754 1925 1785 1947 no
1804 1927 1910 1947 enauimu-

1709 1952 1765 1978 ‚bus
1787 1955 1808 1973 et
1829 1955 1911 1973 iutima-

982 1970 1114 2003 ctissimi
1140 1981 1174 2002 ex
1202 1972 1263 2002 una
1294 1975 1326 2002 et
1350 1970 1569 2004 mandatarios
1594 1972 1715 2006 domim
1728 1979 1818 1999 ¹i·›n=bus
1841 1983 1911 2000 extra-

982 2023 1153 2056 cardinalis
1188 2022 1296 2054 vicarii
1335 2022 1544 2066 omniumque
1580 2025 1717 2058 aliorum
1728 2005 1871 2027 md¹⁰¹³¹¹bu⁵'

984 2075 1192 2108 tribunalium
1220 2079 1251 2107 et
1274 2075 1434 2106 curiarum
1452 2075 1545 2108 Urbis
1563 2086 1598 2109 ex
1618 2079 1718 2111 altera

982 2128 1128 2171 partibus
1149 2137 1246 2171 super
1271 2127 1477 2160 citationibus
1496 2133 1527 2161 et
1544 2128 1719 2164 intimatio-

982 2181 1086 2220 nibus,
1104 2180 1297 2224 praesertim
1316 2180 1611 2215 extraiudicialibus
1635 2193 1717 2226 quae

981 2234 1089 2266 solent
1113 2232 1182 2265 fieri
1213 2243 1274 2276 pro
1299 2233 1579 2275 propositionibus
1604 2245 1718 2269 causa-

981 2296 1062 2324 rum,
1080 2284 1214 2327 aliisque
1233 2284 1355 2316 actibus
1373 2284 1405 2317 in
1423 2285 1638 2319 tribunalibus
1659 2287 1719 2321 Ro-

981 2344 1039 2378 tae,
1065 2337 1216 2371 Gamerae
1243 2337 1464 2380 Apostolicae,
1490 2343 1521 2371 et
1545 2339 1716 2383 utriusque

1014 2426 1025 2452 1
1055 2424 1120 2451 Vide
1140 2424 1174 2451 de
1201 2424 1357 2451 cursoribus
1376 2428 1403 2451 et
1417 2425 1590 2453 mandatariis
1617 2426 1658 2453 Pii
1682 2428 1717 2454 lV

978 2468 1086 2495 constit.
1103 2467 1146 2494 ed.
1162 2474 1266 2499 untxu,
1279 2468 1321 2494 die
1337 2468 1366 2494 31
1385 2468 1470 2502 iunii,
1487 2469 1582 2504 pontif.
1599 2477 1637 2503 111,
1653 2471 1666 2505 §
1681 2471 1714 2497 78

978 2517 1088 2548 etseq.;
1105 2512 1168 2538 item
1194 2512 1269 2538 Pauli
1294 2513 1316 2537 V
1341 2513 1447 2540 constit.
1474 2513 1517 2540 ed.
1543 2521 1646 2547 uncxit,
1671 2516 1713 2543 die

981 2558 990 2584 1
1009 2556 1108 2589 martii,
1129 2555 1226 2592 pontis.
1244 2563 1292 2591 vu,
1308 2555 1321 2593 ἓ
1336 2557 1379 2585 21,
