2111 3157
139 262 186 282 ai..
209 254 236 279 c.
263 253 328 280 if88
374 244 437 278 83ss

156 552 224 573 Cfflvr
240 551 293 572 XVI,

175 581 202 599 Ιὶν
219 579 317 604 opt-tibus

134 606 286 628 eonimumbus.
324 605 327 610 '

330 308 433 333 curent
449 302 478 333 in
501 301 561 332 suis
577 300 712 341 praefatis
729 298 862 329 domibus
878 298 957 329 iuxta
972 297 1067 336 dispo-

330 352 464 381 sitionem
490 356 514 381 ct
539 352 659 380 sormam
676 359 691 379 a
706 348 865 379 reverendo
891 352 971 387 patre
987 355 1068 386 prae-

330 400 532 435 scribondmn,
557 398 656 428 habitat
690 398 803 427 ratione
835 396 1066 426 moderationum

329 448 458 477 eiusdem
488 446 663 476 sanctissimi
691 445 802 475 domini
830 444 922 475 nostri
950 453 1068 483 praece-

329 496 458 525 dentium
482 495 699 525 ordinationum
723 494 776 534 (a).

373 573 395 596 1.
422 562 527 605 Opera
551 562 735 595 communia
760 566 808 594 tor
834 561 927 594 trinis
953 561 1066 593 diebus

329 615 359 647 in
387 625 472 647 anno
497 615 590 655 liant,
608 615 640 647 in
663 615 779 658 quibus
804 614 951 647 monachi
981 614 1067 647 circa

330 667 571 700 mundationem
607 679 789 710 pannorum
823 667 980 700 ecclesiae
1012 671 1066 699 aut

329 720 414 753 aliud
441 722 614 753 honestum
637 731 718 764 opus
745 725 955 764 occupantur,
981 720 1065 753 iudi-

330 774 378 807 cio
403 775 563 817 priorum.

372 838 407 860 11.
435 828 542 860 Prima
567 838 667 871 opera
685 827 764 860 fiunt
784 827 925 861 secunda
943 827 1067 861 hebdo-

328 880 420 913 mada
459 880 625 920 Paschae,
659 881 721 913 alia
760 881 902 913 secunda
935 880 1067 913 bebdo—

327 934 421 966 mada
446 939 519 976 post
544 934 659 966 festum
685 935 906 976 apostolorum
927 933 1012 966 Petri
1036 938 1066 965 et

327 986 429 1024 Pauli,
452 986 548 1018 tertia
577 986 681 1028 prima
705 986 913 1018 hebdomada
930 991 1003 1028 post
1021 985 1061 1018 se-

327 1045 408 1070 stum
434 1038 464 1071 S.
496 1038 674 1071 Michaelis.
701 1038 792 1076 Quod
822 1038 846 1070 si
878 1037 987 1080 aliquo
1013 1038 1064 1070 die

328 1101 464 1134 operum
491 1091 531 1123 sit
562 1092 676 1123 festum
714 1091 868 1133 capituli,
892 1091 943 1123 vel
967 1090 1066 1122 absti-

327 1144 448 1183 nentia,
472 1145 521 1176 rel
543 1143 749 1186 indispositio
775 1143 932 1186 temporis
957 1144 1063 1186 quoad

327 1197 500 1236 exteriora,
525 1202 662 1239 propter
687 1197 750 1229 hoc
774 1206 840 1229 non
864 1196 1065 1228 transferun-

327 1255 379 1281 tur
404 1260 505 1292 opera
531 1250 569 1282 ad
595 1249 689 1281 aliam
715 1249 976 1287 hebdomadam,
1008 1249 1063 1281 sed

326 1313 386 1345 pro
413 1303 475 1342 die,
495 1313 558 1345 qua
583 1308 726 1334 cessatur
743 1302 782 1334 ab
801 1312 913 1344 opere,
933 1301 995 1334 alia
1013 1301 1064 1334 die

327 1356 471 1388 eiusdem
505 1356 730 1388 hebdomadae
767 1355 979 1387 laborabitur.
1007 1355 1064 1387 Ve-

326 1415 507 1441 rumtamen
525 1409 549 1441 si
572 1408 666 1441 dictis
691 1408 904 1451 temporibus,
931 1413 1065 1450 propter

326 1462 458 1504 aliquod
485 1461 751 1503 impedimentum
776 1470 973 1499 occurrens,
1000 1470 1062 1491 non

326 1514 451 1556 possint
475 1514 644 1546 commode
675 1513 754 1553 sieri,
780 1519 853 1545 ante
885 1514 934 1546 vel
971 1518 1061 1555 post,

325 1573 424 1611 prout
448 1567 649 1600 commodius
676 1566 748 1605 erit,
771 1566 1018 1608 supplebuntur.

370 1630 417 1653 111.
447 1620 545 1652 Porro
571 1619 673 1662 prima
699 1619 749 1651 dic
776 1620 808 1651 in
831 1619 1063 1651 coemeterium

326 1674 534 1707 convenimus
560 1674 596 1705 ad
623 1683 737 1715 preces
762 1672 941 1711 faciendas,
967 1678 1064 1714 prout

325 1727 357 1759 in
384 1728 487 1770 prima
512 1732 603 1770 parte
628 1727 866 1764 describuntur,
885 1732 954 1768 post
974 1736 1061 1768 quas,

326 1780 411 1812 dicto
436 1792 453 1812 a
478 1780 587 1823 priore
605 1780 655 1812 vel
672 1778 791 1811 vicario
811 1778 1004 1819 Benedicile,
1023 1778 1063 1811 ad

326 1834 528 1877 operandum
555 1834 690 1866 eximus.

369 1897 412 1920 1v.
444 1887 521 1921 Cum
555 1887 654 1930 aliqui
691 1897 726 1919 ex
765 1885 934 1919 monachis
967 1885 1060 1918 alicui

360 1979 389 2010 α)
408 1978 485 2004 Mens
506 1981 622 2004 mandati
643 1976 794 2011 apostolici,
816 1976 927 2010 eiusque
948 1975 1006 2001 finis
1026 1979 1063 2001 at-

325 2023 459 2049 tendenda
473 2027 544 2048 sunt.
563 2021 599 2047 Ea
615 2028 703 2047 autem
720 2025 791 2051 sunt,
807 2024 835 2046 ut
850 2019 992 2046 sufficienti
1008 2020 1062 2046 sal-

324 2071 376 2093 tem
394 2066 584 2092 monachorum
597 2064 740 2091 eruditioni
757 2063 939 2098 provideatur,
956 2063 1012 2098 qui,
1029 2064 1061 2089 ad

324 2111 505 2138 sacerdotium
528 2109 700 2145 promovendi
717 2112 743 2135 et
762 2109 793 2135 ad
817 2108 997 2134 consessiones
1012 2116 1060 2134 au-

324 2156 435 2182 diendas
447 2156 553 2190 saepius
568 2153 726 2189 deputandi,
739 2153 770 2179 acl
784 2153 850 2179 liaeo
866 2152 956 2178 munia
971 2160 1062 2178 neres-

324 2200 395 2226 sario
416 2200 519 2234 disponi
541 2199 642 2224 debent
665 2207 711 2232 per
734 2197 850 2223 studium
872 2201 899 2222 et
919 2196 1060 2222 lectionem

324 2253 416 2269 eorum
433 2252 500 2269 sinan
517 2243 547 2267 nil
566 2242 589 2267 ul
606 2242 766 2267 ‹·0u«tumint..
779 2241 855 2267 Unde
873 2240 966 2266 merito
984 2240 1060 2265 tectio

324 2290 374 2316 ista
390 2289 471 2316 debet
486 2288 600 2314 maxime
616 2285 719 2312 institui
736 2284 767 2311 de
784 2284 825 2310 his
840 2291 909 2318 quae
926 2282 958 2309 ad
974 2289 1062 2308 sacra-

326 2338 476 2360 mentorum
501 2331 760 2358 administrationem
787 2332 812 2354 et
837 2327 964 2354 moralem
986 2326 1061 2352 theo-

326 2378 421 2412 logiam
440 2377 585 2411 pertinent.
599 2390 634 2395 ·—
650 2374 715 2400 Vide
736 2374 875 2399 decretum
900 2369 1062 2397 sanctissimi

326 2421 425 2447 domini
443 2420 526 2446 nostri
542 2419 685 2446 Clementis
702 2418 790 2451 Papae
803 2416 860 2442 vlu
876 2415 976 2442 editum
993 2422 1061 2440 anno

327 2472 426 2492 uoxcix
440 2486 446 2495 ,
475 2469 501 2490 et
527 2472 541 2489 a
561 2463 728 2489 sanctissimo
756 2460 864 2487 domino
891 2465 982 2486 nostro
1010 2459 1063 2485 Ur·

327 2510 396 2536 bauo
415 2508 482 2542 l’apa
495 2507 546 2533 t'ttt
564 2510 731 2537 renovatum,
749 2506 774 2531 in
792 2504 921 2532 Buttario
938 2504 1062 2534 relatum,

328 2559 392 2580 tom.
411 2560 434 2578 ιν
461 2551 512 2577 ted.
535 2550 643 2576 (Lbet-ul)
659 2556 676 2581 ),
697 2555 723 2575 et
743 2549 778 2575 ibi
801 2557 874 2574 uum.
896 2548 913 2574 2
932 2547 1062 2580 reperies,

327 2597 464 2633 quomodo
485 2596 622 2621 decretum
643 2593 710 2618 sami
727 2593 839 2619 Concilii
853 2590 1005 2619 Tridentini
1019 2598 1063 2617 su-

328 2650 377 2680 per
399 2641 448 2668 liae
467 2649 496 2667 re
515 2640 611 2666 debeat
631 2638 752 2671 intelligi.

913 248 1092 273 putaturum
1117 248 1268 272 ROMANL'M

1109 295 1201 338 operi
1219 295 1455 340 mancipantur,
1480 296 1540 340 ipsi
1559 296 1689 340 quidem
1710 287 1850 341 loquun-

1109 352 1162 380 tur
1189 349 1229 381 ad
1254 348 1415 388 invicem
1448 360 1520 383 cum
1545 349 1850 393 supervenientibus

1108 411 1187 435 vcro
1205 411 1428 446 nequaquan,
1456 403 1517 436 nisi
1542 402 1654 446 priore
1679 407 1851 446 praesente

1107 459 1163 487 aut
1187 455 1227 488 de
1254 455 1322 488 eius
1346 456 1490 489 licentia.

1150 517 1182 541 v.
1203 507 1339 546 Quando
1359 509 1557 543 adiutorium
1574 520 1632 554 pro
1649 509 1759 553 aliquo
1776 520 1851 553 ope·

1107 571 1142 594 re
1169 560 1368 604 perficiendo
1388 562 1591 605 quaerimus,
1618 562 1773 595 debemus
1793 572 1849 596 ex-

1109 626 1251 658 primere
1278 625 1358 658 quos
1386 620 1418 648 ct
1442 620 1519 658 quot
1544 616 1664 647 habere
1684 616 1842 655 volumus,

1110 674 1141 700 et
1166 668 1331 711 quamdiu.
1366 667 1452 700 Alias
1482 667 1508 699 si
1542 667 1646 710 prima
1678 667 1730 700 die
1763 678 1845 711 opus

1110 726 1256 753 nostrum
1289 731 1353 753 non
1384 721 1676 763 compleverimus,
1711 720 1763 753 die
1795 730 1846 753 se-

1110 773 1220 816 quenti
1240 773 1277 806 de
1304 773 1359 806 illa
1383 773 1513 806 licentia
1538 773 1622 812 data,
1639 772 1846 816 nisiexpres-

1109 837 1177 859 sum
1204 826 1316 865 suerit,
1343 836 1400 859 nos
1430 826 1540 858 iuvare
1562 836 1627 858 non
1653 836 1845 869 possumus,

1109 880 1165 912 sed
1189 890 1248 923 pro
1273 879 1435 913 adiutorio
1460 879 1625 912 licentiam
1656 879 1764 912 denuo
1789 889 1846 922 pe-

1110 932 1216 965 timus.

1151 995 1192 1018 v1.
1221 983 1278 1023 Qui
1299 985 1450 1024 scribere,
1469 990 1522 1017 aut
1539 984 1624 1018 aliud
1643 995 1722 1028 opus
1739 985 1847 1019 facere

1109 1037 1167 1069 scit
1191 1042 1223 1069 et
1246 1043 1360 1080 potest,
1387 1037 1422 1075 si,
1449 1043 1601 1069 monente
1627 1036 1735 1080 priore
1753 1042 1789 1069 ut
1812 1037 1845 1070 id

1110 1090 1214 1129 saciat,
1241 1090 1446 1132 acquiescere
1473 1090 1623 1126 noluerit,
1642 1101 1658 1122 a
1675 1089 1749 1122 vino
1774 1089 1847 1123 abs-

1110 1143 1223 1181 tineat,
1251 1148 1304 1174 aut
1336 1143 1430 1175 etiam
1457 1142 1586 1185 gravius
1618 1142 1772 1185 puniatur
1795 1152 1849 1175 ar-

1108 1195 1206 1229 bitrio
1231 1196 1363 1238 prioris.

1140 1259 1194 1281 vu.
1211 1248 1419 1291 Quicumque,
1435 1248 1467 1280 in
1482 1259 1682 1291 quacumque
1696 1247 1846 1282 obedien-

1109 1302 1158 1341 tia,
1185 1301 1357 1334 cuiuslibet
1381 1301 1447 1343 agit
1471 1301 1576 1340 vices,
1604 1301 1686 1333 nibil
1712 1302 1845 1334 omnino

1109 1355 1137 1386 in
1164 1357 1201 1388 oa
1226 1355 1296 1387 sine
1322 1355 1453 1387 licentia
1483 1359 1607 1387 mutare
1633 1354 1843 1397 permittitur.

1108 1408 1139 1440 ln
1165 1408 1256 1440 cellis
1283 1417 1413 1450 quoque
1439 1407 1517 1450 ipsis
1543 1407 1641 1447 nihil,
1667 1407 1728 1439 nisi
1754 1407 1846 1450 prius

1107 1466 1273 1493 ostensum
1300 1466 1331 1493 et
1355 1471 1569 1501 concessum,
1595 1461 1710 1493 mutari
1736 1460 1845 1494 fierive

1107 1514 1230 1552 «initur,
1256 1524 1297 1546 ne
1323 1514 1446 1553 domus,
1472 1513 1636 1547 laboriose
1661 1513 1772 1554 sactae,
1792 1524 1848 1547 cu-

1106 1568 1250 1600 riositate
1285 1568 1526 1601 deteriorentur
1550 1568 1601 1600 vcl
1626 1567 1844 1600 destruantur.

1150 1632 1172 1654 1.
1199 1621 1356 1661 NovitiOS,
1383 1627 1555 1664 antequam
1573 1620 1764 1663 vigesimum
1789 1630 1845 1653 an-

1107 1685 1181 1707 num
1200 1674 1375 1716 attigerint,
1392 1674 1539 1717 recipere
1558 1684 1623 1706 non
1641 1674 1799 1714 solemus;
1818 1674 1846 1707 si

1107 1734 1211 1760 tamen
1238 1728 1337 1771 aliqui
1374 1727 1505 1760 minoris
1542 1727 1657 1759 aetatis
1681 1727 1847 1770 postulent

1106 1780 1253 1821 admitti,
1282 1780 1353 1824 qui,
1380 1780 1500 1823 prioris
1526 1785 1556 1812 et
1588 1780 1719 1813 maioris
1743 1780 1845 1823 partis

1105 1833 1308 1873 conventus',
1327 1833 1391 1865 sint
1411 1832 1563 1871 doctrina,
1584 1832 1768 1873 devotione,
1782 1843 1846 1866 ma-

1107 1887 1233 1918 turitate
1260 1891 1292 1918 ct
1317 1885 1466 1928 corporis
1491 1885 1612 1917 viribus
1642 1885 1842 1919 sufficientes

1105 1940 1143 1972 ad
1169 1939 1327 1983 portanda
1353 1949 1453 1971 onera
1470 1938 1610 1978 Ordinis,
1633 1938 1843 1972 concedimus

1105 1993 1176 2026 illos
1195 2002 1290 2035 posse
1317 1991 1417 2034 recipi
1436 1992 1473 2023 ad
1493 1991 1731 2033 probationem,
1754 1991 1844 2024 dum-

1105 2046 1201 2078 modo
1232 2044 1545 2078 octavumdecimum
1577 2054 1697 2077 annum
1727 2045 1843 2078 saltem

1104 2097 1282 2141 attigerint.

1147 2163 1181 2185 11.
1209 2152 1286 2185 Cum
1311 2149 1431 2194 bigami
1458 2151 1497 2183 de
1532 2150 1601 2184 iure
1634 2150 1701 2183 sint
1724 2150 1842 2193 privati

1104 2207 1237 2238 tonsura
1255 2210 1287 2237 et
1301 2204 1388 2237 omni
1405 2203 1575 2247 privilegio
1592 2203 1745 2243 clericali,
1760 2202 1842 2235 inhi-

1104 2259 1215 2291 bemus
1240 2268 1280 2290 ne
1307 2257 1507 2300 recipiantur
1531 2257 1570 2289 ad
1597 2256 1743 2289 habitum
1773 2266 1842 2290 mo-

1104 2311 1291 2350 nachorum,
1311 2310 1385 2353 quia
1406 2309 1499 2342 fieret
1516 2307 1764 2347 iniuriaOrdini
1778 2308 1842 2342 cle-

1103 2363 1203 2395 ricali.
1231 2363 1262 2395 Si
1288 2372 1380 2395 secus
1406 2362 1503 2394 suerit
1527 2366 1740 2401 attentatum,
1767 2360 1841 2394 talis

1103 2416 1257 2458 receptio,
1277 2415 1335 2448 scd
1355 2420 1386 2447 et
1407 2414 1580 2458 professio,
1600 2413 1626 2446 si
1643 2414 1719 2447 inde
1743 2413 1842 2446 suerit

1101 2469 1282 2507 subsecuta,
1300 2468 1420 2500 nullius
1445 2467 1486 2500 sit
1509 2467 1638 2500 valoris.

1145 2531 1191 2553 m.
1218 2520 1331 2553 Nullus
1362 2520 1459 2553 etiam
1493 2519 1702 2561 coniugatus,
1734 2518 1838 2552 altero

1101 2573 1239 2614 coniuge
1265 2573 1297 2605 in
1323 2574 1454 2606 saeculo
1479 2578 1685 2613 remanente,
1712 2569 1839 2606 etiamsi

1137 2638 1147 2663 1
1170 2636 1253 2663 Deest
1272 2644 1319 2662 vox
1339 2636 1449 2663 iudicio
1469 2641 1508 2671 <th
1523 2637 1582 2675 π),

1851 241 1902 268 An.
1920 239 1951 270 C.
1965 240 2032 270 1688
2050 245 2053 249 ⁴

1874 1628 1943 1650 enar
1957 1628 2021 1651 xvu.

1882 1655 1912 1677 Du
1926 1656 2014 1678 uuum.
