2111 3157
7 196 54 220 An.
71 193 99 220 C.
120 192 188 220 1677

196 240 282 284 quod
308 241 399 283 peius
424 245 490 281 est,
518 240 600 273 inter
624 249 680 272 eos
703 240 851 272 nonnulli
877 249 925 271 re-

196 295 361 337 periantur
386 295 423 327 ad
441 293 660 337 magisterium
689 293 834 335 aliosque
856 302 926 334 gra-

195 348 253 380 dus
277 347 428 389 promoti,
446 347 499 390 qui
521 346 624 379 officia
646 356 705 389 per
729 345 924 378 constitutio-

193 410 251 432 nes
275 399 401 432 Ordinis
430 399 567 442 praesati
600 399 638 431 ad
663 398 695 430 id
726 397 923 440 praescripta

192 462 260 484 non
284 457 507 491 exercuerunt,
533 450 587 484 sed
611 460 683 483 cum
708 449 833 493 quibus,
850 459 923 491 per-

192 504 268 538 inde
293 514 329 537 ac
361 504 386 536 si
417 504 521 537 officia
552 503 737 536 huiusmodi
766 502 923 535 exercuis-

191 561 272 596 sent,
297 556 514 598 dispensatum
539 554 614 587 suit:

46 618 181 649 avani-umus
235 609 250 652 ἓ
274 608 305 640 2.
331 608 412 641 Hinc
437 612 487 640 est
513 607 598 650 quod
616 617 684 646 nos,
705 606 848 639 eiusdem
865 606 922 639 Or-

2 646 180 695 22¹'.⁸.'.Th”.2‘¹a'.¹‹¹‘l⁰u‘-‘
191 660 274 693 dinis
294 660 448 703 illiusque
473 659 710 703 provinciarum
737 659 920 692 levamento

0 702 181 772 {kiiffi2¹}{53255
191 717 223 745 et
241 712 428 752 commodis,
455 721 679 755 prosperoque
706 716 737 744 et
760 711 847 744 felici
872 722 921 744 re-

0 764 302 823 fflffimmssna-guuini
333 770 363 798 et
388 764 565 807 gubernio,
590 769 741 807 quantum
766 764 857 796 nobis
882 774 918 797 ex

190 818 254 850 alto
271 817 470 857 conceditur,
491 817 676 861 providere,
698 816 919 859 regularisque

189 870 379 913 disciplinae
399 869 541 912 vigorem
560 869 654 910 tueri,
676 875 716 909 et,
734 869 837 902 sicubi
854 870 920 902 col-

187 924 297 965 lapsus
324 927 378 963 stt,
408 922 583 955 restituere
607 921 797 964 cupientes,
829 926 917 954 motu

187 974 332 1017 proprio,
358 979 390 1007 et
413 985 449 1007 ex
475 975 562 1007 certa
586 973 718 1006 scientia
742 978 773 1006 et
796 975 919 1006 matura

188 1027 421 1060 deliberatione
445 1027 572 1067 nostris,
594 1027 697 1069 deque
722 1026 918 1069 apostolicae

188 1079 357 1123 potestatis
381 1079 599 1122 plenitudine,
625 1079 798 1121 magistros
826 1079 919 1112 alios-

188 1142 251 1175 que
276 1132 449 1174 graduatos
485 1131 560 1164 dicti
585 1131 712 1164 Ordinis
744 1131 784 1164 ad
808 1141 919 1164 nume-

188 1196 258 1218 rum
274 1195 335 1228 per
357 1185 497 1228 capitula
521 1185 684 1228 generalia
701 1194 760 1227 pro
776 1195 918 1228 unaqua-

188 1248 250 1281 que
274 1237 442 1280 provincia
464 1237 644 1278 respective
669 1237 862 1278 stabilitum,
886 1243 919 1270 ut

187 1290 377 1333 praefertur,
396 1290 477 1323 itaut
494 1290 526 1322 in
545 1300 582 1323 eo
602 1300 737 1323 numero
759 1291 790 1323 in
811 1291 919 1333 singu-

187 1344 225 1376 lis
244 1342 416 1386 provinciis
440 1342 623 1376 huiusmodi
648 1343 825 1386 respective
845 1354 919 1376 con-

186 1394 344 1430 numerati
362 1401 562 1435 remaneant,
584 1396 783 1438 antiquiores
801 1401 918 1437 tamen,

187 1449 242 1491 qui
267 1448 451 1481 functiones
475 1454 506 1481 et
530 1458 664 1481 munera
682 1459 740 1491 per
764 1449 919 1482 constitu-

187 1502 292 1534 tjones
316 1507 347 1534 et
370 1502 512 1544 capitula
544 1502 709 1544 generalia
734 1502 918 1535 huiusmodi

186 1553 386 1599 praescripta
401 1554 532 1587 realiter
552 1559 583 1587 et
611 1564 680 1586 cum
699 1554 813 1587 effectu
831 1566 920 1588 exer-

185 1606 290 1639 cuisse
307 1607 517 1649 reperiuntur
531 1607 612 1648 (sine
626 1608 692 1639 ullo
712 1612 817 1640 tamen
833 1618 919 1651 prae-

187 1658 305 1691 iudicio
330 1659 470 1698 illorum,
502 1660 554 1702 qui
588 1670 605 1692 a
629 1659 710 1692 Sede
735 1660 941 1703 Apostolica*

187 1711 371 1744 immediate
390 1713 529 1755 promoti
549 1717 630 1749 sunt,
652 1722 732 1755 quos
751 1714 815 1746 suis
834 1724 919 1756 prae·
939 1724 941 1737 ³

185 1764 339 1807 rugativis
356 1774 451 1807 supra
465 1775 636 1797 numerum
651 1765 834 1799 huiusmodi
848 1777 920 1808 gau-

186 1817 265 1851 dere
278 1817 450 1859 volumus),
471 1823 582 1850 tenore
595 1817 814 1861 praesentium
831 1819 920 1851 redu-

185 1870 300 1904 cimus.

0 1929 178 1976 ῃῃῇιιῆεᾞῇὒῖζὲζ
231 1923 246 1966 §
270 1922 300 1956 3.
328 1922 444 1966 Porro,
470 1922 553 1955 circa
577 1923 879 1965 supranumerarios
903 1933 918 1955 a

0 1982 25 2005 rti-
39 1985 59 2002 et
74 1974 176 2003 merenies
189 1976 340 2019 praefatis
364 1975 525 2018 magistris
557 1976 763 2018 generalibus
792 1986 920 2019 promo-

0 2010 72 2034 reperti
81 2025 85 2032 ,
107 2012 176 2030 statim

0 2035 177 2082 fflgoggcggffig
190 2034 246 2067 tos,
263 2027 377 2060 harum
395 2027 480 2060 serie
498 2027 688 2060 mandamus
711 2026 829 2060 dilecto
854 2028 919 2061 filio

0 2087 59 2126 ”istm
89 2093 176 2113 praero—
187 2081 343 2114 moderno
357 2080 512 2121 magistro
530 2079 672 2122 generali
689 2079 765 2112 dicti
783 2079 918 2120 Ordinis,

0 2115 177 2161 ffiriifn‘iiffi'iiiss
187 2137 240 2173 ut,
264 2131 411 2166 adhibito
436 2136 563 2164 maturo
595 2131 823 2174 religiosorum
849 2143 920 2175 gra-

188 2186 273 2219 vium
297 2184 443 2225 consilio,
461 2185 591 2217 illorum
610 2184 779 2227 qualitates
809 2190 840 2217 et
857 2185 921 2217 sus-

187 2237 360 2272 ficientiam
383 2237 568 2277 examinet,
599 2242 653 2277 et,
679 2243 838 2280 quatenus
866 2249 921 2270 eos

188 2291 322 2331 habiles,
341 2301 376 2324 ac
393 2289 501 2323 omnia
518 2289 624 2322 officia
648 2300 705 2333 per
725 2290 825 2322 dictas
846 2301 921 2323 con-

187 2343 371 2376 stitutiones
396 2342 598 2386 praescripta
615 2342 801 2375 exercuisse
827 2353 921 2386 repc-

189 2396 278 2434 rerit,
300 2395 372 2429 illos
396 2395 488 2428 titulo
508 2399 629 2427 tantum
654 2394 794 2438 gaudere
813 2395 919 2436 saciat,

189 2458 370 2493 quousque,
386 2451 498 2482 secuta
522 2448 705 2487 vacatione,
726 2441 813 2482 iuxta
834 2449 922 2482 ordi-

190 2512 264 2533 nem
280 2501 479 2544 antiquitatis
494 2500 615 2543 gradus
636 2501 776 2544 suscepti
793 2501 832 2534 ad
851 2501 923 2533 l'rui-

772 191 982 216 INNOCENTIUS
1004 192 1033 215 ΧΙ
1059 193 1106 216 ΡΡ,

191 2554 310 2588 tionem
327 2554 524 2598 integrarum
538 2555 836 2599 praerogativarum
849 2555 922 2588 sub-

1617 188 1658 221 ‹33

968 239 1102 281 intrent;
1118 241 1143 273 si
1158 252 1232 275 vero
1247 253 1301 276 eos
1315 242 1475 276 inhabiles
1492 249 1545 276 aut
1563 255 1697 277 munera

968 302 1021 324 seu
1047 293 1148 326 officia
1168 305 1185 326 a
1206 295 1390 328 immoratis
1416 297 1696 330 constitutionibus

968 345 1123 387 requisita
1159 357 1223 379 non
1261 347 1443 381 exercuisse
1477 349 1696 391 compererit,

968 397 1039 429 illos
1064 399 1261 441 magisterio,
1284 401 1386 433 aliove
1412 402 1512 443 gradu
1530 412 1625 444 quen]
1643 402 1698 434 ob-

968 449 1078 489 tinent,
1105 452 1237 485 omnino
1261 453 1399 495 privatos
1418 454 1571 494 declaret,
1594 455 1698 487 donce

966 507 995 534 et
1013 513 1179 546 quousque
1194 505 1347 538 studiosis
1365 506 1530 539 laboribus
1548 507 1696 540 meritum

966 554 1149 588 huiusmodi
1168 557 1302 597 gradum
1327 558 1505 600 respective
1531 559 1590 591 sibi
1610 569 1696 593 com-

964 617 1094 649 parasse
1118 608 1334 650 reperiantur.

1008 658 1022 700 ἓ
1046 659 1077 691 [ι.
1104 659 1284 701 Praeterea,
1303 661 1340 693 ad
1363 661 1546 695 evitandum
1563 662 1593 695 in
1613 663 1696 696 sutu-
1748 665 1889 707 Pt⁰¹¹ibfi·''¹sv

964 721 1033 743 rum
1054 711 1292 754 provinciarum
1311 717 1341 745 et
1358 715 1621 748 communitatum
1640 697 1840 757 ὴιι-’ῐῖἶῖἶ-’ῙῖῗὲἫ).1
1853 701 1888 743 5ζῖ

964 762 1099 796 iusmodi
1136 773 1329 806 gravamen,
1362 765 1507 807 praefato
1538 748 1782 801 modernoiiimm
1817 754 1887 772 ww*

963 819 995 847 et
1027 815 1140 848 futuri-s
1175 816 1251 849 dieti
1283 816 1412 850 Ordinis
1447 818 1608 860 magistrls
1641 805 1730 870 gri-{2

962 867 1126 901 neralibus
1158 868 1191 900 in
1221 869 1336 901 virtute
1368 873 1498 902 sanctae
1534 871 1732 904 obedien-hu

964 919 1024 952 tiae
1049 920 1259 963 prohibemus
1283 926 1316 954 et
1340 921 1572 963 interdicimuS,
1589 934 1629 956 ne
1655 904 1865 957 de?5.‘fi.-‘..';l;,¹.'u‘.>f‘¹

964 978 1070 1006 cetero
1096 973 1270 1016 magisterii
1299 975 1420 1007 aliosve
1453 974 1570 1017 gradus
1596 986 1694 1020 supra

962 1036 1134 1059 numerum
1170 1027 1251 1060 sicut
1283 1027 1498 1070 praemittitur
1533 1030 1694 1071 praescri-

962 1083 1051 1122 ptum
1076 1079 1235 1120 conferre,
1266 1090 1325 1113 nec
1351 1080 1448 1113 ullam
1473 1082 1615 1114 cuiusvis
1640 1092 1695 1125 ge-

963 1131 1048 1164 neris
1077 1132 1315 1175 exjemptionem
1349 1133 1528 1166 concedere
1554 1134 1695 1167 audeant

963 1184 1073 1226 quovis
1098 1185 1194 1218 modo
1232 1194 1288 1218 seu
1314 1191 1523 1228 praesumant
1548 1186 1610 1219 illis
1636 1187 1694 1220 sra-

963 1235 1073 1276 tribus,
1092 1237 1145 1279 qui
1164 1237 1294 1270 realiter
1312 1243 1342 1270 et
1366 1249 1436 1270 cum
1454 1238 1567 1271 effectu
1584 1239 1693 1272 lauda-

961 1288 1069 1321 biliter
1085 1300 1148 1322 non
1167 1290 1371 1322 exercuerint
1387 1290 1441 1323 illa
1458 1290 1561 1324 officia
1580 1297 1611 1325 et
1628 1303 1692 1325 non

961 1342 1223 1384 supportaverint
1253 1343 1308 1375 illa
1339 1353 1452 1384 onera,
1482 1354 1577 1387 quae,
1607 1344 1693 1379 iuxta

962 1394 1226 1427 constitutiones¹
1253 1395 1381 1428 Ordinis
1406 1395 1547 1439 praefati,
1574 1396 1613 1429 ad
1639 1397 1694 1429 ob-

961 1446 1111 1479 tinendos
1137 1448 1254 1489 gradus
1277 1453 1308 1480 et
1335 1448 1557 1491 exemptiones
1584 1449 1694 1481 huius-

960 1500 1047 1533 modi
1074 1500 1250 1544 respective
1281 1502 1465 1534 necessario
1497 1502 1693 1545 praecedere

961 1551 1091 1584 debent.

1004 1606 1018 1647 g
1043 1604 1073 1637 Γ).
1102 1605 1248 1638 Ceterum
1274 1606 1348 1649 quia
1374 1606 1480 1648 (sicut
1504 1608 1626 1650 pariter
1646 1614 1887 1659 ac-ssflwrtufmss

1733 1640 1824 1660 buuntur
1841 1647 1887 1665 que>

961 1661 1130 1701 cepimus)
1158 1659 1288 1701 plurimi
1320 1669 1351 1691 in
1376 1659 1495 1692 Ordine
1526 1661 1693 1703 praedicto
1706 1668 1769 1686 ΜΛΝ-ε
1785 1667 1887 1691 armam

1706 1695 1810 1717 magistris
1827 1699 1888 1718 gene·

962 1712 1168 1753 reperiuntur
1183 1713 1303 1751 fratres,
1320 1711 1382 1755 qui,
1397 1712 1506 1754 vigore
1521 1714 1694 1754 gratiarum
1706 1719 1784 1738 rabbu*
1815 1722 1887 1739 wrm

1707 1746 1799 1771 rapitula
1825 1751 1888 1769 geno·-

961 1763 1146 1806 specialium
1173 1774 1189 1795 a
1215 1764 1378 1806 magistris
1414 1765 1620 1806 generalibus
1644 1773 1889 1818 sii-:ssnpsffivdjffl-

961 1816 1114 1859 pradictis
1139 1826 1374 1856 concessarum,
1401 1817 1661 1860 exemptionibus
1679 1830 1696 1850 a
1873 1813 1878 1819 ”

961 1869 1062 1900 choro
1081 1879 1115 1900 ac
1132 1869 1363 1911 praerogativis
1387 1869 1447 1902 loci
1469 1869 1696 1903 baccalaureo·

961 1931 1032 1953 rum
1051 1926 1080 1953 et
1102 1921 1188 1953 vocis
1206 1921 1236 1953 in
1256 1921 1404 1964 capitulis
1431 1922 1694 1964 provincialibus,

961 1980 1074 2007 contra
1099 1973 1233 2007 sormam
1259 1974 1523 2007 constitutionum
1550 1980 1579 2006 et
1604 1975 1692 2018 rapi-

962 2028 1100 2059 tulorum
1119 2026 1316 2069 generalium
1338 2027 1566 2070 praefatorum,
1587 2027 1697 2059 fruun-

962 2086 1022 2119 tur,
1041 2079 1072 2111 iu
1094 2079 1316 2121 gravissimum
1342 2079 1499 2111 dictarum
1524 2079 1696 2112 communi-

963 2138 1059 2165 tatum
1079 2132 1378 2175 nonnullorumque
1397 2131 1529 2164 fratrum
1555 2132 1696 2176 privato-

963 2195 1033 2218 rum
1058 2184 1310 2227 praeiudicium:

1006 2238 1020 2281 ἓ
1052 2237 1083 2269 6.
1117 2236 1199 2277 Nos,
1231 2240 1452 2280 opportunum
1481 2237 1532 2269 his
1565 2248 1712 2290 quoque¹
1739 2244 1890 2291 .*3⁰t‘{,⁰³[¹¹‚¹{t

963 2290 1115 2323 abusibus
1134 2289 1313 2322 remedium
1341 2289 1512 2330 adhibere,
1539 2295 1570 2322 et
1598 2301 1637 2323 ne
1664 2276 1890 2323 ἰιιέιῖιῖἒῗῗιιέιὶ-ἷέἶ

1708 2325 1731 2343 et
1740 2329 1823 2343 omnino
1833 2327 1889 2343 stau·

964 2344 1103 2376 futurum
1120 2342 1327 2374 suboriantur
1342 2342 1513 2385 providere
1537 2343 1694 2384 volentes,
1708 2349 1755 2369 dum
1769 2349 1890 2369 dec->rmum-

1716 2376 1890 2402 dissitis-tionibus

963 2406 1075 2429 omnes
1093 2400 1123 2433 et
1147 2394 1288 2437 singulas
1314 2395 1433 2436 gratias
1456 2395 1615 2438 speciales
1640 2396 1890 2453 hii-ectonesgfflpon'ffi

965 2447 1110 2488 iusmodi,
1129 2451 1230 2487 motu,
1247 2446 1389 2488 scientia,
1408 2447 1645 2480 deliberatione
1666 2453 1845 2481 etssonerahum

1705 198 1753 224 An.
1772 197 1799 224 C.
1825 199 1889 226 1077

1003 2564 1012 2590 1
1036 2562 1100 2590 Male
1116 2561 1179 2590 edit.
1197 2561 1274 2611 usai-¹¹·
1291 2562 1353 2597 legit
1368 2562 1579 2590 constitutionis
1591 2562 1629 2599 (n.
1646 2562 1696 2598 r.)-
