2111 3157
0 180 47 220 itu.
63 190 94 219 c.
115 184 182 238 {qu

183 236 334 274 libertate
352 241 383 274 et
406 251 566 285 potestate
592 242 696 286 ipsum
726 245 870 277 emittere
889 244 911 276 si

759 196 970 221 INNOCENTIUS
993 198 1022 221 XI
1048 198 1097 222 ΓΡ.

998 255 1060 278 xvt.
1087 244 1359 288 Commendatque
1384 255 1455 278 eum
1480 245 1536 278 uni
1557 257 1594 279 ex
1619 257 1687 280 mo-

182 292 276 325 nobis
301 293 400 336 (quod
418 295 514 337 absit)
532 305 596 328 non
617 297 761 338 placeret
784 306 914 328 conver·
955 298 1078 335 nactus,
1106 309 1199 340 quem
1231 299 1332 340 magis
1364 298 1517 331 idoneum
1552 299 1591 332 ad
1620 299 1684 332 hoc

181 345 263 377 satio
284 346 363 379 eius.
383 346 451 384 Quo
465 348 556 387 sueto,
577 349 732 390 recipitur
749 349 780 381 in
801 350 910 381 osculo

180 397 268 440 pacis
290 408 307 430 a
330 399 437 441 priore
469 399 578 441 prius,
606 401 723 433 deinde
755 411 772 433 a
796 401 911 433 ceteris

181 449 339 482 omuibus.
364 450 422 488 Qui
448 452 473 483 si
498 452 603 484 statim
627 463 689 485 non
717 453 757 484 sit
782 458 910 495 paratus

178 502 278 542 indui,
300 508 406 536 certus
426 504 466 544 ei,
485 515 587 547 usque
606 506 643 537 ad
666 516 759 547 quem
783 505 909 538 venisse

178 556 306 596 debeat,
322 558 478 589 terminus
500 568 565 590 non
586 558 679 590 nimis
697 563 836 591 remotus
855 558 909 590 da-

176 608 283 641 bitur:
303 609 340 641 ad
359 619 456 651 quem
482 610 508 642 si
533 620 597 642 non
614 610 749 649 venerit,
770 619 826 642 nos
843 620 905 642 non

175 664 346 693 teneamur
370 661 486 694 eidem.
515 663 560 694 Ad
587 662 692 694 datum
718 667 824 694 autem
846 667 907 694 ter—

175 713 297 746 minum
311 715 454 754 veniens,
469 715 574 747 statim
592 719 666 757 post
679 715 858 756 supplicem
874 714 903 746 in

173 772 335 799 conventu
360 766 611 809 postulationem
637 766 794 798 induitur.

215 828 279 851 xtv.
306 818 476 851 Sciendum
501 823 625 857 autem,
651 819 748 860 quod,
773 817 903 850 absente

170 870 290 913 priore,
305 871 413 903 nullus
430 870 571 902 novitius
588 875 695 912 potest
713 869 823 912 recipi,
841 870 902 901 nisi

170 924 209 956 de
234 923 366 966 speciali
391 923 520 956 lieentia
546 923 675 966 prioris.
703 923 833 964 Recepti
859 928 902 954 ta-

168 986 242 1008 men
266 976 305 1008 ad
330 980 482 1008 statutum
515 975 684 1008 terminum
718 974 900 1013 venientes,

168 1028 275 1071 priore
301 1029 434 1061 multum
453 1034 587 1067 remoto,
610 1039 669 1060 nec
690 1027 778 1060 brevi
799 1037 901 1059 rever-

168 1092 262 1120 suro,
281 1081 405 1124 possint
429 1092 445 1113 a
471 1082 588 1113 vicario
614 1086 645 1113 et
670 1084 828 1113 conventu
852 1079 899 1111 in-

168 1134 221 1166 dui
243 1140 275 1166 et
298 1134 454 1167 incellari.

210 1198 260 1220 xv,
285 1187 340 1220 Die
366 1198 429 1230 quo
462 1187 606 1219 induitur
630 1185 785 1224 novitius,
813 1190 899 1227 post-

166 1250 261 1283 quam
286 1241 417 1272 indutus
442 1245 490 1271 est
515 1244 546 1271 et
569 1242 791 1281 praeparatus,
812 1237 899 1269 duci-

167 1298 218 1324 tur
243 1292 281 1324 ad
307 1291 476 1324 ecclesiam
513 1296 544 1323 et
578 1290 766 1329 instruitur,
793 1295 828 1321 ut
858 1290 897 1321 ad

166 1346 299 1388 gradum
323 1346 433 1377 altaris
466 1344 558 1376 saciat
588 1343 766 1376 orationem
793 1353 895 1375 suam.

165 1397 293 1430 Interim
311 1403 486 1429 conventus
504 1401 608 1427 cantat
627 1396 656 1427 in
678 1395 815 1427 ecclesia
831 1405 897 1426 ver-

165 1460 237 1482 sum
266 1449 354 1488 ch',
383 1449 497 1481 Sancte
523 1447 675 1490 Spiritus
705 1457 767 1489 quo
796 1446 897 1484 finito,

166 1502 253 1544 prior
278 1501 355 1533 dicit
384 1510 498 1543 preces
533 1504 702 1531 consuetas
738 1499 769 1530 in
796 1499 897 1541 prima

166 1559 256 1598 parte
281 1553 469 1595 descriptas.
496 1552 616 1589 Quibus
642 1552 745 1589 dictis,
772 1551 898 1583 ducitur

166 1606 322 1644 novitius,
347 1605 385 1637 ad
411 1605 539 1643 cellam,
565 1609 723 1635 conventu
750 1608 897 1635 cantante

166 1659 308 1701 psalmos
334 1657 484 1690 Miserere
508 1657 580 1695 mei,
600 1657 700 1694 Dcus;
723 1655 822 1694 Quam
849 1655 898 1686 di-

167 1711 263 1749 lecta;
288 1711 455 1743 Memento.
483 1710 513 1742 Si
535 1714 641 1741 tamen
661 1719 741 1740 unus
759 1714 813 1740 aut
834 1710 896 1740 duo

166 1764 311 1797 sufficere
336 1768 479 1806 possunt,
501 1772 584 1794 unus
610 1766 730 1793 tantum
756 1766 807 1793 aut
834 1761 896 1793 duo

167 1816 323 1849 dicantur.
359 1815 469 1847 Eundo
509 1815 548 1846 ad
584 1815 697 1846 cellam
733 1813 898 1855 praeeedit

166 1869 254 1912 prior
278 1879 348 1901 cum
381 1869 462 1900 stola
491 1872 522 1899 et
546 1866 728 1909 sparsorio,
754 1866 899 1909 sequitur

167 1921 323 1954 novitius:
342 1920 458 1953 deinde
476 1924 660 1958 conventus,
683 1919 900 1962 praecedenti-

166 1974 226 2006 bus
249 1972 441 2006 senioribus.
462 1972 598 2004 Veniens
623 1976 729 2004 autem
754 1972 843 2014 prior
860 1972 898 2004 ad

167 2028 268 2060 cellae
281 2026 405 2065 ostium,
422 2025 563 2068 aspergit
576 2025 731 2057 novititim
747 2031 779 2058 et
797 2026 899 2068 ipsam

168 2080 293 2120 cellam,
308 2080 436 2112 dicens:
451 2079 524 2111 Pax
539 2079 614 2110 kuic
628 2078 756 2110 domm:
777 2084 901 2111 tenens·

169 2143 231 2176 que
256 2142 384 2164 manum
420 2130 532 2164 novitii
566 2130 742 2163 introducit
773 2141 844 2163 eum
870 2137 901 2163 et

169 2185 256 2217 ducit
280 2185 318 2217 ad
343 2183 518 2217 oratorium
534 2209 541 2222 ,
565 2183 619 2215 ubi
653 2183 740 2215 [lexis
766 2184 900 2226 genibus

170 2243 248 2277 orat,
268 2243 298 2270 et
311 2236 450 2275 interim,
467 2235 556 2268 sinito
571 2246 588 2267 a
603 2240 760 2268 conventu
778 2237 900 2278 psalmo

171 2291 218 2322 vel
244 2288 395 2332 psalmis,
422 2288 512 2330 prior
543 2293 735 2327 consuetas,
760 2293 795 2319 ut
825 2288 901 2320 alibi

171 2342 344 2380 habentur,
370 2350 484 2383 preces
507 2339 593 2372 dicit.
614 2339 735 2377 Quibus
760 2342 903 2383 comple-

172 2395 231 2434 tis,
258 2394 398 2436 iniungit
433 2393 553 2426 novitio
585 2394 683 2426 cellae
715 2398 746 2426 et
769 2394 903 2426 alioruin

173 2458 254 2490 quae
272 2447 310 2479 ad
328 2446 478 2478 Ordinem
497 2450 644 2477 nostrum
662 2445 828 2488 pertinent
848 2446 904 2478 ob-

174 2499 363 2532 servantiam
394 2503 426 2531 et
457 2497 642 2530 exercitium
675 2498 707 2530 in
739 2498 904 2531 remissio-

173 2562 248 2586 nem
268 2556 486 2593 peccatorum.

955 351 1155 391 cognoverit,
1186 352 1275 383 nulla
1309 351 1419 383 habita
1442 351 1567 384 ratione
1602 352 1685 384 anti-

954 402 1134 443 quitatatis,
1154 403 1209 445 qui
1227 414 1299 435 eum
1317 404 1405 436 horis
1425 404 1683 446 competentibus

954 455 1095 494 visitans,
1120 455 1256 487 instruet
1280 456 1318 487 ad
1354 456 1450 488 horas
1475 456 1628 489 dicendas
1651 462 1684 489 et

954 512 1075 539 ceteras
1100 507 1317 540 observantias
1350 507 1496 547 Ordinis,
1524 519 1601 550 quas
1625 519 1675 541 no-

952 558 1062 590 vitium
1088 558 1238 600 ignorare
1263 569 1328 591 non
1347 565 1484 601 oportet.
1513 560 1559 592 Ad
1585 571 1682 603 quem

952 610 1047 642 etiam
1078 611 1274 653 pertinebit,
1308 611 1406 653 ipsius
1440 612 1551 644 novitii
1576 623 1682 646 mores

950 661 1133 701 informare,
1148 663 1179 694 in
1198 663 1420 705 spiritualibus
1434 664 1595 697 exercitiis
1609 675 1680 698 eum

950 714 1090 755 dirigere
1110 742 1117 754 ,
1152 721 1183 746 et
1215 715 1447 748 tentationibus
1479 717 1547 749 eius
1579 728 1676 750 reme>

950 766 1000 797 dia
1017 772 1199 808 opportuna
1224 767 1399 806 adhiber03
1420 768 1554 801 debebit
1574 774 1679 802 tamen

948 828 1028 850 unus
1047 824 1078 850 et
1094 818 1179 851 idem
1197 819 1339 852 omnium
1357 820 1553 853 novitiorum
1570 832 1678 855 curam

948 870 1081 902 habere.

988 934 1064 955 xvii.
1092 923 1206 956 Novitii
1232 929 1417 966 opportuno
1440 930 1585 967 tempore
1610 936 1680 959 mo:

946 981 1082 1007 neantur
1106 981 1137 1009 et
1162 977 1363 1009 instruantur
1388 988 1405 1009 a
1430 978 1590 1019 magistris
1614 979 1678 1011 suis

945 1029 982 1060 ad
1009 1029 1185 1062 faciendam
1207 1030 1444 1063 consessionem
1471 1032 1675 1073 generaleni;

944 1091 1036 1123 quam
1057 1082 1175 1113 ‹lebcnt
1193 1082 1295 1113 facere
1320 1082 1420 1125 priori
1446 1088 1617 1126 antequam
1637 1085 1676 1116 ad

944 1134 1176 1176 professionem
1210 1135 1430 1167 admittantur.
1464 1135 1593 1169 Priores
1622 1148 1677 1170 au-

944 1192 1005 1218 tem
1037 1197 1073 1218 ex
1106 1188 1228 1219 indulto
1260 1188 1437 1229 apostolico
1463 1193 1596 1230 possunt
1620 1190 1676 1222 ab·

943 1240 1065 1271 solvere
1084 1250 1139 1271 eos
1161 1239 1214 1282 qui
1234 1244 1344 1271 nostro
1362 1239 1473 1272 Ordini
1496 1241 1606 1273 volunt
1622 1251 1676 1283 ag-

942 1293 1080 1334 gregati,
1095 1298 1264 1335 postquam
1291 1292 1436 1325 habitum
1462 1295 1674 1337 susceperint,

942 1354 957 1374 a
983 1344 1141 1376 sententia
1165 1345 1518 1383 excommunicationis,
1543 1356 1676 1389 suspen-

941 1396 1042 1427 sionis
1067 1402 1099 1429 et
1124 1396 1295 1435 interdicti,
1313 1397 1429 1439 quibus
1453 1403 1525 1430 sunt
1542 1398 1674 1431 forsitan

942 1448 1109 1487 innodati,
1136 1454 1163 1480 et
1191 1459 1289 1491 super
1320 1449 1559 1491 irregularitate
1583 1450 1674 1493 prius

941 1503 1106 1532 contracta
1131 1501 1342 1543 dispensare,
1367 1507 1399 1533 et
1423 1513 1439 1533 a
1463 1503 1544 1534 votis
1570 1503 1600 1535 in
1626 1513 1676 1535 se-

940 1554 1012 1585 eulo
1038 1553 1128 1585 sactis
1154 1554 1330 1593 absolvere,
1349 1554 1374 1585 si
1401 1554 1433 1586 in
1458 1554 1576 1587 Ordine
1602 1565 1675 1597 per-

941 1605 1176 1644 severaverint,
1196 1606 1257 1637 nisi
1275 1616 1366 1637 casus
1393 1607 1474 1639 adeo
1496 1612 1582 1639 esset
1607 1619 1676 1649 gra-

941 1658 986 1689 vis
1020 1663 1051 1689 et
1075 1658 1242 1696 enormis,
1265 1659 1350 1700 quod
1383 1670 1480 1701 super
1515 1670 1552 1692 eo
1577 1660 1675 1692 Sedes

943 1710 1124 1752 Apostolica
1150 1711 1265 1743 merito
1291 1716 1377 1743 esset
1402 1713 1619 1751 consulenda,
1644 1718 1676 1745 et

942 1763 1078 1805 proviso,
1098 1763 1195 1805 quod,
1221 1764 1246 1795 si
1273 1769 1379 1796 essent
1405 1775 1462 1807 pro
1488 1765 1598 1797 debito
1624 1776 1677 1797 ex-

942 1816 1178 1854 communicati,
1198 1817 1346 1859 suspensi
1366 1818 1413 1849 vel
1439 1817 1610 1857 interdicti,
1628 1828 1676 1850 sa-

943 1868 1101 1899 tissaeiant
1126 1868 1242 1911 quibus
1270 1873 1431 1901 tenentur.

985 1931 1074 1953 xviii.
1112 1920 1227 1953 Neritii
1262 1922 1434 1963 pecunias,
1461 1927 1490 1954 et
1520 1922 1597 1954 alias
1624 1933 1675 1955 res

943 1984 1027 2013 suas,
1042 1985 1121 2016 quas
1147 1984 1254 2006 seeum
1281 1974 1361 2006 sorte
1382 1975 1559 2014 attulerint,
1577 1985 1612 2007 ex
1630 1976 1673 2007 in-

944 2032 1032 2068 tegro
1058 2026 1158 2069 priori
1184 2026 1339 2065 reddant,
1366 2032 1400 2058 ut
1424 2037 1487 2059 non
1512 2028 1593 2071 ipsi,
1619 2028 1677 2061 sed

943 2080 1048 2122 prior,
1073 2081 1122 2112 vel
1148 2080 1197 2111 cui
1222 2080 1313 2122 prior
1345 2080 1536 2121 iniunxerit,
1564 2091 1617 2114 eas
1641 2082 1678 2114 si-

945 2132 1060 2165 deliter
1074 2132 1113 2164 ad
1134 2132 1232 2164 instar
1249 2132 1482 2175 depositorum,
1503 2134 1674 2166 custodiat.

987 2196 1048 2218 xlx.
1067 2184 1213 2217 Novitius
1230 2194 1290 2216 nec
1307 2185 1527 2228 reprehendit,
1543 2196 1603 2219 nec
1620 2197 1678 2229 pu-

944 2239 1028 2271 blice
1053 2237 1326 2280 reprelienditur;
1352 2237 1407 2269 sed
1434 2248 1505 2270 cum
1531 2237 1674 2279 offendit,

946 2291 1112 2323 instruitur
1136 2301 1152 2322 a
1176 2290 1303 2332 priore,
1328 2290 1377 2322 vel
1402 2301 1419 2322 a
1442 2290 1573 2329 vicario,
1590 2295 1644 2323 aut
1660 2302 1679 2323 a

946 2343 1112 2385 magistro.
1129 2341 1196 2374 Non
1211 2341 1308 2374 debet
1323 2352 1453 2374 manere
1468 2342 1500 2374 in
1513 2343 1677 2385 colloquio

946 2395 1118 2434 communi,
1134 2405 1196 2427 nee
1221 2395 1259 2427 de
1280 2394 1417 2436 negotiis
1442 2394 1555 2427 domus
1578 2406 1612 2428 se
1632 2395 1680 2427 in-

948 2447 1141 2486 tromittere,
1168 2457 1227 2478 nec
1264 2457 1419 2489 quaerere
1455 2447 1620 2480 licentiam
1644 2452 1680 2480 ut

946 2500 1047 2543 possit
1069 2499 1207 2542 aliquem
1233 2499 1372 2531 visitare.

990 2562 1040 2585 xx.
1057 2551 1143 2584 Intra
1158 2557 1282 2595 tempus
1296 2552 1510 2595 probationis,
1530 2563 1594 2587 non
1611 2554 1682 2588 mis-

1581 188 1643 223 839
1688 188 1741 227 Αῆῤ
1757 198 1785 228 c,
1809 199 1876 228 ¹688
