2111 3157
20 203 68 231 An.
90 201 118 230 C.
136 201 204 229 ¹686

794 195 1007 224 INNOCENTIUS
1028 196 1060 220 XI
1084 196 1133 220 Pr.

208 259 281 283 cum
305 249 483 283 humilibus
513 248 643 282 sedibus
662 274 669 288 ‚
695 247 750 281 ubi
784 247 844 280 viri
869 256 937 279 sae-

209 303 337 336 culares
369 305 564 345 quaerentes
598 301 736 344 aliquem
768 311 804 333 ex
836 300 938 343 patri-

208 354 267 387 bus
291 364 350 397 pro
379 355 435 387 sua
459 353 616 396 spirituali
645 353 866 386 consolatione
891 362 942 385 ex-

209 406 371 449 cipiantur
396 411 428 439 et
451 407 672 439 consolentur.
687 405 724 438 Et
748 410 812 438 tam
837 405 941 448 quoad

209 459 392 500 ingressum
410 463 442 492 et
461 469 583 491 moram
607 468 644 491 ac
665 457 942 501 pernoctationem

209 511 432 551 saecularium,
458 521 552 553 quam
573 511 677 554 quoad
694 510 942 553 supellectilium

210 569 243 597 et
265 568 528 596 ornamentorum
553 563 854 602 commodationem,
882 573 943 595 ser-

209 621 326 649 ventur
349 616 381 649 in
407 616 498 649 dictis
524 616 714 655 seminariis,
740 615 830 647 sicuti
854 620 885 648 et
909 616 941 648 in

210 669 360 702 omnibus
384 669 456 702 aliis
493 668 586 702 dictis
624 668 809 712 provinciae
844 669 943 701 ultra-

207 726 381 754 montanae
416 721 636 760 conventibus,
669 721 797 753 decreta
834 731 941 753 sacrae

209 772 491 815 Congregationis,
539 772 726 806 auctoritate
764 773 941 815 apostolica

208 824 407 865 confirmata,
442 825 475 857 in
511 825 593 858 dicta
628 825 746 858 familia
779 826 940 859 observari

208 882 393 921 praecepta.
420 876 535 910 Omnes
554 877 718 910 seminarii
735 884 853 921 patres,
871 878 940 912 sine

208 929 317 974 aliqua
340 930 426 964 inter
458 930 546 973 ipsos
577 931 711 964 notabili
748 931 938 973 differentia,

206 983 345 1016 induant
375 983 521 1016 habitum
550 984 742 1017 exteriorem
766 984 942 1017 Observan-

207 1036 298 1076 tium,
324 1036 358 1069 in
382 1046 447 1080 quo
471 1036 575 1070 vilitas
601 1042 632 1069 et
649 1037 822 1077 humilitas,
844 1048 879 1070 ac
896 1048 942 1071 so-

207 1089 259 1122 lus
291 1089 470 1122 cinericeus
506 1091 596 1122 color
628 1099 665 1122 ex
700 1091 773 1123 lana
804 1090 876 1123 alba
911 1095 942 1124 et

206 1141 310 1184 nigra,
337 1151 402 1175 non
427 1153 464 1175 ex
489 1142 550 1176 alia
575 1143 711 1175 tinctura
728 1153 938 1186 consurgens,

209 1204 340 1238 semper
372 1195 597 1238 resplendeat:
636 1195 736 1228 forma
770 1206 846 1229 vero
882 1196 943 1229 erit

207 1247 295 1280 iuxta
319 1247 583 1281 reformationem
608 1248 640 1281 in
671 1249 784 1282 ultima
808 1259 942 1292 congre-

208 1300 337 1342 gatione
361 1300 515 1334 Toletana
539 1301 653 1334 factam
673 1303 713 1335 ad
734 1302 872 1335 litteram
891 1303 942 1336 ob-

207 1354 404 1393 servandam,
423 1359 455 1387 et
479 1354 512 1386 in
531 1354 719 1397 disciplinis,
740 1355 869 1388 ieiuniis
890 1366 942 1389 ex-

207 1410 257 1438 tra
281 1407 436 1448 regulam,
464 1406 611 1449 capitulis
636 1408 804 1450 culparum
825 1414 856 1441 et
873 1409 942 1441 aliis

207 1458 459 1499 austeritatibus,
494 1460 679 1503 ceterisque
716 1461 755 1493 ad
795 1462 940 1504 regulae,

207 1511 290 1545 vitae
311 1512 508 1545 monasticae
527 1517 558 1544 et
575 1513 733 1555 regularis
753 1513 941 1557 disciplinae

207 1564 464 1598 observationem
490 1566 763 1606 conducentibus,
790 1568 942 1600 constitu-

208 1617 351 1651 tionibus
376 1618 584 1661 generalibus
609 1618 737 1652 Ordinis
763 1630 795 1652 se
820 1620 942 1653 consor-

208 1676 309 1704 ment.
330 1671 540 1711 Guardianus‚
559 1672 618 1713 vel,
636 1672 669 1704 in
690 1672 758 1705 eius
785 1673 940 1712 absentia,

207 1733 356 1767 praeseS,
398 1724 597 1767 temporibus
637 1726 842 1768 opportunis,
887 1732 942 1759 aut

208 1777 340 1819 quando
365 1777 583 1810 necessarium
613 1777 809 1818 iudicaverit,
839 1780 942 1813 mittat

208 1829 428 1863 missionarios
450 1830 543 1863 binos
570 1835 602 1863 et
625 1830 731 1870 binos,
757 1838 810 1864 aut
826 1833 859 1865 in
876 1843 942 1865 ma-

208 1882 267 1915 iori
294 1893 440 1923 numero,
468 1888 564 1926 prout
595 1884 773 1917 animarum
806 1886 942 1919 necessi-

208 1935 265 1968 tati
291 1936 431 1969 viderint
455 1937 621 1980 expedire,
648 1938 870 1981 consignando
895 1939 941 1972 eis

208 1989 241 2022 in
266 1989 411 2032 partibus
435 1988 578 2023 fidelium
604 1990 733 2033 oppida,
766 1996 886 2024 tractus
911 1997 943 2024 et

209 2045 323 2081 terras,
351 2042 384 2074 in
409 2041 524 2085 quibus
550 2043 684 2084 singulis
717 2053 790 2076 suas
821 2044 942 2078 missio-

208 2103 265 2127 nes
290 2093 394 2127 facere
427 2094 554 2133 debent,
575 2095 634 2128 *de
669 2095 801 2128 licentia
835 2101 941 2130 tamen

208 2145 382 2180 Ordinarii.
410 2146 607 2190 Relinquant
631 2152 736 2181 tamen
761 2148 885 2192 aliquos
911 2151 941 2183 in

209 2199 394 2240 seminario,
428 2199 482 2243 qui
514 2200 752 2234 communitatis
792 2203 943 2235 exercitia

210 2253 370 2296 expleant,
396 2257 427 2285 et
451 2252 495 2292 hi,
521 2252 590 2285 aliis
613 2254 859 2296 revertentibus,
873 2256 943 2288 mit-

209 2310 331 2338 tantur.
357 2304 468 2338 Nullus
493 2310 599 2337 tamen
624 2315 737 2339 eorum
761 2308 845 2340 ultra
873 2318 944 2351 spa-

209 2358 290 2391 tium
312 2367 366 2391 sex
391 2358 548 2391 mensium
577 2357 610 2391 in
635 2359 836 2401 praemisssis
866 2360 944 2394 fide-

210 2411 289 2444 lium
315 2410 406 2444 terris
431 2416 520 2443 extra
544 2411 751 2444 seminarium
783 2422 843 2455 pro
869 2424 944 2457 qua-

984 243 1075 277 sione
1095 253 1224 277 cessare
1242 241 1368 281 debeat,
1387 241 1425 274 ad
1443 239 1716 282 seminariumque

984 302 1171 337 revertatur,
1196 301 1231 329 ut
1254 296 1338 328 vires
1369 294 1554 337 spirituales
1589 297 1621 325 et
1649 303 1719 326 cor-

985 352 1114 393 porales
1140 350 1172 382 in
1198 360 1236 382 eo
1268 352 1446 382 reassumat
1476 357 1512 379 ac
1537 351 1719 389 recuperet,

986 408 1016 436 et
1041 403 1095 436 alii
1121 403 1159 435 ad
1185 411 1285 445 opus,
1311 402 1350 434 ab
1382 401 1453 444 ipso
1484 400 1648 442 inceptum
1687 403 1719 432 et

985 456 1091 488 forsan
1117 465 1181 488 non
1206 454 1340 494 finitum,
1371 453 1636 496 prosequendum
1665 452 1719 485 de-

985 507 1095 540 stinari
1121 512 1286 551 poterunt.
1306 508 1353 540 Ad
1377 512 1487 550 partes
1511 516 1587 540 vero
1608 505 1720 539 infide-

985 561 1064 594 lium
1090 561 1176 594 solus
1201 560 1390 593 missionum
1415 558 1663 599 commissarius,
1692 558 1718 591 si

985 624 1138 657 praesens
1174 613 1281 653 suerit,
1316 612 1486 656 operarios
1517 612 1718 645 necessarios

985 667 1044 699 sub
1068 667 1171 699 forma
1204 666 1354 709 superius
1386 666 1587 709 praescripta
1624 666 1719 698 desti-

985 729 1063 752 nare
1087 719 1200 758 valeat,
1226 728 1331 761 eoque
1355 719 1498 758 absente,
1524 719 1718 761 guardianus

985 771 1025 804 de
1049 781 1208 803 consensu
1240 770 1371 803 maioris
1402 772 1502 813 partis
1536 771 1719 804 discretorii

984 824 1121 857 idoneos
1156 823 1318 855 ministros
1342 823 1387 856 ire
1414 824 1581 866 cupientes
1605 825 1720 857 eodem

984 877 1081 910 modo
1107 875 1325 909 transmittere
1338 875 1468 909 valebit.
1495 876 1654 909 Praedicti
1675 887 1721 909 su-

983 929 1130 973 periores
1163 929 1332 972 generales
1366 929 1546 972 respective
1586 933 1720 962 tenean-

984 989 1035 1015 tur
1059 993 1117 1026 per
1141 993 1175 1015 se
1199 983 1249 1015 vel
1270 992 1330 1025 per
1346 992 1442 1014 suum
1463 982 1720 1015 commissarium

985 1036 1023 1069 ad
1048 1036 1111 1068 hoc
1127 1035 1313 1079 specialiter
1332 1035 1511 1068 institutum
1531 1035 1563 1068 in
1585 1035 1721 1077 singulis

985 1090 1134 1123 trienniis
1158 1089 1301 1132 praefata
1326 1089 1499 1122 seminaria
1521 1089 1662 1129 visitare,
1689 1094 1722 1122 et

985 1143 1017 1175 in
1042 1143 1176 1185 singulis
1200 1142 1437 1176 visitationibus
1454 1142 1638 1185 inquiratur
1655 1143 1721 1175 sin-

985 1196 1120 1238 gillatim
1159 1196 1198 1229 de
1236 1195 1442 1229 observantia
1470 1195 1720 1238 praemissarum

985 1249 1129 1281 omnium
1155 1248 1432 1289 constitutionum,
1459 1253 1490 1281 et
1514 1249 1668 1289 desectus,
1693 1249 1721 1283 si

986 1301 1039 1344 qui
1065 1301 1196 1341 suerint,
1212 1302 1425 1343 corrigantur,
1447 1307 1478 1334 et
1494 1302 1581 1334 iuxta
1607 1312 1719 1335 eorum

985 1354 1156 1396 qualitates
1180 1355 1282 1397 possit
1302 1355 1453 1397 superior
1470 1354 1539 1397 ipse
1557 1356 1720 1397 generalis

985 1408 1164 1449 procedere
1190 1408 1229 1440 ad
1250 1408 1474 1450 expulsionem
1499 1408 1721 1442 missionario-

986 1470 1055 1492 rum
1069 1465 1101 1493 et
1116 1460 1283 1502 guardiani
1301 1461 1530 1503 privationem:
1553 1461 1719 1504 delegatus

985 1518 1089 1546 autem
1116 1513 1215 1556 ipsius
1240 1514 1342 1556 possit
1366 1520 1488 1547 tantum
1509 1515 1720 1557 guardianum

985 1566 1196 1608 suspendere,
1211 1572 1241 1599 et
1265 1566 1419 1599 adhibitis
1445 1568 1635 1601 necessariis
1656 1578 1720 1601 cor-

985 1618 1184 1651 rectionibus
1218 1620 1418 1662 superiorem
1455 1622 1642 1662 generalem
1679 1622 1719 1655 de

985 1671 1096 1704 maiori
1122 1672 1266 1705 remedio
1291 1673 1487 1715 apponendo
1512 1683 1656 1706 monere.
1683 1674 1721 1706 Et

985 1724 1058 1766 quia
1072 1734 1244 1767 speramus,
1258 1725 1422 1767 quod,Dei
1441 1725 1583 1767 spirante
1605 1727 1718 1768 gratia,

984 1787 1042 1819 per
1067 1777 1127 1809 hos
1152 1777 1199 1809 sui
1224 1777 1312 1810 verbi
1334 1777 1497 1810 ministros
1514 1780 1625 1821 plures
1643 1790 1720 1821 gen-

985 1829 1088 1862 tilium
1113 1830 1225 1873 populi
1244 1831 1283 1863 ad
1303 1830 1399 1864 fidem
1417 1830 1481 1863 sint
1500 1832 1719 1872 convertendi,

984 1894 1121 1926 quorum
1147 1884 1328 1927 neophytos
1346 1884 1377 1916 in
1404 1886 1535 1927 accepta
1560 1884 1622 1917 tide
1647 1895 1720 1918 con-

985 1946 1132 1975 servare,
1157 1936 1269 1980 eisque
1306 1942 1507 1969 sacramenta
1536 1937 1719 1972 ministrare

985 1990 1204 2022 necessarium
1229 1996 1297 2031 est·,
1324 1990 1491 2023 ordinatur
1520 1996 1554 2024 ut
1578 1991 1611 2023 in
1642 2003 1719 2025 con-

984 2043 1085 2075 versis
1111 2043 1240 2085 populis
1273 2043 1371 2086 aliqui
1398 2053 1434 2076 ex
1461 2044 1614 2086 praefatis
1641 2045 1718 2077 mis-

985 2095 1132 2128 siouariis
1157 2095 1195 2127 ad
1231 2095 1397 2139 praedicta
1433 2096 1634 2129 observanda
1666 2107 1720 2130 ne-

985 2148 1115 2182 cessarii
1148 2153 1348 2187 remaneant,
1379 2148 1503 2181 monito
1539 2149 1718 2191 guardiano

984 2202 1157 2242 seminarii,
1183 2207 1215 2235 et
1230 2202 1269 2234 ab
1288 2212 1326 2235 eo
1347 2202 1476 2234 licentia
1500 2202 1641 2242 obtenta,
1663 2204 1718 2246 qui

985 2265 1115 2299 semper
1146 2255 1292 2288 eiusdem
1325 2255 1495 2297 guardiani
1520 2255 1639 2288 subditi
1672 2266 1715 2289 re·

985 2308 1171 2347 manebunt,
1187 2312 1218 2340 et
1242 2307 1311 2340 eius
1336 2307 1538 2347 correctioni,
1553 2313 1589 2340 ut
1613 2319 1718 2351 supra,

985 2360 1135 2394 subiecti.
1173 2360 1337 2394 Manentes
1376 2365 1481 2393 autern
1516 2360 1549 2392 in
1589 2361 1718 2404 oppidis

986 2413 1151 2447 conversis
1170 2423 1235 2445 non
1249 2413 1524 2456 computabuntur
1541 2412 1718 2447 innumero

211 2463 292 2498 libet
328 2463 395 2497 vice
426 2469 602 2504 remaneat,
642 2469 674 2497 et
711 2465 858 2508 quilibet,
885 2467 944 2499 sub
988 2467 1150 2509 assignato
1167 2465 1447 2499 missionariorum
1468 2466 1642 2506 seminarii,
1662 2468 1720 2500 sed

211 2518 314 2560 poena
333 2516 533 2560 expulsionis
549 2517 760 2557 ascminario,
776 2524 946 2564 postquam
988 2530 1098 2554 eorum
1134 2520 1206 2552 loco
1233 2518 1286 2552 alii
1322 2518 1355 2551 in
1391 2519 1562 2552 seminario
1596 2520 1721 2563 possint

212 2569 412 2618 praedictum
439 2575 564 2614 tempus
589 2570 810 2614 insumpserit,
833 2583 850 2605 a
873 2573 947 2606 mis·
988 2572 1101 2617 recipi.
1136 2572 1171 2608 In
1203 2574 1279 2606 cura
1316 2576 1422 2606 autem
1458 2571 1637 2606 animarum
1675 2572 1732 2611 sic„-

302 2632 381 2663 Bull.
402 2633 486 2661 Rom.
503 2649 535 2654 -
554 2634 613 2662 Vol.
636 2633 710 2660 XIX.
854 2635 882 2660 qt

1618 182 1675 215 721
1726 190 1773 216 An,
1795 188 1823 217 C.
1842 188 1909 216 1686
