2111 3157
154 209 202 236 An.
220 208 250 235 c.
271 206 336 235 1688
382 196 445 231 788

174 798 242 818 Causa
262 802 329 819 novae

148 826 285 847 collectionis.

342 257 421 299 gula
455 254 643 298 amplexos,
681 250 799 284 ceteris
834 247 1012 281 sanctitatis
1049 250 1081 279 et

344 308 566 352 religiositatis
593 306 739 348 exemplo
763 303 955 347 praelucere
976 300 1079 340 decet,

342 361 500 405 regimine
530 365 562 393 et
586 357 745 402 gubernio
770 355 904 400 provide
940 353 1081 397 pruden—

343 421 458 458 terque
476 415 557 447 sacta
574 418 668 455 atque
687 410 837 444 ordinata
855 418 926 441 esse
947 416 1082 440 noscun-

343 473 402 507 tur,
439 473 474 500 ut
509 470 676 499 serventur
711 463 854 497 exactius
888 466 920 494 et
942 459 1078 504 perenni

341 520 517 552 stabilitate
534 518 721 562 persistant,
742 513 913 560 apostolici
930 512 1081 545 munimi-

340 573 389 606 nis
414 571 607 616 patrocinio,
635 582 707 604 cum
731 570 763 603 id
788 580 805 602 a
829 568 924 602 nobis
949 566 1079 610 petitur,

339 626 481 659 libenter
516 624 777 663 corroboramus,
812 622 904 661 sicut,
931 619 1080 653 omnibus

339 681 464 711 matura
483 678 719 711 deliberatione
736 674 918 720 perpensis,
943 672 1082 706 salubri-

342 736 392 765 ter
416 732 448 765 in
472 732 610 765 Domino
637 730 790 774 expedire
816 727 1047 771 conspicimus.

386 785 400 828 g
418 784 450 817 1.
470 784 593 828 Exponi
619 783 779 827 siquidem
804 781 898 814 nobis
916 790 1024 823 nuper
1041 779 1082 811 fe-

342 843 457 871 cerunt
473 837 582 871 dilecti
601 837 657 870 filii
675 835 881 869 Innocentius
902 834 992 877 prior
1009 833 1081 866 Car-

343 890 471 924 thusiac
497 890 628 923 maioris
654 887 973 932 Gratianopolitanac
991 886 1081 919 dioe-

343 944 439 984 cesis,
466 943 563 976 totius
587 943 716 976 Ordinis
732 939 970 975 Carthusiensis
992 939 1082 971 mini—

342 1002 409 1029 ster
427 996 599 1039 generalis,
618 1006 653 1028 ac
672 995 858 1028 definitores
876 992 1008 1036 capituli
1027 1002 1082 1034 ge-

341 1051 462 1084 neralis
480 1050 626 1084 eiusdem
640 1048 777 1087 Ordinis,
796 1047 880 1090 quod
906 1046 967 1088 ipsi
990 1045 1082 1087 (alias

342 1104 451 1136 animo
489 1103 692 1136 revolventes
728 1100 924 1133 ineffabilem
956 1098 1080 1131 divinae

341 1156 496 1189 bonitatis
520 1155 731 1194 altitudinem,
751 1164 815 1197 qua
834 1153 951 1185 facturn
977 1156 1026 1184 est
1048 1156 1083 1183 ut

342 1209 428 1242 idem
465 1209 563 1249 Ordo,
603 1219 700 1252 quem
736 1206 871 1240 Romani
908 1204 1082 1238 Pontifices

341 1263 610 1306 praedecessores
643 1261 745 1294 nostri
771 1261 860 1293 velut
889 1259 1024 1292 bonam¹
1049 1257 1081 1290 in

342 1326 419 1359 agro
445 1315 614 1348 militantis
628 1314 792 1347 Ecclesiae
811 1314 941 1345 dextera
954 1310 1081 1344 Domini

342 1370 519 1412 plantatam
556 1378 592 1400 ac
626 1367 746 1399 fructus
784 1367 902 1398 uberes
942 1363 1082 1396 iustitiae

343 1423 462 1465 iugiter
480 1422 714 1465 producentem
731 1419 847 1452 merito
865 1418 1082 1461 appellarunt,

344 1475 501 1518 singulari
526 1476 623 1517 plane
641 1472 865 1516 praerogativa
890 1471 928 1503 ad
946 1471 1009 1503 hoc
1033 1480 1085 1502 us-

344 1539 406 1571 que
432 1527 605 1571 septimum
631 1538 649 1559 a
673 1525 863 1558 fundatione
897 1526 953 1556 sua
979 1533 1084 1555 saecu-

343 1582 410 1614 lum
440 1581 471 1614 in
497 1590 555 1612 suo
582 1579 745 1622 primaevo
778 1578 927 1610 instituto
960 1577 1083 1619 absque

344 1635 410 1667 ulla
435 1632 676 1666 reformationis
701 1631 895 1664 necessitate
924 1640 1081 1673 perseve-

344 1687 488 1729 raverit),
509 1692 571 1718 tam
598 1685 786 1727 ingentibus
806 1683 961 1717 Altissimi
986 1684 1086 1716 bene-

346 1741 426 1774 ficiis
446 1739 604 1779 obstricti,
622 1739 761 1781 aliquam
779 1738 916 1771 Domino
942 1747 1000 1780 pro
1019 1747 1086 1769 om-

347 1794 453 1829 nibus.
480 1804 562 1836 quae
588 1793 627 1825 iis
648 1792 812 1830 retribuit,
839 1790 1086 1823 retributionem

348 1846 527 1886 reddituri,
564 1844 897 1889 quamexactissimam
930 1842 1087 1886 regularis

349 1900 540 1943 disciplinae
559 1898 797 1932 observantiam
820 1896 967 1930 sollicitis
987 1896 1089 1938 magis

350 1953 465 1986 studiis
490 1953 651 1986 custodire
678 1953 911 1990 decreverunt;
932 1951 1088 1993 adeoque,

351 2008 437 2040 iuxta
477 2006 717 2039 ordinationem
754 2015 838 2038 anno
878 2014 1037 2037 MDCLxxix
1073 2014 1090 2034 a

352 2060 494 2103 capitulo
513 2059 659 2102 generali
688 2057 818 2091 Ordinis
844 2056 980 2100 praefati
1005 2066 1090 2088 ema-

353 2119 473 2152 natam,
506 2123 619 2145 novam
651 2117 844 2144 statutorum
877 2121 937 2153 pro
968 2108 1090 2142 salubri

355 2167 499 2199 ciusdem
519 2165 649 2198 Ordinis
676 2166 809 2198 fratrum
835 2164 867 2196 in
893 2163 942 2196 via
966 2163 1094 2196 manda-

356 2225 459 2252 torum
486 2219 612 2252 Domini
640 2218 820 2251 directione
846 2217 1008 2250 editorum
1028 2216 1095 2247 col-

357 2273 542 2309 lectionem,
575 2273 673 2313 longo
707 2271 818 2304 labore
856 2281 891 2303 ac
928 2269 1095 2311 diligentia

358 2326 542 2367 perfectam,
568 2324 735 2356 Correiiae
756 2323 840 2366 apud
874 2323 990 2355 dictam
1022 2321 1117 2353 Car-¹

361 2378 496 2409 tliusiain
529 2378 684 2409 maiorem
717 2388 801 2409 anno
826 2385 984 2409 MDCLxxxt
1010 2374 1118 2417 typisx

361 2432 504 2470 evulgari
531 2436 695 2468 curarunt,
717 2430 849 2472 antiqua
875 2430 906 2461 in
929 2431 965 2461 ea
989 2418 1118 2471 Operis}

584 2484 724 2515 ,sorunda
765 2484 905 2515 editione
942 2482 1097 2514 maiorum

363 2546 492 2568 suorum
520 2537 650 2573 vestig-*ia
677 2542 930 2578 [ua-siquidum,
957 2535 1010 2578 qui
1036 2534 1101 2578 pri-

361 2484 545 2516 huiusmodi

400 2600 410 2624 1
434 2598 511 2625 Deest
531 2599 724 2625 subsannium
744 2601 782 2634 (n.
799 2606 847 2634 T.).

928 196 1107 223 nULLARnJM
1131 193 1282 220 ROMANUM

1121 244 1181 277 mis
1211 243 1339 277 statutis
1372 252 1424 276 eas
1460 241 1682 276 ordinationes
1706 247 1739 276 et
1761 242 1861 275 inter-

1121 298 1324 342 pretationes
1353 297 1581 337 adiunxerant,
1613 306 1696 340 quae
1728 295 1792 330 illis
1821 296 1861 330 ad

1121 352 1243 385 veteris
1269 351 1406 385 instituti
1421 350 1702 385 conservationem
1728 355 1761 384 et
1784 351 1846 384 abu

1123 415 1218 437 suum
1251 414 1287 437 ex
1313 405 1455 437 humana
1478 403 1666 437 infirmitate
1690 411 1863 447 erumpen-

1124 457 1202 491 tium
1227 457 1487 501 extirpationem,
1514 466 1642 490 necnon
1668 457 1707 490 ad
1731 466 1863 500 praeca-

1121 511 1242 544 vendas
1257 510 1473 545 relaxationes
1494 510 1676 543 conducere
1694 510 1781 544 visae
1797 510 1862 544 sue-

1124 569 1219 597 runt:
1241 568 1273 596 et
1306 573 1383 596 sane
1417 573 1499 605 opus
1524 563 1622 602 istud,
1649 563 1689 596 ab
1713 563 1864 596 omnibus

1123 617 1189 649 sere
1214 616 1356 649 universi
1380 615 1509 649 Ordinis
1533 615 1710 658 provinciis
1740 620 1772 649 et
1804 615 1864 650 do-

1123 669 1228 702 mibus
1254 668 1458 711 regularibus
1483 668 1515 700 in
1540 667 1655 712 spiritu
1673 668 1865 702 humilitatis

1123 728 1155 756 et
1194 721 1400 755 obedientiae
1437 720 1571 764 pacifice
1608 727 1640 753 et
1674 726 1866 754 reverenter

1124 776 1182 819 (ut
1206 775 1381 818 asseritur)
1403 774 1590 814 admissum,
1614 783 1792 817 paucorum
1817 783 1866 807 so-

1123 828 1288 865 lummodo
1310 827 1461 871 querelis,
1481 827 1535 870 qui
1556 826 1734 871 praecipue
1752 827 1866 861 adver-

1123 892 1176 915 sus
1223 881 1447 915 ordinationes
1495 886 1526 913 et
1574 879 1863 924 interpretationes

1123 935 1283 978 praefatas
1304 935 1538 974 reclamarunt,
1558 931 1751 976 exceptum¹
1773 933 1843 966 fuit.

1168 989 1182 1030 ἓ
1213 987 1243 1020 2.
1279 987 1356 1020 Cum
1382 992 1498 1025 autem,
1518 986 1600 1019 sicut
1625 986 1739 1019 eadem
1764 996 1864 1029 expo-

1124 1040 1198 1073 sitio
1223 1040 1454 1082 subiungebat,
1490 1039 1637 1082 praefata
1668 1043 1863 1072 statutorum

1124 1093 1285 1132 collectio,
1309 1098 1343 1124 ut
1368 1102 1463 1135 supra
1488 1091 1583 1131 edita,
1601 1100 1660 1134 per
1683 1090 1865 1134 Congrega-

1125 1147 1245 1180 tionem
1282 1146 1513 1178 nonnullorum
1549 1154 1586 1177 ex
1624 1144 1865 1178 venerabilibus

1125 1200 1276 1232 fratribus
1301 1198 1423 1231 nostris
1448 1197 1479 1230 S.
1507 1197 1544 1230 Ρι.
1572 1197 1607 1230 Ε.
1630 1197 1863 1236 cardinalibus,

1124 1264 1207 1297 quos
1234 1263 1334 1295 super
1360 1252 1422 1284 hoc
1446 1251 1594 1294 negocio,
1611 1251 1696 1285 dicto
1712 1251 1866 1285 Innocen-

1126 1307 1170 1340 tio
1195 1307 1303 1350 priore
1329 1311 1360 1338 et
1393 1305 1544 1338 ministro
1575 1305 1722 1347 generali
1748 1316 1786 1338 ac
1810 1305 1867 1338 de-

1126 1359 1310 1392 finitoribus
1336 1358 1487 1401 praefatis
1512 1357 1718 1401 potissimum
1743 1357 1867 1391 instan-

1127 1413 1221 1451 tibus,
1240 1412 1278 1444 ad
1300 1421 1522 1455 quascumque
1541 1410 1763 1444 dissensiones
1788 1410 1866 1444 diri-

1126 1466 1267 1505 mendas,
1288 1475 1370 1508 quae
1390 1465 1475 1497 inter
1491 1464 1576 1497 viros
1594 1464 1758 1497 solitariae
1782 1464 1866 1497 vitae

1126 1519 1329 1561 professores
1356 1518 1514 1550 fraternae
1540 1517 1710 1550 charitatis
1745 1516 1868 1558 sereni-

1127 1577 1236 1611 tatem,
1258 1570 1509 1613 religiosamque
1529 1569 1797 1613 tranquillitatem
1815 1570 1868 1603 ob-

1127 1625 1275 1657 nubilare
1300 1623 1497 1666 potuissent,
1522 1623 1710 1666 specialiter
1734 1623 1869 1666 deputa-

1127 1678 1238 1717 vimus,
1265 1677 1440 1720 diligenter
1465 1687 1501 1709 ac
1526 1677 1640 1710 sedulo
1666 1677 1781 1716 revisa,
1803 1676 1868 1709 imo

1129 1730 1467 1764 etcontradictoribus
1493 1730 1609 1763 auditis
1634 1729 1792 1770 discussa,
1818 1740 1866 1770 ac,

1129 1785 1182 1817 ubi
1202 1795 1282 1827 opus
1300 1794 1368 1816 esse
1389 1784 1489 1816 visum
1502 1788 1561 1822 est,
1575 1782 1868 1826 opportuneetiam

1129 1843 1275 1871 correcta
1299 1842 1332 1869 et
1356 1837 1528 1869 emendata
1553 1836 1653 1869 fuerit.
1676 1837 1709 1869 in
1734 1834 1870 1869 volumi-

1131 1903 1170 1925 ne
1198 1891 1321 1924 tcnoris
1347 1890 1400 1934 qui
1427 1889 1584 1933 sequitur,
1610 1889 1788 1923 videlicet:

1131 1973 1212 1999 Nova
1233 1970 1371 1999 collectio
1392 1972 1576 1997 statutorum
1604 1969 1721 1996 Ordinis
1748 1968 1871 1996 carthu-

1168 2016 1298 2047 siensis,
1319 2023 1371 2048 ea,
1401 2021 1476 2047 quae
1501 2014 1532 2040 in
1560 2014 1694 2048 antiquis
1724 2016 1756 2041 et
1781 2014 1871 2041 novis

1169 2061 1296 2088 statutis
1322 2068 1355 2087 ac
1379 2058 1472 2087 tertia
1499 2059 1709 2092 compilatione
1734 2058 1872 2091 dispersa

1169 2109 1199 2133 et
1214 2105 1338 2132 confusa
1353 2104 1552 2137 habebantur,
1564 2103 1654 2130 simul
1665 2102 1803 2130 ordinate
1814 2101 1873 2129 dise

1169 2152 1267 2184 posita
1288 2151 1502 2183 complectens.

1136 2213 1281 2244 Ordinatio
1296 2211 1411 2250 capituli
1424 2210 1562 2249 generatis
1582 2211 1649 2239 anni
1668 2218 1823 2239 MDcnxxxx
1842 2209 1874 2239 in

1177 2262 1274 2291 mator-2
1292 2261 1439 2289 (i'aztlmsia
1461 2259 1588 2288 celebrati
1606 2268 1658 2297 pro
1679 2258 1798 2288 secunda
1817 2257 1874 2287 edi-

1176 2313 1247 2340 tione
1272 2311 1407 2339 secundae
1428 2312 1453 2337 et
1475 2310 1572 2337 tertiae
1597 2307 1687 2346 partis
1711 2310 1875 2336 statutorum

1177 2360 1313 2399 sarienda.
1700 2365 1703 2368 ’

1189 2439 1200 2457 α
1219 2426 1297 2464 Quia
1315 2425 1434 2468 ubique
1448 2423 1607 2457 maiorum
1617 2427 1809 2456 statutorum
1823 2431 1877 2465 pe·

1141 2480 1233 2511 nuria
1255 2480 1451 2518 latmi-amus,
1478 2477 1664 2510 ordinamus
1690 2481 1725 2508 ut
1747 2475 1877 2508 illorum

1141 2534 1188 2565 fiat
1218 2533 1359 2564 secunda
1384 2537 1415 2563 et
1440 2542 1520 2563 nora
1536 2530 1646 2568 editio,
1666 2529 1754 2561 iuxta
1771 2538 1879 2561 exem-

1179 2597 1186 2621 1
1212 2594 1282 2621 Edit.
1304 2594 1385 2621 Maio.
1407 2594 1471 2628 legit
1489 2595 1656 2627 excerptum
1672 2593 1710 2626 (R.
1725 2591 1775 2620 T.)-

1869 191 1919 220 An.
1939 191 1968 221 G.
1979 190 2050 224 ime

1925 991 1955 1012 Ad
1969 996 2056 1013 examen

1873 1020 1972 1039 revocata
1987 1018 2025 1038 suit
2041 1023 2055 1039 ι

1873 1044 1996 1070 particulari
2003 1043 2056 1065 Gon-

1874 1071 1995 1096 gregationo
2010 1075 2057 1093 ear·

1875 1097 1984 1121 dinalium.
