2111 3157
24 210 74 238 An.
93 209 121 237 C.
141 209 208 237 ¹680

211 259 389 298 communis,
413 263 442 290 et
467 261 497 291 in
526 265 607 300 parte
627 262 746 292 claustri
768 262 842 291 circa
865 261 940 300 capi-

211 306 304 337 tulum
318 317 333 337 a
351 309 479 347 praelato
500 309 736 348 praescribenda,
752 319 867 348 semper
882 317 941 338 ser-

212 359 293 385 vetur
313 356 472 392 silentium,
488 357 545 388 nisi
562 358 592 387 in
614 357 698 387 dictis
720 357 790 387 locis
812 360 942 395 oporteat

211 402 306 443 aliqua
327 403 455 435 breviter
476 405 568 444 loqui,
591 410 620 435 et
640 404 786 434 submissa
808 413 887 433 voce.

231 463 328 494 CAPUT
349 464 419 495 LIII.
442 482 480 488 -
500 465 540 494 De
561 465 708 504 hospitibus
729 465 921 503 suscipiendis.

79 530 203 556 aecipiendi

255 520 370 554 Omnes
394 522 657 565 supervenientes
683 522 839 564 hospites,
865 526 943 553 tam-

23 559 80 614 ἓξὲξ,
103 557 202 605 iiiiifs'r'iei
214 584 308 617 quam
338 574 481 607 Christus
511 575 746 617 suscipiantur,
771 573 845 616 quia
874 573 943 616 ipse

23 610 127 657 3:³53&
137 611 157 629 ⁰²
166 609 203 629 Μ’
215 627 358 660 dicturus
382 631 447 659 est:
470 626 590 669 Hospes
613 627 682 669 fui,
709 630 737 658 ec
760 625 943 668 suscepistis

214 689 274 711 me.
300 678 338 711 Et
360 679 510 711 omnibus
534 688 699 721 congruus
724 679 832 711 honor
856 679 944 711 exhi-

214 731 338 771 beatur,
363 731 501 764 maxime
527 736 633 763 tamen
658 730 844 763 domesticis
870 730 943 763 fidei

215 787 248 815 et
278 782 473 826 peregrinis.
512 783 558 825 (b)
594 782 633 815 Ut
662 792 740 826 ergo
774 782 943 815 nunciatus

215 835 313 868 suerit
345 835 485 878 hospes,
511 840 699 868 occurratur
729 835 757 868 ei
789 845 806 867 a
834 835 942 878 priore

214 888 264 920 vel
290 898 307 920 a
331 887 484 920 fratribus
509 897 579 920 cum
597 887 686 920 omni
711 887 818 920 officio
842 888 942 920 chari-

216 940 303 980 tatis,
330 945 362 973 et
384 940 535 983 primitus
561 945 656 973 orent
681 940 820 982 pariter,
846 945 877 972 et
900 940 944 972 sic

213 993 275 1025 sibi
294 993 458 1026 socientur
474 993 507 1025 in
527 1003 618 1036 pace.
641 992 731 1030 Quod
749 992 837 1035 pacis
858 1003 945 1025 oscu-

214 1046 280 1079 lum
303 1055 370 1078 non
394 1045 483 1088 prius
508 1044 680 1084 offeratur,
705 1045 766 1077 nisi
797 1046 944 1078 oratione

213 1097 400 1140 praemissa,
420 1103 554 1141 propter
570 1097 737 1131 illusiones
756 1098 942 1131 diabolicas.

214 1149 247 1182 In
281 1149 351 1192 ipsa
380 1155 487 1182 autem
511 1149 702 1182 salutatione
727 1150 832 1182 omnis
856 1149 946 1182 exhi-

214 1202 329 1234 beatur
353 1202 527 1235 humilitas.
562 1201 716 1235 Omnibus
742 1202 946 1235 venientibus

215 1254 280 1287 sive
306 1253 546 1287 discedentibus
570 1254 767 1297 hospitibus,
791 1254 945 1287 inclinato

215 1305 340 1349 capite,
364 1307 413 1339 vel
442 1310 604 1349 prostrato
635 1306 722 1338 omni
752 1316 889 1349 corpore
914 1306 945 1338 in

216 1360 314 1400 terra,
342 1359 384 1402 (c)
409 1358 554 1392 Christus
578 1358 612 1392 in
636 1358 682 1392 eis
706 1359 868 1399 adoretur,
894 1360 946 1402 qui

217 1417 249 1444 et
272 1411 455 1455 suscipitur.

26 1467 108 1516 mengff
129 1473 207 1519 „5⁰35ae
259 1463 406 1507 Suscepti
430 1469 537 1497 autem
561 1463 707 1507 hospites
727 1465 885 1498 ducantur
909 1465 946 1497 ad

26 1519 74 1540 dum
89 1520 176 1541 mione·
218 1516 410 1556 orationem,
421 1522 452 1549 et
465 1521 575 1559 postea
589 1517 697 1549 sedeat
708 1528 779 1549 eum
790 1517 836 1550 eis
850 1517 948 1561 prior,

219 1574 275 1601 aut
297 1568 350 1601 cui
374 1568 502 1602 iusserit
520 1569 601 1611 ipse.
622 1569 670 1611 (tl)
688 1569 824 1611 Legatur
841 1580 948 1602 coram

219 1620 349 1663 hospite
381 1621 429 1653 lex
467 1620 592 1660 divina,
618 1626 653 1652 ut
684 1621 890 1654 aedificetur:
917 1627 948 1654 et

219 1673 399 1716 posthaec
431 1674 534 1706 omnis
565 1673 593 1706 ei
624 1674 815 1706 exhibeatur
839 1675 951 1707 huma-

244 1726 250 1731 ·
377 1726 382 1730 ·
434 1725 440 1730 ·
596 1726 601 1731 ·
635 1737 641 1742 .
703 1737 715 1743 ..
754 1737 781 1750 w
838 1726 858 1744 ,⁴
909 1738 972 1752 .-μ

219 1731 314 1758 unas*
341 1725 496 1758 lelumum
514 1736 530 1758 a
554 1736 661 1768 Immo
680 1727 837 1768 shmD‘um
877 1738 934 1770 plo
969 1762 1191 1792 ,difficultatem
1213 1768 1295 1800 gerat
1320 1764 1497 1803 adimplendi
1524 1765 1621 1794 onmia
1651 1774 1726 1804 quae

219 1784 291 1821 pter
311 1779 481 1821 hospitem,
504 1778 564 1810 nisi
590 1779 670 1811 sorte
695 1779 888 1822 praecipuus
911 1781 951 1812 sit

219 1831 274 1863 ille
299 1830 366 1863 dies
391 1830 513 1870 ieiunii,
537 1831 591 1873 qui
614 1841 677 1862 non
698 1831 800 1873 possit
824 1832 947 1864 violari.

218 1882 347 1915 Fratres
365 1888 472 1915 autem
488 1883 737 1916 consuetudines
758 1883 950 1917 ieiuniorum

219 1939 470 1978 prosequantur.
498 1935 588 1978 Aqua
618 1935 650 1967 in
682 1936 829 1969 manibus
854 1937 950 1970 abbas

220 1987 401 2030 hospitibus
430 1987 504 2020 det:
543 1987 598 2030 (e)
634 1989 734 2030 pedes
770 1989 951 2032 hospitibus

219 2041 369 2074 omnibus
403 2045 468 2073 tam
493 2041 590 2073 abbas
616 2052 711 2084 quam
735 2048 849 2075 cuncta
877 2054 952 2076 con-

220 2093 366 2135 gregatio
391 2093 491 2125 lavet:
519 2093 636 2135 quibus
661 2094 746 2134 lotis,
771 2094 858 2127 hunc
883 2105 951 2127 ver-

219 2156 288 2178 sum
313 2145 437 2178 dicant:
462 2144 679 2187 Suscepz'mus,
705 2146 800 2188 Deus,
827 2148 952 2180 miseri-

220 2198 364 2231 cordiam
401 2202 491 2230 luam
529 2199 566 2230 in
603 2198 708 2231 wiedio
744 2200 853 2242 templi
888 2201 948 2234 liti.

221 2250 399 2293 Pauperum
424 2255 531 2283 autem
556 2256 588 2283 et
617 2252 862 2293 peregrinorum
886 2263 973 2286 mii-⁴

220 2303 304 2336 xime
340 2302 504 2345 susceptio
529 2303 615 2335 omni
640 2306 716 2336 cura
740 2304 877 2338 sollicite
902 2316 952 2338 ex-

221 2355 387 2395 hibeatur,
413 2355 488 2398 quia
518 2354 550 2387 in
581 2355 658 2398 ipsis
684 2356 785 2398 magis
808 2356 952 2390 Christus

221 2407 412 2450 suscipitur;
432 2417 505 2440 nam
526 2407 659 2440 divitum
676 2411 780 2441 terror
803 2408 874 2451 ipse
891 2409 951 2442 sibi

221 2459 320 2502 exigit
342 2460 514 2493 honorem.

257 2575 268 2601 1
291 2573 362 2601 Edit.
383 2575 464 2603 Μαίη.
486 2575 550 2611 legit
567 2576 717 2612 sianqalur
737 2576 774 2613 (R.
789 2578 838 2612 L).

789 213 998 238 INNOCENTIUS
1019 214 1048 237 xl
1073 214 1121 237 1³1³.

1609 204 1673 238 319
1719 212 1814 239 Aac.
1839 214 1905 241 isso

1023 261 1167 304 Coquina
1195 261 1320 294 abbatis
1350 265 1381 293 et
1406 260 1571 303 hospitum
1595 270 1653 303 per
1676 270 1709 293 se
1749 274 1798 303 mm
1822 275 1848 295 aa
1870 282 1905 295 ω.

981 313 1040 354 sit,
1066 319 1099 345 ut
1128 314 1161 346 in
1197 314 1291 346 certis
1326 314 1416 346 horis
1446 304 1905 356 s11pe1·venientes2}¹1'1⁰a³52082311'3'1

983 366 1140 409 hospites,
1157 366 1210 409 qui
1228 376 1393 409 nunquam
1419 365 1536 398 desunt
1559 359 1763 398 monaste-'¹⁰'

983 418 1054 458 rio,
1081 428 1147 450 non
1179 417 1363 460 inquietent
1392 418 1517 450 fratres.
1549 417 1584 449 In
1619 426 1714 460 quam

984 470 1155 512 coquinam
1190 470 1413 511 ingrediantur
1443 470 1506 502 duo
1535 469 1650 502 fratres
1675 469 1715 502 ad

984 532 1123 561 annum,
1149 522 1203 564 qui
1233 522 1340 565 ipsum
1371 522 1512 555 officium
1542 522 1626 555 bene
1658 521 1716 554 im-

984 574 1106 616 pleant.
1133 573 1261 613 Quibus,
1280 579 1316 606 ut
1335 574 1496 616 indigent,
1522 574 1638 607 solatia
1662 573 1717 606 ad·

985 625 1229 665 ministrentur,
1255 630 1291 657 ut
1315 626 1438 668 absque
1462 627 1716 660 murmuratione

984 676 1134 709 serviant.
1160 676 1198 708 Et
1223 677 1351 716 iterum,
1379 678 1508 720 quando
1532 679 1718 721 occupatio-

985 739 1059 762 nem
1084 729 1242 761 minorem
1267 729 1406 769 habent,
1433 735 1563 770 exeant,
1589 731 1644 763 ubi
1669 731 1716 763 eis

985 781 1175 825 imperatur,
1207 781 1240 813 in
1264 791 1383 824 opera·,
1410 786 1442 814 et
1465 791 1531 814 non
1555 783 1657 815 solum
1685 782 1717 815 in

985 835 1086 877 ipsis,
1114 834 1169 867 sed
1195 838 1226 866 et
1258 834 1290 866 in
1322 834 1473 866 omnihus
1505 834 1619 867 officiis
1650 845 1719 868 mo-

986 887 1119 919 nasterii
1136 887 1196 919 ista
1215 887 1257 919 sit
1273 886 1505 928 consideratio,
1526 892 1571 927 ut,
1589 889 1718 931 quando

986 939 1140 982 indigent,
1165 940 1282 972 solatia
1306 940 1586 973 accommodentur
1611 940 1667 981 eis,
1689 946 1720 974 et

986 992 1111 1033 iterum,
1130 992 1260 1034 quando
1285 997 1413 1032 vacant,
1440 992 1595 1025 obediant
1617 993 1720 1036 impe-

987 1044 1082 1077 ranti.
1110 1044 1189 1076 Item
1215 1049 1247 1076 et
1271 1045 1384 1077 cellam
1415 1045 1579 1087 hospitum
1604 1045 1722 1078 habeat

987 1097 1178 1139 assignatam
1213 1097 1311 1130 frater
1343 1098 1433 1130 cuius
1458 1097 1598 1130 animam
1624 1098 1721 1131 timor

987 1149 1042 1182 Dei
1066 1149 1243 1192 possideat,
1270 1149 1324 1182 ubi
1353 1150 1418 1182 sint
1440 1150 1516 1183 lecti
1541 1150 1632 1183 strati
1656 1150 1721 1182 sus-

987 1201 1152 1242 ficienter‚
1178 1207 1209 1234 et
1242 1202 1354 1235 domus
1386 1202 1443 1235 Dei
1479 1212 1496 1234 a
1520 1201 1721 1245 sapientibus

988 1254 1152 1297 sapienter
1176 1254 1430 1286 administretur.
1456 1254 1644 1297 llospitibus
1668 1264 1723 1286 au-

989 1311 1063 1345 tem,
1081 1305 1129 1337 cui
1155 1315 1220 1338 non
1244 1306 1450 1348 praecipitur,
1470 1307 1654 1339 nullatenus
1671 1316 1724 1339 so-

989 1358 1092 1391 cietur
1115 1368 1221 1401 neque
1247 1359 1469 1401 colloqiiatur;
1488 1358 1545 1391 sed
1565 1359 1591 1391 si
1614 1359 1723 1392 obvia-

990 1410 1102 1450 verint,
1120 1415 1176 1442 aut
1194 1409 1347 1449 viderint,
1372 1410 1516 1443 salutatis
1541 1410 1721 1451 humiliter,

989 1467 1023 1494 ut
1047 1462 1164 1495 dictum
1189 1467 1239 1494 est
1254 1489 1262 1501 ‚
1289 1466 1320 1495 et
1343 1462 1445 1505 petita
1469 1462 1696 1495 benedictione
1712 1489 1720 1503 ,

990 1519 1202 1557 pertranseat,
1227 1514 1348 1554 dicens,
1373 1514 1434 1546 sibi
1455 1524 1521 1548 non
1544 1514 1645 1548 licere
1662 1515 1723 1548 col-

991 1567 1079 1609 loqui
1104 1577 1176 1599 cum
1202 1567 1347 1609 hospite.

1259 1627 1453 1648 DEGLARATiO.

1031 1667 1070 1703 (α)
1094 1676 1113 1696 i.
1146 1666 1374 1705 Suprswenientes
1395 1677 1484 1696 omnes
1506 1668 1632 1707 hospites.
1665 1668 1725 1698 Etsi

992 1715 1138 1744 modernis
1169 1714 1348 1753 temporibus
1383 1716 1546 1755 frequentia
1578 1716 1725 1756 hospitum

992 1815 1086 1841 textus
1102 1811 1218 1849 regulae
1234 1812 1420 1850 praescribit,
1443 1812 1542 1842 habita
1558 1817 1653 1844 tamen
1668 1813 1727 1843 dis-

991 1860 1120 1889 cretione
1141 1864 1169 1889 et
1195 1864 1357 1898 temporum
1385 1864 1414 1890 et
1443 1870 1632 1900 personarum
1660 1871 1727 1891 con-

991 1908 1187 1946 sideratione,
1216 1908 1300 1938 facile
1335 1908 1439 1938 saltem
1476 1909 1592 1940 utiliora
1625 1910 1727 1949 imple-

992 1957 1108 1987 buntur.

1031 2006 1070 2043 (b)
1093 2014 1122 2034 11.
1147 2004 1198 2035 Ubi·
1219 2005 1365 2034 nunciatus
1391 2006 1478 2042 fuerit
1504 2006 1606 2045 hospes.
1633 2005 1728 2037 Ostia-

992 2053 1069 2088 rius,
1094 2052 1154 2082 viso
1177 2052 1309 2091 hospite,
1333 2052 1411 2081 iuxta
1439 2053 1606 2092 qualitatem
1629 2063 1728 2093 perso-

992 2111 1046 2131 nae
1068 2105 1095 2131 et
1118 2106 1280 2140 temporum
1302 2101 1510 2138 conditionem,
1528 2106 1577 2132 aut
1595 2108 1728 2142 expecta-

970 2175 973 2191 ,
992 2160 1023 2179 re
1045 2159 1112 2179 eum
1136 2150 1232 2187 saciat,
1249 2153 1299 2179 aut
1322 2149 1400 2179 intra
1424 2151 1633 2181 monasterium
1654 2153 1729 2182 reci-

993 2198 1062 2237 piat,
1080 2202 1238 2237 notumque
1260 2198 1346 2227 faeiat
1367 2198 1530 2237 superiori;
1548 2200 1610 2239 qui,
1627 2200 1729 2231 habita.

993 2246 1105 2276 ratione
1128 2255 1278 2284 personae,
1302 2246 1346 2275 vel
1370 2255 1420 2285 per
1441 2255 1472 2276 se
1486 2246 1595 2286 ipsum,
1613 2248 1658 2278 vel
1677 2257 1729 2288 per

993 2303 1083 2323 unum
1099 2303 1133 2323 ex
1149 2293 1362 2333 superioribus,
1380 2298 1430 2324 aut
1451 2294 1594 2331 ostiarios
1611 2305 1663 2327 seu
1679 2306 1729 2328 cu-

993 2352 1055 2372 ram
1077 2342 1222 2381 hospitum
1245 2342 1404 2380 habentes,
1428 2348 1575 2382 occurrat,
1603 2354 1729 2386 eumque

992 2392 1027 2421 ad
1046 2391 1207 2421 orationem
1229 2395 1257 2421 et
1279 2391 1357 2430 pacis
1379 2393 1521 2431 osculum,
1545 2394 1580 2423 ea
1605 2394 1730 2424 submis-

992 2437 1074 2467 sione
1096 2441 1123 2466 et
1138 2436 1314 2475 reverentia,
1331 2446 1419 2477 quam
1434 2438 1570 2477 dignitati
1588 2449 1729 2479 personae

993 2482 1147 2512 convenire
1170 2482 1335 2521 censuerit,
1363 2483 1496 2523 recipiat.
1525 2484 1603 2521 Quae
1632 2487 1729 2516 omnia

993 2533 1024 2558 ut
1045 2528 1157 2558 valeant
1187 2528 1366 2559 commodius
1388 2529 1472 2569 fieri,
1496 2531 1534 2561 sit
1565 2532 1705 2563 sacellum
1719 2556 1728 2570 ‚

993 2574 1086 2614 quoad
1109 2574 1172 2605 lieri
1194 2578 1297 2615 potest,
1315 2575 1393 2606 iuxta
1416 2581 1528 2616 portam
1550 2579 1728 2615 monasterii,
