2111 3157
140 230 189 258 Aa.
208 230 237 258 C.
258 230 321 260 1677

156 398 205 418 lium
216 400 234 417 ut
246 401 292 418 acta
303 399 321 419 in

139 426 259 444 niitliuiiiira
283 426 322 444 Ior-

138 458 169 470 iii.i
185 454 320 472 tiaiisiiiittal.

136 872 246 892 Ulistliritia
259 873 319 893 tottii.

368 218 411 256 44

333 292 391 325 pei·
415 283 552 325 negocio
569 282 662 317 vere¹
681 281 855 327 temporali
877 286 908 316 et
933 282 1069 327 profano

334 341 513 369 vertuntur.

377 390 391 432 ἓ
423 389 454 422 32.
487 389 635 423 Ceterum
669 391 817 423 volumus
851 393 886 422 ut
915 388 1070 422 informa-

333 442 436 475 tiones
461 448 492 476 et
516 453 696 485 processus,
713 453 791 485 quas
812 447 842 475 et
860 452 942 486 quos
958 442 1069 485 vigore

332 495 549 538 praesentium
577 495 702 538 ceperis
728 500 760 527 et
783 494 985 535 confeceris,
1013 504 1069 527 seu

331 558 470 591 persona
486 560 503 581 a
522 553 551 580 te
570 547 791 581 substituenda
805 547 929 591 ceperit
947 552 978 580 et
994 558 1070 580 con-

332 601 455 641 fecerit,
483 601 515 633 in
540 601 643 633 fornia
663 600 849 633 authentica
873 600 932 632 sub
957 608 1012 632 tuo
1029 599 1069 631 si-

331 655 410 696 gillo
434 654 569 696 [clausas
603 659 635 686 et
667 655 794 687 clausos
810 681 817 694 ‚
849 654 888 686 ad
913 663 972 686 nos
997 658 1067 685 tuto

331 707 545 747 transmittas,
563 713 605 746 ut,
627 707 713 750 quod
739 707 771 739 in
795 706 982 750 praemissis
1007 711 1068 738 sta-

330 760 488 793 tuendum
528 760 643 800 suerit,
676 762 801 792 matura
830 760 1066 793 deliberatione

330 812 477 846 adhibita
502 813 725 845 decernamus.

374 866 388 908 ἓ
413 865 445 899 3.
472 865 542 898 Non
568 865 773 898 obstantibus
796 864 899 898 felicis
916 864 1068 898 recorda-

330 918 427 952 tionis
459 918 617 951 Bonisaeii
649 918 753 960 Papae
777 918 841 950 viii
874 917 1067 961 praedeces-

329 971 413 1004 soris
438 972 477 1004 de
502 974 585 1011 una,
619 976 652 1003 et
676 970 805 1003 concilii
838 970 1001 1012 generalis
1026 970 1064 1002 de

329 1024 452 1056 duabus
479 1023 584 1064 dietis,
613 1023 787 1055 dummodo
813 1023 897 1055 ultra
921 1027 986 1055 tres
1004 1022 1066 1054 die-

330 1081 377 1108 tas
414 1076 533 1119 aliquis
567 1076 759 1108 auctoritate
784 1074 1007 1118 praesentium
1033 1074 1065 1106 in

328 1129 485 1162 iudicium
511 1139 576 1161 non
603 1129 760 1168 trahatur,
787 1128 923 1171 aliisque
948 1127 1067 1160 consti-

328 1182 507 1215 tiitionibiis
533 1187 564 1214 et
584 1181 845 1215 ordinationibus
866 1181 1065 1224 apostoliciS,

328 1245 466 1275 necnon,
478 1240 635 1277 quatenus
652 1245 733 1277 opus
746 1234 795 1275 sit,
806 1234 1066 1277 supradictarum

329 1293 498 1327 terrarum,
514 1287 611 1320 etiam
636 1287 831 1327 iuramento,
849 1276 1068 1319 confirmatio-

329 1350 369 1372 ne
395 1340 585 1383 apostolIea,
612 1341 661 1372 vel
687 1340 798 1382 quavis
830 1339 980 1372 firmitate
1006 1339 1067 1371 alia

328 1392 500 1431 roboratis,
533 1393 663 1425 statutis
692 1398 722 1425 et
756 1392 1065 1430 consuetudinibus,

329 1446 510 1488 privilegiis
540 1457 686 1489 quoquc,
714 1446 847 1479 indultis
884 1451 916 1478 et
949 1445 1067 1478 litteris

329 1499 517 1542 apostolicis
543 1499 574 1531 in
593 1499 792 1532 contrarium
817 1498 1067 1541 praemissorum

329 1552 578 1594 quomodolibet
607 1551 785 1592 coiicessiS,
811 1551 1008 1584 confirmatis
1037 1559 1068 1584 et

329 1604 506 1645 innovatis,
534 1604 649 1647 quibus
678 1605 829 1638 omnibus
855 1610 885 1637 et
910 1604 1067 1646 singulis,

329 1657 461 1690 illorum
488 1663 617 1690 tenores
641 1657 869 1701 praesentibus
889 1668 947 1700 pro
972 1658 1067 1699 plene

330 1716 362 1743 et
394 1710 593 1743 sufficienter
618 1710 780 1753 expressis
801 1715 832 1742 et
859 1710 987 1742 insertis
1013 1710 1069 1742 lia-

329 1763 453 1805 benteS,
474 1763 538 1796 illis
559 1764 638 1796 alias
659 1763 688 1795 in
709 1773 767 1795 suo
784 1764 902 1795 robore
920 1773 1069 1806 perinan-

330 1817 431 1854 suris,
457 1816 496 1848 ad
523 1815 774 1858 praemissorum
800 1815 969 1855 effectum,
1007 1816 1068 1847 hac

332 1868 399 1901 vice
426 1869 607 1908 dumtaxat,
640 1869 828 1912 specialiter
859 1874 890 1901 et
915 1878 1067 1911 expresse

331 1922 553 1965 derogamus;
584 1922 763 1965 ceterisque
796 1922 964 1955 contrariis
1000 1921 1070 1964 qui-

330 1974 541 2018 buscumque.

375 2028 490 2060 Datiiin
504 2028 633 2069 Romae,
649 2028 733 2071 apud
747 2028 777 2060 S.
794 2028 934 2069 Petrum,
947 2028 1005 2060 sub
1019 2038 1071 2060 an-

331 2080 410 2113 nulo
426 2080 608 2121 Piscatoris,
624 2081 676 2114 die
693 2092 737 2114 ΧΠ
760 2080 870 2124 aprilis
887 2090 1069 2121 MDCLxxvn,

332 2133 542 2176 pontificatus
563 2135 666 2167 nostri
691 2145 778 2167 anno
804 2145 826 2167 1.

369 2194 428 2222 Dat.
448 2195 491 2223 die
516 2196 546 2223 12
566 2196 658 2233 aprilis
678 2197 756 2230 1077,
776 2196 872 2231 pontif.
894 2204 964 2223 anno
981 2202 998 2223 i.

374 2309 558 2341 praetermittitur
573 2312 635 2342 Bulla
652 2313 672 2342 iii
691 2313 778 2343 Coena
796 2312 915 2346 Domini,
935 2322 998 2351 quain
1017 2311 1070 2341 ron-

333 2359 385 2389 tiiex
401 2360 436 2389 die
451 2368 487 2389 xv
502 2361 577 2399 aprilis
591 2361 629 2390 hoc
645 2371 700 2390 auno
713 2362 845 2400 publicavit,
863 2371 910 2390 cuin
927 2370 973 2390 eam
992 2360 1072 2400 pluries

334 2409 447 2448 repetitam
462 2409 543 2438 habeas
557 2409 577 2438 iii
594 2411 770 2449 praecedentibus
783 2411 846 2440 tomis
860 2411 924 2439 liuius
934 2409 1069 2447 Baitai-ii,

335 2462 356 2486 et
368 2457 437 2496 quoad
449 2458 552 2487 materias
563 2458 584 2487 in
595 2462 619 2487 ea
634 2464 745 2488 contentas
758 2459 811 2488 satis
825 2464 856 2488 est
868 2459 941 2488 ridere
952 2458 1034 2488 scholia
1045 2458 1071 2487 ad

335 2506 511 2537 Constitutiouem
525 2515 590 2537 cLiii
606 2507 656 2547 (al.
674 2507 714 2545 03)
729 2507 789 2537 Pauli
802 2507 824 2544 t,
838 2513 887 2537 toin.
901 2517 941 2545 xi,
955 2517 1003 2547 paq.
1017 2506 1071 2536 (317.

373 2620 385 2647 1
402 2618 502 2648 Forsan
516 2627 593 2648 mere
609 2627 656 2655 pro
673 2628 736 2648 uei-e
752 2619 895 2656 legendum
911 2620 951 2655 (a.
965 2620 1013 2654 T.).

915 230 1094 258 BULLARIL'M
1118 230 1268 257 ROMANUM

1424 279 1515 315 XVII.

1113 351 1334 394 Confirmalur
1356 351 1519 384 decrelwn
1543 352 1690 384 ministri
1720 362 1848 394 yenera·

1156 405 1197 437 lis
1221 409 1249 437 et
1273 405 1490 437 commissarii
1513 404 1689 437 Iiidae'ariem
1710 403 1847 437 Ordi'nis

1154 458 1293 500 fratrum
1319 458 1483 489 Minoriim
1503 458 1605 489 sancti
1624 457 1794 488 Francisci
1810 457 1849 489 de

1156 509 1366 543 observantia
1390 509 1757 552 compromissnriorum,
1784 519 1848 552 quo

1153 562 1302 594 stabilita
1317 562 1381 604 fuit
1395 562 1594 594 alternatim
1607 561 1798 594 electionum
1811 562 1848 594 in

1153 614 1331 657 provinciis
1354 614 1531 646 Indiarum
1556 613 1845 647 occidentalium&

1299 694 1493 721 Innocentius
1513 693 1593 727 Papa
1606 693 1656 726 XI,

1252 738 1288 765 ad
1309 739 1441 765 futuram
1461 739 1506 765 rei
1526 737 1708 764 memoriam.

1153 809 1242 842 Illius
1269 809 1323 852 qui
1349 809 1488 842 charitas
1515 813 1562 842 est
1587 813 1618 842 et
1641 808 1726 842 Deus
1756 809 1844 852 pacis

1109 862 1195 896 vices
1220 863 1296 896 licet
1316 862 1466 895 immeriti
1492 867 1641 905 gerentes
1667 862 1700 894 in
1726 861 1844 903 terris,

1110 917 1172 955 illa,
1195 926 1276 958 quae
1301 926 1360 958 pro
1386 914 1579 948 stabilienda
1604 915 1689 947 inter
1713 914 1846 957 religio-

1110 979 1161 1002 sos
1185 968 1268 1001 viros
1287 968 1441 1001 Altissimi
1464 967 1631 1011 obsequiis
1651 968 1710 1000 sub
1732 967 1847 1001 arctio-

1110 1022 1153 1054 ris
1177 1022 1260 1054 vitae
1293 1022 1404 1064 regula
1439 1021 1641 1064 mancipatos
1667 1020 1846 1053 animarum

1109 1074 1283 1107 eoncordia
1300 1073 1451 1116 felicique
1469 1084 1582 1106 eorum
1599 1072 1756 1116 gubernio
1773 1084 1847 1116 pro-

1110 1127 1182 1160 vide
1208 1127 1381 1160 constituta
1401 1137 1468 1159 esse
1493 1131 1685 1166 noscuntur,
1706 1131 1741 1158 iit
1757 1125 1846 1159 firma

1110 1184 1204 1222 atque
1229 1179 1351 1212 illibata
1376 1178 1564 1222 persistant,
1589 1178 1760 1221 apostolici
1778 1189 1847 1215 mur

1112 1232 1242 1265 niminis
1267 1232 1449 1275 praesidio,
1477 1242 1549 1264 cuni
1573 1231 1604 1264 id
1630 1242 1647 1263 a
1671 1231 1766 1264 nobis
1792 1241 1847 1275 pe-

1113 1285 1209 1325 titur,
1234 1285 1376 1318 libenter
1401 1285 1667 1317 corroboramus.

1155 1339 1181 1381 g.
1211 1338 1241 1370 1.
1269 1338 1392 1381 Exponi
1427 1338 1588 1380 siquidem
1622 1336 1715 1370 nobis
1740 1347 1847 1380 nuper

1114 1392 1258 1424 Fecerunt
1275 1392 1383 1424 dilecti
1401 1391 1457 1424 filii
1472 1392 1588 1424 fratres
1608 1391 1845 1434 provinciarum

1114 1444 1142 1475 in
1172 1444 1270 1476 indiis
1301 1443 1563 1477 occidentalibus
1597 1443 1845 1477 consistentium

1111 1496 1237 1528 Ordinis
1253 1496 1410 1529 Minoruin
1429 1496 1531 1528 sancti
1548 1496 1708 1529 Francisci
1728 1496 1767 1529 de
1785 1495 1847 1528 Oli-

1112 1550 1273 1583 servantia
1302 1555 1587 1593 nuncupatorum,
1626 1549 1710 1593 quod
1746 1550 1846 1590 alias,

1112 1608 1280 1646 postquam
1305 1604 1337 1636 in
1363 1604 1506 1646 capitulo
1531 1602 1675 1645 generali
1699 1602 1774 1636 dicti
1792 1601 1848 1635 Or-

1112 1656 1195 1688 dinis
1221 1667 1306 1689 anno
1342 1666 1482 1690 iinCinv
1513 1657 1701 1696 celebrato,
1730 1655 1847 1689 auditis

1113 1709 1258 1751 partibus
1283 1709 1568 1749 contendentibus,
1596 1709 1757 1741 declarata
1783 1707 1848 1741 sue-

1114 1768 1161 1795 rat
1186 1767 1275 1795 certa
1305 1763 1495 1796 alternatim
1532 1763 1564 1794 in
1590 1762 1749 1795 electione
1789 1761 1849 1794 nii-

1113 1815 1202 1847 nistri
1230 1815 1449 1858 provincialis,
1474 1815 1617 1848 custodis
1643 1821 1675 1848 et
1700 1814 1848 1847 definito-

1113 1878 1181 1900 rum
1207 1867 1239 1900 in
1272 1868 1366 1900 dictis
1402 1868 1578 1911 provinciis
1615 1868 1646 1900 in
1680 1872 1848 1910 posterum

1113 1921 1323 1960 observanda,
1348 1927 1456 1963 partes
1481 1931 1645 1954 recursum
1665 1921 1850 1954 habuerunt

1112 1985 1175 2007 una
1200 1974 1237 2006 ad
1259 1974 1359 2006 felicis
1379 1974 1614 2007 recordationis
1632 1975 1849 2008 Alexandrum

1114 2028 1229 2070 Papam
1248 2026 1297 2059 vii
1318 2027 1607 2070 praedecessorem
1627 2033 1771 2060 nosti-um
1789 2037 1848 2070 pro

1113 2079 1359 2113 confirmatione
1385 2079 1490 2112 dictae
1507 2080 1728 2120 alternativae,
1747 2081 1850 2113 altera

1113 2142 1196 2171 vero,
1216 2132 1300 2164 lianc
1318 2132 1550 2175 impugnando,
1569 2133 1608 2165 aa
1623 2132 1850 2176 Congregatiio-

1114 2196 1188 2217 nem
1213 2184 1244 2217 S.
1272 2185 1308 2216 R.
1329 2184 1363 2217 Ε.
1384 2185 1598 2218 cardinalium
1618 2190 1693 2217 tunc
1710 2185 1850 2218 existen-

1114 2238 1193 2271 tium
1219 2237 1362 2280 negociis
1394 2243 1426 2270 et
1461 2237 1752 2271 consultationibus
1782 2237 1850 2281 epi-

1113 2302 1284 2335 scoporum
1319 2296 1350 2323 et
1382 2291 1577 2334 regularium
1604 2291 1847 2334 praepositam·,

1113 2345 1198 2378 unde
1225 2346 1287 2376 iiiia
1313 2345 1491 2388 eademque
1523 2344 1574 2378 die
1597 2355 1637 2378 xx
1666 2343 1747 2377 iunii
1773 2343 1850 2377 dieti

1148 2442 1159 2468 1
1183 2441 1304 2468 Similem
1321 2441 1511 2468 alternativam
1527 2441 1598 2467 inter
1617 2440 1712 2467 fratres
1729 2439 1809 2467 Indos
1824 2443 1851 2467 et

1114 2484 1210 2511 fratres
1222 2484 1361 2520 Hispanos,
1377 2484 1402 2511 in
1418 2485 1500 2512 Indiis
1515 2489 1605 2511 tamen
1621 2481 1790 2511 ad'IiaIiituin
1806 2483 1852 2511 ad-

1114 2530 1219 2562 missos,
1235 2528 1342 2556 Ordinis
1359 2528 1537 2556 Eremitarum
1552 2529 1580 2556 S.
1592 2528 1743 2564 Augustini,
1755 2537 1851 2556 execu-

1115 2574 1178 2602 tioni
1199 2574 1318 2601 mandari
1333 2574 1411 2601 iussit
1426 2574 1549 2601 Urbanus
1563 2573 1623 2600 VIII
1639 2573 1728 2600 Const.
1745 2579 1852 2600 CCLxxii

1116 2620 1165 2656 (al.
1176 2619 1221 2654 90)
1233 2619 1314 2647 Alitis
1325 2628 1342 2646 α
1357 2619 1450 2654 felicis
1465 2619 1587 2654 record„
1602 2622 1666 2647 toni.
1678 2624 1733 2653 xiii,
1748 2625 1775 2654 p.
1787 2618 1849 2645 641.

1854 230 1904 259 An.
1925 229 2037 260 &1677

1878 1345 1968 1372 Species
1983 1345 2042 1367 facit.
