2111 3157
164 237 209 264 An.
231 237 258 265 e
279 236 345 264 1680
391 227 454 262 ⁶298
932 234 1110 260 nurnxmuu
1134 233 1285 259 normann

161 300 304 319 cais-*tauros
326 297 440 330 etopus
467 287 555 320 sanis
581 286 736 325 medicus,
756 285 813 318 scd
838 285 921 317 male
948 283 1095 316 habenti-

1871 233 1922 262 An.
1943 234 1973 262 C.
1996 233 2064 264 ¹680

1136 282 1281 316 omnium
1307 282 1442 315 fratrum
1467 292 1526 325 pro
1553 292 1591 315 eo
1616 282 1813 322 orationem,
1837 287 1874 315 ut

161 332 267 346 ⁸⁰⁶³⁰⁹¹³³
357 341 427 372 bus.
461 340 498 371 Et
522 340 594 371 idco
617 339 663 370 uti
689 338 784 370 debet
808 337 895 370 omni
920 337 1036 375 modo,
1060 341 1095 368 ut

358 393 487 436 sapiens
513 392 658 424 medicus
676 418 683 431 ,
717 390 891 422 immittere
916 389 1007 432 quasi
1042 399 1095 421 oc-

357 446 459 477 cultos
484 445 706 477 consolatores
731 443 914 485 senipetas,
939 442 1024 474 idest
1048 452 1096 473 se-

358 498 466 530 niores
492 496 654 538 sapientes
680 496 816 535 fratres,
842 495 897 537 qui
929 494 1017 537 quasi
1050 504 1095 526 se-

358 555 444 582 crete
477 549 689 581 consolentur
720 548 850 580 fratrem
876 548 1093 586 fluctuantem,

359 608 391 635 et
407 607 585 645 provocent
611 611 682 633 eum
701 601 740 633 ad
759 601 948 633 humilitatis
973 599 1096 632 satissa-

359 656 501 688 ctionem
515 682 522 694 ,
549 660 579 687 et
604 655 815 687 consolentur
840 664 921 693 eum,
942 663 982 685 ne
1002 652 1097 685 abuu-

360 708 501 740 dantiori
523 707 653 739 tristitia
677 706 900 746 absorbeatur,
925 706 990 746 sed,
1017 705 1098 737 sicut

360 759 404 792 ait
428 761 618 802 Apostolus,
646 759 854 791 confirmetur
878 757 910 789 in
936 767 974 789 eo
995 756 1098 788 chari-

360 819 421 853 taS,
441 818 472 845 et
496 817 606 845 oretur
631 822 690 855 pro
715 822 753 844 eo
779 812 818 843 ab
845 811 1006 844 omnibus.
1034 810 1096 842 Ma-

362 875 506 908 gnopere
532 864 617 897 enim
643 864 739 896 debet
768 863 1019 896 sollicitudinem
1044 872 1097 904 ge-

360 928 432 950 rere
451 918 551 950 abbas
572 917 657 949 circa
675 916 902 959 delinquentes
925 916 1050 952 fratres,
1069 920 1099 947 et

362 971 451 1004 omni
476 970 647 1012 sagacitate
673 975 704 1002 ct
728 969 885 1001 industria
910 979 1034 1007 curare,
1059 978 1098 1000 ne

362 1024 503 1066 aliquam
529 1023 568 1055 de
593 1022 708 1055 ovibus
733 1021 793 1053 sibi
815 1021 945 1053 creditis
970 1020 1097 1063 perdat.

361 1075 491 1108 Noverit
515 1074 599 1107 enim
625 1084 658 1106 se
685 1073 885 1105 infirmarum
904 1083 1012 1105 curan]
1030 1083 1100 1104 sus-

363 1128 490 1170 cepisse
526 1126 705 1159 animarum
727 1152 734 1165 ,
772 1134 837 1157 non
874 1134 972 1167 super
1006 1134 1099 1156 sanas

365 1180 583 1222 tyrannidem;
610 1183 641 1211 et
665 1183 785 1210 metuat
809 1177 993 1219 Prophetae
1018 1187 1102 1209 com-

364 1232 584 1270 minationem,
602 1241 661 1274 per
679 1241 774 1273 quem
796 1230 874 1263 dicit
896 1230 991 1262 Deus:
1011 1229 1101 1269 Quod

363 1294 506 1316 crassum
532 1283 700 1323 ridebatis,
720 1282 992 1319 assumebalis;el
1016 1282 1102 1324 quod

363 1337 467 1370 flebile
503 1342 595 1377 erat,
628 1335 859 1379 proz'iciebatiS.
894 1335 932 1368 Et
961 1335 1101 1378 pastoris

363 1391 441 1423 boni
467 1390 555 1433 pium
580 1389 726 1422 imitetur
752 1389 951 1431 exemplum,
971 1389 1035 1431 qui,
1056 1398 1102 1420 rc-

363 1444 448 1477 lictis
474 1443 768 1485 nonagintanovem
793 1441 904 1474 ovibus
926 1441 959 1474 in
983 1441 1103 1474 monti-

364 1497 433 1536 bus,
460 1496 538 1528 abiit
560 1506 657 1528 unam
683 1505 789 1534 ovem,
817 1505 898 1538 quae
919 1499 1098 1533 erraverat,

366 1558 545 1591 quaerere,
571 1547 660 1580 cuius
696 1546 877 1579 infirmitati
912 1546 945 1578 in
982 1551 1101 1579 tanturn

367 1611 551 1644 compassus
576 1605 634 1640 est,
659 1604 693 1631 ut
719 1609 788 1632 eam
813 1599 847 1631 in
872 1599 971 1632 sacris
995 1599 1104 1631 hume-

366 1654 410 1687 ris
436 1654 501 1686 suis
528 1653 715 1696 dignaretur
739 1652 918 1695 imponere,
936 1656 966 1684 et
986 1651 1030 1684 sic
1054 1662 1104 1684 re-

367 1712 498 1749 portare
523 1706 562 1739 ad
589 1715 730 1748 gregem.

407 1763 503 1794 CAPUT
527 1762 649 1792 XXVIII.
673 1779 712 1783 —
733 1763 776 1792 De
799 1763 845 1799 iis,
869 1763 932 1800 qui,
956 1762 1064 1800 saepius

1137 335 1291 368 Dominus
1307 362 1314 375 ,
1340 335 1394 378 qui
1431 334 1540 368 onmia
1563 339 1693 378 potest,
1718 340 1872 378 operetur

1136 388 1272 420 salutem
1298 387 1381 420 eirca
1404 386 1565 419 infirmum
1600 387 1743 420 fratrem.
1781 386 1873 425 Quod

1137 441 1164 473 si
1188 451 1249 473 nec
1273 440 1335 472 isto
1360 439 1458 472 modo
1492 445 1622 472 sanatus
1656 439 1773 479 suerit,
1798 444 1874 473 tuno

1137 493 1199 525 iam
1225 492 1271 535 (a)
1297 497 1405 524 utatur
1429 491 1527 525 abbas
1544 492 1630 524 ferro
1651 490 1871 533 abscissionis,

1138 551 1170 579 ut
1194 545 1238 578 ait
1262 545 1452 588 Apostolus:
1476 544 1610 586 Auferte
1627 543 1753 576 malum
1769 553 1807 576 ex
1823 553 1875 575 vo-

1139 598 1202 630 bis:
1235 598 1423 630 etiterum:
1448 595 1620 638 Infidelis,
1654 595 1683 628 si
1713 594 1871 636 discedit,

1138 650 1279 683 discedat
1294 677 1301 690 ,
1329 660 1369 682 ne
1393 659 1457 682 una
1482 649 1549 682 ovis
1572 648 1722 683 morbida
1744 657 1876 682 omnem

1138 712 1270 745 gregem
1296 702 1503 735 contaminet.

1406 771 1603 794 nccmnnro.

1179 826 1198 846 1.
1225 817 1323 847 Utatur
1345 818 1421 855 ferro
1442 815 1623 845 abscissionis.
1656 814 1689 844 In
1711 813 1876 845 adhibendo

1140 869 1240 894 contra
1271 864 1487 902 incorrigibiles
1522 867 1639 894 nostrae
1673 863 1878 902 Congregatio-

1140 913 1186 943 nis
1207 913 1364 943 monachos
1400 912 1567 942 huiusmodi
1591 915 1755 942 extremum
1777 907 1899 951 expul--J

1141 962 1230 992 sionis
1253 961 1427 1000 remedium,
1455 965 1609 991 serventur
1630 961 1745 991 decreta
1777 969 1877 990 sacrae

1141 1010 1378 1048 Congregationis
1399 1009 1519 1040 Concilii
1539 1009 1568 1039 S.
1585 1009 1618 1039 D.
1634 1009 1668 1039 N.
1690 1008 1800 1039 Urbani
1815 1008 1879 1039 VIII

1141 1059 1221 1087 iussu
1251 1058 1327 1087 edita
1349 1057 1384 1087 de
1406 1056 1590 1095 regularibus
1611 1055 1750 1096 apostatis
1771 1060 1799 1086 et
1820 1056 1879 1086 eie-

1142 1106 1206 1135 ctis.
1230 1105 1356 1143 Fugitivi
1379 1113 1448 1134 vero
1475 1113 1540 1134 cum
1573 1104 1652 1134 omni
1683 1103 1878 1134 sollicitudine

1142 1154 1330 1193 requirantur
1357 1162 1372 1182 a
1399 1152 1585 1182 monasteriis
1615 1151 1801 1191 professionis
1833 1160 1903 1193 eo-⁴¹

1144 1212 1219 1239 rum,
1237 1201 1308 1231 etin
1331 1209 1478 1231 carcerem
1501 1200 1703 1237 detrudantur,
1720 1208 1772 1239 pro
1793 1199 1879 1230 modo
1900 1212 1904 1218 ¹

1143 1251 1244 1290 culpae
1260 1249 1412 1289 puniendi.
1436 1249 1593 1287 Propterea
1616 1248 1746 1278 districte
1767 1248 1879 1287 praeci·
1898 1245 1900 1248 ’

1143 1299 1238 1338 pimus
1270 1297 1405 1328 omuibus
1437 1296 1679 1327 monasteriorum
1712 1299 1881 1326 nostrorum

1145 1346 1292 1386 praelatis,
1323 1346 1405 1375 utin
1434 1345 1557 1384 singulis
1590 1343 1775 1374 monasteriis
1803 1347 1880 1374 tutos

1144 1403 1276 1426 carceres
1298 1393 1424 1424 habeant
1439 1402 1490 1432 pro
1512 1392 1679 1422 huiusmodi
1703 1391 1832 1430 fugitivis
1853 1395 1880 1422 et

1145 1443 1208 1473 aliis
1230 1442 1358 1481 graviter
1380 1440 1630 1480 delinquentibus,

1184 1500 1214 1521 11.
1238 1491 1271 1521 Et
1293 1490 1442 1530 quoniam,
1459 1489 1509 1519 ubi
1525 1489 1617 1518 maior
1632 1487 1732 1518 subest
1753 1488 1837 1528 culpa
1853 1492 1882 1519 et

1145 1540 1261 1578 gravius
1282 1538 1462 1574 scandalum,
1486 1537 1527 1567 ibi
1549 1537 1701 1567 sollicitior
1716 1536 1802 1567 debet
1818 1546 1883 1567 esse

1146 1598 1232 1626 cura,
1255 1588 1320 1618 ideo
1342 1586 1518 1617 declarando
1540 1585 1727 1623 ordinamus,
1755 1589 1787 1616 ut
1808 1586 1883 1625 sugi-

1146 1637 1216 1675 tivi,
1247 1637 1317 1675 qui,
1341 1638 1455 1675 praeter
1476 1635 1572 1673 fugam
1586 1656 1594 1671 ‚
1623 1633 1734 1673 aliquid
1755 1633 1882 1664 notabile

1146 1686 1223 1716 furto
1245 1683 1429 1720 abstulerint,
1448 1683 1562 1713 aliudve
1579 1682 1721 1721 flagitium
1736 1685 1884 1721 perpetra-

1147 1733 1253 1769 verint,
1276 1732 1337 1762 sive
1359 1735 1436 1768 ante,
1459 1731 1521 1760 sive
1544 1734 1608 1769 post
1638 1730 1747 1768 sugam,
1771 1734 1821 1760 aut
1841 1730 1887 1760 vi-

1148 1782 1219 1811 tiose
1242 1780 1378 1817 vixerint,
1401 1779 1519 1809 omnino
1535 1788 1593 1808 non
1615 1778 1814 1817 negligantur,
1834 1777 1884 1808 sed

526 1811 656 1848 correcti,
680 1820 733 1840 non
755 1810 944 1839 emendantur.

174 1868 359 1919 ‘ffioxcmppffi
413 1866 443 1900 Si
473 1866 543 1909 quis
576 1865 675 1897 frater
714 1864 899 1907 frequenter
934 1868 1105 1906 correptus

304 1909 358 1945 23³0*-
370 1930 430 1963 pro
457 1919 601 1962 qualibet
625 1917 728 1959 culpa,
754 1916 780 1949 si
806 1916 901 1949 etiam
927 1926 1106 1949 excommu-

258 1969 262 1975 ,
283 1951 358 1972 deiude

175 1961 200 1998 ¹⁸3
249 1974 494 2005 ·-¹¹=1r1·r0nicatus
520 1982 586 2004 non
611 1971 841 2010 emendaverit,
873 1970 978 2003 acrior
1003 1969 1032 2002 ei
1056 1980 1106 2002 ac-

176 2012 225 2025 iusis
242 2008 309 2024 unitio
320 2020 324 2027 ‚
340 2006 360 2024 cl.

176 2021 258 2051 ‘lindum
273 2025 464 2058 unwan-cedat
488 2022 655 2062 correctio,
682 2022 713 2054 id
732 2027 781 2055 est
797 2028 833 2054 ut
849 2022 1019 2055 verberum
1039 2022 1108 2054 vin-

1147 1829 1327 1868 diligentius,
1351 1837 1408 1858 non
1431 1827 1576 1867 parcendo
1601 1825 1750 1856 laboribus
1778 1830 1807 1856 et
1836 1835 1885 1856 ex-

1149 1878 1266 1916 pensis,
1299 1875 1509 1915 requirantur,
1532 1875 1619 1904 etiam
1642 1874 1686 1913 (si
1715 1874 1800 1904 aliter
1821 1874 1885 1904 fieri

1149 1934 1207 1955 uon
1230 1924 1339 1964 potest)
1361 1923 1469 1953 auxilio
1491 1922 1604 1952 brachii
1618 1921 1760 1952 secularis
1781 1922 1886 1961 implo-

1149 1977 1223 2011 rato,
1247 1976 1274 2002 et
1295 1972 1331 2002 ad
1354 1971 1564 2002 monasterium
1587 1970 1765 2001 reducantur
1785 1970 1816 2000 in
1836 1980 1887 2001 cu-

1150 2021 1274 2052 stodiam
1287 2019 1473 2058 detrudendi,
1487 2019 1578 2049 donec
1595 2028 1646 2058 per
1664 2018 1822 2057 capitulum
1838 2028 1886 2058 ge-

1150 2069 1297 2107 nenerale,
1327 2068 1388 2098 sive
1420 2067 1565 2106 regimen,
1589 2066 1658 2107 quid
1679 2067 1715 2097 de
1736 2066 1807 2106 ipsis
1838 2067 1886 2106 agi
1921 2057 1926 2063 ’

176 2060 457 2110 iilor-cm‘m’wdictu
481 2077 514 2109 in
550 2086 624 2108 eum
662 2075 830 2118 procedat.
865 2073 955 2112 Quod
992 2074 1017 2106 si
1049 2084 1107 2107 nec

371 2131 414 2163 ita
439 2140 472 2163 se
497 2127 681 2167 correxerit,
708 2132 761 2159 aut
785 2127 880 2166 sorte,
907 2126 992 2169 quod
1010 2126 1105 2166 absit,

372 2183 405 2215 in
436 2181 620 2224 superbiam
652 2181 764 2219 elatus,
801 2179 897 2212 etiam
934 2178 1107 2211 defendere

372 2235 512 2269 voluerit
536 2243 635 2276 opera
670 2243 744 2273 sua,
770 2237 845 2264 tunc
881 2231 979 2263 abbas
1015 2231 1109 2263 saciat

375 2288 462 2331 quod
488 2287 616 2329 sapiens
641 2285 805 2325 medicus,
831 2284 856 2317 si
882 2283 1029 2316 exhibuit
1062 2283 1109 2315 so-

373 2345 499 2379 menta,
526 2340 551 2371 si
575 2343 739 2381 unguenta
771 2336 1056 2375 adhortationum,
1083 2335 1108 2368 si

375 2391 588 2424 medicamina
611 2390 845 2432 scripturarum
866 2388 1058 2427 divinarum,
1083 2387 1108 2419 si

377 2444 416 2477 ad
429 2443 575 2476 ultimum
590 2442 751 2475 ustionem
765 2439 1108 2474 excommunicationis

377 2497 426 2528 vel
451 2497 562 2538 plagas
587 2494 759 2536 virgarum,
787 2498 819 2526 et
848 2494 912 2525 iam
943 2492 968 2525 si
993 2491 1111 2524 viderit

378 2547 461 2580 nihil
485 2558 574 2580 suam
599 2547 783 2590 praevalere
801 2545 1001 2583 industriam,
1019 2543 1111 2576 adhi-

379 2602 453 2634 beat
478 2600 594 2641 etiam,
629 2598 714 2642 quod
739 2597 841 2631 maius
868 2602 937 2638 est,
964 2606 1055 2630 suam
1081 2600 1112 2629 et

1151 2118 1264 2156 debeat,
1288 2117 1472 2147 decernatur.

1190 2175 1230 2196 111.
1255 2165 1383 2195 Licentia
1405 2173 1473 2194 vero
1497 2163 1667 2195 transeundi
1689 2163 1724 2193 ad
1742 2163 1828 2193 aliam
1842 2172 1888 2194 re-

1151 2214 1287 2254 ligionem
1310 2213 1420 2243 nemini
1451 2222 1486 2242 ex
1507 2217 1623 2243 nostrae
1649 2211 1886 2250 Congregationis

1151 2261 1290 2293 fratribus
1324 2261 1516 2299 concedatur,
1557 2260 1613 2290 nisi
1643 2261 1757 2290 servata
1792 2260 1885 2290 forma

1152 2309 1291 2350 praedicti
1312 2309 1444 2345 decreti,
1477 2317 1529 2338 seu
1550 2307 1787 2345 Congregationis
1813 2307 1886 2338 Con-

1152 2358 1210 2388 cilii
1233 2358 1268 2387 de
1290 2356 1472 2395 regularibus
1487 2357 1625 2395 apostatis
1648 2359 1675 2385 et
1697 2355 1809 2394 eiectis,
1826 2361 1883 2387 etc.

1191 2415 1228 2435 iv.
1253 2405 1405 2435 Commissi
1421 2413 1488 2434 vero
1504 2404 1606 2441 nostri,
1627 2403 1841 2441 incorrigibiles
1856 2409 1885 2434 et
1931 2425 1940 2436 ‹-

1153 2458 1349 2491 contumaces‚
1367 2462 1400 2482 eo
1423 2452 1518 2489 modo,
1542 2461 1598 2491 quo
1620 2451 1813 2490 recipiuntur,
1836 2461 1886 2482 ex-

1154 2503 1220 2541 pelli
1243 2506 1373 2541 possunt.
1398 2501 1433 2531 Et
1454 2501 1478 2531 si
1499 2500 1564 2540 quis
1585 2509 1697 2537 eorum,
1727 2503 1791 2539 post
1819 2510 1885 2540 pro-

1154 2552 1270 2580 missam
1292 2550 1488 2586 stabilitatem,
1511 2549 1631 2579 vitiosus
1666 2552 1714 2579 aut
1734 2549 1887 2579 scandalo·

1154 2608 1201 2630 sus
1223 2603 1354 2638 repertus
1376 2598 1473 2636 suerit,
1496 2601 1626 2628 servetur
1641 2595 1718 2627 cirea
1740 2604 1806 2627 eum
1827 2595 1887 2629 for·
