2111 3157
184 229 233 251 an.
251 225 282 251 c.
306 225 372 250 usn
419 216 483 248 (1002

234 705 367 725 Confirmatio

183 733 298 753 ret-mrum
319 737 367 751 cou-

183 762 322 779 stitutlouum.

219 2292 337 2316 clausulae.

380 274 500 306 tionem
526 272 623 304 unitis
650 271 699 303 vel
725 268 887 308 uniendis,
913 267 1051 305 dixerit,
1078 276 1113 299 se

380 326 419 359 ad
444 326 501 358 has
539 323 787 358 constitutiones
823 331 889 354 non
915 321 1040 360 teneri,
1064 320 1114 353 vel

379 379 464 421 quod
493 378 520 410 ei
547 387 606 420 pro
637 376 732 409 libitu
764 375 860 408 liceat
895 384 912 406 a
936 373 1115 416 Congrega-

379 434 467 464 tione
492 430 671 469 discedere,
691 434 722 462 et
744 427 940 471 exemptioni
966 437 984 459 a
1008 428 1115 459 sancta

378 484 459 517 Sede
485 482 667 526 Apostolica
699 482 738 514 ad
764 481 899 513 sormam
930 479 1114 513 Helveticae

378 535 630 579 Congrcgationi
663 543 837 567 concessae
863 532 1070 572 renunciare,
1098 543 1115 564 a

379 589 581 632 regularibus
611 587 833 631 superioribus
863 586 927 619 suis
952 591 1115 629 tamquam

379 647 524 686 apostata
549 640 704 684 puniatur
730 652 760 672 ».

422 694 436 737 ,ξ
452 694 483 726 Ξ.
502 693 597 726 Nobis
612 697 787 736 propterea
800 691 1001 724 Caelestinus
1015 689 1115 723 abbas

379 747 499 790 aliique
517 746 651 779 abbates
671 750 872 788 exponentes
890 744 1047 787 praedicti
1063 743 1117 776 liu-

378 800 498 833 militcr
534 798 708 842 supplicari
742 797 890 830 fecerunt
922 801 958 828 ut
990 796 1051 828 sibi
1084 795 1116 827 in

379 852 566 897 praemissis
594 856 779 895 opportune
804 849 977 893 providere
1004 849 1042 883 de
1067 848 1118 880 be-

380 907 539 949 nignitate
573 903 756 948 apostolica
792 903 1016 946 dignaremur.
1054 901 1119 935 Nos

381 961 488 1003 igitur,
503 959 587 1002 ipsos
613 961 812 1001 exponentes
837 956 987 999 specialis
1012 955 1118 988 favore

381 1013 501 1055 gratiae
527 1011 681 1054 prosequi
707 1011 861 1050 volenteS,
879 1015 1032 1043 eteorum
1054 1009 1119 1041 sin-

380 1067 507 1107 gulares
533 1074 691 1107 personas
706 1074 723 1096 a
744 1062 911 1105 quibusvis
937 1071 1120 1096 excommu-

379 1117 574 1157 nicationis,
607 1116 836 1159 suspensionis
874 1120 906 1148 et
936 1114 1118 1154 interdicti,

379 1171 517 1214 aliisque
532 1169 759 1204 ecclesiasticis
773 1168 957 1208 sententiis,
970 1167 1118 1200 censuris

382 1230 413 1257 et
433 1223 560 1267 poenis,
581 1234 598 1255 a
616 1223 686 1255 iure
711 1223 761 1255 vel
782 1222 821 1254 ab
840 1221 983 1260 homine,
1010 1219 1119 1263 quavis

381 1278 551 1310 occasione
567 1277 724 1309 velcausa
748 1276 831 1315 latis,
851 1275 877 1308 si
898 1274 1016 1318 quibus
1043 1283 1121 1316 quo-

380 1331 562 1364 modolibet
573 1330 747 1363 innodatae
757 1329 905 1369 existunt,
920 1328 959 1360 ad
973 1327 1120 1360 effectum

380 1384 603 1428 praesentium
635 1383 797 1416 dumtaxat
824 1380 1116 1427 consequendum,

381 1438 497 1470 harum
533 1437 618 1470 serie
654 1437 860 1469 absolventes
892 1440 923 1467 et
954 1434 1118 1467 absolutas

381 1491 450 1524 sore
465 1496 648 1530 censentes,
670 1488 856 1523 huiusmodi
873 1486 1120 1531 supplicationi-

381 1545 441 1577 bus
473 1544 638 1584 inclinati,
665 1544 704 1576 de
737 1547 991 1575 memoratorum
1016 1539 1119 1573 cardi-

382 1598 510 1631 nalium'
528 1603 559 1630 et
585 1598 815 1640 praelatorum,
836 1595 890 1638 qui
909 1605 975 1627 rem
994 1598 1118 1626 mature

382 1652 506 1695 pluries
532 1651 766 1690 discusserunt,
788 1649 933 1689 consilio,
956 1658 1069 1682 omnes
1088 1652 1120 1680 et

383 1705 524 1747 singulas
550 1703 798 1737 constitutiones
819 1703 1119 1746 praeinsertas‚au-

382 1759 528 1792 ctoritate
542 1758 733 1801 apostolica,
752 1763 864 1790 tenore
885 1755 1118 1800 praesentium,

383 1812 611 1845 confirmamus
630 1816 662 1844 ct
679 1811 906 1854 approbamus,
925 1810 1054 1852 illisque
1071 1808 1118 1841 in-

383 1865 545 1898 violabilis
585 1863 781 1907 apostolicae
821 1863 981 1895 firmitatis
1020 1862 1118 1895 robur

384 1919 576 1959 adiicimus‚
604 1928 639 1950 ac
664 1928 777 1950 omnes
806 1922 839 1950 et
862 1916 1007 1959 singulos
1039 1914 1119 1948 iuris

384 1978 415 2004 ct
445 1972 516 2005 sacti
551 1972 714 2012 desectus,
742 1972 768 2003 si
794 1970 848 2014 qui
875 1971 1018 2013 desuper
1042 1980 1120 2013 quo-

383 2025 564 2058 modolibet
588 2024 837 2064 intervenerint,
864 2024 1062 2066 supplemus.

428 2079 442 2120 ἓ
466 2077 497 2111 3.
524 2077 744 2110 Decernentes
768 2076 899 2109 easdem
927 2079 1120 2118 praesentes

385 2132 508 2164 litteras
542 2136 574 2163 et
610 2129 860 2163 constitutiones
899 2128 1120 2172 praeinsertas

384 2194 514 2227 semper
536 2183 653 2224 firmas,
679 2183 801 2216 validas
826 2188 858 2216 et
882 2182 1028 2215 efficaces
1057 2182 1122 2214 exi-

385 2243 472 2271 stere
497 2243 529 2270 et
557 2237 635 2277 sore,
654 2247 798 2280 suosque
822 2235 992 2279 plenarios
1018 2240 1051 2269 et
1073 2235 1121 2267 in-

385 2296 494 2333 tegros
526 2290 659 2323 effectus
695 2290 808 2323 sortiri
833 2295 865 2322 et
897 2288 1060 2328 obtinere,
1086 2299 1122 2321 ac

386 2344 470 2383 illis,
501 2344 539 2377 ad
569 2354 650 2387 quos
675 2347 803 2386 spectat
826 2347 858 2375 et
882 2352 941 2385 pro
973 2347 1122 2384 tempore

387 2396 655 2439 quandocumque
673 2396 845 2440 spectabit,
864 2395 896 2428 in
922 2394 1071 2428 omnibus
1092 2400 1122 2427 et

386 2460 444 2491 per
468 2459 526 2492 per
550 2450 656 2482 onmia
680 2450 872 2492 plenissime
894 2448 1070 2490 suffragari,
1092 2453 1121 2481 et

386 2503 426 2535 ab
441 2502 486 2535 cis
503 2503 682 2546 respective
696 2503 929 2537 inviolabiliter
945 2502 1121 2542 observari,

385 2556 498 2600 sicque
528 2556 561 2589 in
593 2557 779 2600 praemissis
807 2566 868 2600 per
896 2566 1121 2600 quoscumque

383 2608 509 2642 iudices
532 2609 715 2643 ordinarios
747 2616 778 2643 ct
812 2610 999 2653 delegatos,
1023 2608 1121 2642 etiam

958 218 1139 243 BULLARIUM
1163 217 1315 242 ROMANUM

1157 276 1328 298 causarum
1340 265 1453 309 palatii
1471 263 1646 309 apostolici
1664 263 1842 305 auditores,
1860 273 1896 298 ac

1159 317 1305 351 eiusdem
1323 318 1354 351 S.
1366 318 1443 350 RE.
1463 317 1655 357 cardinales,
1673 317 1771 350 etiam
1788 317 1828 351 de
1845 319 1892 351 la-

1160 377 1226 405 tere
1251 372 1374 416 legatos
1401 377 1433 405 et
1458 371 1666 415 Apostolicae
1692 370 1784 404 Sedis
1813 380 1881 404 nun

1159 424 1238 465 cios,
1255 425 1401 468 aliosque
1416 424 1581 468 quoslibet
1594 434 1797 467 quacumque
1809 433 1899 467 prae·

1159 477 1336 511 eminentia
1354 483 1384 510 et
1401 482 1565 521 potestate
1583 477 1755 520 fungentes
1776 481 1808 510 et
1827 476 1900 510 sun-

1159 536 1278 571 cturos,
1301 530 1440 564 iudicari
1472 535 1505 563 et
1537 530 1667 564 definiri
1692 530 1835 571 debere,
1861 540 1900 564 ac

1157 583 1286 616 irritum
1300 588 1332 616 et
1346 583 1444 616 inane
1463 583 1489 616 si
1507 583 1585 626 quid
1609 593 1706 616 secus
1730 592 1832 627 super
1846 582 1898 616 his

1158 646 1175 668 a
1202 647 1379 680 quoquam,
1396 635 1508 680 quavis
1525 636 1730 677 auctoritate,
1754 636 1901 670 scienter

1159 691 1210 723 vel
1232 690 1437 733 ignoranter,
1460 689 1639 733 contigerit
1661 690 1831 723 attentari.

1204 743 1218 786 ἓ
1235 742 1267 775 4.
1296 742 1367 776 Νοη
1386 743 1594 776 obstantibus
1614 743 1901 777 constitutionibus

1161 801 1193 829 et
1209 796 1473 830 ordinationibus
1497 796 1697 839 apostolicis,
1721 806 1765 836 ac,
1788 801 1902 840 quate-

1161 860 1220 882 nus
1242 861 1323 893 opus
1345 850 1395 890 sit,
1414 849 1544 883 Ordinis
1570 855 1602 882 et
1626 850 1901 884 monasteriorum

1161 903 1388 945 praefatorum,
1403 902 1514 935 aliisve
1539 902 1713 946 quibusvis,
1736 902 1834 936 etiam
1852 902 1901 935 iu-

1162 960 1310 989 ramento
1324 982 1331 995 ,
1365 955 1611 988 confirmatione
1640 955 1831 999 apostolica,
1847 955 1900 989 vel

1162 1009 1272 1051 quavis
1298 1008 1450 1042 firmitate
1475 1008 1538 1041 alia
1560 1008 1743 1049 roboratis,
1769 1007 1901 1041 statutis

1902 215 1951 242 An.
1967 213 1998 244 C.
2019 216 2086 243 168ss

1980 754 2094 776 vorot-auo

1911 784 2072 802 communium.

1163 1067 1195 1095 et
1219 1061 1528 1102 consuetudinibus,
1558 1061 1738 1104 privilegiis
1756 1071 1900 1106 quoque,
1952 1057 1955 1063 '

1163 1115 1297 1148 indultis
1317 1120 1349 1148 et
1365 1114 1483 1148 litteris
1506 1114 1693 1158 apostolicis
1717 1115 1750 1148 in
1774 1120 1904 1148 contra-

1163 1169 1244 1201 rium
1269 1167 1526 1212 praemissorum
1553 1167 1802 1210 quomodolibet
1825 1177 1903 1201 con-

1163 1222 1280 1263 cessis,
1298 1220 1499 1254 confirmatis
1524 1226 1557 1253 et
1579 1220 1757 1262 innovatis;
1783 1220 1903 1265 quibus

1164 1275 1316 1308 omnibus
1350 1280 1382 1307 et
1415 1274 1575 1317 singulis,
1604 1273 1736 1307 illorum
1772 1279 1903 1308 tenores

1163 1328 1392 1372 praesentibus
1415 1338 1476 1371 pro
1505 1328 1604 1371 plene
1638 1332 1670 1360 et
1702 1327 1903 1361 sufficienter

1164 1381 1324 1424 expressis
1343 1391 1379 1413 ae
1399 1381 1437 1414 de
1458 1381 1557 1413 verbo
1575 1380 1614 1413 ad
1638 1379 1774 1414 verbum
1798 1380 1904 1414 inser-

1164 1434 1203 1466 tis
1231 1434 1412 1474 habentes,
1442 1433 1506 1467 illis
1532 1433 1612 1467 alias
1640 1434 1674 1466 in
1699 1444 1759 1467 suo
1783 1433 1903 1468 robore

1163 1487 1395 1530 permansuris,
1412 1487 1452 1520 ad
1470 1487 1724 1530 praemissorum
1743 1486 1901 1528 effectum,

1164 1541 1225 1573 hac
1259 1540 1328 1573 vice
1366 1539 1555 1580 dumtaxat,
1583 1539 1769 1583 specialiter
1793 1545 1825 1573 et
1850 1550 1905 1572 ex-

1162 1604 1277 1636 presse
1292 1594 1505 1636 derogamus,
1521 1594 1710 1638 ceterisque
1724 1592 1904 1628 contrariis

1163 1646 1441 1690 quibuscumque.

1206 1701 1276 1744 §3
1304 1701 1458 1735 Volumus
1493 1706 1601 1735 autem
1642 1706 1680 1734 ut
1714 1699 1903 1734 earumdem

1161 1755 1384 1797 praesentium
1401 1754 1584 1788 litterarum
1604 1754 1828 1798 transumptis,
1847 1764 1905 1788 sen

1162 1808 1329 1851 exemplis,
1355 1807 1451 1841 etiam
1476 1807 1657 1850 impressis,
1681 1818 1779 1840 manu
1803 1806 1905 1840 alicu·

1161 1860 1209 1894 ius
1233 1861 1349 1894 notarii
1374 1860 1498 1904 publici
1519 1860 1722 1904 subscriptis,
1744 1865 1775 1894 et
1794 1859 1903 1903 sigillo

1161 1925 1321 1958 personae
1345 1914 1378 1946 in
1399 1913 1622 1947 ecclesiastica
1644 1913 1801 1956 dignitate
1827 1923 1905 1947 con-

1162 1967 1292 2000 stitutae
1306 1966 1450 2007 munitis,
1466 1967 1579 2000 eadem
1593 1976 1728 2010 prorsus
1742 1966 1821 2000 tides
1837 1971 1903 1999 tam

1167 2020 1200 2052 in
1221 2020 1342 2053 iudicio
1360 2031 1459 2063 quam
1485 2025 1576 2053 extra
1599 2020 1681 2053 illud
1705 2019 1904 2063 ubicumque

1163 2076 1307 2108 locorum
1325 2073 1496 2114 habeatur,
1519 2083 1600 2116 quae
1621 2072 1801 2106 haberetur
1823 2072 1903 2116 ipsis

1164 2127 1391 2171 praesentibus
1424 2127 1449 2159 si
1474 2127 1581 2161 forent
1604 2126 1769 2160 exhibitae
1792 2126 1843 2160 vel
1867 2135 1903 2159 ο-

1164 2186 1307 2214 stensae.

1207 2234 1321 2266 Datum
1334 2233 1467 2273 Romae,
1481 2232 1567 2276 apud
1580 2231 1611 2266 S.
1623 2232 1763 2273 Petrum,
1774 2232 1833 2266 sub
1847 2241 1904 2266 an·

1164 2288 1241 2319 nulo
1252 2287 1434 2328 piscatoris,
1443 2287 1494 2320 die
1503 2296 1534 2320 vi
1545 2285 1699 2319 februarii
1709 2295 1903 2326 unctxxxvt,

1165 2339 1373 2383 pontificatus
1399 2340 1502 2373 nostri
1527 2350 1613 2373 anno
1636 2349 1668 2373 x.

1200 2401 1259 2429 Dat.
1281 2402 1326 2430 die
1345 2402 1363 2429 6
1377 2401 1507 2430 februarii
1528 2402 1606 2437 1686,
1627 2400 1727 2438 pontif.
1748 2408 1819 2429 auno
1837 2407 1867 2429 x.

1427 2548 1638 2559 n-—nn-

1955 1707 2016 1729 Fides
2042 1709 2097 1728 tran·

1914 1737 2050 1762 numptorum.
