2111 3157
36 190 86 216 An.
107 187 134 215 C.
154 187 221 215 1680

56 662 152 683 Praefata
171 665 212 684 sta-

30 691 74 708 ΙΙΗὸ
102 695 211 711 ΓυΕΒΠΞΕΙ-Ι·

227 247 323 270 curae
349 242 381 269 et
412 237 623 270 sollicitudini
648 238 744 270 etiam
771 238 804 270 in
838 243 958 280 tempo-

226 289 347 322 ralibus
373 290 523 329 creditis,
549 296 713 330 tenemur,
739 290 837 332 exigit
861 295 895 326 ut
920 300 956 321 ea

224 342 404 384 provideri,
431 342 546 382 statui,
572 343 715 374 ordinari
744 349 776 374 et
800 341 954 374 declarari

225 394 380 435 debeant,
405 405 463 437 per
495 406 573 438 quae
603 395 732 428 illorum
758 393 955 428 commodis,

223 446 368 486 utilitati,
394 447 492 489 quieti
519 452 550 479 et
580 446 802 489 tranquillitati
827 446 956 478 consul-

224 503 289 531 tum
315 499 366 539 sit,
393 499 562 541 litiumque
588 498 756 540 dispendia
780 502 811 530 et
835 492 955 529 inconi-

223 551 328 590 moda,
345 556 500 593 quantum
521 550 590 582 fieri
614 555 730 592 potest,
755 550 907 582 tollantur
924 554 955 581 et

224 608 363 635 cessent.

265 655 280 696 ἓ
306 654 336 686 l.
363 654 439 687 Cum
463 654 569 697 itaque
593 654 625 685 in
650 656 758 686 nostra
782 653 878 695 Urbe,
898 663 953 695 pe-

222 716 327 748 neque
352 706 384 738 in
411 706 559 738 omnibus
584 706 653 738 aliis
679 705 867 744 civitatibus,
897 715 953 746 op-

220 758 305 800 pidis
330 763 359 790 et
386 759 465 790 locis
483 758 585 790 nostri
599 763 630 790 et
648 764 776 789 sanctae
793 757 952 789 Romanae

220 810 381 842 Ecclesiae
413 810 516 842 Status
549 815 579 842 et
608 810 740 842 ditionis
766 809 950 852 temporalis

220 862 338 901 ltaliae,
357 862 504 894 ordinata
529 862 592 894 sint
616 867 712 904 atque
738 862 865 903 vigeant
888 866 951 893 sta-

220 919 286 946 tuta
310 925 366 946 seu
391 915 531 954 decreta,
551 915 671 947 aliaeve
697 916 785 956 leges
812 918 843 945 et
867 912 951 945 ordi-

218 966 374 1005 nationes,
396 967 583 1009 apostolica,
598 970 749 1009 expressa
772 967 820 999 vel
847 966 948 1003 tacita,

217 1018 283 1051 sive
299 1029 316 1051 a
332 1019 402 1051 iure
420 1022 638 1061 praesumpta,
658 1018 900 1052 confirmatione
919 1024 947 1049 et

216 1070 451 1114 approbatione
469 1071 599 1109 munita,
619 1081 677 1112 per
695 1082 785 1113 quae,
802 1075 836 1101 ut
853 1080 950 1111 agna-

217 1123 338 1156 tionum
360 1129 391 1156 et
416 1124 605 1156 familiarum
623 1123 772 1156 nobilitas
798 1129 829 1155 et
853 1123 950 1154 decor

216 1176 430 1209 mediantibus
454 1177 547 1208 bonis
564 1181 594 1209 et
617 1176 732 1208 divitiis
757 1186 949 1208 conserven-

216 1233 280 1267 tur,
307 1228 476 1261 intestatae
500 1228 721 1260 successiones
740 1227 864 1269 agnatis
884 1237 949 1258 ma-

216 1281 320 1320 scutis,
346 1280 483 1312 exclusis
510 1281 636 1312 seminis
661 1281 794 1322 aliisque
820 1290 878 1322 per
895 1289 947 1311 eas

217 1332 387 1374 cognatis,
422 1333 504 1365 intra
528 1338 633 1365 certos
666 1331 845 1374 respective
879 1341 948 1372 gra-

217 1385 276 1417 dus
307 1385 515 1423 deseruntur3
546 1391 748 1427 compertum
779 1394 854 1416 vcro
886 1383 946 1421 sit,

217 1437 301 1479 quod
316 1438 491 1469 nonnullae
507 1437 675 1469 doctorum
695 1443 723 1469 et
743 1436 948 1468 tribunalium

216 1489 499 1532 interpretationes
523 1500 558 1522 ac
587 1489 796 1522 limitationes
820 1490 868 1520 vel
902 1498 949 1520 re-

215 1542 394 1574 strictiones
418 1541 628 1584 praemissum
653 1541 749 1573 finem
770 1551 787 1572 a
811 1540 947 1583 populis,

216 1595 302 1627 iuxta
331 1605 442 1627 eorum
479 1605 516 1626 ac
548 1594 691 1635 regionis
732 1593 880 1635 antiquos
919 1599 950 1625 et

217 1647 420 1679 continuatos
444 1656 571 1684 mores,
597 1645 796 1687 impediunt,
824 1645 949 1687 praesa-

218 1704 328 1741 tasque
361 1699 448 1740 leges
472 1709 507 1730 ae
537 1698 738 1740 provisiones
770 1708 852 1740 pene
882 1697 949 1729 ina-

217 1763 273 1785 nes
308 1752 472 1791 reddunt,
508 1751 574 1783 sive
609 1751 794 1792 frequentes
831 1751 949 1793 produ-

217 1809 293 1836 cunt
320 1804 414 1842 lites,
441 1803 721 1845 perturbationes,
747 1803 949 1835 incommoda

218 1862 250 1889 et
274 1855 458 1898 dispendia,
486 1856 602 1887 adcout
634 1855 829 1897 quandoque
855 1866 950 1897 expe-

218 1909 284 1941 diat
307 1909 412 1950 potius
436 1918 501 1939 non
523 1907 640 1939 deferri
666 1918 724 1939 nec
745 1908 861 1949 aperiri
880 1919 950 1939 suc-

218 1960 376 1993 cessionis
398 1959 602 1995 bencficium.
621 1960 707 2001 quod
732 1960 775 1991 ita
799 1960 831 1991 in
852 1961 950 1992 male-

218 2013 325 2045 ficium
356 2012 544 2055 propriique
578 2012 655 2043 assis
687 2012 842 2043 iacturam
875 2023 951 2044 con-

219 2065 369 2101 vertitur;
391 2064 476 2095 unde
509 2068 682 2106 propterea
714 2064 809 2096 iidem
838 2066 949 2107 populi

219 2116 353 2159 praefati
380 2115 480 2147 nostri
505 2116 609 2147 Status
640 2115 854 2148 E‹:ctesi;1siici
889 2124 949 2149 tam

219 2167 397 2200 immediati
429 2177 524 2209 quam
555 2168 686 2199 mediati
713 2168 841 2207 ltaliae,
867 2170 950 2211 apud

221 2231 278 2252 nos
310 2229 423 2252 eorum
458 2220 655 2251 voluntatem
691 2230 726 2251 ac
757 2221 952 2253 desiderium

222 2272 433 2314 explicantes,
459 2281 571 2313 preces
604 2278 819 2313 porrexerunt
843 2279 877 2305 ut
901 2275 953 2306 de-

222 2335 320 2367 super
343 2330 527 2366 opportune
546 2325 715 2366 providere
738 2326 951 2366 dignaremur,

222 2377 504 2419 praelatorumque
537 2381 726 2407 statutorum
758 2388 793 2409 ac
823 2379 951 2419 legum,

224 2439 280 2461 seu
312 2429 534 2471 provisionum
567 2430 754 2469 generalem
779 2440 814 2461 ac
844 2430 955 2463 indeti-

224 2481 322 2513 nitam
342 2480 586 2519 observantiam,
609 2486 703 2521 prout
721 2480 825 2513 iacent
841 2488 872 2514 et
892 2482 956 2514 dis-

225 2538 367 2576 ponunt,
394 2532 680 2571 demandarenms,
702 2533 955 2576 quibuscumque

314 2593 392 2620 Ball.
414 2593 494 2619 Rom.
520 2594 579 2620 Vol.
599 2608 633 2612 —-
653 2594 728 2620 XIX.
874 2596 907 2624 35

799 190 873 214 INNO
880 190 1010 214 CENTlL'S
1033 191 1063 213 XI
1090 191 1138 214 ΙΨ.

1000 238 1164 269 doctorum
1189 241 1220 269 et
1245 236 1452 270 tribunalium
1478 236 1604 269 reiectis
1632 236 1730 268 inter-

999 288 1245 330 pretationibus,
1260 289 1377 321 adeout
1393 288 1581 321 universalis
1606 299 1642 320 ac
1660 289 1730 320 uni-

999 340 1107 373 formis
1140 341 1172 373 in
1205 340 1350 384 quolibet
1379 341 1452 373 loco
1477 341 1519 372 sit
1546 340 1626 373 ordo
1658 351 1729 373 suc-

998 393 1134 425 cedendi
1167 393 1205 425 ad
1236 394 1443 436 propriorum
1467 393 1644 435 respective
1669 398 1730 425 sta-

998 450 1137 477 tutorum
1163 450 1194 478 et
1228 447 1334 488 legum
1366 456 1514 478 normam
1545 456 1603 478 seu
1638 456 1729 488 prac-

996 497 1147 538 scriptum
1164 509 1171 530 z

1039 550 1053 591 ἓ
1078 550 1108 581 ⁶2.
1130 550 1209 582 Hinc
1229 561 1297 589 nos,
1314 552 1567 593 praemissorum
1588 554 1728 595 populo-

996 651 1027 683 in
1054 654 1281 695 temporalibus
1315 660 1377 687 tam
1411 656 1596 689 immediate
1630 668 1726 699 quam

996 704 1133 737 mediate
1150 706 1264 738 crediti
1282 712 1370 745 sunt,
1392 709 1571 746 commodo,
1586 708 1725 749 utilitati,

995 756 1094 798 quieti
1129 762 1161 790 et
1191 758 1440 801 tranquillitati,
1471 766 1625 802 quantum
1657 761 1726 793 fieri

994 814 1107 849 potest,
1134 811 1304 843 consulere
1333 812 1522 853 cupienteS,
1547 822 1727 855 eorumque

994 861 1073 893 votis
1099 866 1131 893 et
1147 863 1434 905 supplicationibus
1450 875 1593 897 annuere
1617 866 1727 898 volen-

994 917 1049 951 teS,
1075 920 1163 947 motu
1188 916 1340 957 proprio,
1366 926 1401 948 ex
1426 918 1512 949 certa
1536 917 1670 949 scientia
1696 923 1728 951 et

992 965 1031 997 de
1063 967 1259 1008 apostolicae
1294 969 1463 1010 potestatis
1501 969 1728 1011 plenitudine,

991 1017 1131 1050 onmium
1157 1024 1188 1051 et
1211 1019 1411 1061 singulorum
1436 1026 1648 1061 statutorum,
1672 1023 1728 1055 de-

991 1076 1163 1110 cretorum,
1183 1072 1302 1113 legum,
1320 1074 1584 1106 constitutionum
1603 1080 1635 1106 et
1649 1085 1725 1118 pro-

991 1122 1148 1154 visionum
1163 1124 1349 1157 huiusmodi
1367 1126 1399 1158 in
1413 1126 1495 1158 dicta
1509 1129 1621 1159 nostra
1639 1127 1722 1160 Urbe

991 1179 1023 1205 et
1045 1174 1195 1207 universo
1219 1181 1329 1209 nostro
1350 1182 1382 1209 et
1404 1177 1495 1210 Sedis
1520 1179 1723 1221 Apostolicae

990 1226 1077 1258 Statu
1102 1227 1326 1261 Ecclesiastico
1344 1229 1528 1262 immediato
1550 1236 1582 1263 et
1605 1231 1724 1263 media-

992 1283 1022 1309 to
1041 1279 1246 1311 existentium
1266 1285 1394 1312 tenores
1412 1291 1470 1323 pro
1488 1283 1648 1324 expressis
1673 1284 1724 1315 lia-

991 1331 1115 1369 bentes,
1140 1331 1275 1373 perinde
1300 1343 1336 1365 ac
1362 1333 1387 1365 si
1413 1334 1452 1365 de
1476 1334 1539 1366 illis
1564 1344 1723 1376 expressa,

991 1382 1139 1424 specialis
1155 1389 1185 1415 et
1198 1384 1362 1417 individua
1386 1386 1507 1418 mentio
1530 1386 1610 1418 sacta
1628 1393 1722 1425 esset,

992 1435 1052 1467 liae
1081 1438 1190 1468 nostra
1222 1443 1380 1480 perpetuo
1405 1438 1541 1470 valitura
1567 1439 1724 1471 constitu-

993 1487 1080 1520 tione
1105 1489 1302 1527 mandamus,
1332 1490 1534 1523 decernimus
1555 1496 1586 1523 et
1611 1493 1724 1523 statui-

991 1552 1072 1578 mus,
1097 1547 1139 1581 ut,
1167 1542 1198 1574 in
1224 1543 1484 1576 successionibus
1510 1544 1724 1587 imposterum

991 1599 1023 1625 et
1047 1600 1121 1636 post
1145 1596 1362 1637 praesentium
1380 1596 1635 1638 publicationem
1649 1608 1725 1639 ape-

991 1645 1113 1678 riendis
1144 1652 1175 1679 et
1199 1647 1383 1680 deserendis
1415 1648 1470 1680 illa
1501 1653 1643 1688 statuta,
1670 1650 1725 1681 de-

991 1703 1086 1736 creta,
1105 1699 1202 1740 leges,
1221 1699 1468 1732 constitutiones
1493 1705 1524 1731 et
1549 1701 1726 1733 ordinatio-

991 1761 1063 1789 nes,
1090 1761 1171 1793 quae
1197 1751 1229 1782 in
1262 1752 1412 1793 praefatis
1437 1753 1555 1785 nostris
1589 1753 1670 1785 Urbe
1696 1758 1727 1786 et

990 1803 1078 1835 Statu
1110 1803 1331 1836 Ecclesiastico
1357 1815 1539 1847 expressam
1564 1807 1595 1837 in
1622 1806 1725 1839 forma

991 1855 1149 1898 specifica,
1167 1857 1217 1888 vel
1243 1857 1338 1889 etiam
1363 1858 1395 1889 in
1421 1859 1488 1890 sola
1513 1859 1615 1891 forma
1640 1871 1726 1892 com·

992 1908 1089 1946 muni,
1116 1908 1325 1950 apostolicam
1344 1909 1486 1942 habeant
1509 1911 1728 1943 confirmatio-

992 1971 1064 1992 nem
1090 1966 1121 1992 et
1145 1960 1434 2002 approbationem,
1459 1962 1525 1994 sive
1556 1963 1642 1995 illam
1670 1964 1728 1995 lia-

992 2013 1088 2044 beant
1114 2013 1239 2044 tacitam
1263 2018 1295 2044 et
1318 2020 1558 2056 praesumptam
1585 2026 1666 2057 quae
1689 2027 1727 2048 ex

992 2066 1069 2098 iuris
1094 2065 1307 2107 dispositione
1333 2065 1373 2097 ob
1398 2066 1576 2108 longissimi
1603 2073 1729 2111 tempo-

992 2118 1034 2150 ris
1060 2117 1297 2149 observantiam
1322 2117 1504 2157 inducitur,
1531 2121 1729 2160 generaliter

994 2175 1025 2202 et
1043 2169 1219 2207 indefinite,
1238 2174 1333 2211 prout
1355 2169 1462 2202 iacent
1487 2181 1523 2203 ac
1549 2171 1728 2215 disponunt

994 2222 1033 2254 ad
1064 2222 1205 2253 savorem
1235 2222 1452 2255 masculorum
1485 2223 1524 2255 de
1551 2225 1728 2265 agnatione

994 2274 1025 2306 in
1049 2273 1198 2306 universo
1223 2283 1293 2305 asse
1318 2274 1441 2306 attendi
1474 2279 1505 2306 et
1529 2276 1648 2308 servari
1673 2277 1730 2309 de-

994 2328 1092 2358 beant
1109 2327 1325 2368 (quacumque
1350 2327 1476 2359 sublata
1496 2328 1730 2362 consideratio·

996 2389 1035 2411 ne
1065 2379 1113 2410 vel
1150 2377 1329 2410 differentia
1364 2379 1521 2412 bonorum
1553 2391 1730 2424 eorumque

996 2430 1176 2463 situationis
1209 2431 1294 2462 intra
1318 2432 1366 2464 vel
1392 2437 1479 2464 extra
1505 2434 1727 2475 territorium,

997 2484 1190 2524 ubicumque
1217 2483 1370 2523 existant,
1397 2490 1429 2516 et
1453 2485 1517 2517 sive
1543 2485 1604 2517 sint
1629 2487 1730 2519 libera

999 2540 1029 2567 et
1046 2535 1217 2575 allodialia,
1236 2545 1294 2567 seu
1310 2535 1460 2577 feudalia,
1481 2538 1528 2569 vel
1546 2538 1730 2580 emphyteu-

1630 179 1693 213 273
1739 188 1785 215 An.
1809 188 1836 214 c.
1858 188 1922 215 axso

1783 562 1919 588 Praeceptum

1738 590 1834 610 servandi
1843 591 1920 615 utnqim

996 610 1076 639 rum,
1094 601 1147 642 qui
1164 602 1257 634 nobis
1273 608 1304 635 et
1317 604 1521 645 Apostolicae
1538 604 1611 637 Sedi
1631 605 1726 637 etiam
1739 619 1835 662 3013?qu
1845 619 1921 662 [tuffam

1830 650 1841 662 a
1868 645 1896 662 2.
