2111 3157
159 214 206 240 Au.
226 214 255 241 c.
277 213 343 241 toto
390 205 431 238 ’10

358 275 519 308 paranms,
546 264 665 308 illaque
691 264 798 297 omnia
822 274 838 296 a
861 274 921 306 pro
947 269 1092 306 tempore

359 317 524 350 existentis
556 316 797 360 archiepiscopi
830 321 862 348 et
894 315 1025 358 capituli
1057 326 1092 347 ac

358 370 520 413 praefatae
546 370 701 402 ecclcsiae
728 368 1002 412 Ulyssiponensis‚
1019 379 1094 400 nec-

360 433 435 462 non,
453 423 558 466 quoad
577 424 683 465 legem
699 422 932 460 dioecesanam,
952 422 990 454 dc
1008 421 1095 454 Olin-

361 477 399 508 da
414 475 570 518 oppidum
589 476 780 518 praefatum,
801 485 873 507 cum
890 475 1095 517 infrascripta

359 530 414 559 sua
436 527 575 560 dioecesi
599 538 635 560 ac
661 527 756 560 etiam
781 528 870 560 clero
895 532 927 559 et
951 528 1092 570 populo,

359 582 398 613 al)
417 580 653 623 arclii‹.¹piscopi
674 580 770 612 etiam
788 590 847 622 pro
866 585 1012 622 tempore
1030 579 1095 611 exi-

359 633 470 665 stentis
484 638 515 665 ct
531 633 664 676 capituli
682 643 717 665 ac
733 633 920 676 praedictae
939 632 1095 665 ecclesiae

359 688 389 719 S.
417 686 590 720 Salvatoris
615 686 734 719 Baliiae
770 686 1011 729 superioritate,
1046 686 1095 717 iu-

360 739 557 779 risdictione,
585 744 753 782 potestate,
780 739 993 779 subiectione,
1020 738 1096 771 visi-

359 792 479 824 tatione
505 798 536 824 et
561 792 772 831 correctione,
790 797 914 825 attento
936 802 1094 824 consensu

359 846 433 878 dicti
471 846 618 877 moderni
655 844 898 887 archiepiscopi
932 845 1095 888 Ulyssipo-

359 899 479 937 nensis,
502 908 636 941 prorsus
655 897 822 930 eximimus
843 903 874 930 et
896 897 1092 937 liberamus3

359 962 486 984 necnon
511 951 667 994 oppidum
697 951 879 993 praesulum
911 951 949 984 de
980 951 1094 984 Olinda

358 1004 390 1036 in
417 1004 596 1042 civitatem,
632 1008 663 1036 ct
690 1003 807 1036 dictam
837 1004 1008 1036 ecclesiam
1033 1004 1093 1036 suh

358 1057 561 1090 invocatione
587 1057 617 1090 S.
645 1056 817 1091 Salvatoris
849 1057 1008 1100 praedicti
1037 1068 1094 1100 op-

358 1111 424 1153 pidi
447 1111 478 1143 in
503 1111 733 1151 cathedralem,
763 1121 822 1153 pro
847 1121 912 1143 uno
937 1111 1093 1153 episcopo

359 1165 397 1196 de
422 1164 536 1197 Olinda
561 1165 794 1207 nuncupandO,
822 1163 877 1206 qui
903 1163 949 1196 illi
975 1164 1094 1206 praesi-

359 1218 433 1250 deat
457 1223 489 1249 et
505 1213 590 1250 illius
612 1222 788 1250 structuras
809 1222 841 1249 et
866 1216 1013 1249 aedificia
1031 1228 1095 1249 am-

356 1270 452 1312 pliari
463 1275 493 1302 et
503 1270 542 1302 ad
554 1270 690 1302 sormam
702 1269 936 1302 cathedralium
946 1269 1094 1301 ecclesia-

358 1334 426 1354 rum
446 1322 549 1364 redigi
575 1322 680 1361 faciat,
700 1327 731 1354 et
755 1322 805 1354 in¹
823 1322 917 1354 dictis
939 1321 1094 1355 ecclesia⁹

357 1375 574 1408 §.salvatoris
585 1380 616 1407 et
629 1375 766 1407 civitate³
780 1375 819 1408 de
829 1374 943 1408 Olinda
957 1375 1092 1419 eiusque

357 1428 499 1461 dioecesi
533 1433 580 1460 tot
608 1428 802 1470 dignitates,
831 1427 1038 1460 canonicatus
1063 1434 1094 1461 et

357 1482 570 1525 praebendas,
597 1481 722 1524 aliaque
746 1480 904 1514 beneficia
923 1482 1093 1514 eeclesias-

358 1536 430 1574 tica,
448 1545 519 1567 cum
539 1536 614 1566 cura
639 1540 671 1566 et
695 1534 766 1566 sine
787 1536 871 1573 cura,
891 1539 969 1577 quot
993 1535 1024 1566 in
1047 1535 1093 1567 eis

357 1600 415 1632 pro
440 1589 547 1621 divino
572 1589 660 1620 cultu
682 1591 714 1620 et
738 1587 843 1620 dictae
872 1587 1028 1620 ecclesiae
1053 1588 1092 1620 de

356 1641 471 1673 Olinda
495 1640 628 1673 servitio
654 1645 686 1672 ct
709 1638 916 1672 ecclesiastici
942 1640 1019 1672 cleri
1040 1641 1093 1673 dc-

357 1694 449 1726 core'*
467 1694 526 1736 ipsi
541 1693 694 1736 episcopo
710 1693 748 1725 de
765 1691 880 1724 Olinda
897 1693 1093 1725 videbuntur

356 1746 542 1785 convenire,
568 1746 606 1778 de
630 1745 766 1788 praefati
784 1745 1040 1789 Petriprincipis
1062 1751 1094 1779 et

357 1810 414 1842 pro
448 1804 594 1842 tempore
621 1797 826 1831 existentium
850 1808 961 1841 regum
998 1809 1093 1841 prae—

358 1853 496 1885 fatorum
521 1851 657 1884 consilio
681 1856 712 1884 et
728 1861 868 1892 assensu,
894 1852 1026 1894 praevia
1042 1862 1092 1884 cu-

356 1905 488 1938 iuslibet
512 1906 656 1947 congrua
680 1904 845 1936 dotatione
873 1904 912 1936 ab
937 1904 1009 1947 ipso
1035 1904 1092 1937 Pe-

358 1965 407 1991 tro
431 1958 579 2002 principe
605 1963 637 1990 et
661 1957 793 1999 regibus
818 1957 1033 2000 Portugalliae
1052 1959 1092 1991 sa-

356 2013 467 2050 conda,
487 2011 724 2055 quamprimum
741 2010 809 2044 fieri
834 2011 968 2054 polerit,
992 2011 1092 2054 erigat

357 2071 388 2097 ct
411 2065 574 2105 instituat,
603 2074 730 2097 necnon
753 2064 974 2107 episcopalem
999 2065 1093 2097 iuris-

357 2118 533 2150 dictionem
559 2122 590 2150 et
611 2121 802 2160 potestatem
838 2127 999 2157 exercere,
1026 2128 1093 2150 om-

357 2171 473 2213 niaque
503 2176 534 2202 et
562 2170 697 2211 singula,
723 2180 805 2213 quae
829 2169 966 2209 ordinis,
994 2180 1092 2213 quae-

357 2234 418 2265 que
438 2222 679 2261 iurisdictionis,
695 2227 749 2254 aut
766 2222 940 2254 cuiuslibet
957 2222 1091 2255 alterius

357 2276 503 2308 muneris
529 2274 724 2318 episcopalis
749 2280 843 2314 sunt,
870 2279 901 2307 et
926 2285 1008 2318 quae
1038 2275 1091 2308 alii

356 2328 389 2360 in
422 2327 640 2370 l‘ortugalliae
669 2332 700 2360 ct
724 2327 949 2370 Algarhiorum
981 2328 1091 2371 regnis

393 2427 403 2451 1
423 2424 572 2459 praeposit.
584 2424 616 2451 in
632 2423 757 2451 addimus
771 2432 802 2451 ex
818 2424 876 2452 loco
892 2425 986 2460 parall.
999 2425 1090 2460 (n.·r.).

391 2470 407 2496 Ξ
423 2469 488 2496 Male
505 2469 569 2495 edit.
586 2469 665 2496 Main.
681 2469 744 2504 legit
759 2470 882 2496 ecclesiis
897 2470 936 2503 (n.
953 2471 1003 2503 T.)-

391 2515 407 2540 3
423 2514 490 2540 Male
506 2514 568 2540 item
585 2513 650 2547 legit
663 2514 776 2541 civitali
792 2522 840 2547 pro
855 2515 970 2542 civitate
985 2516 1024 2547 (n.
1040 2515 1091 2549 T.).

391 2559 406 2585 4
426 2557 543 2584 Pessime
560 2565 669 2593 prorsus
685 2557 749 2586 edit.
765 2557 844 2586 Mam.
861 2558 925 2594 legit
939 2558 1027 2587 donec
1043 2566 1091 2594 pro

356 2604 454 2630 :iecore
470 2602 509 2638 (a.
524 2603 573 2637 T.)-

939 214 1118 239 sst'LL.xn1t·lt
1141 214 1294 238 ROMANL'M

1137 268 1168 295 et
1193 262 1343 295 dominiis
1375 263 1542 296 constituti
1575 263 1721 307 episcopi
1746 263 1779 296 in
1805 263 1872 296 suis

1137 315 1292 355 ecclesiis,
1327 315 1509 348 civitatibus
1542 320 1574 349 et
1599 315 1805 349 dioecesibus
1831 316 1875 349 sa-

1137 378 1208 400 cere
1234 373 1369 411 possunt
1394 374 1425 401 et
1449 369 1578 409 debent,
1596 369 1704 402 facere
1722 369 1824 402 libere
1843 374 1875 402 et

1137 421 1223 454 licite
1246 422 1349 464 possit
1372 427 1405 454 et
1427 422 1558 462 debeat;
1580 432 1616 454 ac
1640 421 1673 454 in
1695 422 1808 454 eadem
1834 423 1874 455 de

1137 474 1251 506 Olinda
1280 475 1326 506 sic
1352 477 1458 507 erecta
1489 475 1626 508 ecclesia
1654 474 1874 520 episcopalem

1138 527 1329 569 dignitatem
1344 539 1416 560 cum
1427 528 1514 568 sede,
1528 527 1804 570 praeeminemus,
1822 528 1875 560 ho-

1137 580 1283 619 noribus,
1310 580 1489 624 privilegiis
1512 586 1544 613 et
1561 579 1780 620 facultatibus,
1803 581 1874 623 qui-

1138 633 1198 665 bus
1230 633 1313 666 aliae
1343 634 1546 667 cathedrales
1577 633 1733 666 ecclesiae
1763 633 1875 666 huius-

1139 687 1224 718 modi
1251 686 1289 719 de
1308 686 1376 719 inre
1398 688 1447 719 vel
1469 686 1705 720 consuetudine
1722 691 1775 718 aut
1795 686 1872 721 alias

1137 743 1281 777 utmitur,
1308 739 1479 782 potiuntur
1511 744 1542 772 et
1577 739 1730 781 gaudent,
1756 749 1791 771 ac
1816 739 1872 779 uli,

1137 791 1234 834 potiri
1260 797 1291 824 et
1315 792 1456 833 gaudere
1492 796 1629 834 possunt
1660 797 1692 824 et
1721 796 1875 834 poterunt

1137 844 1384 886 quomodolibet
1407 845 1440 877 in
1464 845 1626 885 futurum,
1652 854 1780 877 necnon
1805 844 1874 888 epi-

1138 897 1260 940 scopali
1282 903 1313 929 et
1336 898 1504 940 capitulari
1522 898 1642 931 mensis
1660 897 1798 941 aliisque
1827 908 1874 930 ca-

1138 950 1341 983 thedralilms
1368 951 1540 993 insigniis,
1567 951 1606 983 ad
1639 950 1873 993 omnipotentis

1138 1003 1192 1035 Dei
1218 1004 1356 1043 laudem,
1379 1009 1410 1036 et
1434 1003 1685 1046 gloriosissimae
1704 1003 1872 1046 genitricis

1137 1056 1206 1089 eius
1243 1057 1382 1099 Virginis
1418 1057 1535 1090 Mariae
1565 1057 1730 1099 totiusque
1762 1059 1874 1090 trium-

1137 1109 1267 1152 phantis
1292 1109 1453 1142 Ecclesiae
1486 1109 1636 1151 gloriam,
1661 1119 1698 1141 ac
1721 1109 1796 1142 fidei
1822 1120 1874 1142 ca-

1884 213 1934 241 An.
1951 213 1980 242 C.
2000 213 2068 242 1676

1138 1162 1277 1195 thelicae
1303 1161 1542 1201 exaltationem,
1562 1162 1698 1195 consili0
1716 1166 1749 1194 et
1764 1166 1882 1206 aucto--

1137 1215 1232 1247 ritate
1257 1214 1429 1254 similibus,
1461 1220 1619 1257 perpetuo
1655 1213 1809 1256 erigimus
1844 1220 1876 1247 et

1137 1267 1348 1307 instituimus,
1374 1273 1406 1300 et
1430 1267 1461 1300 S.
1489 1266 1662 1299 Salvatoris
1695 1267 1734 1299 de
1759 1266 1874 1300 Olinda

1137 1321 1307 1353 ecclesiam
1333 1321 1538 1360 cathedralis,
1561 1325 1593 1352 et
1617 1320 1656 1352 de
1680 1319 1793 1352 Olinda
1818 1331 1875 1363 op-

1136 1374 1247 1417 pidum
1272 1373 1459 1406 huiusmodi
1481 1373 1627 1412 civitatis,
1648 1372 1801 1415 illiusque
1825 1373 1875 1405 in-

1137 1428 1223 1459 colas
1247 1426 1364 1459 civium
1394 1425 1538 1466 nomine,
1568 1425 1660 1458 titulo
1694 1430 1725 1459 et
1749 1426 1874 1459 honore

1137 1479 1341 1512 decoramus.

1180 1533 1194 1575 ἓ
1217 1533 1248 1565 4.
1275 1532 1409 1565 Necnon
1435 1531 1540 1565 eidem
1564 1531 1722 1565 ecclesiae
1747 1531 1779 1564 S.
1805 1531 1874 1565 Sal-

1136 1586 1255 1618 vatoris
1281 1585 1319 1618 de
1350 1585 1465 1617 Olinda
1497 1584 1654 1627 oppidum
1688 1585 1728 1617 de
1759 1583 1874 1618 Olinda

1136 1639 1326 1681 praefatum,
1341 1638 1431 1671 sicin
1447 1637 1608 1670 civitatem
1626 1637 1665 1670 de
1680 1636 1796 1670 Olinda
1809 1648 1875 1670 ere-

1136 1697 1228 1731 ctum,
1244 1702 1304 1734 pro
1322 1691 1458 1730 civitate,
1478 1694 1509 1723 et
1523 1689 1590 1723 alia·
1602 1690 1735 1733 oppida,
1752 1695 1871 1732 castra,

1137 1745 1237 1783 villas,
1264 1744 1427 1777 territoria
1445 1748 1476 1777 et
1494 1743 1656 1776 districtus
1678 1744 1782 1776 dictae
1799 1755 1874 1787 pro-

1135 1798 1257 1830 vinciae
1282 1798 1321 1830 de
1347 1797 1570 1830 Pernambuco
1604 1797 1643 1829 ab
1675 1807 1747 1830 arce
1776 1796 1874 1829 Seara

1135 1851 1289 1883 inclusive
1306 1860 1364 1893 per
1385 1860 1474 1883 oram
1494 1849 1687 1882 maritimam
1705 1854 1737 1882 et
1755 1854 1872 1883 terram

1135 1905 1220 1938 intus
1252 1914 1356 1947 usque
1394 1903 1434 1936 ad
1469 1903 1590 1935 ssumen
1628 1902 1659 1936 S.
1698 1902 1873 1943 Francisci,

1135 1959 1220 2002 quod
1238 1957 1395 1990 inserviet
1407 1967 1466 2000 pro
1485 1956 1626 1989 termino
1648 1955 1734 1989 inter
1750 1955 1874 1989 dioece-

1135 2011 1195 2044 sim
1220 2011 1258 2044 de
1278 2009 1395 2043 Olinda
1414 2014 1445 2041 et
1469 2008 1649 2042 dioecesim
1672 2008 1704 2041 S.
1731 2008 1875 2042 Salvato-

1135 2065 1178 2097 ris
1199 2064 1237 2097 de
1262 2063 1370 2103 Bahia,
1396 2072 1454 2105 pro
1473 2063 1529 2095 sua
1554 2061 1707 2102 dioecesi,
1729 2066 1761 2095 et
1784 2062 1872 2095 illins

1135 2119 1271 2157 clerum,
1308 2116 1430 2148 incolas
1464 2120 1496 2148 et
1527 2114 1728 2149 habitatores
1754 2121 1785 2148 et
1814 2126 1874 2160 po-

1135 2172 1255 2214 pulum,
1274 2179 1333 2212 pro
1359 2169 1424 2201 suis
1449 2169 1535 2201 clero
1554 2172 1586 2201 et
1605 2168 1739 2211 populo,
1759 2179 1874 2202 eonce-

1135 2224 1239 2256 dimus
1265 2227 1296 2255 et
1320 2221 1541 2263 assignamus:
1562 2231 1626 2254 non
1645 2221 1792 2254 obstante
1810 2221 1873 2254 alia

1134 2275 1338 2319 separatione
1381 2284 1439 2306 seu
1465 2273 1753 2306 dismembratione
1786 2274 1872 2307 eius-

1135 2328 1208 2361 dem
1240 2326 1428 2370 provinciae
1461 2326 1500 2359 de
1536 2326 1758 2359 Pernambuco
1794 2325 1872 2359 olim

1135 2381 1233 2421 sacta,
1260 2390 1333 2413 cum
1358 2384 1467 2412 erecta
1492 2379 1588 2412 suerit
1611 2378 1645 2411 in
1669 2378 1873 2412 administra-

1136 2435 1255 2467 tionem
1281 2433 1484 2476 spiritualem
1502 2442 1519 2465 a
1542 2436 1670 2465 sanctae
1696 2431 1873 2465 memoriae

1134 2488 1234 2520 Paulo
1259 2485 1281 2517 V
1312 2486 1563 2529 praedecessore
1595 2489 1707 2518 nostro
1739 2494 1797 2528 per
1820 2484 1874 2517 lit-

1135 2546 1219 2574 teras
1245 2539 1334 2571 ‹latas
1360 2549 1378 2572 v
1403 2538 1473 2572 iulii
1497 2536 1651 2572 nncxw¹.

1168 2602 1182 2630 1
1200 2601 1266 2630 Vide
1278 2605 1346 2630 tom.
1363 2607 1411 2636 xn,
1427 2609 1489 2637 pag.
1506 2601 1555 2629 271
1573 2602 1611 2635 (a.
1626 2600 1678 2636 T.)-

1910 1539 2069 1561 ninere-5:102·-

1884 1572 1933 1586 mnu
1971 1567 2068 1593 tlt-sigua-

1884 1595 1924 1614 tur.
