<?xml version="1.0" encoding="UTF-8"?>
<!DOCTYPE html PUBLIC "-//W3C//DTD XHTML 1.0 Transitional//EN"
    "http://www.w3.org/TR/xhtml1/DTD/xhtml1-transitional.dtd">
<html xmlns="http://www.w3.org/1999/xhtml" xml:lang="en" lang="en">
 <head>
  <title>
</title>
<meta http-equiv="Content-Type" content="text/html;charset=utf-8" />
  <meta name='ocr-system' content='tesseract 3.04.00' />
  <meta name='ocr-capabilities' content='ocr_page ocr_carea ocr_par ocr_line ocrx_word'/>
</head>
<body>
  <div class='ocr_page' id='page_1' title='image "./bullarumdiplomat19cath_0869.png"; bbox 0 0 2111 3157; ppageno 0'>
   <div class='ocr_carea' id='block_1_1' title="bbox 22 178 201 211">
    <p class='ocr_par' dir='ltr' id='par_1_1' title="bbox 22 178 201 211">
     <span class='ocr_line' id='line_1_1' title="bbox 22 178 201 211; baseline -0.034 0"><span class='ocrx_word' id='word_1_1' title='bbox 22 183 70 211; x_wconf 73' lang='lat' dir='ltr'>An.</span> <span class='ocrx_word' id='word_1_2' title='bbox 85 180 114 208; x_wconf 86' lang='lat' dir='ltr'>C.</span> <span class='ocrx_word' id='word_1_3' title='bbox 135 178 201 206; x_wconf 76' lang='lat'><strong>1688</strong></span> 
     </span>
    </p>
   </div>
   <div class='ocr_carea' id='block_1_2' title="bbox 9 1759 187 1860">
    <p class='ocr_par' dir='ltr' id='par_1_2' title="bbox 34 1759 158 1781">
     <span class='ocr_line' id='line_1_2' title="bbox 34 1759 158 1781; baseline 0 -1"><span class='ocrx_word' id='word_1_4' title='bbox 34 1759 100 1781; x_wconf 70' lang='lat' dir='ltr'>Cum·</span> <span class='ocrx_word' id='word_1_5' title='bbox 114 1759 158 1781; x_wconf 81' lang='lat' dir='ltr'>XV.</span> 
     </span>
    </p>

    <p class='ocr_par' dir='ltr' id='par_1_3' title="bbox 9 1786 187 1860">
     <span class='ocr_line' id='line_1_3' title="bbox 42 1786 187 1812; baseline -0.007 -6"><span class='ocrx_word' id='word_1_6' title='bbox 42 1786 69 1806; x_wconf 67' lang='lat' dir='ltr'>Da</span> <span class='ocrx_word' id='word_1_7' title='bbox 83 1786 187 1812; x_wconf 69' lang='lat' dir='ltr'>colloquio</span> 
     </span>
     <span class='ocr_line' id='line_1_4' title="bbox 9 1813 187 1839; baseline 0 -7"><span class='ocrx_word' id='word_1_8' title='bbox 9 1813 91 1833; x_wconf 74' lang='lat' dir='ltr'>claustri</span> <span class='ocrx_word' id='word_1_9' title='bbox 107 1816 127 1832; x_wconf 78' lang='lat' dir='ltr'>ot</span> <span class='ocrx_word' id='word_1_10' title='bbox 141 1818 187 1839; x_wconf 72' lang='lat' dir='ltr'>spa·</span> 
     </span>
     <span class='ocr_line' id='line_1_5' title="bbox 9 1839 119 1860; baseline -0.009 0"><span class='ocrx_word' id='word_1_11' title='bbox 9 1839 119 1860; x_wconf 63' lang='lat' dir='ltr'>numenius.</span> 
     </span>
    </p>
   </div>
   <div class='ocr_carea' id='block_1_3' title="bbox 208 225 938 268">
    <p class='ocr_par' dir='ltr' id='par_1_4' title="bbox 208 225 938 268">
     <span class='ocr_line' id='line_1_6' title="bbox 208 225 938 268; baseline -0.004 -9"><span class='ocrx_word' id='word_1_12' title='bbox 208 227 242 259; x_wconf 93' lang='lat' dir='ltr'>in</span> <span class='ocrx_word' id='word_1_13' title='bbox 277 227 380 266; x_wconf 90' lang='lat' dir='ltr'>domo,</span> <span class='ocrx_word' id='word_1_14' title='bbox 411 236 471 259; x_wconf 84' lang='lat' dir='ltr'>nec</span> <span class='ocrx_word' id='word_1_15' title='bbox 507 226 545 259; x_wconf 86' lang='lat' dir='ltr'>de</span> <span class='ocrx_word' id='word_1_16' title='bbox 581 226 719 268; x_wconf 81' lang='lat' dir='ltr'>negotiis</span> <span class='ocrx_word' id='word_1_17' title='bbox 753 225 938 267; x_wconf 87' lang='lat' dir='ltr'>inquirant;</span> 
     </span>
    </p>
   </div>
   <div class='ocr_carea' id='block_1_4' title="bbox 207 277 941 323">
    <p class='ocr_par' dir='ltr' id='par_1_5' title="bbox 207 277 941 323">
     <span class='ocr_line' id='line_1_7' title="bbox 207 277 941 323; baseline -0.003 -12"><span class='ocrx_word' id='word_1_18' title='bbox 207 280 350 323; x_wconf 89' lang='lat' dir='ltr'>alioquin</span> <span class='ocrx_word' id='word_1_19' title='bbox 375 280 448 312; x_wconf 91' lang='lat' dir='ltr'>vino</span> <span class='ocrx_word' id='word_1_20' title='bbox 474 279 652 322; x_wconf 81' lang='lat' dir='ltr'>priventur,</span> <span class='ocrx_word' id='word_1_21' title='bbox 672 284 726 311; x_wconf 89' lang='lat' dir='ltr'>aut</span> <span class='ocrx_word' id='word_1_22' title='bbox 749 278 843 311; x_wconf 89' lang='lat' dir='ltr'>aliter</span> <span class='ocrx_word' id='word_1_23' title='bbox 860 277 941 310; x_wconf 87' lang='lat' dir='ltr'>arbi-</span> 
     </span>
    </p>
   </div>
   <div class='ocr_carea' id='block_1_5' title="bbox 194 331 938 2209">
    <p class='ocr_par' dir='ltr' id='par_1_6' title="bbox 206 331 624 375">
     <span class='ocr_line' id='line_1_8' title="bbox 206 331 624 375; baseline -0.002 -11"><span class='ocrx_word' id='word_1_24' title='bbox 206 331 268 364; x_wconf 92' lang='lat' dir='ltr'>trio</span> <span class='ocrx_word' id='word_1_25' title='bbox 291 332 409 375; x_wconf 90' lang='lat' dir='ltr'>prioris</span> <span class='ocrx_word' id='word_1_26' title='bbox 434 332 624 375; x_wconf 86' lang='lat' dir='ltr'>puniantur.</span> 
     </span>
    </p>

    <p class='ocr_par' dir='ltr' id='par_1_7' title="bbox 195 383 938 1211">
     <span class='ocr_line' id='line_1_9' title="bbox 247 383 938 417; baseline -0.003 0"><span class='ocrx_word' id='word_1_27' title='bbox 247 394 314 417; x_wconf 87' lang='lat' dir='ltr'>xm.</span> <span class='ocrx_word' id='word_1_28' title='bbox 333 385 481 417; x_wconf 83' lang='lat' dir='ltr'>Monachi</span> <span class='ocrx_word' id='word_1_29' title='bbox 498 385 530 417; x_wconf 92' lang='lat' dir='ltr'>in</span> <span class='ocrx_word' id='word_1_30' title='bbox 549 386 661 417; x_wconf 78' lang='lat' dir='ltr'>mensa</span> <span class='ocrx_word' id='word_1_31' title='bbox 676 384 838 417; x_wconf 89' lang='lat' dir='ltr'>silentium</span> <span class='ocrx_word' id='word_1_32' title='bbox 857 383 938 416; x_wconf 88' lang='lat' dir='ltr'>sran-</span> 
     </span>
     <span class='ocr_line' id='line_1_10' title="bbox 205 436 937 480; baseline -0.003 -10"><span class='ocrx_word' id='word_1_33' title='bbox 205 443 329 480; x_wconf 78' lang='lat' dir='ltr'>gentes,</span> <span class='ocrx_word' id='word_1_34' title='bbox 346 443 470 480; x_wconf 86' lang='lat' dir='ltr'>septem</span> <span class='ocrx_word' id='word_1_35' title='bbox 496 439 637 480; x_wconf 88' lang='lat' dir='ltr'>psalmos</span> <span class='ocrx_word' id='word_1_36' title='bbox 663 448 734 469; x_wconf 90' lang='lat' dir='ltr'>cum</span> <span class='ocrx_word' id='word_1_37' title='bbox 760 436 872 469; x_wconf 80' lang='lat' dir='ltr'>litania</span> <span class='ocrx_word' id='word_1_38' title='bbox 895 436 937 468; x_wconf 90' lang='lat' dir='ltr'>di-</span> 
     </span>
     <span class='ocr_line' id='line_1_11' title="bbox 204 488 936 532; baseline -0.003 -11"><span class='ocrx_word' id='word_1_39' title='bbox 204 499 278 522; x_wconf 83' lang='lat' dir='ltr'>cere</span> <span class='ocrx_word' id='word_1_40' title='bbox 304 494 463 528; x_wconf 90' lang='lat' dir='ltr'>tenentur,</span> <span class='ocrx_word' id='word_1_41' title='bbox 486 494 519 521; x_wconf 90' lang='lat' dir='ltr'>et</span> <span class='ocrx_word' id='word_1_42' title='bbox 543 489 624 522; x_wconf 87' lang='lat' dir='ltr'>sicut</span> <span class='ocrx_word' id='word_1_43' title='bbox 643 499 702 532; x_wconf 91' lang='lat' dir='ltr'>pro</span> <span class='ocrx_word' id='word_1_44' title='bbox 727 488 875 531; x_wconf 89' lang='lat' dir='ltr'>prandio,</span> <span class='ocrx_word' id='word_1_45' title='bbox 891 488 936 520; x_wconf 91' lang='lat' dir='ltr'>sic</span> 
     </span>
     <span class='ocr_line' id='line_1_12' title="bbox 203 542 936 585; baseline -0.003 -11"><span class='ocrx_word' id='word_1_46' title='bbox 203 552 263 585; x_wconf 86' lang='lat' dir='ltr'>pro</span> <span class='ocrx_word' id='word_1_47' title='bbox 295 544 396 574; x_wconf 80' lang='lat' dir='ltr'>coena</span> <span class='ocrx_word' id='word_1_48' title='bbox 420 552 560 584; x_wconf 90' lang='lat' dir='ltr'>poenam</span> <span class='ocrx_word' id='word_1_49' title='bbox 586 542 755 574; x_wconf 87' lang='lat' dir='ltr'>incurrunt</span> <span class='ocrx_word' id='word_1_50' title='bbox 778 551 936 573; x_wconf 88' lang='lat' dir='ltr'>memora-</span> 
     </span>
     <span class='ocr_line' id='line_1_13' title="bbox 202 595 936 637; baseline -0.003 -10"><span class='ocrx_word' id='word_1_51' title='bbox 202 600 278 627; x_wconf 84' lang='lat' dir='ltr'>tam.</span> <span class='ocrx_word' id='word_1_52' title='bbox 305 595 430 627; x_wconf 77' lang='lat' dir='ltr'>Priores</span> <span class='ocrx_word' id='word_1_53' title='bbox 457 600 564 627; x_wconf 81' lang='lat' dir='ltr'>tamen</span> <span class='ocrx_word' id='word_1_54' title='bbox 590 600 622 626; x_wconf 86' lang='lat' dir='ltr'>et</span> <span class='ocrx_word' id='word_1_55' title='bbox 651 598 880 637; x_wconf 76' lang='lat' dir='ltr'>procuratores</span> <span class='ocrx_word' id='word_1_56' title='bbox 904 599 936 625; x_wconf 90' lang='lat' dir='ltr'>et</span> 
     </span>
     <span class='ocr_line' id='line_1_14' title="bbox 201 645 933 679; baseline -0.004 0"><span class='ocrx_word' id='word_1_57' title='bbox 201 646 390 679; x_wconf 80' lang='lat' dir='ltr'>itinerantes</span> <span class='ocrx_word' id='word_1_58' title='bbox 415 646 454 679; x_wconf 88' lang='lat' dir='ltr'>ab</span> <span class='ocrx_word' id='word_1_59' title='bbox 480 646 540 679; x_wconf 86' lang='lat' dir='ltr'>hac</span> <span class='ocrx_word' id='word_1_60' title='bbox 564 646 791 678; x_wconf 84' lang='lat' dir='ltr'>observatione</span> <span class='ocrx_word' id='word_1_61' title='bbox 815 645 933 678; x_wconf 86' lang='lat' dir='ltr'>silentii</span> 
     </span>
     <span class='ocr_line' id='line_1_15' title="bbox 201 698 935 741; baseline -0.003 -11"><span class='ocrx_word' id='word_1_62' title='bbox 201 704 233 730; x_wconf 92' lang='lat' dir='ltr'>et</span> <span class='ocrx_word' id='word_1_63' title='bbox 257 700 361 741; x_wconf 79' lang='lat' dir='ltr'>poena</span> <span class='ocrx_word' id='word_1_64' title='bbox 380 698 560 731; x_wconf 81' lang='lat' dir='ltr'>eximimus.</span> <span class='ocrx_word' id='word_1_65' title='bbox 580 698 698 730; x_wconf 77' lang='lat' dir='ltr'>Verum</span> <span class='ocrx_word' id='word_1_66' title='bbox 716 702 854 740; x_wconf 87' lang='lat' dir='ltr'>propter</span> <span class='ocrx_word' id='word_1_67' title='bbox 870 707 935 729; x_wconf 90' lang='lat' dir='ltr'>ver-</span> 
     </span>
     <span class='ocr_line' id='line_1_16' title="bbox 199 749 932 793; baseline -0.003 -11"><span class='ocrx_word' id='word_1_68' title='bbox 199 750 241 782; x_wconf 88' lang='lat' dir='ltr'>ba</span> <span class='ocrx_word' id='word_1_69' title='bbox 265 750 437 793; x_wconf 83' lang='lat' dir='ltr'>superflua,</span> <span class='ocrx_word' id='word_1_70' title='bbox 459 759 540 792; x_wconf 89' lang='lat' dir='ltr'>quae</span> <span class='ocrx_word' id='word_1_71' title='bbox 566 754 641 781; x_wconf 92' lang='lat' dir='ltr'>tunc</span> <span class='ocrx_word' id='word_1_72' title='bbox 665 749 757 781; x_wconf 79' lang='lat' dir='ltr'>facile</span> <span class='ocrx_word' id='word_1_73' title='bbox 783 749 932 781; x_wconf 77' lang='lat' dir='ltr'><strong>excidere</strong></span> 
     </span>
     <span class='ocr_line' id='line_1_17' title="bbox 200 801 931 844; baseline -0.003 -10"><span class='ocrx_word' id='word_1_74' title='bbox 200 802 312 841; x_wconf 84' lang='lat' dir='ltr'>solent,</span> <span class='ocrx_word' id='word_1_75' title='bbox 332 802 439 835; x_wconf 86' lang='lat' dir='ltr'>dicant</span> <span class='ocrx_word' id='word_1_76' title='bbox 455 801 621 844; x_wconf 75' lang='lat' dir='ltr'>praedicti,</span> <span class='ocrx_word' id='word_1_77' title='bbox 639 802 737 833; x_wconf 88' lang='lat' dir='ltr'>semel</span> <span class='ocrx_word' id='word_1_78' title='bbox 753 806 884 840; x_wconf 82' lang='lat' dir='ltr'>tantum,</span> <span class='ocrx_word' id='word_1_79' title='bbox 900 801 931 832; x_wconf 91' lang='lat' dir='ltr'>in</span> 
     </span>
     <span class='ocr_line' id='line_1_18' title="bbox 199 854 930 897; baseline -0.001 -10"><span class='ocrx_word' id='word_1_80' title='bbox 199 854 250 887; x_wconf 92' lang='lat' dir='ltr'>die</span> <span class='ocrx_word' id='word_1_81' title='bbox 268 854 300 886; x_wconf 92' lang='lat' dir='ltr'>in</span> <span class='ocrx_word' id='word_1_82' title='bbox 319 865 382 897; x_wconf 92' lang='lat' dir='ltr'>quo</span> <span class='ocrx_word' id='word_1_83' title='bbox 399 854 564 886; x_wconf 88' lang='lat' dir='ltr'>silentium</span> <span class='ocrx_word' id='word_1_84' title='bbox 583 854 614 886; x_wconf 93' lang='lat' dir='ltr'>in</span> <span class='ocrx_word' id='word_1_85' title='bbox 632 857 742 887; x_wconf 76' lang='lat' dir='ltr'>mensa</span> <span class='ocrx_word' id='word_1_86' title='bbox 766 854 930 896; x_wconf 77' lang='lat' dir='ltr'>fregerint,</span> 
     </span>
     <span class='ocr_line' id='line_1_19' title="bbox 197 906 928 949; baseline 0 -11"><span class='ocrx_word' id='word_1_87' title='bbox 197 907 354 949; x_wconf 83' lang='lat' dir='ltr'>psalmum</span> <span class='ocrx_word' id='word_1_88' title='bbox 388 906 433 939; x_wconf 86' lang='lat' dir='ltr'>De</span> <span class='ocrx_word' id='word_1_89' title='bbox 460 906 647 949; x_wconf 78' lang='lat' dir='ltr'>profundis,</span> <span class='ocrx_word' id='word_1_90' title='bbox 680 907 781 939; x_wconf 75' lang='lat' dir='ltr'>Pater</span> <span class='ocrx_word' id='word_1_91' title='bbox 811 910 928 945; x_wconf 76' lang='lat' dir='ltr'>noster,</span> 
     </span>
     <span class='ocr_line' id='line_1_20' title="bbox 195 959 932 998; baseline -0.001 -7"><span class='ocrx_word' id='word_1_92' title='bbox 195 959 264 992; x_wconf 78' lang='lat' dir='ltr'>Ave</span> <span class='ocrx_word' id='word_1_93' title='bbox 287 959 408 998; x_wconf 81' lang='lat' dir='ltr'>Maria,</span> <span class='ocrx_word' id='word_1_94' title='bbox 436 970 508 991; x_wconf 92' lang='lat' dir='ltr'>cum</span> <span class='ocrx_word' id='word_1_95' title='bbox 534 959 679 991; x_wconf 86' lang='lat' dir='ltr'>oratione</span> <span class='ocrx_word' id='word_1_96' title='bbox 711 959 875 991; x_wconf 74' lang='lat' dir='ltr'>Fidele&#39;um</span> <span class='ocrx_word' id='word_1_97' title='bbox 901 964 932 990; x_wconf 89' lang='lat' dir='ltr'>et</span> 
     </span>
     <span class='ocr_line' id='line_1_21' title="bbox 198 1010 930 1054; baseline -0.001 -9"><span class='ocrx_word' id='word_1_98' title='bbox 198 1010 417 1054; x_wconf 76' lang='lat' dir='ltr'>Omnipotens,</span> <span class='ocrx_word' id='word_1_99' title='bbox 431 1016 499 1050; x_wconf 73' lang='lat' dir='ltr'>etc,</span> <span class='ocrx_word' id='word_1_100' title='bbox 515 1011 573 1054; x_wconf 83' lang='lat' dir='ltr'>qui</span> <span class='ocrx_word' id='word_1_101' title='bbox 591 1012 747 1047; x_wconf 73' lang='lat' dir='ltr'>vivorum,</span> <span class='ocrx_word' id='word_1_102' title='bbox 762 1017 823 1044; x_wconf 83' lang='lat' dir='ltr'>etc.</span> <span class='ocrx_word' id='word_1_103' title='bbox 841 1011 930 1044; x_wconf 87' lang='lat' dir='ltr'>Circa</span> 
     </span>
     <span class='ocr_line' id='line_1_22' title="bbox 196 1062 931 1106; baseline 0.001 -11"><span class='ocrx_word' id='word_1_104' title='bbox 196 1062 341 1095; x_wconf 82' lang='lat' dir='ltr'>infirmos</span> <span class='ocrx_word' id='word_1_105' title='bbox 378 1063 472 1095; x_wconf 88' lang='lat' dir='ltr'>etiam</span> <span class='ocrx_word' id='word_1_106' title='bbox 505 1069 640 1105; x_wconf 78' lang='lat' dir='ltr'>possunt</span> <span class='ocrx_word' id='word_1_107' title='bbox 675 1064 802 1106; x_wconf 85' lang='lat' dir='ltr'><strong>priores</strong></span> <span class='ocrx_word' id='word_1_108' title='bbox 834 1073 931 1106; x_wconf 89' lang='lat' dir='ltr'>super</span> 
     </span>
     <span class='ocr_line' id='line_1_23' title="bbox 197 1115 931 1159; baseline 0 -11"><span class='ocrx_word' id='word_1_109' title='bbox 197 1115 259 1148; x_wconf 88' lang='lat' dir='ltr'>hoc</span> <span class='ocrx_word' id='word_1_110' title='bbox 283 1115 479 1159; x_wconf 86' lang='lat' dir='ltr'>dispensare,</span> <span class='ocrx_word' id='word_1_111' title='bbox 498 1118 619 1148; x_wconf 77' lang='lat' dir='ltr'>attenta</span> <span class='ocrx_word' id='word_1_112' title='bbox 636 1116 832 1148; x_wconf 80' lang='lat' dir='ltr'>infirmitatis</span> <span class='ocrx_word' id='word_1_113' title='bbox 853 1126 931 1159; x_wconf 86' lang='lat' dir='ltr'>qua-</span> 
     </span>
     <span class='ocr_line' id='line_1_24' title="bbox 195 1168 770 1211; baseline 0 -10"><span class='ocrx_word' id='word_1_114' title='bbox 195 1168 294 1207; x_wconf 85' lang='lat' dir='ltr'>litate,</span> <span class='ocrx_word' id='word_1_115' title='bbox 322 1174 417 1211; x_wconf 88' lang='lat' dir='ltr'>prout</span> <span class='ocrx_word' id='word_1_116' title='bbox 441 1168 580 1201; x_wconf 90' lang='lat' dir='ltr'>viderint</span> <span class='ocrx_word' id='word_1_117' title='bbox 604 1169 770 1211; x_wconf 81' lang='lat' dir='ltr'>expedire.</span> 
     </span>
    </p>

    <p class='ocr_par' dir='ltr' id='par_1_8' title="bbox 194 1220 930 1735">
     <span class='ocr_line' id='line_1_25' title="bbox 238 1220 928 1264; baseline 0 -12"><span class='ocrx_word' id='word_1_118' title='bbox 238 1230 301 1253; x_wconf 86' lang='lat' dir='ltr'>xlv.</span> <span class='ocrx_word' id='word_1_119' title='bbox 329 1220 404 1253; x_wconf 89' lang='lat' dir='ltr'>Cum</span> <span class='ocrx_word' id='word_1_120' title='bbox 425 1221 570 1263; x_wconf 86' lang='lat' dir='ltr'>patribus</span> <span class='ocrx_word' id='word_1_121' title='bbox 591 1221 693 1253; x_wconf 85' lang='lat' dir='ltr'>nostri</span> <span class='ocrx_word' id='word_1_122' title='bbox 717 1221 855 1255; x_wconf 90' lang='lat' dir='ltr'>Ordinis.</span> <span class='ocrx_word' id='word_1_123' title='bbox 875 1221 928 1264; x_wconf 90' lang='lat' dir='ltr'>qui</span> 
     </span>
     <span class='ocr_line' id='line_1_26' title="bbox 194 1273 930 1317; baseline 0.001 -12"><span class='ocrx_word' id='word_1_124' title='bbox 194 1273 359 1306; x_wconf 89' lang='lat' dir='ltr'>interdum</span> <span class='ocrx_word' id='word_1_125' title='bbox 384 1273 422 1305; x_wconf 87' lang='lat' dir='ltr'>ad</span> <span class='ocrx_word' id='word_1_126' title='bbox 442 1273 553 1306; x_wconf 90' lang='lat' dir='ltr'>domos</span> <span class='ocrx_word' id='word_1_127' title='bbox 578 1278 706 1306; x_wconf 87' lang='lat' dir='ltr'>nostras</span> <span class='ocrx_word' id='word_1_128' title='bbox 724 1274 849 1306; x_wconf 82' lang='lat' dir='ltr'>itisseris</span> <span class='ocrx_word' id='word_1_129' title='bbox 872 1285 930 1317; x_wconf 91' lang='lat' dir='ltr'>op-</span> 
     </span>
     <span class='ocr_line' id='line_1_27' title="bbox 194 1325 928 1368; baseline 0.003 -11"><span class='ocrx_word' id='word_1_130' title='bbox 194 1325 393 1368; x_wconf 87' lang='lat' dir='ltr'>portunitate</span> <span class='ocrx_word' id='word_1_131' title='bbox 425 1331 480 1357; x_wconf 87' lang='lat' dir='ltr'>aut</span> <span class='ocrx_word' id='word_1_132' title='bbox 503 1325 696 1358; x_wconf 76' lang='lat' dir='ltr'>necessitate</span> <span class='ocrx_word' id='word_1_133' title='bbox 721 1326 928 1367; x_wconf 70' lang='lat' dir='ltr'>negociorum</span> 
     </span>
     <span class='ocr_line' id='line_1_28' title="bbox 195 1377 928 1420; baseline 0.001 -10"><span class='ocrx_word' id='word_1_134' title='bbox 195 1378 390 1419; x_wconf 87' lang='lat' dir='ltr'>adventant,</span> <span class='ocrx_word' id='word_1_135' title='bbox 416 1377 502 1420; x_wconf 88' lang='lat' dir='ltr'>loqui</span> <span class='ocrx_word' id='word_1_136' title='bbox 540 1378 634 1410; x_wconf 90' lang='lat' dir='ltr'>nobis</span> <span class='ocrx_word' id='word_1_137' title='bbox 669 1388 734 1410; x_wconf 91' lang='lat' dir='ltr'>non</span> <span class='ocrx_word' id='word_1_138' title='bbox 759 1378 835 1411; x_wconf 85' lang='lat' dir='ltr'>lieet</span> <span class='ocrx_word' id='word_1_139' title='bbox 859 1379 928 1411; x_wconf 88' lang='lat' dir='ltr'>sine</span> 
     </span>
     <span class='ocr_line' id='line_1_29' title="bbox 195 1430 929 1475; baseline 0.003 -13"><span class='ocrx_word' id='word_1_140' title='bbox 195 1430 407 1474; x_wconf 84' lang='lat' dir='ltr'>praesidentis</span> <span class='ocrx_word' id='word_1_141' title='bbox 425 1431 573 1463; x_wconf 84' lang='lat' dir='ltr'>licentia:</span> <span class='ocrx_word' id='word_1_142' title='bbox 588 1431 675 1463; x_wconf 89' lang='lat' dir='ltr'>hunc</span> <span class='ocrx_word' id='word_1_143' title='bbox 689 1431 749 1473; x_wconf 85' lang='lat' dir='ltr'>ipsi</span> <span class='ocrx_word' id='word_1_144' title='bbox 763 1441 822 1463; x_wconf 87' lang='lat' dir='ltr'>nec</span> <span class='ocrx_word' id='word_1_145' title='bbox 836 1442 929 1475; x_wconf 88' lang='lat' dir='ltr'>quae-</span> 
     </span>
     <span class='ocr_line' id='line_1_30' title="bbox 195 1483 928 1526; baseline 0 -10"><span class='ocrx_word' id='word_1_146' title='bbox 195 1493 310 1523; x_wconf 84' lang='lat' dir='ltr'>ramus,</span> <span class='ocrx_word' id='word_1_147' title='bbox 332 1493 392 1516; x_wconf 88' lang='lat' dir='ltr'>nec</span> <span class='ocrx_word' id='word_1_148' title='bbox 412 1483 590 1526; x_wconf 87' lang='lat' dir='ltr'>cupiamus,</span> <span class='ocrx_word' id='word_1_149' title='bbox 612 1483 672 1515; x_wconf 86' lang='lat' dir='ltr'>nisi</span> <span class='ocrx_word' id='word_1_150' title='bbox 690 1483 831 1524; x_wconf 80' lang='lat' dir='ltr'>legitima</span> <span class='ocrx_word' id='word_1_151' title='bbox 848 1484 928 1516; x_wconf 89' lang='lat' dir='ltr'>ratio</span> 
     </span>
     <span class='ocr_line' id='line_1_31' title="bbox 195 1535 930 1578; baseline -0.001 -10"><span class='ocrx_word' id='word_1_152' title='bbox 195 1535 282 1569; x_wconf 90' lang='lat' dir='ltr'>aliud</span> <span class='ocrx_word' id='word_1_153' title='bbox 306 1536 459 1578; x_wconf 83' lang='lat' dir='ltr'>postulet.</span> <span class='ocrx_word' id='word_1_154' title='bbox 479 1535 541 1567; x_wconf 89' lang='lat' dir='ltr'>Nos</span> <span class='ocrx_word' id='word_1_155' title='bbox 565 1535 650 1567; x_wconf 90' lang='lat' dir='ltr'>enim</span> <span class='ocrx_word' id='word_1_156' title='bbox 676 1535 793 1567; x_wconf 87' lang='lat' dir='ltr'>cultori</span> <span class='ocrx_word' id='word_1_157' title='bbox 818 1535 930 1568; x_wconf 87' lang='lat' dir='ltr'>solitu-</span> 
     </span>
     <span class='ocr_line' id='line_1_32' title="bbox 197 1588 929 1631; baseline 0 -10"><span class='ocrx_word' id='word_1_158' title='bbox 197 1589 281 1622; x_wconf 90' lang='lat' dir='ltr'>dinis</span> <span class='ocrx_word' id='word_1_159' title='bbox 306 1589 491 1631; x_wconf 86' lang='lat' dir='ltr'>silentiique</span> <span class='ocrx_word' id='word_1_160' title='bbox 518 1588 620 1620; x_wconf 80' lang='lat' dir='ltr'>tenaci</span> <span class='ocrx_word' id='word_1_161' title='bbox 647 1593 678 1619; x_wconf 85' lang='lat' dir='ltr'>et</span> <span class='ocrx_word' id='word_1_162' title='bbox 697 1588 791 1621; x_wconf 88' lang='lat' dir='ltr'>avido</span> <span class='ocrx_word' id='word_1_163' title='bbox 813 1589 929 1631; x_wconf 86' lang='lat' dir='ltr'>quietis</span> 
     </span>
     <span class='ocr_line' id='line_1_33' title="bbox 198 1641 930 1684; baseline -0.001 -9"><span class='ocrx_word' id='word_1_164' title='bbox 198 1642 350 1675; x_wconf 76' lang='lat' dir='ltr'>conducit</span> <span class='ocrx_word' id='word_1_165' title='bbox 373 1647 426 1673; x_wconf 91' lang='lat' dir='ltr'>aut</span> <span class='ocrx_word' id='word_1_166' title='bbox 449 1641 530 1673; x_wconf 88' lang='lat' dir='ltr'>alios</span> <span class='ocrx_word' id='word_1_167' title='bbox 557 1641 716 1679; x_wconf 83' lang='lat' dir='ltr'>invisere,</span> <span class='ocrx_word' id='word_1_168' title='bbox 746 1646 800 1673; x_wconf 88' lang='lat' dir='ltr'>aut</span> <span class='ocrx_word' id='word_1_169' title='bbox 824 1641 930 1684; x_wconf 92' lang='lat' dir='ltr'>ipsum</span> 
     </span>
     <span class='ocr_line' id='line_1_34' title="bbox 197 1693 755 1735; baseline -0.005 -8"><span class='ocrx_word' id='word_1_170' title='bbox 197 1696 237 1727; x_wconf 89' lang='lat' dir='ltr'>ab</span> <span class='ocrx_word' id='word_1_171' title='bbox 262 1694 333 1727; x_wconf 89' lang='lat' dir='ltr'>aliis</span> <span class='ocrx_word' id='word_1_172' title='bbox 357 1693 476 1726; x_wconf 86' lang='lat' dir='ltr'>visitari</span> <span class='ocrx_word' id='word_1_173' title='bbox 503 1694 625 1735; x_wconf 82' lang='lat' dir='ltr'>absque</span> <span class='ocrx_word' id='word_1_174' title='bbox 652 1695 755 1725; x_wconf 74' lang='lat' dir='ltr'>causa.</span> 
     </span>
    </p>

    <p class='ocr_par' dir='ltr' id='par_1_9' title="bbox 199 1746 934 2096">
     <span class='ocr_line' id='line_1_35' title="bbox 241 1746 930 1789; baseline -0.003 -9"><span class='ocrx_word' id='word_1_175' title='bbox 241 1757 263 1780; x_wconf 90' lang='lat'>1.</span> <span class='ocrx_word' id='word_1_176' title='bbox 290 1746 497 1789; x_wconf 90' lang='lat' dir='ltr'>Colloquium</span> <span class='ocrx_word' id='word_1_177' title='bbox 529 1746 561 1777; x_wconf 89' lang='lat' dir='ltr'>in</span> <span class='ocrx_word' id='word_1_178' title='bbox 587 1746 727 1777; x_wconf 88' lang='lat' dir='ltr'>claustro</span> <span class='ocrx_word' id='word_1_179' title='bbox 761 1756 930 1778; x_wconf 91' lang='lat' dir='ltr'>commune</span> 
     </span>
     <span class='ocr_line' id='line_1_36' title="bbox 199 1798 931 1841; baseline -0.003 -9"><span class='ocrx_word' id='word_1_180' title='bbox 199 1800 356 1832; x_wconf 84' lang='lat' dir='ltr'>babemus</span> <span class='ocrx_word' id='word_1_181' title='bbox 382 1799 531 1831; x_wconf 87' lang='lat' dir='ltr'>omnibus</span> <span class='ocrx_word' id='word_1_182' title='bbox 548 1798 662 1830; x_wconf 89' lang='lat' dir='ltr'>diebus</span> <span class='ocrx_word' id='word_1_183' title='bbox 683 1798 773 1830; x_wconf 80' lang='lat' dir='ltr'>sestis</span> <span class='ocrx_word' id='word_1_184' title='bbox 799 1798 931 1841; x_wconf 82' lang='lat' dir='ltr'>capituli</span> 
     </span>
     <span class='ocr_line' id='line_1_37' title="bbox 199 1851 932 1896; baseline -0.004 -10"><span class='ocrx_word' id='word_1_185' title='bbox 199 1858 272 1896; x_wconf 90' lang='lat' dir='ltr'>post</span> <span class='ocrx_word' id='word_1_186' title='bbox 288 1852 420 1891; x_wconf 86' lang='lat' dir='ltr'>Nonam,</span> <span class='ocrx_word' id='word_1_187' title='bbox 440 1851 585 1893; x_wconf 84' lang='lat' dir='ltr'>exceptis</span> <span class='ocrx_word' id='word_1_188' title='bbox 603 1851 862 1883; x_wconf 74' lang='lat' dir='ltr'>solemnitatibus</span> <span class='ocrx_word' id='word_1_189' title='bbox 878 1851 932 1883; x_wconf 79' lang='lat' dir='ltr'>Na-</span> 
     </span>
     <span class='ocr_line' id='line_1_38' title="bbox 199 1903 934 1942; baseline -0.003 -4"><span class='ocrx_word' id='word_1_190' title='bbox 199 1904 329 1939; x_wconf 86' lang='lat' dir='ltr'>tivitatis</span> <span class='ocrx_word' id='word_1_191' title='bbox 355 1909 386 1937; x_wconf 88' lang='lat' dir='ltr'>et</span> <span class='ocrx_word' id='word_1_192' title='bbox 410 1903 535 1937; x_wconf 89' lang='lat' dir='ltr'>Coenae</span> <span class='ocrx_word' id='word_1_193' title='bbox 561 1903 708 1942; x_wconf 82' lang='lat' dir='ltr'>Domini,</span> <span class='ocrx_word' id='word_1_194' title='bbox 736 1904 878 1937; x_wconf 77' lang='lat' dir='ltr'>Paschae</span> <span class='ocrx_word' id='word_1_195' title='bbox 902 1909 934 1936; x_wconf 88' lang='lat' dir='ltr'>et</span> 
     </span>
     <span class='ocr_line' id='line_1_39' title="bbox 199 1952 933 1999; baseline -0.004 -8"><span class='ocrx_word' id='word_1_196' title='bbox 199 1952 422 1995; x_wconf 66' lang='lat' dir='ltr'>Pentecostes,</span> <span class='ocrx_word' id='word_1_197' title='bbox 447 1956 662 1999; x_wconf 88' lang='lat' dir='ltr'>omnibusque</span> <span class='ocrx_word' id='word_1_198' title='bbox 686 1956 774 1988; x_wconf 85' lang='lat' dir='ltr'>sestis</span> <span class='ocrx_word' id='word_1_199' title='bbox 796 1956 827 1988; x_wconf 91' lang='lat' dir='ltr'>iu</span> <span class='ocrx_word' id='word_1_200' title='bbox 852 1956 933 1994; x_wconf 87' lang='lat' dir='ltr'>Qua-</span> 
     </span>
     <span class='ocr_line' id='line_1_40' title="bbox 200 2009 934 2054; baseline -0.004 -10"><span class='ocrx_word' id='word_1_201' title='bbox 200 2010 379 2054; x_wconf 79' lang='lat' dir='ltr'>dragesima</span> <span class='ocrx_word' id='word_1_202' title='bbox 393 2019 493 2052; x_wconf 87' lang='lat' dir='ltr'>super</span> <span class='ocrx_word' id='word_1_203' title='bbox 511 2009 750 2041; x_wconf 82' lang='lat' dir='ltr'>hebdomadam</span> <span class='ocrx_word' id='word_1_204' title='bbox 765 2019 934 2042; x_wconf 83' lang='lat' dir='ltr'>oecurren-</span> 
     </span>
     <span class='ocr_line' id='line_1_41' title="bbox 201 2064 297 2096; baseline 0 0"><span class='ocrx_word' id='word_1_205' title='bbox 201 2064 297 2096; x_wconf 88' lang='lat' dir='ltr'>tibus.</span> 
     </span>
    </p>

    <p class='ocr_par' dir='ltr' id='par_1_10' title="bbox 202 2115 933 2209">
     <span class='ocr_line' id='line_1_42' title="bbox 244 2115 933 2149; baseline -0.004 0"><span class='ocrx_word' id='word_1_206' title='bbox 244 2127 279 2149; x_wconf 85' lang='lat'>11.</span> <span class='ocrx_word' id='word_1_207' title='bbox 305 2116 459 2148; x_wconf 85' lang='lat' dir='ltr'>Volumus</span> <span class='ocrx_word' id='word_1_208' title='bbox 482 2119 589 2147; x_wconf 89' lang='lat' dir='ltr'>autem</span> <span class='ocrx_word' id='word_1_209' title='bbox 606 2120 641 2146; x_wconf 91' lang='lat' dir='ltr'>ut</span> <span class='ocrx_word' id='word_1_210' title='bbox 665 2115 780 2147; x_wconf 89' lang='lat' dir='ltr'>eodem</span> <span class='ocrx_word' id='word_1_211' title='bbox 798 2115 850 2147; x_wconf 92' lang='lat' dir='ltr'>die</span> <span class='ocrx_word' id='word_1_212' title='bbox 869 2125 933 2146; x_wconf 92' lang='lat' dir='ltr'>non</span> 
     </span>
     <span class='ocr_line' id='line_1_43' title="bbox 202 2166 933 2209; baseline -0.004 -8"><span class='ocrx_word' id='word_1_213' title='bbox 202 2168 295 2202; x_wconf 86' lang='lat' dir='ltr'>detur</span> <span class='ocrx_word' id='word_1_214' title='bbox 317 2166 477 2200; x_wconf 84' lang='lat' dir='ltr'>recreatio</span> <span class='ocrx_word' id='word_1_215' title='bbox 499 2166 545 2208; x_wconf 87' lang='grc' dir='ltr'>(α)</span> <span class='ocrx_word' id='word_1_216' title='bbox 571 2166 596 2198; x_wconf 89' lang='lat' dir='ltr'>si</span> <span class='ocrx_word' id='word_1_217' title='bbox 622 2166 714 2198; x_wconf 85' lang='lat' dir='ltr'>datur</span> <span class='ocrx_word' id='word_1_218' title='bbox 738 2167 933 2209; x_wconf 88' lang='lat' dir='ltr'>colloquium</span> 
     </span>
    </p>
   </div>
   <div class='ocr_carea' id='block_1_6' title="bbox 203 2279 938 2448">
    <p class='ocr_par' dir='ltr' id='par_1_11' title="bbox 203 2279 938 2448">
     <span class='ocr_line' id='line_1_44' title="bbox 236 2279 936 2314; baseline -0.004 -5"><span class='ocrx_word' id='word_1_219' title='bbox 236 2282 264 2314; x_wconf 85' lang='grc' dir='ltr'>α)</span> <span class='ocrx_word' id='word_1_220' title='bbox 284 2279 466 2308; x_wconf 78' lang='lat' dir='ltr'>Recreationis</span> <span class='ocrx_word' id='word_1_221' title='bbox 488 2279 596 2306; x_wconf 87' lang='lat' dir='ltr'>nomine</span> <span class='ocrx_word' id='word_1_222' title='bbox 616 2287 647 2306; x_wconf 86' lang='lat' dir='ltr'>ex</span> <span class='ocrx_word' id='word_1_223' title='bbox 667 2279 800 2313; x_wconf 81' lang='lat' dir='ltr'>praesenti</span> <span class='ocrx_word' id='word_1_224' title='bbox 820 2287 869 2305; x_wconf 89' lang='lat' dir='ltr'>usu</span> <span class='ocrx_word' id='word_1_225' title='bbox 888 2279 936 2306; x_wconf 94' lang='lat' dir='ltr'>Or-</span> 
     </span>
     <span class='ocr_line' id='line_1_45' title="bbox 203 2322 938 2358; baseline -0.004 -5"><span class='ocrx_word' id='word_1_226' title='bbox 203 2326 273 2353; x_wconf 88' lang='lat' dir='ltr'>dinis</span> <span class='ocrx_word' id='word_1_227' title='bbox 288 2323 462 2357; x_wconf 80' lang='lat' dir='ltr'>intelligenda</span> <span class='ocrx_word' id='word_1_228' title='bbox 475 2327 516 2349; x_wconf 86' lang='lat' dir='ltr'>est</span> <span class='ocrx_word' id='word_1_229' title='bbox 529 2322 667 2349; x_wconf 79' lang='lat' dir='ltr'>translatio</span> <span class='ocrx_word' id='word_1_230' title='bbox 684 2323 808 2358; x_wconf 86' lang='lat' dir='ltr'>colloquii</span> <span class='ocrx_word' id='word_1_231' title='bbox 822 2331 852 2349; x_wconf 90' lang='lat' dir='ltr'>ex</span> <span class='ocrx_word' id='word_1_232' title='bbox 868 2323 938 2350; x_wconf 80' lang='lat' dir='ltr'>elau-</span> 
     </span>
     <span class='ocr_line' id='line_1_46' title="bbox 204 2366 938 2401; baseline -0.004 -5"><span class='ocrx_word' id='word_1_233' title='bbox 204 2374 259 2396; x_wconf 83' lang='lat' dir='ltr'>stro</span> <span class='ocrx_word' id='word_1_234' title='bbox 274 2369 300 2395; x_wconf 92' lang='lat' dir='ltr'>in</span> <span class='ocrx_word' id='word_1_235' title='bbox 318 2368 434 2401; x_wconf 88' lang='lat' dir='ltr'>hortum,</span> <span class='ocrx_word' id='word_1_236' title='bbox 450 2367 506 2393; x_wconf 88' lang='lat' dir='ltr'>sive</span> <span class='ocrx_word' id='word_1_237' title='bbox 521 2366 604 2393; x_wconf 90' lang='lat' dir='ltr'>alium</span> <span class='ocrx_word' id='word_1_238' title='bbox 624 2367 711 2393; x_wconf 88' lang='lat' dir='ltr'>locum</span> <span class='ocrx_word' id='word_1_239' title='bbox 727 2374 742 2392; x_wconf 87' lang='lat' dir='ltr'>a</span> <span class='ocrx_word' id='word_1_240' title='bbox 759 2366 938 2393; x_wconf 78' lang='lat' dir='ltr'>visitatoribus</span> 
     </span>
     <span class='ocr_line' id='line_1_47' title="bbox 206 2411 938 2448; baseline -0.004 -8"><span class='ocrx_word' id='word_1_241' title='bbox 206 2413 385 2448; x_wconf 76' lang='lat' dir='ltr'>designatum,</span> <span class='ocrx_word' id='word_1_242' title='bbox 406 2411 482 2438; x_wconf 88' lang='lat' dir='ltr'>cuius</span> <span class='ocrx_word' id='word_1_243' title='bbox 502 2411 677 2437; x_wconf 83' lang='lat' dir='ltr'>recreationis</span> <span class='ocrx_word' id='word_1_244' title='bbox 697 2411 834 2437; x_wconf 82' lang='lat' dir='ltr'>concessio</span> <span class='ocrx_word' id='word_1_245' title='bbox 858 2411 883 2437; x_wconf 91' lang='lat' dir='ltr'>in</span> <span class='ocrx_word' id='word_1_246' title='bbox 907 2411 938 2438; x_wconf 89' lang='lat' dir='ltr'>li-</span> 
     </span>
    </p>
   </div>
   <div class='ocr_carea' id='block_1_7' title="bbox 208 2455 941 2492">
    <p class='ocr_par' dir='ltr' id='par_1_12' title="bbox 208 2455 941 2492">
     <span class='ocr_line' id='line_1_48' title="bbox 208 2455 941 2492; baseline -0.001 -8"><span class='ocrx_word' id='word_1_247' title='bbox 208 2457 272 2484; x_wconf 76' lang='lat' dir='ltr'>bera</span> <span class='ocrx_word' id='word_1_248' title='bbox 290 2456 431 2492; x_wconf 77' lang='lat' dir='ltr'>prudentia</span> <span class='ocrx_word' id='word_1_249' title='bbox 450 2455 597 2490; x_wconf 87' lang='lat' dir='ltr'>superioris</span> <span class='ocrx_word' id='word_1_250' title='bbox 623 2463 729 2489; x_wconf 84' lang='lat' dir='ltr'>semper</span> <span class='ocrx_word' id='word_1_251' title='bbox 752 2460 891 2489; x_wconf 83' lang='lat' dir='ltr'>remanet,</span> <span class='ocrx_word' id='word_1_252' title='bbox 913 2461 941 2483; x_wconf 88' lang='lat' dir='ltr'>ut</span> 
     </span>
    </p>
   </div>
   <div class='ocr_carea' id='block_1_8' title="bbox 208 2499 939 2578">
    <p class='ocr_par' dir='ltr' id='par_1_13' title="bbox 208 2499 939 2578">
     <span class='ocr_line' id='line_1_49' title="bbox 208 2499 939 2532; baseline 0 -4"><span class='ocrx_word' id='word_1_253' title='bbox 208 2502 252 2528; x_wconf 80' lang='lat' dir='ltr'>hle</span> <span class='ocrx_word' id='word_1_254' title='bbox 269 2501 334 2527; x_wconf 85' lang='lat' dir='ltr'>satis</span> <span class='ocrx_word' id='word_1_255' title='bbox 352 2503 487 2532; x_wconf 87' lang='lat' dir='ltr'>notantur,</span> <span class='ocrx_word' id='word_1_256' title='bbox 500 2508 559 2525; x_wconf 86' lang='lat' dir='ltr'>cum</span> <span class='ocrx_word' id='word_1_257' title='bbox 579 2499 612 2526; x_wconf 88' lang='lat' dir='ltr'>de</span> <span class='ocrx_word' id='word_1_258' title='bbox 631 2500 689 2525; x_wconf 89' lang='lat' dir='ltr'>iure</span> <span class='ocrx_word' id='word_1_259' title='bbox 709 2499 799 2526; x_wconf 86' lang='lat' dir='ltr'>statuti</span> <span class='ocrx_word' id='word_1_260' title='bbox 819 2508 871 2527; x_wconf 90' lang='lat' dir='ltr'>non</span> <span class='ocrx_word' id='word_1_261' title='bbox 890 2501 939 2528; x_wconf 87' lang='lat' dir='ltr'>ha-</span> 
     </span>
     <span class='ocr_line' id='line_1_50' title="bbox 209 2542 855 2578; baseline -0.003 -6"><span class='ocrx_word' id='word_1_262' title='bbox 209 2545 314 2577; x_wconf 81' lang='lat' dir='ltr'>beatur,</span> <span class='ocrx_word' id='word_1_263' title='bbox 334 2544 381 2571; x_wconf 86' lang='lat' dir='ltr'>sed</span> <span class='ocrx_word' id='word_1_264' title='bbox 401 2543 458 2570; x_wconf 86' lang='lat' dir='ltr'>dari</span> <span class='ocrx_word' id='word_1_265' title='bbox 473 2543 590 2578; x_wconf 72' lang='lat' dir='ltr'>indigeat</span> <span class='ocrx_word' id='word_1_266' title='bbox 608 2547 636 2569; x_wconf 91' lang='lat' dir='ltr'>ut</span> <span class='ocrx_word' id='word_1_267' title='bbox 651 2543 736 2578; x_wconf 76' lang='lat' dir='ltr'>possit</span> <span class='ocrx_word' id='word_1_268' title='bbox 752 2542 855 2570; x_wconf 83' lang='lat' dir='ltr'>haberi¹</span> 
     </span>
    </p>
   </div>
   <div class='ocr_carea' id='block_1_9' title="bbox 300 2597 897 2626">
    <p class='ocr_par' dir='ltr' id='par_1_14' title="bbox 300 2597 897 2626">
     <span class='ocr_line' id='line_1_51' title="bbox 300 2597 897 2626; baseline -0.003 0"><span class='ocrx_word' id='word_1_269' title='bbox 300 2598 378 2626; x_wconf 81' lang='lat' dir='ltr'>Bull.</span> <span class='ocrx_word' id='word_1_270' title='bbox 398 2598 481 2626; x_wconf 81' lang='lat' dir='ltr'>Rom.</span> <span class='ocrx_word' id='word_1_271' title='bbox 500 2612 535 2617; x_wconf 88' lang='lat'>·—</span> <span class='ocrx_word' id='word_1_272' title='bbox 558 2597 618 2625; x_wconf 76' lang='lat' dir='ltr'>Vol.</span> <span class='ocrx_word' id='word_1_273' title='bbox 639 2597 707 2625; x_wconf 82' lang='lat' dir='ltr'>XIX</span> <span class='ocrx_word' id='word_1_274' title='bbox 847 2598 897 2626; x_wconf 84' lang='lat'>105</span> 
     </span>
    </p>
   </div>
   <div class='ocr_carea' id='block_1_10' title="bbox 784 177 1121 201">
    <p class='ocr_par' dir='ltr' id='par_1_15' title="bbox 784 177 1121 201">
     <span class='ocr_line' id='line_1_52' title="bbox 784 177 1121 201; baseline 0 0"><span class='ocrx_word' id='word_1_275' title='bbox 784 177 878 201; x_wconf 71' lang='lat' dir='ltr'>INNOC</span> <span class='ocrx_word' id='word_1_276' title='bbox 885 178 994 201; x_wconf 67' lang='lat' dir='ltr'>ENTqu</span> <span class='ocrx_word' id='word_1_277' title='bbox 1017 178 1047 201; x_wconf 75' lang='lat' dir='ltr'>XI</span> <span class='ocrx_word' id='word_1_278' title='bbox 1073 179 1121 201; x_wconf 71' lang='grc' dir='ltr'>ΓΡ.</span> 
     </span>
    </p>
   </div>
   <div class='ocr_carea' id='block_1_11' title="bbox 949 1405 956 2223">
    <p class='ocr_par' dir='ltr' id='par_1_16' title="bbox 949 1405 956 2223">
     <span class='ocr_line' id='line_1_53' title="bbox 949 1405 956 2223; baseline 0 0"><span class='ocrx_word' id='word_1_279' title='bbox 949 1405 956 2223; x_wconf 95' lang='lat' dir='ltr'> </span> 
     </span>
    </p>
   </div>
   <div class='ocr_carea' id='block_1_12' title="bbox 972 224 1719 2581">
    <p class='ocr_par' dir='ltr' id='par_1_17' title="bbox 983 224 1715 311">
     <span class='ocr_line' id='line_1_54' title="bbox 984 224 1715 266; baseline -0.003 -9"><span class='ocrx_word' id='word_1_280' title='bbox 984 226 1126 265; x_wconf 83' lang='lat' dir='ltr'>claustri,</span> <span class='ocrx_word' id='word_1_281' title='bbox 1150 231 1203 257; x_wconf 89' lang='lat' dir='ltr'>aut</span> <span class='ocrx_word' id='word_1_282' title='bbox 1227 236 1290 257; x_wconf 88' lang='lat' dir='ltr'>non</span> <span class='ocrx_word' id='word_1_283' title='bbox 1308 225 1402 257; x_wconf 85' lang='lat' dir='ltr'>detur</span> <span class='ocrx_word' id='word_1_284' title='bbox 1417 224 1612 266; x_wconf 85' lang='lat' dir='ltr'>colloquium</span> <span class='ocrx_word' id='word_1_285' title='bbox 1630 225 1715 256; x_wconf 89' lang='lat' dir='ltr'>clau—</span> 
     </span>
     <span class='ocr_line' id='line_1_55' title="bbox 983 276 1541 311; baseline -0.002 -2"><span class='ocrx_word' id='word_1_286' title='bbox 983 278 1039 310; x_wconf 84' lang='lat' dir='ltr'>stri</span> <span class='ocrx_word' id='word_1_287' title='bbox 1064 278 1090 310; x_wconf 90' lang='lat' dir='ltr'>si</span> <span class='ocrx_word' id='word_1_288' title='bbox 1116 289 1154 311; x_wconf 88' lang='lat' dir='ltr'>eo</span> <span class='ocrx_word' id='word_1_289' title='bbox 1179 278 1230 311; x_wconf 93' lang='lat' dir='ltr'>die</span> <span class='ocrx_word' id='word_1_290' title='bbox 1256 279 1350 310; x_wconf 89' lang='lat' dir='ltr'>detur</span> <span class='ocrx_word' id='word_1_291' title='bbox 1374 276 1541 310; x_wconf 85' lang='lat' dir='ltr'>recreatio.</span> 
     </span>
    </p>

    <p class='ocr_par' dir='ltr' id='par_1_18' title="bbox 973 328 1713 1149">
     <span class='ocr_line' id='line_1_56' title="bbox 1026 328 1703 371; baseline -0.004 -8"><span class='ocrx_word' id='word_1_292' title='bbox 1026 341 1073 363; x_wconf 79' lang='lat'>111.</span> <span class='ocrx_word' id='word_1_293' title='bbox 1101 331 1314 363; x_wconf 82' lang='lat' dir='ltr'>Concedimus</span> <span class='ocrx_word' id='word_1_294' title='bbox 1339 329 1435 362; x_wconf 85' lang='lat' dir='ltr'>etiam</span> <span class='ocrx_word' id='word_1_295' title='bbox 1459 328 1595 371; x_wconf 83' lang='lat' dir='ltr'>singulis</span> <span class='ocrx_word' id='word_1_296' title='bbox 1619 329 1703 371; x_wconf 82' lang='lat' dir='ltr'>septi</span> 
     </span>
     <span class='ocr_line' id='line_1_57' title="bbox 981 383 1706 426; baseline -0.004 -11"><span class='ocrx_word' id='word_1_297' title='bbox 981 383 1091 421; x_wconf 86' lang='lat' dir='ltr'>manis,</span> <span class='ocrx_word' id='word_1_298' title='bbox 1107 386 1239 426; x_wconf 79' lang='lat' dir='ltr'>excepta</span> <span class='ocrx_word' id='word_1_299' title='bbox 1260 383 1465 415; x_wconf 76' lang='lat' dir='ltr'>hebdomada</span> <span class='ocrx_word' id='word_1_300' title='bbox 1485 383 1602 419; x_wconf 80' lang='lat' dir='ltr'>sancta,</span> <span class='ocrx_word' id='word_1_301' title='bbox 1615 391 1706 413; x_wconf 68' lang='lat' dir='ltr'>unam</span> 
     </span>
     <span class='ocr_line' id='line_1_58' title="bbox 980 433 1704 476; baseline -0.001 -10"><span class='ocrx_word' id='word_1_302' title='bbox 980 435 1074 467; x_wconf 85' lang='lat' dir='ltr'>aliam</span> <span class='ocrx_word' id='word_1_303' title='bbox 1093 435 1162 467; x_wconf 88' lang='lat' dir='ltr'>dari</span> <span class='ocrx_word' id='word_1_304' title='bbox 1182 435 1423 473; x_wconf 80' lang='lat' dir='ltr'>recreationem,</span> <span class='ocrx_word' id='word_1_305' title='bbox 1441 444 1497 467; x_wconf 87' lang='lat' dir='ltr'>seu</span> <span class='ocrx_word' id='word_1_306' title='bbox 1522 433 1704 476; x_wconf 87' lang='lat' dir='ltr'>spatiamen-</span> 
     </span>
     <span class='ocr_line' id='line_1_59' title="bbox 980 485 1713 529; baseline -0.003 -11"><span class='ocrx_word' id='word_1_307' title='bbox 980 491 1056 525; x_wconf 87' lang='lat' dir='ltr'>tum,</span> <span class='ocrx_word' id='word_1_308' title='bbox 1081 488 1163 520; x_wconf 86' lang='lat' dir='ltr'>ultra</span> <span class='ocrx_word' id='word_1_309' title='bbox 1188 487 1348 529; x_wconf 90' lang='lat' dir='ltr'>colloquia</span> <span class='ocrx_word' id='word_1_310' title='bbox 1373 486 1504 519; x_wconf 84' lang='lat' dir='ltr'>claustri</span> <span class='ocrx_word' id='word_1_311' title='bbox 1530 485 1643 518; x_wconf 88' lang='lat' dir='ltr'>diebus</span> <span class='ocrx_word' id='word_1_312' title='bbox 1669 485 1713 517; x_wconf 59' lang='lat' dir='ltr'>se:</span> 
     </span>
     <span class='ocr_line' id='line_1_60' title="bbox 979 539 1709 580; baseline -0.004 -8"><span class='ocrx_word' id='word_1_313' title='bbox 979 540 1066 572; x_wconf 87' lang='lat' dir='ltr'>stivis</span> <span class='ocrx_word' id='word_1_314' title='bbox 1102 550 1278 572; x_wconf 84' lang='lat' dir='ltr'>concessa:</span> <span class='ocrx_word' id='word_1_315' title='bbox 1312 539 1500 571; x_wconf 88' lang='lat' dir='ltr'>inhibentes</span> <span class='ocrx_word' id='word_1_316' title='bbox 1536 544 1709 580; x_wconf 84' lang='lat' dir='ltr'>propterea</span> 
     </span>
     <span class='ocr_line' id='line_1_61' title="bbox 978 590 1709 634; baseline -0.004 -10"><span class='ocrx_word' id='word_1_317' title='bbox 978 602 1072 624; x_wconf 92' lang='lat' dir='ltr'>omne</span> <span class='ocrx_word' id='word_1_318' title='bbox 1090 592 1176 625; x_wconf 88' lang='lat' dir='ltr'>aliud</span> <span class='ocrx_word' id='word_1_319' title='bbox 1194 591 1390 634; x_wconf 87' lang='lat' dir='ltr'>colloquium</span> <span class='ocrx_word' id='word_1_320' title='bbox 1411 596 1471 623; x_wconf 88' lang='lat' dir='ltr'>tam</span> <span class='ocrx_word' id='word_1_321' title='bbox 1498 590 1594 622; x_wconf 82' lang='lat' dir='ltr'>seriae</span> <span class='ocrx_word' id='word_1_322' title='bbox 1619 590 1709 633; x_wconf 84' lang='lat' dir='ltr'>quin-</span> 
     </span>
     <span class='ocr_line' id='line_1_62' title="bbox 979 643 1708 687; baseline -0.004 -11"><span class='ocrx_word' id='word_1_323' title='bbox 979 650 1027 676; x_wconf 86' lang='lat' dir='ltr'>tae</span> <span class='ocrx_word' id='word_1_324' title='bbox 1049 655 1144 687; x_wconf 89' lang='lat' dir='ltr'>quam</span> <span class='ocrx_word' id='word_1_325' title='bbox 1169 644 1393 676; x_wconf 83' lang='lat' dir='ltr'>hebdomadae</span> <span class='ocrx_word' id='word_1_326' title='bbox 1418 643 1549 685; x_wconf 89' lang='lat' dir='ltr'>capituli</span> <span class='ocrx_word' id='word_1_327' title='bbox 1576 652 1708 684; x_wconf 80' lang='lat' dir='ltr'>genera-</span> 
     </span>
     <span class='ocr_line' id='line_1_63' title="bbox 978 696 1696 738; baseline -0.004 -9"><span class='ocrx_word' id='word_1_328' title='bbox 978 698 1027 736; x_wconf 91' lang='lat' dir='ltr'>lis,</span> <span class='ocrx_word' id='word_1_329' title='bbox 1050 703 1081 730; x_wconf 88' lang='lat' dir='ltr'>et</span> <span class='ocrx_word' id='word_1_330' title='bbox 1104 697 1253 729; x_wconf 89' lang='lat' dir='ltr'>similiter</span> <span class='ocrx_word' id='word_1_331' title='bbox 1277 706 1443 738; x_wconf 79' lang='lat' dir='ltr'>egressum</span> <span class='ocrx_word' id='word_1_332' title='bbox 1466 696 1504 728; x_wconf 89' lang='lat' dir='ltr'>de</span> <span class='ocrx_word' id='word_1_333' title='bbox 1530 696 1612 728; x_wconf 77' lang='lat' dir='ltr'>cella</span> <span class='ocrx_word' id='word_1_334' title='bbox 1636 705 1696 737; x_wconf 85' lang='lat' dir='ltr'>pro</span> 
     </span>
     <span class='ocr_line' id='line_1_64' title="bbox 976 747 1698 792; baseline -0.003 -12"><span class='ocrx_word' id='word_1_335' title='bbox 976 755 1049 792; x_wconf 87' lang='lat' dir='ltr'>pter</span> <span class='ocrx_word' id='word_1_336' title='bbox 1072 750 1325 782; x_wconf 84' lang='lat' dir='ltr'>recordationes.</span> <span class='ocrx_word' id='word_1_337' title='bbox 1351 749 1524 781; x_wconf 80' lang='lat' dir='ltr'>Hortamur</span> <span class='ocrx_word' id='word_1_338' title='bbox 1548 747 1698 780; x_wconf 90' lang='lat' dir='ltr'>nihilomi</span> 
     </span>
     <span class='ocr_line' id='line_1_65' title="bbox 976 800 1710 843; baseline -0.003 -9"><span class='ocrx_word' id='word_1_339' title='bbox 976 813 1035 834; x_wconf 90' lang='lat' dir='ltr'>nus</span> <span class='ocrx_word' id='word_1_340' title='bbox 1061 812 1174 833; x_wconf 90' lang='lat' dir='ltr'>omnes</span> <span class='ocrx_word' id='word_1_341' title='bbox 1193 801 1245 843; x_wconf 91' lang='lat' dir='ltr'>qui</span> <span class='ocrx_word' id='word_1_342' title='bbox 1264 801 1412 842; x_wconf 79' lang='lat' dir='ltr'>indigent</span> <span class='ocrx_word' id='word_1_343' title='bbox 1428 800 1618 842; x_wconf 87' lang='lat' dir='ltr'>praevidere</span> <span class='ocrx_word' id='word_1_344' title='bbox 1637 809 1710 832; x_wconf 86' lang='lat' dir='ltr'>suas</span> 
     </span>
     <span class='ocr_line' id='line_1_66' title="bbox 976 852 1708 896; baseline -0.005 -9"><span class='ocrx_word' id='word_1_345' title='bbox 976 855 1142 893; x_wconf 87' lang='lat' dir='ltr'>lectiones,</span> <span class='ocrx_word' id='word_1_346' title='bbox 1159 858 1193 885; x_wconf 88' lang='lat' dir='ltr'>ut</span> <span class='ocrx_word' id='word_1_347' title='bbox 1212 864 1264 885; x_wconf 82' lang='lat' dir='ltr'>eas</span> <span class='ocrx_word' id='word_1_348' title='bbox 1289 853 1508 896; x_wconf 84' lang='lat' dir='ltr'>praevideant,</span> <span class='ocrx_word' id='word_1_349' title='bbox 1528 852 1583 884; x_wconf 91' lang='lat' dir='ltr'>illo</span> <span class='ocrx_word' id='word_1_350' title='bbox 1601 852 1708 890; x_wconf 87' lang='lat' dir='ltr'>modo,</span> 
     </span>
     <span class='ocr_line' id='line_1_67' title="bbox 977 903 1695 949; baseline -0.004 -10"><span class='ocrx_word' id='word_1_351' title='bbox 977 911 1118 949; x_wconf 86' lang='lat' dir='ltr'>tempore</span> <span class='ocrx_word' id='word_1_352' title='bbox 1137 911 1168 938; x_wconf 88' lang='lat' dir='ltr'>et</span> <span class='ocrx_word' id='word_1_353' title='bbox 1188 907 1260 938; x_wconf 84' lang='lat' dir='ltr'>loco</span> <span class='ocrx_word' id='word_1_354' title='bbox 1279 905 1454 942; x_wconf 78' lang='lat' dir='ltr'>dumtaxat,</span> <span class='ocrx_word' id='word_1_355' title='bbox 1473 914 1555 946; x_wconf 88' lang='lat' dir='ltr'>quae</span> <span class='ocrx_word' id='word_1_356' title='bbox 1569 903 1695 936; x_wconf 86' lang='lat' dir='ltr'>visitato</span> 
     </span>
     <span class='ocr_line' id='line_1_68' title="bbox 975 956 1709 1000; baseline -0.003 -10"><span class='ocrx_word' id='word_1_357' title='bbox 975 959 1075 991; x_wconf 88' lang='lat' dir='ltr'>resin</span> <span class='ocrx_word' id='word_1_358' title='bbox 1095 959 1161 990; x_wconf 90' lang='lat' dir='ltr'>suis</span> <span class='ocrx_word' id='word_1_359' title='bbox 1186 957 1360 1000; x_wconf 85' lang='lat' dir='ltr'>provinciis</span> <span class='ocrx_word' id='word_1_360' title='bbox 1386 967 1456 989; x_wconf 88' lang='lat' dir='ltr'>cum</span> <span class='ocrx_word' id='word_1_361' title='bbox 1482 956 1602 988; x_wconf 86' lang='lat' dir='ltr'>iudicio</span> <span class='ocrx_word' id='word_1_362' title='bbox 1624 956 1709 998; x_wconf 91' lang='lat' dir='ltr'>prio-</span> 
     </span>
     <span class='ocr_line' id='line_1_69' title="bbox 975 1008 1708 1050; baseline -0.005 -6"><span class='ocrx_word' id='word_1_363' title='bbox 975 1012 1017 1044; x_wconf 88' lang='lat' dir='ltr'>ris</span> <span class='ocrx_word' id='word_1_364' title='bbox 1033 1011 1264 1050; x_wconf 81' lang='lat' dir='ltr'>ordinaverint,</span> <span class='ocrx_word' id='word_1_365' title='bbox 1283 1016 1316 1042; x_wconf 92' lang='lat' dir='ltr'>ut</span> <span class='ocrx_word' id='word_1_366' title='bbox 1333 1010 1440 1042; x_wconf 89' lang='lat' dir='ltr'>omnia</span> <span class='ocrx_word' id='word_1_367' title='bbox 1460 1008 1536 1041; x_wconf 81' lang='lat' dir='ltr'>siant</span> <span class='ocrx_word' id='word_1_368' title='bbox 1554 1009 1622 1041; x_wconf 90' lang='lat' dir='ltr'>sine</span> <span class='ocrx_word' id='word_1_369' title='bbox 1640 1009 1708 1041; x_wconf 91' lang='lat' dir='ltr'>ullo</span> 
     </span>
     <span class='ocr_line' id='line_1_70' title="bbox 974 1061 1706 1105; baseline -0.005 -9"><span class='ocrx_word' id='word_1_370' title='bbox 974 1064 1160 1096; x_wconf 88' lang='lat' dir='ltr'>inordinato</span> <span class='ocrx_word' id='word_1_371' title='bbox 1193 1073 1349 1105; x_wconf 80' lang='lat' dir='ltr'>egressu,</span> <span class='ocrx_word' id='word_1_372' title='bbox 1377 1062 1523 1094; x_wconf 88' lang='lat' dir='ltr'>discursu</span> <span class='ocrx_word' id='word_1_373' title='bbox 1560 1066 1613 1093; x_wconf 90' lang='lat' dir='ltr'>aut</span> <span class='ocrx_word' id='word_1_374' title='bbox 1639 1061 1706 1093; x_wconf 82' lang='lat' dir='ltr'>sra-</span> 
     </span>
     <span class='ocr_line' id='line_1_71' title="bbox 973 1117 1238 1149; baseline -0.004 0"><span class='ocrx_word' id='word_1_375' title='bbox 973 1117 1079 1149; x_wconf 90' lang='lat' dir='ltr'>ctione</span> <span class='ocrx_word' id='word_1_376' title='bbox 1105 1117 1238 1149; x_wconf 85' lang='lat' dir='ltr'>silentii.</span> 
     </span>
    </p>

    <p class='ocr_par' dir='ltr' id='par_1_19' title="bbox 972 1166 1709 1791">
     <span class='ocr_line' id='line_1_72' title="bbox 1018 1166 1708 1211; baseline -0.006 -9"><span class='ocrx_word' id='word_1_377' title='bbox 1018 1180 1060 1203; x_wconf 88' lang='lat' dir='ltr'>1v.</span> <span class='ocrx_word' id='word_1_378' title='bbox 1087 1169 1238 1208; x_wconf 85' lang='lat' dir='ltr'>Quando,</span> <span class='ocrx_word' id='word_1_379' title='bbox 1265 1173 1340 1211; x_wconf 88' lang='lat' dir='ltr'>post</span> <span class='ocrx_word' id='word_1_380' title='bbox 1364 1168 1487 1200; x_wconf 90' lang='lat' dir='ltr'>Nonam</span> <span class='ocrx_word' id='word_1_381' title='bbox 1513 1167 1543 1199; x_wconf 89' lang='lat' dir='ltr'>in</span> <span class='ocrx_word' id='word_1_382' title='bbox 1570 1166 1708 1200; x_wconf 75' lang='lat' dir='ltr'>ecclesia</span> 
     </span>
     <span class='ocr_line' id='line_1_73' title="bbox 974 1220 1708 1264; baseline -0.004 -10"><span class='ocrx_word' id='word_1_383' title='bbox 974 1223 1099 1261; x_wconf 88' lang='lat' dir='ltr'>dictam,</span> <span class='ocrx_word' id='word_1_384' title='bbox 1121 1221 1234 1254; x_wconf 90' lang='lat' dir='ltr'>diebus</span> <span class='ocrx_word' id='word_1_385' title='bbox 1260 1220 1393 1264; x_wconf 88' lang='lat' dir='ltr'>capituli</span> <span class='ocrx_word' id='word_1_386' title='bbox 1415 1221 1446 1252; x_wconf 94' lang='lat' dir='ltr'>in</span> <span class='ocrx_word' id='word_1_387' title='bbox 1463 1221 1604 1252; x_wconf 87' lang='lat' dir='ltr'>claustro</span> <span class='ocrx_word' id='word_1_388' title='bbox 1630 1230 1708 1252; x_wconf 86' lang='lat' dir='ltr'>con-</span> 
     </span>
     <span class='ocr_line' id='line_1_74' title="bbox 974 1272 1706 1316; baseline -0.004 -9"><span class='ocrx_word' id='word_1_389' title='bbox 974 1275 1130 1314; x_wconf 77' lang='lat' dir='ltr'>venimus,</span> <span class='ocrx_word' id='word_1_390' title='bbox 1150 1280 1236 1313; x_wconf 82' lang='lat' dir='ltr'>tunc,</span> <span class='ocrx_word' id='word_1_391' title='bbox 1254 1279 1427 1316; x_wconf 89' lang='lat' dir='ltr'>antequam</span> <span class='ocrx_word' id='word_1_392' title='bbox 1453 1273 1632 1312; x_wconf 83' lang='lat' dir='ltr'>sedeamus,</span> <span class='ocrx_word' id='word_1_393' title='bbox 1653 1272 1706 1315; x_wconf 87' lang='lat' dir='ltr'>qui</span> 
     </span>
     <span class='ocr_line' id='line_1_75' title="bbox 973 1325 1708 1370; baseline -0.004 -10"><span class='ocrx_word' id='word_1_394' title='bbox 973 1333 1100 1370; x_wconf 85' lang='lat' dir='ltr'>praeest</span> <span class='ocrx_word' id='word_1_395' title='bbox 1116 1326 1288 1359; x_wconf 83' lang='lat' dir='ltr'>conventui</span> <span class='ocrx_word' id='word_1_396' title='bbox 1307 1326 1383 1358; x_wconf 86' lang='lat' dir='ltr'>dicit</span> <span class='ocrx_word' id='word_1_397' title='bbox 1397 1325 1599 1363; x_wconf 80' lang='lat' dir='ltr'>Benedicile;</span> <span class='ocrx_word' id='word_1_398' title='bbox 1621 1325 1708 1357; x_wconf 91' lang='lat' dir='ltr'>deiu-</span> 
     </span>
     <span class='ocr_line' id='line_1_76' title="bbox 973 1377 1708 1421; baseline -0.005 -9"><span class='ocrx_word' id='word_1_399' title='bbox 973 1381 1013 1412; x_wconf 92' lang='lat' dir='ltr'>de</span> <span class='ocrx_word' id='word_1_400' title='bbox 1042 1379 1188 1421; x_wconf 81' lang='lat' dir='ltr'>sequitur</span> <span class='ocrx_word' id='word_1_401' title='bbox 1216 1379 1311 1411; x_wconf 87' lang='lat' dir='ltr'>lectio</span> <span class='ocrx_word' id='word_1_402' title='bbox 1335 1379 1374 1410; x_wconf 88' lang='lat' dir='ltr'>de</span> <span class='ocrx_word' id='word_1_403' title='bbox 1399 1377 1526 1409; x_wconf 88' lang='lat' dir='ltr'>statutis</span> <span class='ocrx_word' id='word_1_404' title='bbox 1551 1382 1583 1409; x_wconf 90' lang='lat' dir='ltr'>et</span> <span class='ocrx_word' id='word_1_405' title='bbox 1612 1387 1708 1409; x_wconf 88' lang='lat' dir='ltr'>evan-</span> 
     </span>
     <span class='ocr_line' id='line_1_77' title="bbox 973 1430 1706 1475; baseline -0.005 -10"><span class='ocrx_word' id='word_1_406' title='bbox 973 1433 1086 1475; x_wconf 72' lang='lat' dir='ltr'>gobis,</span> <span class='ocrx_word' id='word_1_407' title='bbox 1114 1442 1176 1474; x_wconf 87' lang='lat' dir='ltr'>qua</span> <span class='ocrx_word' id='word_1_408' title='bbox 1200 1431 1288 1463; x_wconf 79' lang='lat' dir='ltr'>finita</span> <span class='ocrx_word' id='word_1_409' title='bbox 1313 1440 1481 1463; x_wconf 85' lang='lat' dir='ltr'>commune</span> <span class='ocrx_word' id='word_1_410' title='bbox 1506 1430 1706 1472; x_wconf 79' lang='lat' dir='ltr'>colloquium</span> 
     </span>
     <span class='ocr_line' id='line_1_78' title="bbox 973 1482 1708 1526; baseline -0.005 -8"><span class='ocrx_word' id='word_1_411' title='bbox 973 1486 1140 1523; x_wconf 83' lang='lat' dir='ltr'>habemus,</span> <span class='ocrx_word' id='word_1_412' title='bbox 1158 1485 1189 1516; x_wconf 90' lang='lat' dir='ltr'>in</span> <span class='ocrx_word' id='word_1_413' title='bbox 1211 1494 1274 1526; x_wconf 91' lang='lat' dir='ltr'>quo</span> <span class='ocrx_word' id='word_1_414' title='bbox 1296 1484 1403 1515; x_wconf 89' lang='lat' dir='ltr'>nullus</span> <span class='ocrx_word' id='word_1_415' title='bbox 1421 1483 1591 1515; x_wconf 88' lang='lat' dir='ltr'>consulere</span> <span class='ocrx_word' id='word_1_416' title='bbox 1610 1482 1708 1514; x_wconf 87' lang='lat' dir='ltr'>debet</span> 
     </span>
     <span class='ocr_line' id='line_1_79' title="bbox 972 1535 1707 1578; baseline -0.007 -7"><span class='ocrx_word' id='word_1_417' title='bbox 972 1544 1107 1576; x_wconf 85' lang='lat' dir='ltr'>secreto,</span> <span class='ocrx_word' id='word_1_418' title='bbox 1128 1538 1178 1569; x_wconf 86' lang='lat' dir='ltr'>vel</span> <span class='ocrx_word' id='word_1_419' title='bbox 1196 1546 1370 1575; x_wconf 83' lang='lat' dir='ltr'>susurrare,</span> <span class='ocrx_word' id='word_1_420' title='bbox 1390 1536 1440 1568; x_wconf 86' lang='lat' dir='ltr'>vel</span> <span class='ocrx_word' id='word_1_421' title='bbox 1459 1536 1565 1568; x_wconf 83' lang='lat' dir='ltr'>dicere</span> <span class='ocrx_word' id='word_1_422' title='bbox 1585 1535 1707 1578; x_wconf 79' lang='lat' dir='ltr'>aliquid</span> 
     </span>
     <span class='ocr_line' id='line_1_80' title="bbox 973 1588 1708 1633; baseline -0.004 -11"><span class='ocrx_word' id='word_1_423' title='bbox 973 1591 1059 1633; x_wconf 89' lang='lat' dir='ltr'>quod</span> <span class='ocrx_word' id='word_1_424' title='bbox 1085 1590 1166 1622; x_wconf 90' lang='lat' dir='ltr'>nolit</span> <span class='ocrx_word' id='word_1_425' title='bbox 1189 1590 1228 1621; x_wconf 87' lang='lat' dir='ltr'>ab</span> <span class='ocrx_word' id='word_1_426' title='bbox 1253 1588 1404 1620; x_wconf 89' lang='lat' dir='ltr'>omnibus</span> <span class='ocrx_word' id='word_1_427' title='bbox 1430 1588 1568 1629; x_wconf 80' lang='lat' dir='ltr'>intelligi</span> <span class='ocrx_word' id='word_1_428' title='bbox 1587 1589 1634 1620; x_wconf 88' lang='lat' dir='ltr'>vel</span> <span class='ocrx_word' id='word_1_429' title='bbox 1653 1598 1708 1620; x_wconf 85' lang='lat' dir='ltr'>au-</span> 
     </span>
     <span class='ocr_line' id='line_1_81' title="bbox 974 1640 1708 1682; baseline -0.004 -7"><span class='ocrx_word' id='word_1_430' title='bbox 974 1643 1053 1676; x_wconf 83' lang='lat' dir='ltr'>diri:</span> <span class='ocrx_word' id='word_1_431' title='bbox 1070 1642 1125 1674; x_wconf 88' lang='lat' dir='ltr'>sed</span> <span class='ocrx_word' id='word_1_432' title='bbox 1142 1652 1199 1673; x_wconf 83' lang='lat' dir='ltr'>nec</span> <span class='ocrx_word' id='word_1_433' title='bbox 1217 1647 1290 1672; x_wconf 85' lang='lat' dir='ltr'>tunc</span> <span class='ocrx_word' id='word_1_434' title='bbox 1308 1640 1384 1673; x_wconf 86' lang='lat' dir='ltr'>alibi</span> <span class='ocrx_word' id='word_1_435' title='bbox 1399 1640 1487 1682; x_wconf 87' lang='lat' dir='ltr'>loqui</span> <span class='ocrx_word' id='word_1_436' title='bbox 1506 1640 1593 1678; x_wconf 89' lang='lat' dir='ltr'>licet,</span> <span class='ocrx_word' id='word_1_437' title='bbox 1612 1651 1708 1682; x_wconf 84' lang='lat' dir='ltr'>quam</span> 
     </span>
     <span class='ocr_line' id='line_1_82' title="bbox 974 1692 1709 1736; baseline -0.003 -9"><span class='ocrx_word' id='word_1_438' title='bbox 974 1695 1005 1727; x_wconf 91' lang='lat' dir='ltr'>in</span> <span class='ocrx_word' id='word_1_439' title='bbox 1027 1697 1064 1727; x_wconf 80' lang='lat' dir='ltr'>ea</span> <span class='ocrx_word' id='word_1_440' title='bbox 1087 1699 1177 1736; x_wconf 87' lang='lat' dir='ltr'>parte</span> <span class='ocrx_word' id='word_1_441' title='bbox 1202 1693 1329 1725; x_wconf 84' lang='lat' dir='ltr'>claustri</span> <span class='ocrx_word' id='word_1_442' title='bbox 1356 1693 1405 1724; x_wconf 90' lang='lat' dir='ltr'>vel</span> <span class='ocrx_word' id='word_1_443' title='bbox 1432 1692 1503 1730; x_wconf 89' lang='lat' dir='ltr'>loci,</span> <span class='ocrx_word' id='word_1_444' title='bbox 1530 1692 1584 1724; x_wconf 88' lang='lat' dir='ltr'>ubi</span> <span class='ocrx_word' id='word_1_445' title='bbox 1610 1694 1709 1725; x_wconf 87' lang='lat' dir='ltr'>collo-</span> 
     </span>
     <span class='ocr_line' id='line_1_83' title="bbox 974 1745 1695 1791; baseline -0.004 -12"><span class='ocrx_word' id='word_1_446' title='bbox 974 1748 1083 1791; x_wconf 92' lang='lat' dir='ltr'>quium</span> <span class='ocrx_word' id='word_1_447' title='bbox 1108 1747 1262 1785; x_wconf 86' lang='lat' dir='ltr'>habctur,</span> <span class='ocrx_word' id='word_1_448' title='bbox 1281 1746 1342 1777; x_wconf 87' lang='lat' dir='ltr'>nisi</span> <span class='ocrx_word' id='word_1_449' title='bbox 1370 1746 1451 1777; x_wconf 83' lang='lat' dir='ltr'>sorte</span> <span class='ocrx_word' id='word_1_450' title='bbox 1476 1756 1579 1787; x_wconf 84' lang='lat' dir='ltr'>pauca</span> <span class='ocrx_word' id='word_1_451' title='bbox 1597 1745 1695 1777; x_wconf 86' lang='lat' dir='ltr'>verba</span> 
     </span>
    </p>

    <p class='ocr_par' dir='ltr' id='par_1_20' title="bbox 975 1798 1711 2102">
     <span class='ocr_line' id='line_1_84' title="bbox 1018 1798 1694 1841; baseline -0.006 -8"><span class='ocrx_word' id='word_1_452' title='bbox 1018 1811 1048 1833; x_wconf 92' lang='lat' dir='ltr'>v.</span> <span class='ocrx_word' id='word_1_453' title='bbox 1075 1799 1274 1841; x_wconf 84' lang='lat' dir='ltr'>Ubicumque</span> <span class='ocrx_word' id='word_1_454' title='bbox 1300 1804 1405 1831; x_wconf 86' lang='lat' dir='ltr'>autem</span> <span class='ocrx_word' id='word_1_455' title='bbox 1427 1798 1630 1840; x_wconf 88' lang='lat' dir='ltr'>colloquium</span> <span class='ocrx_word' id='word_1_456' title='bbox 1653 1798 1694 1829; x_wconf 88' lang='lat' dir='ltr'>ha</span> 
     </span>
     <span class='ocr_line' id='line_1_85' title="bbox 975 1850 1710 1892; baseline -0.004 -7"><span class='ocrx_word' id='word_1_457' title='bbox 975 1853 1097 1892; x_wconf 85' lang='lat' dir='ltr'>bemus,</span> <span class='ocrx_word' id='word_1_458' title='bbox 1116 1852 1292 1884; x_wconf 88' lang='lat' dir='ltr'>curandum</span> <span class='ocrx_word' id='word_1_459' title='bbox 1319 1850 1410 1883; x_wconf 89' lang='lat' dir='ltr'>nobis</span> <span class='ocrx_word' id='word_1_460' title='bbox 1429 1856 1485 1889; x_wconf 87' lang='lat' dir='ltr'>cst,</span> <span class='ocrx_word' id='word_1_461' title='bbox 1504 1850 1642 1882; x_wconf 81' lang='lat' dir='ltr'>maxime</span> <span class='ocrx_word' id='word_1_462' title='bbox 1660 1860 1710 1882; x_wconf 90' lang='lat' dir='ltr'>co-</span> 
     </span>
     <span class='ocr_line' id='line_1_86' title="bbox 975 1903 1710 1943; baseline -0.003 -5"><span class='ocrx_word' id='word_1_463' title='bbox 975 1917 1043 1938; x_wconf 87' lang='lat' dir='ltr'>ram</span> <span class='ocrx_word' id='word_1_464' title='bbox 1068 1905 1243 1943; x_wconf 82' lang='lat' dir='ltr'>extraneis,</span> <span class='ocrx_word' id='word_1_465' title='bbox 1272 1910 1306 1936; x_wconf 90' lang='lat' dir='ltr'>ut</span> <span class='ocrx_word' id='word_1_466' title='bbox 1331 1914 1500 1936; x_wconf 87' lang='lat' dir='ltr'>caveamus</span> <span class='ocrx_word' id='word_1_467' title='bbox 1528 1915 1544 1936; x_wconf 91' lang='lat' dir='ltr'>a</span> <span class='ocrx_word' id='word_1_468' title='bbox 1570 1903 1710 1936; x_wconf 89' lang='lat' dir='ltr'>multilo-</span> 
     </span>
     <span class='ocr_line' id='line_1_87' title="bbox 976 1957 1711 2002; baseline -0.003 -12"><span class='ocrx_word' id='word_1_469' title='bbox 976 1959 1071 2002; x_wconf 88' lang='lat' dir='ltr'>quio,</span> <span class='ocrx_word' id='word_1_470' title='bbox 1098 1960 1239 1990; x_wconf 88' lang='lat' dir='ltr'>clamore</span> <span class='ocrx_word' id='word_1_471' title='bbox 1266 1963 1297 1989; x_wconf 86' lang='lat' dir='ltr'>et</span> <span class='ocrx_word' id='word_1_472' title='bbox 1321 1957 1385 1988; x_wconf 85' lang='lat' dir='ltr'>risu</span> <span class='ocrx_word' id='word_1_473' title='bbox 1410 1957 1586 1995; x_wconf 82' lang='lat' dir='ltr'>indecoro,</span> <span class='ocrx_word' id='word_1_474' title='bbox 1613 1962 1645 1989; x_wconf 92' lang='lat' dir='ltr'>et</span> <span class='ocrx_word' id='word_1_475' title='bbox 1676 1961 1711 1988; x_wconf 87' lang='lat' dir='ltr'>ut</span> 
     </span>
     <span class='ocr_line' id='line_1_88' title="bbox 977 2008 1711 2052; baseline -0.005 -8"><span class='ocrx_word' id='word_1_476' title='bbox 977 2021 1143 2044; x_wconf 77' lang='lat' dir='ltr'>sermones</span> <span class='ocrx_word' id='word_1_477' title='bbox 1164 2010 1266 2041; x_wconf 91' lang='lat' dir='ltr'>nostri</span> <span class='ocrx_word' id='word_1_478' title='bbox 1284 2009 1347 2041; x_wconf 90' lang='lat' dir='ltr'>sint</span> <span class='ocrx_word' id='word_1_479' title='bbox 1366 2009 1509 2050; x_wconf 71' lang='lat' dir='ltr'>religiosi</span> <span class='ocrx_word' id='word_1_480' title='bbox 1528 2014 1559 2041; x_wconf 90' lang='lat' dir='ltr'>et</span> <span class='ocrx_word' id='word_1_481' title='bbox 1575 2008 1630 2052; x_wconf 90' lang='lat' dir='ltr'>pii,</span> <span class='ocrx_word' id='word_1_482' title='bbox 1645 2019 1711 2041; x_wconf 87' lang='lat' dir='ltr'>non</span> 
     </span>
     <span class='ocr_line' id='line_1_89' title="bbox 977 2062 1571 2102; baseline -0.005 -6"><span class='ocrx_word' id='word_1_483' title='bbox 977 2064 1060 2102; x_wconf 88' lang='lat' dir='ltr'>vani,</span> <span class='ocrx_word' id='word_1_484' title='bbox 1083 2064 1268 2095; x_wconf 83' lang='lat' dir='ltr'>saeculares</span> <span class='ocrx_word' id='word_1_485' title='bbox 1293 2063 1341 2094; x_wconf 84' lang='lat' dir='ltr'>vel</span> <span class='ocrx_word' id='word_1_486' title='bbox 1366 2062 1571 2094; x_wconf 88' lang='lat' dir='ltr'>contentiosi.</span> 
     </span>
    </p>

    <p class='ocr_par' dir='ltr' id='par_1_21' title="bbox 979 2114 1719 2581">
     <span class='ocr_line' id='line_1_90' title="bbox 1020 2114 1714 2148; baseline -0.003 0"><span class='ocrx_word' id='word_1_487' title='bbox 1020 2126 1063 2148; x_wconf 88' lang='lat' dir='ltr'>Vl.</span> <span class='ocrx_word' id='word_1_488' title='bbox 1090 2115 1216 2147; x_wconf 83' lang='lat' dir='ltr'>Priores</span> <span class='ocrx_word' id='word_1_489' title='bbox 1239 2115 1304 2146; x_wconf 83' lang='lat' dir='ltr'>sint</span> <span class='ocrx_word' id='word_1_490' title='bbox 1320 2114 1450 2147; x_wconf 88' lang='lat' dir='ltr'>solliciti</span> <span class='ocrx_word' id='word_1_491' title='bbox 1469 2114 1507 2146; x_wconf 87' lang='lat' dir='ltr'>ad</span> <span class='ocrx_word' id='word_1_492' title='bbox 1526 2114 1714 2147; x_wconf 85' lang='lat' dir='ltr'>rescinden-</span> 
     </span>
     <span class='ocr_line' id='line_1_91' title="bbox 979 2167 1712 2210; baseline -0.003 -8"><span class='ocrx_word' id='word_1_493' title='bbox 979 2169 1053 2202; x_wconf 94' lang='lat' dir='ltr'>dum</span> <span class='ocrx_word' id='word_1_494' title='bbox 1088 2179 1168 2201; x_wconf 88' lang='lat' dir='ltr'>vana</span> <span class='ocrx_word' id='word_1_495' title='bbox 1198 2173 1230 2200; x_wconf 82' lang='lat' dir='ltr'>et</span> <span class='ocrx_word' id='word_1_496' title='bbox 1255 2167 1495 2210; x_wconf 87' lang='lat' dir='ltr'>indisciplinata</span> <span class='ocrx_word' id='word_1_497' title='bbox 1525 2168 1712 2210; x_wconf 90' lang='lat' dir='ltr'>colloquia,</span> 
     </span>
     <span class='ocr_line' id='line_1_92' title="bbox 980 2220 1699 2263; baseline -0.001 -9"><span class='ocrx_word' id='word_1_498' title='bbox 980 2227 1012 2254; x_wconf 89' lang='lat' dir='ltr'>et</span> <span class='ocrx_word' id='word_1_499' title='bbox 1036 2220 1202 2254; x_wconf 89' lang='lat' dir='ltr'>monachis</span> <span class='ocrx_word' id='word_1_500' title='bbox 1229 2220 1294 2252; x_wconf 88' lang='lat' dir='ltr'>suis</span> <span class='ocrx_word' id='word_1_501' title='bbox 1320 2220 1456 2263; x_wconf 85' lang='lat' dir='ltr'>aliisque</span> <span class='ocrx_word' id='word_1_502' title='bbox 1485 2220 1636 2253; x_wconf 85' lang='lat' dir='ltr'>subiectis</span> <span class='ocrx_word' id='word_1_503' title='bbox 1661 2220 1699 2253; x_wconf 83' lang='lat' dir='ltr'>sir</span> 
     </span>
     <span class='ocr_line' id='line_1_93' title="bbox 979 2273 1714 2307; baseline 0.001 -1"><span class='ocrx_word' id='word_1_504' title='bbox 979 2275 1073 2306; x_wconf 84' lang='lat' dir='ltr'>miter</span> <span class='ocrx_word' id='word_1_505' title='bbox 1097 2274 1291 2306; x_wconf 85' lang='lat' dir='ltr'>interdicant</span> <span class='ocrx_word' id='word_1_506' title='bbox 1314 2283 1354 2305; x_wconf 91' lang='lat' dir='ltr'>ne</span> <span class='ocrx_word' id='word_1_507' title='bbox 1379 2273 1418 2305; x_wconf 92' lang='lat' dir='ltr'>de</span> <span class='ocrx_word' id='word_1_508' title='bbox 1444 2273 1582 2306; x_wconf 89' lang='lat' dir='ltr'>dominis</span> <span class='ocrx_word' id='word_1_509' title='bbox 1608 2279 1714 2307; x_wconf 87' lang='lat' dir='ltr'>terrae</span> 
     </span>
     <span class='ocr_line' id='line_1_94' title="bbox 980 2326 1716 2370; baseline -0.001 -10"><span class='ocrx_word' id='word_1_510' title='bbox 980 2327 1116 2370; x_wconf 88' lang='lat' dir='ltr'>aliisque</span> <span class='ocrx_word' id='word_1_511' title='bbox 1149 2326 1349 2368; x_wconf 85' lang='lat' dir='ltr'>principibus</span> <span class='ocrx_word' id='word_1_512' title='bbox 1384 2326 1541 2369; x_wconf 77' lang='lat' dir='ltr'>factisque</span> <span class='ocrx_word' id='word_1_513' title='bbox 1572 2327 1716 2369; x_wconf 87' lang='lat' dir='ltr'>ipsorum</span> 
     </span>
     <span class='ocr_line' id='line_1_95' title="bbox 981 2377 1718 2421; baseline 0 -9"><span class='ocrx_word' id='word_1_514' title='bbox 981 2380 1012 2412; x_wconf 90' lang='lat' dir='ltr'>in</span> <span class='ocrx_word' id='word_1_515' title='bbox 1038 2378 1209 2421; x_wconf 86' lang='lat' dir='ltr'>colloquiis</span> <span class='ocrx_word' id='word_1_516' title='bbox 1234 2379 1283 2410; x_wconf 88' lang='lat' dir='ltr'>vel</span> <span class='ocrx_word' id='word_1_517' title='bbox 1309 2377 1385 2410; x_wconf 85' lang='lat' dir='ltr'>alibi</span> <span class='ocrx_word' id='word_1_518' title='bbox 1411 2379 1508 2410; x_wconf 87' lang='lat' dir='ltr'>verba</span> <span class='ocrx_word' id='word_1_519' title='bbox 1531 2379 1718 2412; x_wconf 84' lang='lat' dir='ltr'>inordinata</span> 
     </span>
     <span class='ocr_line' id='line_1_96' title="bbox 984 2430 1715 2472; baseline 0 -8"><span class='ocrx_word' id='word_1_520' title='bbox 984 2432 1124 2464; x_wconf 88' lang='lat' dir='ltr'>habeant</span> <span class='ocrx_word' id='word_1_521' title='bbox 1136 2430 1363 2462; x_wconf 90' lang='lat' dir='ltr'>contendendo</span> <span class='ocrx_word' id='word_1_522' title='bbox 1379 2435 1410 2462; x_wconf 91' lang='lat' dir='ltr'>et</span> <span class='ocrx_word' id='word_1_523' title='bbox 1424 2436 1532 2472; x_wconf 88' lang='lat' dir='ltr'>partes</span> <span class='ocrx_word' id='word_1_524' title='bbox 1555 2431 1715 2464; x_wconf 79' lang='lat' dir='ltr'>faciendo.</span> 
     </span>
     <span class='ocr_line' id='line_1_97' title="bbox 983 2483 1719 2526; baseline 0.001 -11"><span class='ocrx_word' id='word_1_525' title='bbox 983 2484 1040 2521; x_wconf 86' lang='lat' dir='ltr'>Qui</span> <span class='ocrx_word' id='word_1_526' title='bbox 1066 2483 1286 2515; x_wconf 80' lang='lat' dir='ltr'>contrafacere</span> <span class='ocrx_word' id='word_1_527' title='bbox 1311 2484 1598 2526; x_wconf 84' lang='lat' dir='ltr'>praesumpserint,</span> <span class='ocrx_word' id='word_1_528' title='bbox 1616 2495 1633 2516; x_wconf 87' lang='lat' dir='ltr'>a</span> <span class='ocrx_word' id='word_1_529' title='bbox 1653 2485 1719 2517; x_wconf 84' lang='lat' dir='ltr'>col·</span> 
     </span>
     <span class='ocr_line' id='line_1_98' title="bbox 985 2536 1719 2581; baseline 0 -11"><span class='ocrx_word' id='word_1_530' title='bbox 985 2536 1102 2579; x_wconf 90' lang='lat' dir='ltr'>loquiis</span> <span class='ocrx_word' id='word_1_531' title='bbox 1127 2536 1347 2576; x_wconf 76' lang='lat' dir='ltr'>excludantur,</span> <span class='ocrx_word' id='word_1_532' title='bbox 1366 2541 1398 2569; x_wconf 89' lang='lat' dir='ltr'>et</span> <span class='ocrx_word' id='word_1_533' title='bbox 1413 2547 1472 2580; x_wconf 91' lang='lat' dir='ltr'>pro</span> <span class='ocrx_word' id='word_1_534' title='bbox 1490 2537 1586 2570; x_wconf 92' lang='lat' dir='ltr'>modo</span> <span class='ocrx_word' id='word_1_535' title='bbox 1604 2538 1719 2581; x_wconf 86' lang='lat' dir='ltr'>culpae</span> 
     </span>
    </p>
   </div>
   <div class='ocr_carea' id='block_1_13' title="bbox 1606 167 1900 202">
    <p class='ocr_par' dir='ltr' id='par_1_22' title="bbox 1606 167 1900 202">
     <span class='ocr_line' id='line_1_99' title="bbox 1606 167 1900 202; baseline 0.01 -3"><span class='ocrx_word' id='word_1_536' title='bbox 1606 167 1670 199; x_wconf 60' lang='lat'><em>8:355</em></span> <span class='ocrx_word' id='word_1_537' title='bbox 1716 176 1763 202; x_wconf 71' lang='lat' dir='ltr'>An.</span> <span class='ocrx_word' id='word_1_538' title='bbox 1779 174 1810 202; x_wconf 78' lang='lat' dir='ltr'>c.</span> <span class='ocrx_word' id='word_1_539' title='bbox 1832 173 1900 202; x_wconf 64' lang='lat'>1688</span> 
     </span>
    </p>
   </div>
  </div>
 </body>
</html>
