2111 3157
199 264 293 293 An.C.
320 264 383 292 1681
432 255 496 289 308

399 314 430 345 in
454 324 518 356 quo
545 312 672 354 triginta
703 310 822 344 alumni
847 310 1027 342 saeculares
1052 309 1130 341 edu-

398 365 561 403 cabantur,
587 369 618 396 et
642 362 858 405 grammatica,
886 361 1063 400 rhetorica,
1083 361 1130 392 lo-

398 417 478 458 gica,
504 415 726 459 philosophia,
750 425 787 447 ac
812 413 977 456 theologia
1003 413 1130 445 schola-

397 469 477 501 stica
511 474 542 502 et
572 468 703 500 moralis
737 467 937 499 docebantur
961 476 1015 498 seu
1041 467 1129 507 lege-

395 521 525 560 bantur,
551 522 667 562 magna
697 530 767 551 cum
799 519 975 551 incolarum
1000 518 1126 550 illarum

395 573 531 616 partium
562 573 719 613 utilitate,
746 572 853 605 civitas
881 581 956 604 vero
988 571 1127 604 Monilan

395 626 564 668 plusquam
600 625 702 658 tribus
731 626 898 658 leucarum
934 624 1078 656 millibus
1110 633 1127 655 a

395 677 603 711 vicinioribus
629 678 811 711 studiorum
837 677 1036 720 generalium
1061 676 1127 708 uni-

396 731 607 770 versitatibus
625 741 741 774 nempe
759 731 889 762 Limana
907 735 937 762 et
954 729 1124 769 Mexicana,

394 783 554 822 distabat·,
582 788 613 815 et
637 787 812 826 propterea
844 782 929 814 idem
954 782 1125 824 Philippus

394 846 448 868 rex
478 836 509 868 in
535 836 672 878 collegio
696 836 841 879 praefato
866 835 1061 868 academiam
1094 844 1125 865 e-

394 889 453 931 rigi
479 894 511 921 et
535 889 657 921 institui
682 898 887 931 summopere
905 887 1123 920 desiderabat:

392 942 555 985 praefatus
574 942 780 974 Innocentius
798 941 1038 984 praedecessor,
1055 949 1125 982 sup-

393 995 620 1037 plicationibus
655 995 827 1028 memorati
863 993 1004 1036 Philippi
1039 993 1125 1035 regis

392 1048 523 1081 nomine
554 1048 614 1080 sibi
647 1058 746 1091 super
773 1048 836 1080 hoc
860 1047 1027 1079 humiliter
1050 1056 1125 1089 por-

393 1101 488 1133 rectis
507 1101 692 1141 inclinatus,
712 1101 743 1133 in
762 1101 903 1143 praefata
921 1100 1045 1132 civitate
1063 1100 1126 1132 Mo-

392 1153 480 1186 nilan
505 1153 536 1185 in
562 1153 694 1187 aedibus
720 1153 795 1186 dicti
820 1152 960 1195 collegii,
977 1152 1031 1184 ubi
1051 1157 1124 1184 tunc

969 260 1147 285 mmmmm!
1171 259 1322 283 hommum

1171 307 1443 346 baccalaureatus,
1469 307 1564 340 etiam
1589 307 1727 349 formati,
1748 319 1784 341 ac
1807 309 1907 342 licen-

1173 360 1365 392 tiaturaeet
1389 360 1584 400 doctoratus,
1601 371 1727 393 necnon
1755 361 1907 403 magiste-

1172 412 1210 445 rii
1236 413 1371 455 gradus,
1398 415 1524 446 servata
1555 413 1587 445 in
1617 413 1767 446 omnibus
1792 418 1825 446 et
1847 425 1907 457 per

1171 466 1279 498 omnia
1304 466 1404 499 forma
1429 466 1632 499 decretorum
1656 466 1846 499 Viennensis
1872 472 1906 500 et

1171 519 1348 552 Tridentini
1366 519 1596 562 Conciliorum,
1614 520 1729 564 quibus
1748 521 1780 553 in
1796 521 1905 564 aliquo

1171 572 1326 614 derogare
1346 583 1411 605 non
1435 572 1634 612 intendebat,
1661 577 1692 605 et
1715 573 1796 608 alias.
1815 574 1904 608 iuxta

1170 625 1349 657 laudabiles
1366 625 1499 657 aliarum
1516 625 1751 658 academiarum
1767 636 1905 659 consue-

1170 676 1297 709 tudines
1322 686 1511 719 promovere
1531 682 1562 710 et
1585 677 1727 720 ipsorum
1747 678 1903 720 graduum

1169 728 1308 770 insignia
1333 729 1378 762 eis
1404 729 1559 762 exhibere
1585 731 1724 770 valeret,
1743 731 1827 764 dicta
1850 742 1904 764 au-

1169 781 1313 814 ctoritate
1331 781 1488 814 concessit
1505 787 1535 814 et
1552 782 1697 822 indulsit,
1712 792 1784 816 cum
1801 783 1904 816 diver-

1168 834 1209 866 sis
1238 834 1461 875 facultatibus,
1495 835 1605 877 gratiis
1631 840 1662 868 et
1692 835 1845 878 indultis,
1871 841 1904 870 et

1167 887 1254 928 alias,
1273 893 1371 930 prout
1386 888 1418 920 in
1436 888 1537 931 ipsius
1562 888 1743 922 Innocentii
1766 890 1903 932 praede-

1167 940 1305 973 cessoris
1327 940 1444 974 litteris
1470 940 1613 984 desuper
1628 941 1661 974 in
1682 942 1777 976 simili
1799 942 1902 976 forma

1167 993 1275 1025 Brevis
1294 993 1345 1025 die
1369 1003 1407 1026 xx
1427 993 1611 1026 novembris
1629 1003 1755 1027 mnchv
1775 995 1902 1039 expedi·

1166 1045 1216 1085 tis,
1248 1055 1384 1088 quarum
1415 1050 1561 1078 tenorem
1589 1046 1815 1089 praesentibus
1838 1057 1900 1091 pro

1165 1099 1262 1141 plene
1280 1101 1310 1132 et
1333 1098 1531 1132 sufficienter
1555 1109 1708 1142 expresso
1727 1104 1759 1132 et
1775 1099 1900 1133 inserto

1167 1151 1281 1184 haberi
1306 1152 1453 1184 volumus
1468 1177 1476 1192 ,
1498 1151 1632 1184 uberius
1656 1151 1853 1185 continetur.

1914 260 1963 288 Αῐι.
1980 260 2007 287 C.
2031 262 2093 289 ¹581

1210 1205 1224 1247 ἓ
1246 1204 1277 1236 02.
1304 1204 1381 1237 Cum
1406 1209 1522 1244 autem,
1547 1204 1627 1236 sicut
1651 1205 1789 1237 dilectus
1813 1204 1897 1239 filius
1931 1216 2025 1246 ‚caum
2046 1221 2091 1246 050-

1167 1257 1352 1300 Alphonsus
1375 1257 1495 1290 Sandin
1520 1261 1712 1299 procurator
1735 1262 1768 1290 et
1791 1243 2091 1298 defini-3333222÷20¹¹⁰'l;

1166 1315 1217 1342 tor
1241 1310 1403 1352 generalis
1429 1309 1610 1353 provinciae
1635 1310 1686 1343 SS.
1707 1310 1832 1343 Rosarii
1853 1311 1899 1343 di·
1909 1295 2093 1343 iiiizi'ssiffmfm'

393 1207 521 1239 scholae
546 1212 651 1246 erant,
667 1216 721 1238 seu
748 1206 854 1239 forsan
879 1205 909 1237 in
936 1205 1124 1247 ampliorem

392 1259 525 1292 sormam
550 1264 828 1299 construerentur,
854 1258 1066 1297 academiam,
1091 1257 1123 1289 in

393 1323 454 1355 qua
470 1311 615 1354 religiosi
633 1311 708 1344 dicti
726 1311 853 1344 Ordinis
875 1311 1124 1353 grammaticam,

392 1365 610 1404 rhetoricam,
636 1364 793 1407 logicam,
816 1363 1061 1407 philosophiam
1093 1369 1126 1397 et

393 1418 590 1459 theologiam
607 1417 830 1450 scholasticam
851 1422 883 1449 et
898 1418 1052 1450 moralem
1070 1427 1126 1460 pu-

391 1471 475 1505 blice
490 1470 725 1515 profiterentur,
747 1481 783 1503 ac
799 1471 931 1504 iuvenes
957 1481 1125 1514 quoscum-

392 1535 454 1568 que
477 1524 661 1563 docerent¹‚
679 1525 862 1557 duraturam
886 1525 1048 1558 dumtaxat
1068 1525 1125 1557 do-

390 1587 451 1610 nec
486 1583 517 1610 et
551 1587 719 1621 quousque
745 1578 853 1620 aliqua
877 1577 1006 1620 publiea
1029 1578 1123 1611 studii

391 1630 552 1673 generalis
585 1630 777 1663 universitas
812 1630 845 1662 in
878 1631 961 1663 dieta
1000 1631 1124 1665 civitate

390 1684 542 1724 Monilan,
562 1695 618 1717 seu
639 1683 726 1717 illius
750 1683 923 1726 provincia,
949 1684 1125 1726 apostolica

391 1737 577 1770 auctoritate
599 1742 703 1769 erecta
727 1736 854 1775 suisset,
882 1736 993 1769 eadem
1019 1742 1126 1769 aueto-

391 1790 492 1829 ritate,
519 1790 587 1822 sine
615 1794 720 1822 tamen
750 1790 939 1832 cuiusquam
956 1789 1125 1832 'praeiudi-

390 1843 449 1883 cio,
468 1842 570 1876 erexit
586 1848 617 1875 et
641 1842 796 1882 instituit3
819 1842 989 1886 ipsamque
1015 1843 1126 1875 acade-

389 1896 497 1935 miam,
524 1895 570 1929 sie
595 1900 734 1928 erectam
753 1901 783 1928 et
800 1895 988 1935 institutam,
1007 1906 1102 1929 curae
1117 1923 1124 1935 ,

388 1948 538 1992 regimini
565 1953 595 1981 et
614 1948 882 1981 administrationi
901 1948 977 1981 dicti
997 1948 1124 1982 Ordinis

391 2007 423 2035 et
446 2001 532 2035 illius
550 2001 693 2044 magistri
713 2000 873 2044 generalis
897 1997 956 2044 pro
978 2006 1124 2044 tempore

390 2052 567 2095 existentis,
583 2064 638 2087 seu
654 2054 693 2086 ab
707 2064 745 2087 eo
760 2054 946 2097 deputandi,
961 2054 1015 2097 qui
1030 2054 1125 2087 totius

389 2106 575 2140 academiae
600 2112 706 2139 rector
723 2107 889 2146 existeret,
908 2107 1051 2150 praefata
1072 2117 1126 2139 au-

390 2160 539 2193 ctoritate
558 2159 742 2202 supposuit,
757 2170 793 2192 ac
810 2159 928 2192 rectori
946 2159 1046 2202 ipsius
1060 2170 1126 2192 aca-

390 2212 513 2246 demiae
530 2217 561 2245 et
577 2212 704 2255 collegii
724 2222 783 2255 pro
802 2217 946 2255 tempore
966 2212 1124 2252 existenti,

389 2269 433 2304 ut,
455 2264 559 2298 donec
583 2264 770 2298 huiusmodi
792 2264 966 2305 academia,
984 2270 1019 2297 ut
1034 2274 1126 2307 prae-

390 2316 539 2357 mittitur,
558 2317 699 2358 duraret,
727 2318 799 2351 illos
817 2327 897 2360 quos
921 2317 954 2349 in
972 2317 1041 2360 ipsa
1057 2327 1127 2349 aca-

391 2368 497 2402 demia
528 2369 573 2403 sic
603 2372 711 2403 erecta
741 2380 802 2414 per
830 2369 974 2403 debitum
1001 2374 1126 2412 tempus

390 2421 572 2462 studuisse,
599 2432 635 2455 ac
668 2422 802 2456 scientia
833 2427 865 2456 et
893 2422 1038 2456 moribus
1062 2422 1127 2454 ido-

390 2483 470 2507 neos
495 2484 563 2507 esse
588 2475 772 2518 reperisset,
796 2475 829 2508 in
853 2474 1006 2518 praefatis
1031 2475 1126 2508 sacul-

390 2527 520 2567 tatibus‚
546 2537 626 2570 quae
651 2527 684 2560 in
709 2528 793 2561 dicto
818 2528 956 2571 collegio
983 2532 1019 2561 ut
1040 2537 1127 2572 prae-

391 2579 491 2613 fertur
520 2579 715 2613 docerentur
749 2591 805 2614 seu
837 2582 1052 2624 legerentur,
1087 2580 1127 2613 ad

425 2642 437 2668 1
460 2641 525 2669 lllale
545 2641 608 2669 edit·
630 2641 708 2669 Μαίη.
730 2641 794 2675 legit
812 2642 982 2670 docerentur
1001 2642 1038 2676 (a.
1060 2642 1106 2677 12).

1166 1367 1288 1395 ctarum
1301 1364 1475 1396 insularum
1490 1362 1746 1405 Philippinarum
1762 1363 1900 1407 praefati

1166 1416 1294 1449 Ordinis
1312 1416 1443 1448 fratrum
1463 1415 1722 1448 Praedicatorum
1739 1416 1833 1448 nobis
1846 1425 1901 1447 nu·
1931 1408 1936 1412 ⁵

1167 1480 1226 1513 per
1254 1469 1372 1512 exponi
1406 1469 1500 1509 fecit,
1526 1478 1563 1501 ex
1596 1468 1758 1501 erectione
1788 1469 1901 1501 acade-

1166 1523 1248 1556 miae
1274 1522 1458 1555 huiusmodi
1483 1521 1619 1554 maxima
1649 1521 1689 1553 in
1707 1521 1772 1554 illis
1800 1521 1902 1564 parti-

1165 1577 1225 1608 bus
1247 1575 1284 1608 ad
1309 1575 1487 1607 animarum
1515 1575 1650 1606 salutem
1670 1573 1798 1606 assidue
1825 1583 1902 1616 pro-

1168 1628 1275 1661 veniat
1297 1627 1427 1666 utilitas,
1452 1625 1695 1669 propositisque
1720 1625 1901 1658 studiorum

1166 1682 1316 1725 praemiis
1341 1679 1495 1714 erexerit⁴
1521 1680 1561 1712 ad
1586 1679 1655 1722 ipsa
1679 1679 1902 1722 amplectenda

1167 1740 1198 1767 et
1211 1735 1397 1778 peragenda
1412 1733 1618 1776 praemiaque
1632 1732 1816 1765 huiusmodi
1829 1742 1902 1775 pro—

1166 1787 1323 1820 merenda
1348 1786 1530 1819 studiorum
1550 1784 1713 1825 alacritas,
1730 1784 1810 1817 itaut
1825 1784 1903 1817 mul-

1167 1840 1329 1883 tiplicatae
1365 1839 1572 1882 reperiantur
1610 1847 1770 1881 personae
1810 1833 1903 1870 habi-

1167 1894 1212 1925 les
1237 1897 1270 1925 et
1293 1892 1431 1925 idoneae
1460 1892 1499 1924 ad
1535 1890 1770 1924 continuandas
1796 1900 1902 1924 sacras

1166 1945 1349 1985 missiones,
1370 1955 1504 1988 quarum
1528 1945 1647 1977 fructus
1672 1948 1783 1977 sancta
1800 1944 1905 1977 mater

1166 1999 1322 2039 Ecclesia,
1349 1998 1485 2032 Domino
1514 1997 1751 2038 benedicente,
1777 1997 1810 2030 in
1834 1997 1903 2030 dies
1924 1998 1927 2023 ἶ

1167 2051 1440 2095 locupletantur&
1458 2061 1576 2090 verum,
1591 2054 1726 2094 propter
1737 2050 1905 2093 ingentem
1917 2042 1928 2097 ,ᾗ

1168 2105 1273 2138 dictae
1299 2104 1437 2137 civitatis
1454 2104 1596 2137 Monilan
1620 2113 1638 2135 a
1661 2102 1814 2146 praefatis
1838 2107 1904 2135 stu-

1168 2157 1296 2190 diorum
1330 2157 1529 2199 generalium
1559 2153 1821 2189 universitatibus
1859 2155 1906 2188 di-

1167 2210 1315 2242 stantiam
1340 2209 1576 2253 supradictam,
1602 2208 1769 2241 moraliter
1785 2208 1923 2251 impos-3

1167 2263 1260 2296 sibile
1286 2263 1326 2296 sit
1356 2268 1392 2295 ut
1415 2262 1541 2295 incolae
1571 2261 1708 2294 civitatis
1732 2265 1764 2294 et
1787 2261 1906 2294 insula-

1167 2326 1238 2348 rum
1264 2315 1524 2359 Philippinarum
1548 2314 1735 2348 huiusmodi
1765 2314 1806 2347 ad
1837 2308 1926 2360 eas-fs

1169 2368 1242 2401 dem
1265 2368 1511 2408 universitates,
1535 2372 1571 2400 ut
1598 2367 1719 2400 ibidem
1742 2368 1918 2400 sacrorumJ

1168 2430 1328 2454 canonum
1354 2425 1386 2453 et
1409 2421 1519 2463 legum
1547 2418 1688 2453 civilium
1712 2424 1744 2452 et
1766 2418 1905 2452 medici-

1204 2510 1215 2536 1
1235 2508 1326 2536 Potius
1346 2509 1404 2545 lege
1423 2508 1558 2543 creverit,
1579 2507 1621 2535 vel
1640 2507 1768 2535 evexerit
1779 2526 1834 2534 .....
1849 2509 1908 2534 δία·

1168 2553 1285 2581 diorum
1306 2553 1346 2581 vel
1365 2554 1560 2581 studiosorum
1578 2552 1765 2580 alacritatem
1778 2551 1816 2586 (n.
1833 2551 1883 2586 τ.).

1203 2598 1219 2624 2
1234 2598 1331 2626 Potius
1346 2597 1407 2634 lege
1421 2605 1548 2634 quarum
1561 2598 1661 2633 fructu
1719 2595 1927 2633 locupletatur.

1168 2642 1210 2677 (a.
1226 2643 1276 2671 m.
