2111 3157
69 216 120 244 An.
133 214 162 242 C.
186 214 252 242 ¹685

88 2442 207 2472 Praedletin
219 2442 248 2473 ‚m

76 2472 238 2490 conniiiunieatno

849 215 1060 242 innocssnrtus
1083 215 1113 241 XI
1138 215 1187 241 PF.

258 263 442 297 huiusmodi
467 263 650 307 impertitus
673 263 777 305 suerit,
802 263 858 297 sed
883 263 990 303 etiam,

258 326 319 359 per
329 317 503 351 schedulas
513 328 585 351 suas
594 318 699 360 regias
710 327 795 350 anno
808 325 990 351 nnctxxxm

259 377 443 412 emanatas,
470 371 644 414 collegium
679 371 783 414 ipsum
809 370 874 403 sive
904 369 989 402 illius

258 422 498 457 universitatem
509 424 660 457 omnibus
670 423 848 467 privilegiis
859 427 890 455 et
902 432 991 465 prae-

258 476 408 519 rogativis
428 476 544 519 regalis
561 476 691 519 collegii
716 474 924 515 decoraverit,
942 474 991 507 id-

259 539 322 571 que
347 529 466 562 intuitu
496 539 631 572 magnae
662 528 821 569 utilitatis,
847 537 930 571 quae
956 527 989 559 in

258 580 321 613 illis
344 581 490 624 partibus
516 581 596 615 adeo
621 580 754 614 remotis
780 591 817 613 ex
843 579 989 612 doctrina

257 633 428 666 memorati
444 634 475 667 S.
495 633 637 667 Thomae
662 639 694 666 et
718 632 811 676 copia
827 632 991 675 operario-

257 696 328 718 rum
353 686 620 729 evangelicorum,
647 685 702 729 qui
727 686 830 727 legem
856 695 991 727 evange-

257 738 351 772 licam
382 743 447 772 tam
477 738 659 771 christianis
684 747 778 782 quam
803 737 990 771 infidelibus

256 791 454 833 praedicent,
468 791 607 834 illosque
625 792 772 832 doceant,
790 796 989 834 proventura

256 848 424 885 speratur;
465 854 501 877 ac
538 844 676 887 proinde
714 843 818 876 dictus
854 843 988 876 lacobus

256 901 448 938 procurator
465 897 625 940 generalis
645 896 821 940 plurimum
846 896 955 940 cupiat
972 907 988 928 a

255 947 348 982 nobis
373 949 528 983 declarari
560 949 647 993 quod
683 949 888 992 supradictae
918 949 984 982 uni-

255 1001 422 1035 versitates
446 1009 623 1036 conventus
646 1002 677 1035 S.
697 1002 786 1035 Fidei
808 1007 839 1035 et
860 1003 987 1045 collegii

256 1054 291 1087 B.
325 1054 520 1089 Ferdinandi
558 1055 694 1089 civitatis
733 1055 894 1094 Quitensis
924 1057 989 1089 sint

256 1113 382 1149 certae,
408 1119 501 1142 verae
533 1115 564 1142 et
597 1110 702 1142 reales
738 1109 984 1149 universitates,

255 1166 351 1202 prout
374 1167 449 1196 sunt
471 1161 602 1195 Limana
627 1168 659 1195 et
683 1162 854 1202 Mexicana,
866 1162 987 1205 absque

255 1214 320 1248 ulla
341 1213 531 1254 differentia,
551 1226 587 1248 ac
612 1226 684 1248 cum
702 1215 852 1249 omnibus
869 1215 988 1258 gratiis,

255 1266 446 1310 privilegiis,
471 1268 714 1310 praerogativis,
738 1269 985 1310 consuetudini-

254 1320 315 1353 bus
350 1325 383 1353 et
413 1321 690 1362 solemnitatibus,
724 1327 820 1365 prout
850 1322 988 1364 collegio

254 1372 287 1406 S.
314 1373 455 1409 'rhomae
480 1374 615 1408 civitatis
635 1374 863 1409 Monilanensis
886 1375 920 1407 in
940 1375 989 1407 ln-

254 1425 317 1458 diis
340 1426 537 1470 ›Philippinis
561 1436 647 1461 anno
671 1437 831 1461 moctxxn
856 1438 990 1462 conces-

255 1478 362 1519 simus,
389 1484 429 1520 et‚
445 1486 603 1523 quatenus
627 1490 710 1524 opus
734 1481 782 1521 sit,
800 1481 902 1514 dictas
919 1481 990 1515 uni-

255 1531 426 1565 versitates
445 1532 483 1566 de
501 1543 584 1566 novo
605 1533 684 1576 erigi
706 1534 737 1566 in
761 1534 988 1567 universitates

254 1585 403 1628 publicas
429 1586 468 1619 ad
494 1586 594 1619 instar
618 1587 768 1620 Limanae
800 1593 831 1620 et
855 1587 990 1620 Mcxica—

255 1647 318 1671 nae
343 1649 416 1671 cum
440 1639 588 1672 omnibus
607 1640 717 1682 gratiis
740 1645 772 1673 et
795 1641 988 1683 privilegiis,

255 1690 301 1723 ita
320 1697 355 1724 ut
379 1692 526 1734 graduati
540 1693 572 1725 in
597 1693 772 1735 praedictis
797 1694 990 1726 univcrsita-

258 1743 342 1777 tibus
359 1750 554 1788 reputentur
577 1745 703 1780 habiles
721 1752 753 1780 et
769 1746 889 1787 idonei,
910 1753 990 1780 tam-

257 1808 353 1840 quam
378 1798 523 1840 graduati
555 1799 588 1831 in
613 1800 751 1842 publicis
774 1800 990 1833 universitati—

254 1850 324 1891 bus,
340 1851 379 1884 ad
404 1852 476 1890 hoc,
495 1857 539 1892 ut,
555 1863 625 1885 cum
649 1852 704 1885 Dei
731 1853 855 1886 honore
875 1859 906 1885 et
930 1863 990 1896 pu-

255 1903 340 1937 blico
364 1904 524 1938 beneficio
550 1915 585 1938 ac
608 1905 783 1939 catholicae
810 1905 884 1939 fidei
917 1917 990 1949 pro-

254 1957 451 2000 pagatione,
483 1958 655 2002 amplietur
690 1969 817 2002 quoque
853 1960 988 2002 praelati

253 2010 286 2043 S.
307 2011 446 2043 'l'homae
472 2011 639 2054 Apuinatis
658 2012 814 2052 doctrina,
838 2012 989 2055 illiusque

255 2063 391 2096 studiosi
420 2070 452 2096 et
483 2074 636 2106 sequaces
667 2065 783 2098 damna
808 2071 840 2097 et
864 2065 991 2107 praeiu-

255 2116 350 2158 dicia,
368 2127 449 2160 quac
475 2127 560 2150 nunc
577 2117 748 2158 sustinent,
766 2118 906 2162 amplius
924 2129 990 2151 non

256 2170 432 2214 patiantur:
449 2171 543 2203 nobis
557 2176 732 2214 propterea
750 2172 836 2205 idem
854 2172 989 2206 Iacobus

255 2228 446 2267 procurator
462 2223 623 2265 generalis
640 2223 774 2267 praestiti
788 2223 916 2258 Ordinis
934 2236 991 2259 no-

255 2277 344 2309 mine
373 2277 541 2310 humiliter
575 2277 752 2320 supplicari
784 2278 859 2311 tecit
894 2282 927 2312 ut
959 2280 992 2311 in

255 2330 441 2373 praemissis
466 2336 649 2373 opportune
674 2331 845 2373 providere
872 2332 910 2364 de
936 2333 992 2365 be-

256 2382 415 2425 nignitate
436 2383 613 2426 apostolica
637 2383 857 2425 dignaremur.

301 2436 316 2479 ἓ
340 2435 372 2469 3.
398 2435 460 2469 Nos
485 2436 592 2478 igitur,
612 2436 717 2479 ipsun]
743 2436 893 2472 Iacobum
918 2448 991 2481 pro-

1032 262 1081 296 nis
1114 268 1146 296 et
1176 263 1349 303 interdicti,
1378 263 1512 306 aliisque
1538 262 1765 296 ecelesiasticis

1032 315 1213 356 sententiis,
1243 316 1390 348 censuris
1422 321 1453 348 et
1477 315 1612 359 poenis,
1646 325 1662 347 a
1695 315 1764 347 inre

1031 369 1081 400 vel
1114 369 1155 401 ah
1186 369 1337 409 homine,
1364 368 1475 412 quavis
1511 368 1682 401 occasione
1714 368 1765 400 vel

1032 422 1126 453 causa
1143 421 1224 462 latis,
1243 421 1267 454 si
1282 421 1398 465 quibus
1413 420 1660 464 quomodolibet
1672 421 1766 453 inno-

1032 472 1122 505 datus
1146 472 1271 513 existit,
1305 474 1343 507 ad
1376 474 1520 507 effectum
1545 474 1765 517 praesentium

1032 525 1195 559 dumtaxat
1223 528 1511 570 consequendum,
1537 528 1649 560 harum
1679 526 1764 560 serie

1031 579 1239 612 absolventes
1269 586 1300 612 ct
1331 581 1515 615 absolutum
1540 581 1608 613 sore
1632 590 1767 614 censen-

1033 637 1090 673 tes,
1109 633 1291 666 huiusmodi
1302 633 1595 676 supplicationibus
1612 633 1765 674 inclinati,

1032 695 1067 717 ac
1091 691 1278 718 nostrarum
1304 687 1425 729 pariter
1458 685 1490 718 in
1521 686 1625 719 forma
1657 686 1766 719 Brevis

1032 738 1071 770 ad
1096 738 1236 771 savorem
1262 738 1393 781 collegii
1411 743 1442 771 et
1461 738 1678 772 universitatis
1696 750 1768 772 san-

1032 790 1072 823 cti
1119 790 1262 824 Thomae
1310 791 1447 824 civitatis
1491 791 1628 825 Monilae
1679 803 1766 825 anno

1032 852 1189 877 MDCLXXXI
1214 849 1434 877 emanatarum
1466 844 1646 877 litterarum
1677 850 1767 878 teno-

1032 907 1098 930 rem
1118 897 1342 940 praesentibus
1362 907 1422 940 pro
1442 897 1539 940 plene
1558 902 1589 930 et
1606 897 1767 931 sufficien-

1033 955 1080 982 ter
1104 959 1257 993 expresso
1289 961 1325 983 ac
1357 950 1395 983 de
1430 950 1528 983 verbo
1559 950 1598 983 ad
1632 951 1766 983 verbnm

1032 1004 1152 1037 inserto
1177 1003 1343 1043 habentes,
1370 1003 1408 1036 de
1440 1003 1673 1036 venerabilium
1706 1004 1767 1036 sra-

1032 1062 1114 1089 trnm
1139 1061 1323 1089 nostrorum
1348 1056 1379 1089 S.
1399 1056 1436 1088 R.
1455 1055 1489 1088 E.
1516 1056 1681 1099 praefatae
1700 1066 1767 1089 car-

1031 1109 1186 1142 dinalium
1223 1109 1367 1152 negociis
1404 1114 1436 1142 et
1474 1108 1766 1142 consultationibus

1031 1162 1259 1206 episcoporum
1285 1168 1317 1195 et
1341 1161 1541 1205 regularium
1567 1162 1766 1206 praeposito-

1030 1225 1100 1247 rum
1124 1215 1270 1255 consilio,
1296 1215 1404 1248 omnia
1428 1214 1605 1258 privilegia,
1622 1215 1766 1258 praefato

1031 1269 1169 1311 collegio
1194 1274 1226 1301 et
1249 1267 1450 1301 universitati
1475 1267 1506 1301 S.
1526 1268 1667 1301 Thomae
1693 1268 1767 1301 civi-

1033 1322 1102 1353 tatis
1126 1321 1262 1354 Monilae
1289 1321 1374 1354 dicto
1395 1331 1480 1354 anno
1501 1330 1658 1355 iuneLxxxi
1676 1332 1693 1354 a
1710 1332 1767 1354 no-

1031 1374 1079 1407 bis
1117 1382 1269 1407 concessa
1288 1400 1295 1413 ,
1322 1373 1474 1417 praefatis
1500 1374 1765 1406 universitatibus

1031 1427 1062 1460 S.
1084 1427 1174 1460 Fidei
1200 1433 1231 1460 et
1249 1428 1282 1460 B.
1303 1427 1499 1460 Ferdinandi
1517 1427 1602 1469 regis
1616 1427 1765 1460 catholici

1031 1481 1165 1514 civitatis
1178 1478 1348 1521 Quitensis,
1361 1480 1554 1514 auctoritate
1580 1481 1765 1523 apostoliea,

1031 1539 1147 1567 tenore
1172 1534 1405 1578 praesentium,
1429 1533 1764 1573 communicavimus¹;

1032 1588 1118 1620 salva
1133 1593 1248 1621 tarnem
1268 1595 1395 1630 semper
1412 1587 1444 1619 in
1463 1587 1651 1630 praemissis
1665 1593 1768 1620 aucto-

1032 1640 1126 1672 ritate
1150 1640 1420 1683 Congregationis
1446 1640 1635 1672 eorumdem
1665 1640 1769 1672 cardi-

1032 1693 1152 1726 nalium
1177 1692 1321 1735 negociis
1342 1698 1373 1725 et
1398 1693 1693 1725 consultationibus
1704 1693 1767 1736 epi-

1032 1756 1201 1788 scoporum
1218 1751 1248 1778 et
1262 1745 1459 1788 regularium
1472 1746 1691 1789 praepositae.

1075 1800 1089 1841 ᾗ
1113 1799 1144 1831 4.
1171 1799 1388 1833 Decernentes
1413 1799 1542 1832 easdem
1577 1804 1766 1842 praesentes

1031 1853 1156 1885 litteras
1181 1851 1298 1892 sirmas,
1334 1852 1453 1884 validas
1479 1857 1510 1884 et
1535 1852 1678 1885 efficaces
1707 1852 1768 1885 exi-

1031 1910 1117 1938 stere
1143 1910 1174 1937 et
1197 1905 1280 1945 sore,
1307 1914 1449 1948 suosque
1474 1905 1638 1947 plenarios
1669 1910 1701 1937 et
1720 1905 1768 1937 in-

1033 1963 1141 2001 tegros
1160 1958 1292 1992 effectus
1311 1958 1416 1990 sortiri
1433 1958 1629 1999 etobtinere,
1641 1969 1676 1991 ac
1693 1959 1766 2000 illis,

1032 2011 1070 2043 ad
1100 2021 1182 2054 quos
1208 2016 1333 2054 spectat
1361 2016 1393 2043 et
1408 2021 1467 2054 pro
1482 2016 1629 2054 tempore
1646 2018 1767 2054 specta-

1031 2064 1087 2103 bit,
1106 2065 1138 2098 in
1159 2064 1310 2099 omnibus
1330 2069 1361 2096 et
1381 2074 1437 2107 per
1459 2064 1566 2096 omnia
1580 2064 1767 2107 plenissime

1031 2117 1210 2161 suffragari,
1223 2117 1333 2160 sicque
1347 2117 1379 2149 in
1397 2117 1584 2160 praemissis
1600 2128 1659 2161 per
1675 2128 1770 2161 quos-

1031 2179 1168 2213 cumque
1189 2170 1314 2203 indiees
1331 2170 1513 2202 ordinarios
1537 2175 1568 2202 et
1593 2170 1769 2213 delegatos,

1032 2223 1129 2257 etiam
1156 2234 1324 2256 causarum
1349 2223 1460 2266 palatii
1487 2224 1655 2266 apostolici
1682 2225 1770 2257 audi-

1033 2282 1133 2318 tores,
1168 2277 1306 2310 iudicari
1342 2282 1374 2309 et
1397 2276 1525 2309 definiri
1564 2277 1696 2317 debere,
1734 2288 1770 2309 ac

1032 2331 1159 2363 irritum
1187 2335 1219 2362 et
1250 2329 1346 2362 inane
1378 2330 1403 2361 si
1433 2339 1524 2362 secus
1548 2341 1646 2373 super
1678 2330 1728 2362 his
1753 2342 1769 2363 a

1033 2394 1212 2427 quoquam,
1238 2383 1350 2425 quavis
1382 2383 1592 2423 auctoritate,
1631 2383 1771 2416 scienter

1033 2437 1082 2469 vel
1114 2436 1315 2478 ignoranter,
1341 2435 1515 2478 contigerit
1538 2436 1701 2468 attentari.

1805 1808 1925 1831 Clausulas.

1660 204 1724 239 0:³9
1769 215 1819 240 An.
1837 214 1865 241 c.
1889 214 1956 240 ios-r.

74 2494 442 2522 minumum-n.curatorem
475 2490 662 2531 generalem
694 2489 889 2532 specialibus
914 2491 992 2524 savo·

64 2527 119 2542 inno
147 2528 248 2543 anetum

63 2543 349 2596 {1¹2¹}{sgssfgggssjsibus
375 2548 407 2575 et
431 2542 540 2585 gratiis
566 2542 721 2586 prosequi
745 2544 902 2583 volentes,
921 2550 952 2577 et
976 2556 992 2576 a

259 2595 425 2640 quibusvis
442 2595 790 2637 excommunicationis,
809 2597 994 2640 suspensio-

1076 2490 1092 2532 ξ
1117 2489 1148 2521 5.
1175 2488 1244 2521 Non
1275 2488 1478 2521 obstantibus
1506 2489 1701 2531 praemissis,
1736 2499 1770 2521 ac
1809 2493 1962 2515 Gemmarum

1781 2521 1897 2546 deiogauo.

1034 2542 1323 2576 constitutionibus
1353 2548 1385 2574 et
1409 2542 1668 2575 ordinationibus
1698 2553 1772 2585 apo-

78 2605 181 2623 ‘ffl’mffl-
1074 2606 1082 2632 1
1106 2606 1202 2641 Aptius
1218 2605 1275 2640 lege
1295 2605 1539 2632 communicamus
1560 2605 1595 2640 (a.
1611 2605 1659 2639 T.).
