2111 3157
4 209 52 238 An.
73 211 102 238 C.
121 210 189 237 ¹030

778 210 989 234 INNoCENTtUS
1014 211 1043 233 XI
1069 211 1117 234 Pr.

196 258 296 288 talium
319 258 478 288 mutatione
494 262 665 288 revocentur
680 257 847 287 huiusmodi
864 267 929 295 syn-
946 258 949 333 Ι

195 307 307 337 dicatus
329 312 357 337 et
382 308 609 347 procurationes.

235 365 292 385 vin.
318 356 477 386 Statuiinus
495 356 581 385 etiam
604 355 679 394 quod
699 355 817 384 licentia
840 354 927 383 eundi
946 337 949 376 i

195 404 229 433 ad
253 404 353 433 affines
376 404 420 433 vel
443 404 672 441 consanguineos
694 402 862 437 visitandOS,
883 402 927 431 vel
946 393 949 421 Γ

195 451 228 479 ad
253 451 307 479 alia
324 451 398 488 loca,
416 450 604 480 recreationis
626 450 723 487 causa,
747 449 823 478 ultra
840 448 926 477 unius

195 499 251 528 diei
274 499 330 528 iter
352 509 366 528 a
390 499 563 528 monasterio
585 498 614 527 in
636 507 692 536 quo
715 500 814 536 petens
836 497 924 525 licen-

195 547 262 576 tiam
285 548 439 586 deputatus
461 547 558 584 fuerit,
581 556 596 575 a
618 546 734 575 nemine
756 545 845 583 possit
860 553 926 573 con-

194 595 256 624 cedi
280 600 480 634 praeterquam
504 604 518 622 a
541 594 666 632 capitulo
687 593 826 631 generali.
844 592 924 627 Quod

194 643 217 672 si
240 644 304 681 quis
333 643 477 682 praelatus
510 642 632 671 voluerit
663 642 787 679 aliquem
810 651 843 670 ex
866 641 925 672 suis

195 691 342 720 monachis
361 691 395 719 ad
411 690 488 719 aliud
504 690 705 729 quodcumque
723 689 848 719 vicinum
866 699 926 719 mo-

194 739 351 769 nasterium
380 739 568 769 recreationis
602 739 645 769 vel
676 738 784 776 negotii
820 739 925 777 privati

194 789 281 816 causa
314 788 450 825 mittere,
473 797 530 817 non
554 787 634 826 prius
664 787 691 817 id
723 787 807 817 faciat
838 796 924 826 quam

194 836 355 865 consentiat
368 837 513 875 praelatus
540 836 601 865 eius
617 836 782 866 monasterii
798 836 831 865 ad
848 836 923 874 qnod

194 894 259 915 eum
283 886 397 915 mittere
419 885 554 915 intendit.

233 942 273 963 ix.
296 934 324 964 Si
347 943 414 963 vero
436 934 509 963 intra
533 944 640 963 annum
670 934 825 964 necessitas
850 934 925 963 acci-

194 982 274 1012 deret
295 982 440 1021 aliquibus
462 983 535 1012 ultra
558 983 644 1012 unius
666 983 723 1012 dici
744 982 799 1012 iter
823 982 921 1016 eundi,

194 1035 262 1061 tunc
284 1035 363 1070 pater
386 1031 570 1069 praesidens,
594 1031 638 1060 vel
661 1031 772 1070 primus
793 1030 924 1060 visitator

193 1079 273 1109 illius
304 1080 468 1118 provinciae
501 1080 529 1109 in
559 1089 612 1118 qua
640 1089 697 1109 non
729 1080 815 1111 fuerit
844 1084 924 1118 pater

194 1128 372 1167 praesidens,
390 1129 478 1167 possit
495 1128 670 1167 praedictam
692 1128 838 1158 licentiam
855 1138 924 1158 con-

194 1177 311 1206 cedere:
343 1177 396 1206 hoc
418 1181 512 1207 tamen
537 1177 651 1214 addito,
676 1177 771 1216 quod,
795 1186 860 1206 cum
888 1178 922 1207 ad

193 1222 367 1252 beneficium
401 1223 545 1252 dictorum
577 1223 858 1261 consanguineorum
880 1223 923 1253 ire

193 1271 343 1310 petierint,
367 1271 401 1300 de
423 1275 519 1300 cetero
541 1271 671 1310 ipsorum
694 1271 923 1309 consanguineo-

193 1329 258 1349 rum
280 1319 414 1358 expensis
436 1323 463 1348 et
486 1318 650 1357 sumptibus
675 1318 788 1356 vadant,
812 1328 848 1348 ne
863 1328 923 1349 mo-

193 1369 318 1399 nasteria
337 1372 433 1397 nostra
455 1372 621 1405 graventur.

232 1426 260 1446 x.
286 1416 425 1446 Similiter
440 1416 463 1445 si
487 1416 646 1455 praelatum
670 1415 714 1445 vel
737 1416 921 1453 monachum,

194 1469 342 1505 praetextu
359 1464 541 1501 valetudinis,
556 1465 599 1493 vel
612 1465 793 1502 negotiorum
806 1465 838 1493 ad
852 1464 924 1494 Con-

193 1514 390 1552 gregationem
415 1522 469 1542 non
486 1513 688 1552 spectantium,
706 1513 781 1551 apud
803 1522 924 1542 consan-

193 1563 314 1600 guineos
336 1563 379 1591 vel
402 1561 509 1590 amicos
530 1561 577 1590 diu
601 1561 773 1590 commorari
795 1561 924 1598 contige-

194 1611 251 1647 rit,
281 1610 487 1640 monasterium
520 1609 592 1638 nihil
625 1609 667 1638 illi
700 1608 924 1640 subministrare

194 1663 345 1695 teneatur,
369 1662 397 1688 et
420 1658 443 1687 si
466 1657 632 1686 cellerarius
660 1657 687 1686 id
716 1657 810 1686 facere
838 1666 946 1698 ausus¹

194 1707 302 1744 fuerit,
326 1706 490 1746 superiores
518 1705 686 1735 monasterii
708 1715 739 1735 ea
773 1705 923 1744 dispendia

193 1760 225 1785 ut
247 1755 396 1793 illegitima
419 1757 568 1792 respuant,
585 1757 613 1782 et
635 1753 803 1783 cellerarius
825 1763 924 1782 severe

193 1804 341 1843 puniatur.

232 1861 271 1881 xi.
295 1852 375 1887 Quod
398 1852 421 1880 si
444 1851 565 1890 praelati
588 1859 666 1880 mora
683 1855 762 1880 extra
782 1856 925 1881 moraste-

193 1899 268 1930 rium
291 1904 349 1929 tres
371 1908 485 1929 menses
507 1899 681 1935 excesserit,
706 1899 874 1937 praesidens
897 1904 924 1929 et
943 1908 945 1966 ν

193 1948 356 1978 visitatores
386 1947 429 1978 illi
460 1948 634 1977 monasterio
661 1948 924 1977 administratorem

195 1997 343 2036 deputent.

232 2054 282 2075 ΧΠ.
306 2045 496 2075 Proliibemus
517 2048 613 2074 autem
636 2044 743 2074 nostris
759 2045 874 2083 negotia
897 2049 925 2075 et

194 2093 261 2124 lites
282 2094 562 2132 consanguineorum
585 2098 613 2123 et
635 2093 765 2123 affinium
789 2094 925 2123 aliorum-

1604 200 1643 232 flx'i
1652 200 1661 232 1

1008 266 1066 286 xiv.
1090 257 1230 287 Curantes
1252 266 1377 296 quoque,
1395 256 1473 286 iuxta
1489 256 1629 294 regulam,
1643 266 1704 285 om-

970 315 1004 334 ne
1028 306 1189 344 periculum
1213 305 1398 344 proprietatis
1421 305 1546 343 evitare,
1571 306 1702 335 volumus

969 355 1043 392 quod
1067 355 1185 392 mutati,
1210 363 1274 384 cum
1306 354 1431 392 primum
1460 354 1494 383 ad
1517 354 1610 383 locum
1633 363 1702 383 suae

968 403 1136 432 mutationis
1168 404 1378 442 pervenerint,
1411 403 1564 442 pecuniam
1596 412 1701 442 resque

968 460 1067 480 omnes
1089 452 1232 490 superiori
1254 452 1384 481 deserant
1400 452 1475 481 intra
1500 451 1629 481 triduum
1652 451 1700 481 de-

965 499 1107 537 positario
1138 499 1369 537 consignandas3
1393 500 1478 529 aliter
1508 500 1537 529 in
1571 509 1644 538 pane
1671 504 1699 529 et

967 548 1042 585 aqua
1057 547 1198 577 iciunent.
1218 548 1306 582 Quam
1323 548 1530 586 poenitentiam
1547 548 1631 577 toties
1646 547 1699 577 ite-

967 599 1042 631 rent,
1066 600 1135 634 quot
1158 595 1260 625 diebus
1282 595 1309 625 id
1334 596 1427 625 facere
1449 596 1628 626 distulerint.

1006 651 1052 672 xv.
1077 644 1110 673 Et
1137 644 1272 682 quoniam
1302 653 1335 673 ex
1366 644 1515 682 vagatione
1544 645 1698 675 monacho-

966 700 1029 721 rum
1060 691 1149 721 multa
1172 692 1241 721 oriri
1264 696 1383 731 possunt
1404 692 1554 730 scandala,
1578 697 1698 723 caveant

966 739 1083 769 omnino
1106 744 1212 779 patres,
1230 745 1369 779 quantum
1393 740 1456 770 fieri
1479 745 1583 779 potest,
1601 751 1615 771 a
1636 752 1698 772 mu-

966 787 1124 818 tationibus
1139 797 1250 825 eorum,
1268 792 1295 817 et
1318 789 1460 827 praeserti
1476 789 1652 819 miuniorum
1669 797 1697 820 et

966 844 1021 864 non
1045 836 1241 873 sacerdotum,
1259 836 1308 875 qui
1331 837 1447 866 nonnisi
1469 846 1504 866 ex
1526 838 1698 875 urgentissi-

966 885 1012 913 ma
1028 885 1199 914 necessitate
1217 889 1284 916 sunt
1300 885 1442 921 mutandi;
1460 889 1488 915 et
1503 895 1568 915 cum
1584 886 1637 915 hoc
1651 896 1698 915 ac-

964 932 1078 970 ciderit,
1101 933 1136 963 ad
1158 933 1218 963 loca
1241 933 1391 970 viciniora,
1411 943 1464 963 nec
1487 934 1580 969 aliter,
1604 935 1697 964 aliove

965 980 1049 1010 modo
1071 985 1232 1013 mutentur.
1251 982 1350 1011 Mutati
1366 991 1445 1018 vero,
1462 983 1540 1012 recta
1563 983 1608 1012 via
1631 992 1697 1021 pro-

964 1029 1141 1066 ficiscantur,
1165 1039 1306 1069 nusquam
1330 1030 1520 1066 declinantes,
1544 1035 1571 1060 et
1595 1035 1696 1060 notent

964 1087 1014 1115 per
1036 1078 1167 1108 ordinem
1182 1088 1282 1109 omnes
1304 1088 1456 1118 expensas,
1472 1088 1542 1117 quas
1558 1079 1586 1108 in
1609 1079 1696 1109 itine-

964 1135 995 1155 re
1017 1127 1151 1157 fecerint.

1003 1184 1060 1205 xvi.
1084 1175 1164 1210 Quod
1187 1175 1211 1205 si
1233 1176 1336 1206 mutati
1358 1175 1522 1215 pecuniam,
1542 1185 1591 1215 pro
1612 1176 1698 1206 vestie

963 1222 1016 1252 bus
1043 1228 1191 1262 acceptam
1225 1229 1339 1263 praeter
1372 1225 1553 1254 necessarias
1581 1225 1696 1255 itineris

963 1280 1123 1310 expensas,
1148 1272 1176 1301 in
1208 1272 1272 1301 aliis
1300 1273 1455 1311 superfluis
1486 1273 1549 1302 sine
1577 1273 1696 1303 licentia

964 1319 1086 1357 praelati
1109 1319 1153 1349 sui
1176 1320 1367 1358 expenderint
1390 1321 1442 1359 (ut
1465 1320 1494 1349 in
1517 1329 1561 1358 eo,
1585 1321 1615 1350 in
1639 1331 1696 1361 quo

963 1366 1149 1405 deliquerint,
1173 1367 1355 1406 puniantur),
1379 1376 1435 1396 non
1459 1372 1594 1397 teneatur
1616 1378 1695 1407 prae-

964 1415 1038 1444 latus
1060 1415 1136 1453 ipsas
1159 1420 1252 1445 vestes
1275 1416 1317 1444 cis
1339 1416 1508 1445 concedere.
1532 1416 1565 1446 Et
1587 1417 1622 1446 ad
1638 1419 1696 1447 evi-

964 1463 1064 1492 tandas
1086 1463 1213 1499 fraudes,
1240 1464 1381 1502 scriptum
1408 1463 1533 1494 habeant
1562 1474 1577 1494 a
1609 1475 1695 1505 supe-

964 1511 1040 1541 riore
1057 1511 1224 1541 monasterii
1241 1512 1317 1541 unde
1340 1513 1525 1547 recesserint,
1543 1514 1695 1544 continens

964 1561 1059 1590 omnia
1074 1571 1149 1600 quae
1164 1570 1260 1591 secum
1283 1562 1417 1591 deferunt
1440 1566 1497 1591 tam
1520 1562 1550 1592 in
1572 1564 1696 1602 pecunia

964 1619 1050 1647 quam
1072 1610 1101 1639 in
1124 1610 1206 1639 libris
1229 1614 1257 1639 et
1279 1610 1406 1640 vestibus
1429 1614 1457 1640 et
1479 1611 1583 1640 ceteris
1605 1612 1696 1641 omni-

965 1657 1028 1694 bus,
1046 1663 1192 1687 reservato
1212 1659 1334 1697 praelati
1355 1658 1475 1688 arbitrio
1498 1659 1574 1689 circa
1596 1669 1696 1690 nume-

964 1716 1027 1736 rum
1061 1711 1088 1736 et
1120 1707 1288 1745 qualitatem
1320 1707 1462 1737 librorum
1496 1708 1694 1747 ferendorum,

964 1755 1014 1793 qui
1036 1755 1252 1792 sufficientiam,
1277 1756 1485 1794 professionem
1513 1760 1541 1785 et
1563 1756 1697 1794 indigen-

965 1804 1032 1833 tiam
1057 1804 1170 1841 mutati,
1194 1813 1307 1833 necnon
1333 1804 1501 1834 distantiam
1524 1804 1580 1834 loci
1603 1805 1699 1835 consi-

964 1850 1096 1889 derabit,
1121 1851 1196 1890 quod
1230 1851 1305 1881 ratio
1337 1851 1458 1881 dictabit
1491 1861 1695 1883 concessurus.

964 1899 1180 1938 Conficiantque
1197 1899 1275 1929 aliud
1291 1899 1431 1939 scriptum
1449 1900 1595 1939 praedicto
1616 1901 1699 1931 simi-

964 1947 1002 1984 le,
1020 1947 1095 1986 quod
1119 1947 1149 1977 in
1171 1947 1357 1985 monasterio,
1375 1947 1452 1978 unde
1474 1948 1636 1985 discedunt,
1653 1958 1697 1978 re-

965 1997 1098 2036 linquant
1110 2007 1116 2033 3
1130 1996 1206 2036 quod
1221 2001 1320 2026 autem
1332 2006 1431 2027 secum
1443 1996 1598 2033 deferant¹‚
1613 2006 1697 2036 prae-

964 2045 1021 2075 lato
1050 2045 1234 2082 monasterii,
1257 2045 1293 2074 ad
1316 2045 1392 2084 quod
1415 2045 1573 2083 accedunt,
1598 2045 1699 2075 statim·

965 2093 1147 2131 consignent.
1161 2092 1214 2128 Qui
1227 2093 1442 2130 contrafecerit,
1456 2093 1565 2122 ieiunet
1580 2092 1609 2122 in
1623 2101 1697 2132 pane

194 2151 228 2172 ve
249 2142 441 2172 saecularium
464 2141 608 2180 amplecti,
632 2146 660 2171 et
692 2142 862 2181 praesertim
890 2151 925 2171 ne
943 2127 947 2191 l
965 2146 992 2171 et
1014 2142 1086 2181 aqua
1108 2142 1137 2171 in
1158 2141 1235 2171 terra
1258 2141 1286 2171 in
1309 2141 1474 2179 refectorio,
1498 2145 1527 2171 et
1548 2141 1695 2170 nihilomi-

195 2191 230 2220 ad
251 2190 406 2220 tribunalia
435 2190 553 2228 quaevis
575 2190 711 2220 accedant
738 2190 793 2219 nisi
816 2200 850 2219 ex
878 2201 926 2221 ur·
965 2199 1020 2220 nus
1041 2190 1206 2229 supradicta
1230 2190 1323 2219 facere
1346 2193 1490 2228 teneatur,
1510 2199 1563 2220 nee
1585 2189 1699 2229 possint

194 2239 365 2277 gentissima
395 2242 540 2268 extremae
575 2238 754 2268 necessitatis
789 2240 876 2269 causa
910 2249 923 2269 a
966 2237 1107 2268 cellerarii
1137 2242 1185 2268 aut
1207 2238 1255 2268 alii
1278 2237 1408 2278 accipere
1430 2248 1445 2268 a
1468 2238 1625 2277 fratribus,
1649 2241 1702 2268 aut¹

196 2287 323 2326 praelato
345 2286 555 2325 cognoscenda.
966 2287 1092 2317 retinere
1114 2287 1262 2326 pecunias,
1283 2290 1331 2316 aut
1353 2287 1440 2317 etiam
1462 2296 1510 2317 eas
1532 2286 1697 2317 describere

235 2344 296 2366 xni.
320 2336 427 2365 Euntes
449 2335 523 2364 ultra
539 2335 626 2364 unius
648 2335 703 2365 diei
726 2335 792 2373 iter,
810 2340 926 2375 portent
966 2336 994 2366 in
1017 2336 1091 2365 libro
1113 2340 1326 2375 computorum.

196 2391 293 2413 secum
308 2383 417 2413 litteras
433 2382 640 2412 testimoniales
656 2383 775 2421 praelati
791 2385 847 2421 sui,
864 2384 925 2414 sine
1006 2392 1074 2413 xvn.
1094 2384 1154 2418 Quo
1170 2388 1264 2413 autem
1283 2384 1319 2413 ad
1335 2392 1474 2423 expensas
1490 2384 1697 2421 mutationum,

196 2431 301 2470 quibus
322 2431 345 2461 si
368 2431 474 2460 fuerint
489 2431 609 2468 inventi,
627 2431 737 2460 carceri
760 2431 946 2471 mancipem-l
966 2432 1151 2472 provideatur
1173 2432 1290 2462 mutatis
1311 2441 1327 2461 a
1349 2433 1534 2463 monasteriis
1558 2442 1572 2462 a
1594 2433 1702 2472 quibus

197 2482 254 2508 tur.
277 2478 352 2514 Quas
378 2479 448 2509 item
476 2479 586 2508 litteras
608 2479 710 2508 mutati
732 2478 767 2509 ad
787 2479 842 2509 alia
865 2489 925 2510 mo·
967 2481 1115 2519 recedunt,
1134 2485 1161 2511 et
1177 2485 1308 2512 servetur
1330 2481 1432 2512 modus
1453 2482 1648 2521 praescriptus
1669 2481 1700 2512 in

196 2527 321 2556 nasteria
343 2527 486 2566 accipiant
515 2537 530 2556 a
557 2527 755 2567 superioribus
783 2532 926 2559 monaste-

196 2574 306 2605 riorum
329 2585 344 2605 e
365 2576 469 2615 quibus
491 2577 594 2606 mutati
615 2580 692 2607 sunt.

1005 2583 1015 2610 1
1038 2582 1133 2618 Aptius
1152 2582 1210 2618 lege
1230 2583 1364 2618 deserunt
1382 2584 1421 2618 (n.
1437 2584 1488 2618 r.).

1715 209 1762 235 An.
1785 209 1812 235 C.
1834 210 1900 237 tsSO
