2111 3157
151 163 201 192 An.
221 162 249 190 e.
272 162 338 190 1688
385 153 448 188 8⁶25

182 225 251 246 cim
266 225 300 246 xi.
388 223 408 246 1.
427 213 599 246 Humanae
628 210 862 254 compatientes
886 206 1078 247 infirmitati,

147 251 332 301 1..,¹!†‘‡'.ll',¹.¹2¹-{2¹.⁰?li
344 265 568 308 permittimus,
597 264 720 297 etiamsi
739 264 847 296 nullus
872 261 1004 294 omnino
1021 259 1080 292 mi-

148 305 210 324 lirmis
226 308 246 324 el.
266 305 331 325 medi-

147 336 207 352 cluis.

342 324 469 357 nuatur,
502 318 630 350 easdem
656 316 875 349 recreationes
907 312 1079 347 monachis

343 372 419 411 dari,
439 381 519 414 qnae
541 371 699 403 hactenus
718 369 832 402 diebus
852 367 1079 406 minutionum‚

342 425 472 467 qnando
497 424 594 466 aliqui
619 423 850 456 minuebantur
870 421 928 463 (a),
947 430 1080 453 conces-

341 476 413 509 sae¹
427 477 568 510 suerunt.
584 477 682 519 Igitur
699 481 773 519 post
785 480 913 508 octavas
927 473 1079 513 Paschae,

339 536 411 572 post
436 530 675 563 solemnitatem
702 529 924 572 apostolorum
944 527 1030 560 Petri
1049 532 1080 559 et

339 583 440 621 Pauli,
465 583 607 616 secunda
632 583 838 615 bebdomada
872 580 1077 624 septembris,

338 637 519 679 septimana
529 642 602 669 ante
617 636 809 672 Adventum,
827 639 859 667 et
872 633 1078 666 hebdomada

339 695 413 722 ante
439 688 760 732 Quinquagesimam,
787 688 900 721 licebit
931 697 989 730 per
1013 692 1077 720 tres

338 742 407 775 dies
427 742 555 776 feriales
574 742 748 775 continuos
766 741 815 773 bis
829 740 964 773 reficere
982 745 1014 772 et
1030 750 1078 772 re-

337 795 520 828 creationes
537 795 623 828 iuxta
637 795 807 828 domorum
822 792 1076 826 consuetudines

335 849 537 881 visitatorum
553 848 673 881 iudicio
691 848 886 890 approbatas
902 846 1037 879 habere.

381 912 416 935 11.
444 901 482 934 Et
506 911 546 933 ne
571 911 608 934 ex
635 900 818 933 huiusmodi
842 899 1076 932 minutionibus

336 953 437 997 aliqui
463 954 581 986 abusus
615 958 728 986 eontra
761 952 889 986 Ordinis
922 952 1076 984 intentio-

335 1018 410 1040 nem
434 1012 465 1040 et
494 1007 627 1039 sormam
660 1011 855 1039 statutorum
888 1010 1074 1038 nostrorum

334 1060 402 1092 ullo
428 1069 570 1101 unquam
596 1064 745 1101 tempore
771 1058 936 1091 invaleant
956 1063 1010 1090 aut
1028 1062 1075 1090 to-

334 1113 492 1150 lerentur,
519 1112 691 1144 statuimus
717 1117 752 1144 ut
773 1111 989 1144 minutionnm
1008 1111 1075 1143 die-

334 1166 395 1198 hus
421 1164 598 1208 praedictis
636 1164 779 1197 divinum
811 1164 954 1197 officium
987 1163 1075 1196 diur-

335 1229 411 1252 num
436 1218 560 1261 pariter
584 1229 620 1250 ac
649 1224 847 1251 nocturnum
873 1218 987 1250 eadem
1008 1227 1074 1259 gra-

333 1271 431 1304 vitate
471 1277 502 1304 et
541 1271 714 1304 devotione
753 1271 970 1314 persolvatur,
1013 1281 1075 1314 qua

335 1325 452 1358 ceteris
479 1325 594 1358 diebus
626 1325 793 1358 ferialibus
826 1334 925 1367 super
955 1334 1074 1356 annum

335 1379 421 1410 solet
444 1378 596 1420 persolvi.
616 1377 671 1410 Cui
690 1377 786 1410 etiam
804 1388 915 1410 omnes
942 1377 1073 1409 omuino

335 1431 498 1471 intersint,
525 1430 587 1463 nisi
612 1430 759 1472 legitimo
796 1430 904 1473 aliquo
938 1430 1075 1472 impedi—

334 1490 445 1517 mento
482 1483 711 1523 detineantur,
739 1489 770 1516 et
804 1488 880 1516 tunc
906 1483 1003 1516 etiam
1036 1483 1075 1516 de

334 1538 467 1571 licentia
492 1537 732 1580 praesidentis;
768 1536 847 1569 alias
881 1536 1074 1569 heneficium

335 1590 526 1623 minutionis
551 1590 696 1622 eiusdem
723 1589 786 1622 diei
805 1589 965 1621 amittant.
986 1588 1076 1627 Quod

335 1650 370 1676 ut
393 1642 463 1676 fieri
489 1642 606 1686 possit,
635 1642 742 1675 taliter
767 1652 826 1685 per
851 1641 1075 1684 praesidentes

337 1696 552 1738 disponantur
587 1694 822 1737 spatiamenta‚
849 1704 914 1726 uno
951 1698 1077 1726 tantum

338 1749 430 1781 trium
457 1748 583 1781 dierum
609 1747 852 1791 praedictorum
886 1747 953 1780 dari
983 1747 1078 1779 solita

336 1801 422 1833 intra
436 1802 486 1833 vel
509 1806 601 1833 extra
618 1801 760 1839 domum,
783 1800 871 1843 quod
895 1810 1008 1832 omnes
1026 1810 1077 1831 ve-

337 1854 440 1896 speris
465 1853 626 1886 interesse
652 1853 789 1896 possint.

382 1917 430 1940 ιιι.
447 1906 600 1939 pitantias
617 1912 736 1946 autem,
754 1916 837 1949 quae
852 1906 969 1939 dantur
986 1916 1079 1949 prae-

338 1960 430 1992 dictis
456 1959 580 1999 diebus,
607 1960 760 1992 nolumus
787 1959 946 1992 excedere
970 1959 1078 2002 pitan-

339 2012 398 2045 tias
424 2013 497 2045 illas
524 2023 607 2055 quae
629 2012 794 2055 quibusvis
816 2012 937 2044 festivis
963 2012 1078 2045 diebus

339 2066 414 2098 anni
447 2065 479 2097 in
520 2065 666 2108 qualibet
709 2066 807 2098 domo
845 2065 914 2098 dari
956 2066 1075 2098 solent.

338 2119 382 2151 De
408 2119 525 2162 quibus
547 2118 691 2161 pitantiis
711 2119 901 2151 ordinandis
921 2119 1078 2161 prohibe-

339 2182 409 2204 mus
441 2171 574 2204 omnino
611 2171 781 2204 monachis
813 2181 846 2204 se
879 2172 946 2204 ullo
982 2172 1078 2204 modo

340 2224 570 2266 intromittere,
588 2229 619 2258 et
644 2225 706 2258 hoe
731 2224 856 2268 priores
882 2230 914 2257 et
937 2225 1079 2258 visitato-

376 2331 461 2364 amni
478 2334 553 2357 extra
563 2335 668 2366 teinpus
682 2330 861 2357 minutionum
878 2330 921 2357 hie
932 2330 1080 2366 praefixum

343 2375 509 2407 minuuntur,
541 2384 591 2402 ιιοιι
614 2380 727 2410 possunt
755 2375 934 2410 praetendere
962 2376 1079 2410 aliquam

344 2421 535 2446 recreationem
556 2420 605 2446 sibi
626 2429 684 2446 esse
702 2420 913 2449 concedendam,
931 2420 993 2455 quia
1012 2421 1080 2446 istae

345 2464 524 2490 recreationes
540 2464 645 2491 statutis
661 2468 764 2490 tantum
782 2464 949 2499 temporibus
961 2473 1081 2491 annexae

343 2512 413 2535 sunt

380 2556 390 2580 ¹
414 2553 484 2580 Edit.
506 2553 588 2580 Maia.
610 2553 675 2588 legit
694 2562 821 2581 concessa
842 2554 880 2589 (R.
901 2555 951 2589 T.).

926 157 1105 184 BULLARmM
1132 157 1282 183 ROMANUM

1122 217 1173 241 res
1199 206 1318 240 saciant
1341 205 1572 241 inviolabiliter
1603 205 1778 246 observari,
1803 215 1858 240 ex·

1121 271 1230 293 cessus
1265 260 1498 303 reprimendo,
1524 265 1556 293 et
1590 259 1795 303 importunos
1819 270 1857 295 ac

1121 313 1382 346 contradicentes
1414 315 1471 346 sua
1495 312 1690 346 auctoritate
1726 322 1856 356 compe-

1120 367 1242 399 scendo
1261 371 1293 399 et
1309 366 1406 409 digne
1422 366 1602 409 puniendo.

1165 430 1207 453 iv.
1235 420 1333 453 Porro
1359 420 1404 453 sic
1435 420 1651 453 minutionum
1681 419 1857 453 recreatio-

1122 484 1179 507 nes
1196 473 1330 507 concedi
1348 474 1505 512 volumus,
1523 479 1559 506 ut
1575 478 1682 507 tamen
1698 472 1857 508 ieiunium

1121 532 1228 560 sextae
1246 527 1344 560 seriae
1362 532 1499 570 propter
1515 536 1569 559 eas
1590 537 1754 570 nunquam
1775 526 1859 559 sran-

1121 585 1225 621 gatur.
1253 579 1344 617 Quod
1370 579 1396 612 si
1421 584 1559 622 propter
1593 579 1725 622 aliquod
1756 579 1858 622 impe-

1121 633 1299 666 dimentum
1325 643 1389 665 non
1414 632 1543 675 possint
1572 631 1605 664 in
1636 632 1701 665 una
1732 631 1858 666 hebdo-

1120 686 1213 719 mada
1237 685 1419 718 continuari
1447 690 1511 718 tres
1536 684 1605 719 dies
1622 683 1855 725 minutionum,

1119 739 1151 772 in
1178 739 1232 772 tali
1257 749 1331 772 casu
1350 739 1445 771 liceat
1463 737 1640 781 anticipare
1657 738 1707 772 vel
1725 742 1857 781 postpo-

1120 803 1196 826 nere
1221 793 1321 826 dictas
1346 791 1556 830 minutiones,
1579 791 1668 824 iuxta
1687 790 1863 824 arbitrium>

1118 852 1151 879 et
1174 845 1424 887 dispositionem
1450 843 1681 888 praesidentis.

1162 911 1190 932 v.
1218 899 1342 931 Rasura
1366 898 1602 932 monachorum
1637 897 1692 930 siat
1722 906 1782 940 per
1805 901 1857 931 to-

1119 957 1185 985 tum
1211 952 1365 985 Ordinem
1390 951 1440 983 his
1465 951 1497 983 in
1514 960 1634 988 mense,
1653 950 1686 983 in
1707 960 1771 993 qua
1786 949 1857 984 stri·

1118 1010 1168 1038 cte
1193 1009 1338 1037 servetur
1362 1003 1541 1036 silentium.

1161 1068 1205 1092 vi.
1232 1057 1368 1090 infirmis
1393 1056 1575 1090 secundum
1600 1055 1856 1099 possibilitatem

1117 1111 1230 1144 domus
1259 1110 1368 1143 omnia
1388 1109 1574 1143 necessaria
1593 1114 1625 1143 et
1648 1108 1858 1152 expedientia

1116 1163 1307 1196 charitative
1343 1167 1595 1205 praeparentur.
1627 1161 1706 1200 Quia
1737 1166 1855 1202 tamen,

1116 1216 1292 1249 secundum
1305 1215 1389 1249 beati
1399 1214 1562 1249 Benedicti
1576 1215 1672 1254 dieta,
1685 1225 1726 1248 ne
1743 1225 1857 1258 super-

1116 1270 1179 1302 llua
1203 1270 1251 1302 vel
1278 1268 1494 1312 impossibilia
1525 1268 1668 1312 petendo
1692 1268 1743 1301 vel
1767 1277 1857 1301 mur-

1117 1324 1276 1356 murando
1316 1322 1493 1355 servientes
1533 1321 1595 1355 sibi
1638 1320 1855 1361 contristent,

1117 1376 1291 1418 diligenter
1323 1380 1518 1408 moneantur
1550 1374 1732 1414 attendere,
1764 1380 1796 1408 et
1820 1366 1866 1407 ut'

1117 1439 1278 1462 memores
1303 1429 1426 1471 arrepti
1450 1428 1622 1471 propositi,
1652 1427 1735 1461 sicut
1757 1437 1854 1461 sanos

1117 1482 1289 1524 religiosos
1314 1493 1331 1514 a
1356 1481 1443 1514 sanis
1469 1480 1700 1520 saecularibus,
1729 1480 1773 1515 ita
1803 1490 1869 1523 aer

1118 1541 1228 1577 grotos
1253 1535 1427 1578 religiosos
1453 1535 1492 1567 ab
1517 1534 1659 1577 aegrotis
1684 1533 1857 1567 saeculari-

1118 1590 1176 1621 bus
1201 1588 1319 1621 debere
1340 1588 1484 1630 cogitent
1502 1587 1707 1630 discrepare,
1726 1596 1788 1619 nec
1801 1586 1857 1620 illa

1119 1642 1151 1674 in
1177 1641 1306 1682 eremis,
1331 1651 1414 1684 qnae
1448 1641 1498 1673 vix
1531 1641 1565 1673 in
1597 1640 1733 1674 urbibus
1766 1639 1869 1681 inve-¹

1119 1694 1263 1734 nimiter,
1279 1703 1467 1737 exposcere.
1483 1693 1621 1727 Omnino
1640 1698 1749 1726 tamen
1765 1691 1856 1735 prior

1119 1747 1288 1791 provideat
1312 1757 1352 1780 ne
1376 1747 1496 1780 infirmi
1529 1758 1546 1780 a
1569 1745 1782 1779 servitoribus
1805 1745 1855 1778 vel

1119 1801 1190 1834 aliis
1216 1801 1435 1843 negligantur.
1454 1799 1684 1833 Verumtamen
1700 1809 1773 1833 esus
1789 1807 1857 1831 car-

1120 1854 1222 1893 nium,
1249 1853 1300 1888 cui
1337 1853 1424 1886 Ordo
1450 1852 1666 1891 renunciavit,
1692 1852 1775 1885 nulli
1799 1861 1857 1885 no-

1120 1913 1222 1939 strum
1247 1906 1449 1945 conceditur,
1478 1906 1603 1939 etiamsi
1628 1906 1669 1939 sit
1693 1906 1855 1948 leprosus.

1163 1971 1218 1994 vn.
1246 1960 1336 1994 Prior
1361 1960 1550 2003 dispensare
1575 1965 1683 2003 potest
1706 1959 1789 1993 circa
1808 1958 1855 1992 in-

1120 2012 1229 2046 firmos
1256 2013 1288 2045 in
1313 2013 1516 2047 comedendo
1548 2012 1710 2046 lacticinia
1741 2011 1857 2045 diebus

1120 2067 1336 2099 abstinentiae
1361 2071 1393 2099 et
1417 2066 1450 2098 in
1475 2066 1631 2107 Adventu,
1650 2071 1681 2099 et
1705 2066 1812 2106 etiam,
1830 2064 1856 2097 si

1121 2126 1227 2153 tamen
1254 2119 1452 2153 infirmitatis
1479 2120 1670 2162 magnitudo
1695 2120 1727 2153 id
1741 2120 1856 2161 exigat,

1121 2174 1151 2206 in
1168 2173 1429 2215 Qnadragesima,
1451 2173 1483 2205 in
1505 2173 1700 2216 deponendo
1717 2172 1858 2207 cilicium

1120 2232 1152 2259 et
1176 2227 1307 2268 caligas,
1334 2231 1365 2259 et
1389 2226 1464 2259 lecti
1488 2225 1642 2258 duritiem
1666 2225 1857 2265 minuendo,

1121 2285 1151 2312 et
1176 2290 1369 2312 conversum
1394 2284 1450 2311 aut
1474 2279 1640 2319 famulum,
1668 2279 1723 2322 qui
1748 2289 1804 2312 eos
1827 2278 1861 2311 in

1122 2332 1211 2365 cellis
1236 2332 1404 2370 custodiat,
1418 2331 1647 2365 ministrando.
1667 2332 1861 2365 Procurator

1123 2386 1219 2418 eliam
1245 2391 1277 2418 et
1301 2385 1510 2429 coquinarius
1537 2385 1712 2428 diligentes
1749 2389 1782 2418 et
1805 2385 1862 2417 be-

1123 2439 1213 2481 nigni
1238 2439 1301 2471 sint
1326 2440 1411 2472 circa
1436 2439 1588 2479 infirmos
1607 2444 1638 2471 et
1659 2439 1755 2471 etiam
1775 2438 1861 2471 circa

1127 2492 1271 2534 hospites
1304 2498 1334 2525 et
1370 2492 1610 2533 mercenarios,
1644 2491 1773 2536 quando
1805 2500 1861 2525 eos

1125 2544 1297 2588 eontigerit
1313 2550 1494 2588 aegrotare.

1858 156 1909 184 An.
1931 155 1960 184 C.
1979 155 2046 187 ¹688
