2111 3157
23 235 75 262 An.
97 234 126 262 G.
148 232 215 261 ¹688

214 281 270 324 qui
294 283 457 325 posterius
481 283 513 316 in
537 283 691 316 Ordinem
708 288 880 323 venerunt,
900 294 949 316 sa-

214 340 324 377 tagant
340 336 532 379 praevenire
553 337 705 370 maiores.

255 398 340 421 xxxi.
357 389 558 432 Disciplinas,
576 389 709 431 vigilias,
727 388 947 429 abstinentias,

212 447 343 485 praeter
367 451 420 474 eas
446 452 528 484 quae
561 441 593 474 in
617 442 736 475 Ordine
762 448 836 474 sunt
860 442 948 474 insti-

213 498 308 535 tutae,
335 505 391 528 seu
415 495 579 537 quaelibet
597 495 659 528 alia
675 495 845 537 religionis
863 506 949 528 exer-

213 547 288 580 citia
306 558 390 590 quae
407 552 538 580 nostrae
555 547 765 580 institutionis
781 557 846 580 non
866 553 949 587 sunt,

212 600 295 633 nulli
320 609 561 639 conversorum,
597 600 658 632 nisi
694 600 816 632 sciente
848 605 880 632 et
906 600 949 632 fa-

213 652 318 685 ciente
344 653 477 696 priore,
512 653 616 685 facere
649 653 735 685 licet.
775 652 835 685 Sed
867 659 898 685 et
922 653 947 685 si

213 705 263 737 cui
281 711 427 738 nostrum
452 706 544 748 prior
568 705 739 746 iniungere
761 704 898 737 voluerit
914 710 948 737 ut

212 758 274 791 sibi
299 759 372 801 plus
398 758 566 800 indulgeat
590 757 623 788 in
648 757 721 789 cibo
746 758 794 789 vel
820 767 946 796 somno,

211 810 262 843 vel
288 811 432 853 qualibet
456 810 517 843 alia
542 820 586 849 re,
613 820 708 852 quam
725 814 879 842 statutum
899 809 949 841 de-

213 867 334 902 cernat,
360 868 416 894 aut
440 872 456 894 e
475 867 597 900 contra,
620 861 645 893 si
668 861 785 893 durum
803 867 834 894 et
850 872 947 903 grave

213 915 336 958 aliquid
361 921 490 958 praeter
525 920 679 947 statutum
712 915 741 947 ei
776 914 946 957 imponere

213 968 361 1008 voluerit,
389 977 571 1011 repugnare
604 968 650 1000 sas
682 977 748 1000 non
772 967 944 1006 habemus,

212 1031 252 1053 ne
279 1030 350 1053 cum
375 1020 404 1053 ei
429 1020 656 1059 restiterimus,
676 1030 741 1052 non
762 1020 801 1059 ei,
819 1019 874 1052 sed
891 1019 947 1051 Do-

211 1073 311 1114 mino,
337 1073 428 1105 cuius
453 1082 529 1114 erga
553 1082 612 1105 nos
637 1073 723 1105 vices
747 1072 840 1114 gerit,
856 1072 948 1103 resti-

213 1125 291 1158 tisse
317 1126 529 1159 inveniamur.
552 1125 640 1157 Licet
660 1126 745 1157 enim
767 1125 867 1156 multa
884 1124 948 1156 sint

212 1184 244 1211 et
261 1178 395 1218 diversa,
415 1188 496 1221 quae
514 1179 721 1211 observamus
733 1204 740 1214 ,
758 1187 823 1210 uno
839 1182 946 1209 tamen

213 1236 245 1263 et
268 1232 337 1264 solo
363 1231 568 1264 obedientiae
594 1230 680 1264 bono
713 1236 828 1263 cuncta
852 1230 946 1262 nobis

213 1283 375 1317 fructuosa
393 1284 422 1315 su
430 1289 499 1317 tura
515 1294 696 1326 speramus.

255 1346 349 1369 xxxii.
378 1336 438 1368 Pro
463 1337 513 1368 his
540 1337 593 1379 qui
619 1337 657 1369 de
682 1336 801 1369 Ordine
835 1341 946 1369 nostro

212 1398 277 1421 non
302 1394 388 1428 sunt,
419 1389 525 1420 nullus
553 1388 710 1431 quaslibet
734 1399 784 1420 res
809 1388 947 1420 cambiat

212 1446 267 1474 aut
297 1441 431 1481 vendat;
458 1452 565 1473 emere
591 1452 685 1480 vero,
712 1441 737 1473 si
770 1441 945 1473 necessitas

212 1494 379 1537 exegerit,
404 1499 556 1537 possunt:
581 1504 646 1526 non
680 1500 785 1526 tamen
816 1494 878 1526 hoc
904 1494 947 1526 sa-

212 1546 299 1579 ciant
318 1546 447 1590 passim,
467 1548 525 1579 nec
543 1557 600 1589 pro
625 1547 780 1589 quolibet,
797 1556 856 1578 nec
877 1546 945 1578 sine

212 1599 330 1642 prioris
356 1600 404 1632 sui
430 1599 572 1632 licentia.

256 1662 365 1685 xxxni.
391 1651 450 1689 Qui
475 1652 544 1684 sine
581 1652 711 1684 licentia
736 1651 868 1694 capituli
894 1661 947 1693 ge-

212 1705 339 1744 neralis,
357 1705 405 1737 vel
423 1705 592 1737 reverendi
610 1705 723 1747 patris,
742 1704 868 1737 Curiam
889 1704 947 1736 Ro—

212 1767 337 1789 manam
351 1756 478 1797 adierit,
492 1757 719 1796 incarceretur,
733 1762 764 1789 et
777 1767 835 1799 pro
850 1757 946 1789 modo

213 1810 327 1852 culpae
352 1809 517 1852 puniatur.

255 1871 359 1895 xxxiv.
386 1861 585 1905 Quicumque
612 1872 686 1894 vero
712 1862 839 1894 statutis
865 1862 948 1905 capi-

213 1915 271 1949 tuli
296 1916 346 1948 vel
371 1915 632 1948 ordinationibus
667 1915 865 1948 visitatorum
899 1925 947 1947 re-

213 1968 332 2008 bellis,
365 1973 418 2000 aut
448 1978 519 2000 cum
552 1969 805 2001 murmuratione
837 1978 947 2010 repre-

213 2020 335 2053 hensor
360 2020 510 2059 extiterit,
536 2026 567 2053 et
591 2020 643 2063 qui
668 2021 766 2063 priori
792 2021 841 2053 vel
873 2031 948 2063 pro-

214 2073 353 2106 curatori
377 2073 499 2116 aliquid
521 2073 644 2105 iubenti
668 2073 859 2106 inobediens
885 2073 948 2105 sue-

213 2126 266 2166 rit,
294 2132 349 2159 aut
373 2136 522 2168 perverse
549 2127 726 2166 obediens,
751 2132 782 2159 et
806 2137 948 2159 commo-

213 2178 301 2211 nitus
327 2179 501 2212 emendare
538 2190 571 2211 sc
605 2180 767 2219 noluerit,
799 2179 947 2211 ordinem

214 2237 325 2264 teneat
349 2231 432 2263 intra
457 2231 588 2271 cellain3
614 2237 644 2264 et
665 2231 690 2263 si
717 2238 788 2274 post
804 2232 948 2264 admoni-

215 2285 336 2318 tionem
363 2285 489 2317 tertiam
506 2311 513 2324 ,
546 2295 604 2327 per
629 2285 796 2317 intervalla
821 2285 946 2317 dicrum

215 2337 339 2378 saetam,
356 2337 537 2370 obstinatus
563 2337 785 2380 permanserit,
806 2337 947 2370 incarce-

214 2394 302 2422 ratus
326 2399 386 2432 pro
410 2389 506 2421 modo
532 2390 645 2431 culpae
670 2389 835 2431 puniatur.

258 2451 347 2474 xxxv.
374 2440 432 2479 Qui
459 2441 590 2473 fratrem
608 2452 700 2473 snum
727 2442 774 2473 vel
793 2441 946 2473 donatum

215 2493 343 2528 mentiri
368 2493 502 2533 dixerit,
529 2499 635 2526 teneat
659 2494 771 2526 cellam
797 2504 856 2536 pro
881 2503 948 2525 car-

809 235 1021 259 lNNOCENTIUS
1042 236 1072 259 Xl
1097 236 1147 259 ΓΡ.

990 289 1140 326 precatus
1162 282 1190 315 ei
1205 282 1302 315 suerit
1314 286 1367 314 aut
1380 282 1474 315 aliam
1496 282 1725 315 contumeliam

991 336 1111 375 fecerit,
1129 335 1214 367 iuxta
1238 336 1369 368 modum
1395 336 1508 378 culpae
1533 335 1663 367 modum
1682 339 1726 367 te-

990 394 1065 420 neat
1090 388 1293 431 disciplinae.

1033 452 1138 474 xxxvn
1154 441 1185 474 Si
1206 442 1276 484 quis
1296 448 1420 474 secreta
1436 441 1574 482 Ordinis,
1596 452 1650 474 sen
1668 447 1725 474 sta-

992 499 1041 526 tus
1059 500 1089 526 et
1107 494 1249 527 desectus
1274 505 1488 537 personarum
1514 495 1667 534 eiusdem,
1687 506 1726 527 ex

991 546 1106 589 quibus
1126 548 1207 579 mala
1226 547 1337 589 opinio
1363 549 1412 580 vel
1430 547 1561 580 sinistra
1585 548 1724 591 suspicio

991 609 1046 631 seu
1065 599 1240 632 diffamatio
1259 600 1343 643 apud
1369 600 1538 633 audientes
1555 600 1632 633 oriri
1650 611 1725 644 pos-

990 658 1057 689 set,
1091 652 1185 684 alicui
1217 663 1377 694 personae
1411 653 1649 686 ecclesiasticae
1675 654 1724 686 vel

990 705 1160 742 saeculari,
1177 705 1342 738 autetiam
1361 705 1454 738 alicui
1472 706 1603 745 novitio,
1621 707 1725 738 scien-

992 760 1040 787 ter
1065 762 1095 787 et
1119 756 1291 796 malitiose,
1312 758 1420 797 verbo,
1443 758 1573 800 scripto,
1590 759 1723 797 nuntiis,

991 808 1101 849 signis,
1127 814 1181 839 aut
1205 808 1268 840 alio
1305 809 1416 851 quovis
1452 810 1548 842 modo
1580 811 1725 843 revelare

990 866 1198 902 praesumat,
1229 870 1246 892 a
1271 866 1359 893 tanto
1394 867 1485 893 reatu
1511 863 1633 895 absolvi
1659 873 1724 895 non

990 912 1091 954 possit
1116 912 1177 944 nisi
1203 923 1263 955 per
1287 913 1455 956 proprium
1485 914 1629 956 priorem
1655 925 1725 946 cum

990 964 1188 997 iniunctione
1224 965 1373 998 salutaris
1408 967 1657 1009 poenitentiae:
1693 972 1725 999 et

990 1017 1209 1057 nibilominus,
1227 1018 1253 1050 si
1280 1019 1318 1050 de
1344 1018 1500 1051 eiusmodi
1525 1019 1723 1052 revelatione

990 1070 1153 1101 convietus
1172 1070 1274 1110 suerit,
1294 1070 1512 1104 incarceretur
1528 1072 1567 1104 ad
1586 1077 1725 1114 tempus,

990 1121 1075 1154 iuxta
1100 1122 1269 1156 arbitrium
1302 1124 1432 1165 prioris.
1460 1124 1571 1157 Eidem
1601 1135 1724 1167 poenae

990 1174 1165 1213 subiaceat,
1185 1175 1239 1217 qui
1265 1175 1396 1208 domum
1421 1187 1511 1209 suam
1532 1176 1722 1215 diffamasse,

990 1232 1043 1258 aut
1067 1227 1285 1260 correctiones
1320 1229 1554 1261 monachorum
1588 1229 1727 1261 scienter

990 1284 1021 1310 et
1047 1279 1207 1312 malitiose
1244 1281 1405 1312 extraneis
1439 1282 1598 1314 revelasse
1633 1281 1726 1313 suerit

989 1330 1228 1373 deprehensus.
1456 1339 1461 1341 “

1032 1394 1147 1417 xxxvii.
1175 1384 1288 1418 Nullus
1313 1385 1345 1417 in
1371 1396 1405 1418 se
1440 1391 1578 1419 assumat
1611 1396 1726 1419 execu-

991 1437 1110 1469 tionem
1148 1442 1417 1470 testamentorum
1454 1439 1549 1471 etiam
1583 1439 1622 1471 ad
1658 1440 1725 1481 pias

989 1500 1119 1529 causas,
1146 1501 1205 1522 nec
1229 1491 1480 1524 sollicitudinem
1511 1503 1547 1524 ac
1572 1502 1724 1534 prosecu-

990 1543 1109 1575 tionem
1135 1543 1317 1585 aliquarum
1350 1553 1517 1577 causarum
1547 1550 1601 1576 aut
1627 1554 1726 1586 nego-

990 1595 1119 1628 tiorum.

1032 1658 1162 1681 xxxv111.
1190 1648 1221 1681 Si
1248 1649 1391 1690 legitime
1424 1649 1606 1682 constiterit
1638 1649 1725 1692 quod

989 1702 1133 1734 conversi
1153 1708 1205 1734 aut
1229 1703 1338 1734 donati
1357 1702 1419 1735 duo
1439 1703 1485 1734 vel
1516 1704 1624 1745 plures
1649 1713 1726 1735 eon-

989 1755 1195 1797 spiraverint,
1216 1755 1278 1788 hoc
1303 1761 1349 1787 est
1374 1766 1411 1788 ex
1435 1756 1564 1795 invidia,
1583 1756 1657 1788 odio
1675 1757 1724 1788 vel

990 1807 1111 1839 malitia
1136 1807 1173 1839 ad
1209 1807 1346 1840 invicem
1381 1808 1647 1840 concordaverint
1685 1809 1724 1840 ad

991 1859 1211 1892 fabricandum
1226 1860 1356 1903 aliquod
1375 1861 1492 1893 malum
1511 1866 1622 1893 contra
1644 1861 1726 1903 prio-

990 1923 1056 1944 rem
1086 1913 1134 1945 vel
1160 1918 1413 1954 procuratorem,
1431 1914 1480 1945 vel
1497 1913 1593 1945 alium
1613 1924 1725 1956 quem-

990 1964 1093 2004 libet,
1120 1974 1177 1996 seu
1210 1965 1248 1998 ad
1282 1965 1539 2007 persequendum
1563 1976 1634 1998 cum
1659 1977 1725 1997 ina-

991 2017 1116 2056 litiose‚
1142 2017 1173 2048 in
1199 2017 1311 2049 eadem
1337 2018 1433 2049 domo
1459 2017 1722 2057 incarceremur,

990 2080 1048 2102 nec
1080 2070 1259 2102 educantur
1293 2070 1362 2102 sine
1394 2069 1524 2102 licentia
1556 2071 1723 2103 reverendi

989 2123 1088 2166 patris
1113 2122 1312 2155 Carthusiae.

1032 2186 1136 2208 xxxix.
1163 2174 1219 2212 Qui
1246 2180 1351 2207 autem
1384 2175 1470 2207 inter
1495 2186 1529 2209 se
1554 2186 1667 2219 pacem
1692 2181 1724 2208 et

990 2228 1195 2261 concordiam
1220 2228 1338 2260 violare
1360 2229 1640 2271 praesumpserint
1664 2239 1723 2272 per

989 2281 1218 2315 contentiones
1243 2285 1274 2312 et
1298 2281 1390 2320 rixas,
1410 2291 1445 2313 ac
1469 2281 1595 2324 saepius
1615 2281 1724 2314 admo-

989 2334 1045 2367 niti
1072 2343 1199 2368 cessare
1217 2333 1392 2373 noluerint,
1410 2334 1658 2373 incarcerentur,
1680 2339 1722 2371 et,

989 2387 1014 2419 si
1039 2397 1121 2429 opus
1147 2391 1205 2426 est,
1228 2396 1289 2429 per
1313 2386 1425 2418 domos
1448 2386 1575 2419 Ordinis
1602 2387 1722 2419 iudicio

989 2440 1187 2472 visitatorum
1220 2439 1278 2471 sub
1311 2439 1419 2471 debita
1449 2439 1622 2481 disciplina
1646 2439 1724 2471 divi-

989 2493 1114 2525 dantur.
1141 2491 1231 2529 Quod
1249 2491 1275 2523 si
1294 2501 1376 2524 unus
1403 2492 1491 2524 solus
1517 2491 1611 2524 nimis
1637 2493 1722 2524 sedi-

216 2557 300 2587 cere‚
318 2547 343 2579 si
369 2547 400 2580 id
425 2547 518 2590 prior
542 2547 681 2587 iusserit,
708 2547 813 2579 donec
838 2546 877 2579 ad
898 2556 947 2578 ar·
990 2545 1089 2576 tiosus
1115 2544 1225 2583 suerit,
1252 2544 1371 2577 iudicio
1396 2544 1514 2587 prioris
1540 2550 1593 2576 aut
1617 2544 1722 2577 visita-

215 2598 346 2633 bitrium
371 2599 491 2644 prioris
515 2599 717 2633 satisfecerit.
742 2598 772 2632 Si
791 2599 874 2631 male
895 2598 949 2631 im·
990 2602 1096 2629 torum
1122 2597 1155 2629 in
1181 2597 1292 2629 eadem
1318 2597 1412 2630 domo
1434 2597 1598 2640 puniatur.

1621 223 1681 257 901
1730 233 1780 260 An.
1795 233 1824 260 c.
1846 234 1916 262 1088
