2111 3157
4 184 29 203 n.
52 174 79 201 C.
98 173 164 200 1677

19 234 80 255 Fides
105 235 159 253 tran-

0 264 113 288 nuptorum.

17 1702 138 1723 Exordium.

37 2068 136 2090 Concedit
156 2071 178 2089 ut

0 2095 19 2117 ln
33 2095 125 2116 rubrica.

747 164 957 191 INNOCENTJL'S
979 165 1007 188 XI
1035 165 1082 187 FP.

246 199 261 207 n

213 222 228 264 ἓ
259 220 289 254 8.
327 220 478 252 Volumus
508 222 614 251 autem
644 221 680 249 ut
713 214 900 249 earumdem

170 272 390 316 praesentium
413 272 592 304 litterarum
611 267 828 310 transumptis,
846 275 901 297 seu

170 325 338 368 exemplis,
361 324 456 356 etiam
472 322 639 366 impressis
654 349 662 361 ,
684 331 779 353 manu
803 319 902 351 alicu-

171 378 220 410 ius
248 377 364 410 notarii
404 376 524 418 publici
559 373 769 416 subscriptis,
799 375 832 403 et
861 369 902 401 si-

173 430 250 472 gillo
275 439 432 471 personae
450 428 482 459 in
503 425 721 459 ecclesiastica
746 422 901 465 dignitate

172 481 365 514 constitutae
400 479 531 511 munitis
549 505 556 517 ‚
583 478 695 510 eadem
718 485 852 519 prorsus
870 474 903 505 fi-

174 533 232 566 des
258 532 290 564 in
316 531 435 564 iudicio
460 536 491 563 et
515 535 604 562 extra
627 528 708 561 illud
733 528 900 565 habeatur,

174 594 255 627 quae
281 583 458 615 haberetur
474 582 552 624 ipsis
569 580 795 624 praesentibus
813 579 838 610 si
857 578 904 610 so-

171 642 245 669 rent
264 635 425 668 exhibitae
449 636 497 667 vel
523 638 683 666 ostensae.

216 687 329 720 Datum
354 687 489 725 Romae,
509 686 590 728 apud
612 685 642 718 S.
663 684 790 717 Mariam
810 683 905 715 Maio-

172 749 250 780 rem,
268 739 326 772 sub
343 740 461 772 annulo
474 737 652 777 piscatoris,
664 736 715 769 die
728 747 765 769 xx
780 746 906 768 novem-

172 792 239 825 bris
254 801 434 831 nnctxxvn,
446 790 647 834 pontificatus
659 789 758 822 nostri
774 799 857 821 anno
868 798 903 821 11.

210 852 269 881 Dat.
286 853 329 880 die
344 853 379 880 25
392 852 548 881 novembris
562 851 642 883 1677,
658 850 750 886 pontis.
766 858 835 877 anuo
850 857 880 876 11.

489 994 592 1027 XXIV.

178 1074 371 1110 Conceditur
394 1073 600 1117 indulqentia
622 1073 774 1116 plenaria
800 1082 909 1116 perpe-

223 1132 280 1159 tua
304 1127 514 1160 visitantibus
537 1126 686 1169 aliquam
711 1136 749 1157 esc
772 1125 910 1158 ecclesiis

224 1183 290 1211 mm
315 1180 424 1211 erectis
456 1189 555 1221 quam
583 1177 744 1220 eriqemlis
774 1178 910 1219 Conpre-

222 1233 364 1276 qaliom's
388 1232 574 1263 clericorum
605 1230 807 1272 requlczrium
832 1231 911 1262 Bar-

224 1285 412 1317 nctbitarum
450 1284 484 1315 in
518 1284 606 1325 festis
632 1283 853 1316 conversionis
884 1287 911 1314 el

227 1336 548 1370 Commemoratiom's
576 1335 609 1368 S.
636 1335 739 1368 Pauli
762 1335 908 1379 aposloli.

371 1423 566 1451 Innocentius
586 1423 663 1456 Papa
682 1423 730 1454 xl,

309 1467 345 1494 ad
364 1471 538 1501 perpetuam
556 1467 600 1494 rei
619 1467 798 1494 memoriam.

182 1529 335 1558 Universis
355 1528 613 1562 christifidelibus,
636 1531 812 1562 praesentes
832 1528 915 1555 litte-

217 1581 267 1601 ras
296 1573 482 1607 inspecturis
495 1594 502 1607 ‚
523 1574 653 1600 salutem
673 1575 703 1600 et
723 1573 916 1607 apostolicam

216 1619 469 1647 benedictionem.

228 1690 420 1723 caelestium
444 1699 613 1722 munerum
640 1689 821 1727 thesauros,
839 1698 918 1731 quo-

184 1753 255 1776 rum
280 1742 559 1785 dispensationem
586 1742 760 1774 humilitati
789 1746 916 1774 nostrae

185 1795 325 1828 credidit
345 1794 452 1827 divina
475 1794 630 1836 dignatio,
649 1794 792 1827 libenter
808 1804 919 1836 eroga-

185 1857 266 1886 mus,
292 1847 373 1880 sicut
403 1847 442 1880 ad
462 1847 633 1879 fovendam
657 1846 918 1889 incitandamque

186 1899 330 1932 fidelium
350 1910 425 1942 erga
443 1904 568 1932 sanctos
586 1899 617 1932 in
636 1899 732 1932 caelis
746 1910 816 1932 cum
830 1899 920 1933 Chri-

187 1957 236 1984 sto
261 1957 434 1995 regnantes
457 1952 658 1985 devotionem
678 1951 848 1984 salubriter
868 1961 920 1984 ex-

188 2004 299 2048 pedire
324 2005 357 2036 in
382 2005 516 2037 Domino
541 2005 743 2037 arbitramur.

233 2057 303 2099 §L
340 2057 637 2100 Supplicationibus
672 2057 779 2100 itaque
812 2056 920 2089 dilecti

188 2109 249 2143 tilii
266 2109 354 2142 Pauli
375 2109 505 2142 Antonii
529 2109 706 2149 Sandriani,
733 2115 923 2152 procurato-

191 2162 234 2195 ris
261 2161 422 2204 generalis
446 2161 707 2204 Congregationis
732 2162 923 2195 clericorum

191 2215 390 2258 regularium
415 2215 445 2247 S.
470 2215 558 2247 Pauli
584 2215 737 2248 Decollati
774 2216 923 2248 Barnabi-

192 2275 295 2301 tarum
321 2273 591 2309 nuncupatorum,
609 2268 737 2301 nomine
756 2268 850 2300 nobis
872 2279 924 2300 su-

194 2331 251 2364 per
276 2321 337 2352 hoc
362 2320 528 2352 humiliter
562 2320 724 2362 porrectis
757 2320 922 2359 inclinati,

194 2384 230 2406 ac
255 2373 295 2406 de
320 2372 552 2415 omnipotentis
568 2372 622 2404 Dei
647 2373 868 2405 misericordia
895 2379 926 2406 ct

194 2426 364 2458 beatorum
395 2424 479 2457 Petri
514 2429 546 2457 et
576 2424 665 2457 Pauli
701 2427 923 2467 apostolorum

196 2478 263 2512 eius
289 2478 477 2511 auctoritate
502 2476 623 2515 contisi,
643 2478 791 2510 omnibus
817 2483 849 2511 et
866 2478 925 2510 siu-

197 2531 279 2574 gulis
288 2530 455 2573 utriusque
470 2540 561 2562 sexus
573 2530 836 2564 christifidelibus
850 2541 924 2565 vere

284 2592 363 2621 Bull.
383 2592 467 2620 Rom.
488 2607 522 2612 —
546 2592 604 2621 Vol.
626 2592 699 2620 XIX.
842 2593 858 2620 9

944 211 1183 254 poenitentibus
1199 215 1231 243 et
1247 208 1399 242 confessis
1420 218 1455 240 ac
1483 207 1571 239 sacra
1589 216 1673 238 com-

944 264 1095 296 munione
1120 263 1256 299 resectis,
1276 262 1330 305 qui
1355 262 1495 304 aliquam
1514 270 1550 291 ex
1572 260 1674 291 eccle-

944 316 997 348 siis
1018 317 1211 349 clericorum
1235 314 1431 357 regularium
1448 312 1675 355 Congregatio-

944 369 993 401 nis
1029 369 1211 411 praedictae
1244 369 1398 400 hactenus
1426 366 1541 399 erectis
1576 371 1607 398 et
1642 365 1674 396 iu

945 426 1109 464 posterum
1135 422 1401 463 quandocumque
1430 418 1612 461 erigendis.
1639 428 1675 450 ac

945 474 1138 516 ubicumque
1154 475 1297 506 locorum
1313 472 1534 509 existentibus
1549 471 1581 502 in
1595 470 1677 502 Con-

946 526 1103 558 versionis
1128 531 1158 558 et
1182 524 1504 557 Commemorationis
1532 523 1676 555 eiusdem

945 578 977 610 S.
998 578 1086 611 Pauli
1109 578 1247 620 apostoli
1274 578 1361 609 sestis
1387 577 1510 614 dicbus,
1530 588 1547 608 a
1568 576 1677 618 primis

946 631 1088 673 vesperis
1107 641 1209 673 usque
1231 631 1268 662 ad
1288 641 1436 662 occasum
1455 630 1533 662 solis
1552 629 1677 662 dierum

949 683 1147 721 huiusmodi,
1165 682 1300 724 siugulis
1322 682 1414 714 annis
1435 682 1547 714 devote
1574 681 1680 713 visita-

948 736 1060 774 verint,
1083 739 1114 767 et
1131 735 1174 767 ibi
1200 745 1258 777 pro
1284 734 1534 766 christianorum
1561 733 1682 776 princi-

950 798 1025 830 pum
1052 787 1246 824 concordia,
1272 787 1441 819 haeresum
1466 785 1679 828 extirpatiouc

950 851 985 872 ac
1009 844 1137 872 sanctae
1162 839 1266 871 Matris
1290 835 1453 871 Ecclesiae
1486 838 1681 870 exaltatione

952 893 1019 935 pias
1046 892 1084 925 ad
1102 893 1200 925 Deum
1218 902 1331 935 preces
1350 890 1531 930 effuderint,
1549 901 1612 933 quo
1631 891 1681 922 die

952 956 989 977 ex
1014 944 1187 987 praedictis
1205 944 1236 976 id
1262 944 1398 986 egerint,
1414 943 1591 986 plenariam
1616 953 1684 975 om-

952 997 1039 1029 nium
1064 1002 1270 1039 peccatorum
1295 1007 1426 1029 suorum
1451 996 1684 1038 indulgentiam

953 1055 985 1083 et
1015 1049 1237 1082 remissionem
1271 1048 1526 1081 misericorditer
1561 1048 1594 1080 in
1626 1048 1685 1079 Do-

954 1103 1041 1135 mino
1065 1103 1290 1141 concedimus,
1316 1101 1538 1144 praesentibus
1569 1110 1687 1144 perpe-

955 1156 1015 1187 tuis
1040 1155 1151 1187 suturis
1173 1154 1373 1197 temporibus
1394 1153 1550 1186 valituris.

997 1209 1011 1250 ἓ
1040 1207 1070 1240 ⁶2.
1105 1207 1257 1239 Volumus
1284 1212 1388 1239 autem
1408 1211 1443 1238 ut.
1467 1205 1685 1248 praesentium

955 1263 1136 1294 litterarum
1167 1260 1396 1303 transumptis,
1429 1270 1485 1292 seu
1511 1259 1686 1302 exeinpliS‚

956 1313 1051 1345 etiam
1080 1313 1256 1356 impressis,
1283 1323 1380 1344 manu
1404 1311 1539 1344 alicuius
1570 1311 1689 1344 notarii

957 1366 1078 1410 publici
1110 1366 1312 1408 subscriptis,
1338 1370 1369 1397 et
1397 1365 1506 1407 sigillo
1532 1375 1691 1407 personae

959 1420 989 1452 in
1006 1420 1161 1462 dignitate
1180 1419 1398 1452 ecclesiastica
1415 1419 1608 1451 constitutae
1623 1429 1692 1450 mu-

960 1473 1054 1512 nitis,
1076 1474 1189 1506 eadem
1211 1483 1343 1515 prorsus
1365 1471 1444 1505 sides
1468 1472 1585 1514 ubique
1601 1471 1693 1504 adhi-

960 1527 1083 1566 beatur,
1104 1537 1185 1569 quae
1209 1526 1287 1568 ipsis
1311 1526 1538 1568 praesentibus
1561 1525 1694 1557 adhibe-

960 1584 1049 1611 retur
1067 1578 1091 1611 si
1113 1579 1220 1611 forent
1237 1578 1401 1610 exhibitae
1421 1579 1469 1611 vel
1496 1584 1658 1610 ostensae.

1004 1631 1117 1664 Datum
1145 1631 1285 1671 Romae,
1311 1630 1394 1673 apud
1419 1629 1449 1662 S.
1473 1629 1603 1661 Mariam
1633 1628 1695 1661 Ma-

962 1683 1072 1722 iorem,
1099 1684 1156 1715 sub
1174 1684 1293 1716 annulo
1312 1681 1493 1720 Piscatoris,
1522 1681 1573 1714 die
1602 1692 1623 1714 11
1642 1681 1696 1713 de-

963 1736 1102 1768 cembris
1134 1745 1326 1775 iinctxxm,
1355 1734 1562 1777 pontificatus
1592 1733 1695 1767 nostri

963 1799 1048 1822 anno
1073 1799 1109 1822 11.

998 1850 1056 1877 Dat.
1074 1849 1118 1876 die
1132 1849 1148 1876 Ξ
1168 1849 1319 1876 decembris
1341 1848 1418 1882 1677,
1440 1848 1538 1884 pontif.
1556 1856 1626 1876 anno
1640 1856 1671 1875 11.

1285 1991 1375 2024 XXV.

967 2071 1186 2113 Confirmatur
1221 2075 1381 2103 statutum
1415 2071 1586 2103 hominum
1618 2071 1700 2103 artis

1009 2125 1257 2157 eoeonerantium
1289 2124 1381 2166 liqna
1411 2123 1453 2156 ad
1484 2124 1594 2166 ripam
1623 2133 1701 2166 par-

1010 2187 1083 2209 vam
1101 2177 1240 2219 TyberiS‚
1256 2187 1318 2219 quo
1333 2176 1528 2219 catw'ynatur
1546 2176 1702 2219 hospitali

1011 2230 1043 2263 S.
1064 2230 1165 2262 Roclzt'
1190 2239 1273 2261 anus
1297 2229 1401 2261 iulius
1425 2239 1483 2272 pro
1505 2230 1702 2272 unaquaque

1011 2283 1089 2315 navi
1113 2281 1215 2325 liquis
1239 2282 1383 2314 onerant.

1152 2361 1347 2389 Innocentius
1368 2362 1446 2396 Papa
1465 2362 1511 2395 XI,

1108 2406 1144 2433 ad
1163 2406 1296 2434 futuram
1316 2406 1359 2434 rei
1380 2408 1562 2436 memoriam.

1013 2479 1027 2521 ἓ
1045 2478 1075 2510 1.
1095 2477 1218 2521 Exponi
1239 2477 1332 2511 nobis
1356 2489 1459 2522 nuper
1484 2479 1630 2513 fecerunt
1654 2480 1701 2513 di-

969 2531 1043 2565 lecti
1060 2531 1117 2565 tilii
1134 2531 1323 2565 universitas
1341 2537 1372 2565 ct
1389 2532 1538 2567 homines
1557 2533 1632 2567 artis
1646 2543 1702 2567 eo-

1591 147 1632 180 GT')
1678 154 1727 180 An.
1749 152 1778 179 C.
1797 150 1863 179 1077

1725 1216 1797 1236 Fidem
1822 1215 1882 1235 addit

1699 1245 1841 1268 transumptis.

1736 2498 1805 2518 Causa
1820 2497 1894 2519 statutt

1710 2525 1818 2547 homiuum
1842 2527 1894 2555 artie
