2111 3157
791 239 1006 266 muocaurms
1027 239 1058 264 xi
1082 240 1131 264 PP.
1611 227 1677 261 635
1723 234 1773 261 An.
1790 234 1818 261 c.
1845 235 1910 263 ¹685

217 290 386 333 guardiani
420 291 568 332 subeant,
593 290 619 324 si
643 300 756 324 eorum
779 290 876 333 culpa
899 289 949 322 vel
1034 298 1076 322 Ν,
1111 287 1174 321 Sed
1208 297 1281 321 cum
1314 286 1396 320 ratio
1434 286 1532 320 dictet
1562 290 1594 319 et
1625 294 1723 328 expe·
1750 296 1915 334 ,anama-ie

217 343 417 387 negligentia
439 349 553 377 contra
575 343 647 377 fieri
671 343 853 386 contigerit.
990 341 1108 374 rientia
1133 341 1268 381 doceat,
1294 340 1510 374 bibliothecas
1536 322 1911 372 communesb'b¹¹⁰¹¹¹⁶⁰³¹¹¹''

89 407 207 430 Secundum
260 406 295 430 11.
322 397 410 430 Adeo
437 397 520 430 nihil
547 397 735 441 penduntur
754 396 845 429 hisce
876 400 951 428 tem·
991 394 1080 427 brevi
1106 394 1259 437 temporis
1284 393 1385 437 spatio
1411 397 1638 435 consumptum
1663 390 1721 431 iri,

27 435 53 457 de
73 435 206 456 bibliothecis
282 449 287 454 .
858 447 864 453 .
906 447 912 452 .
1017 446 1023 451 .
1046 446 1052 452 .
1091 446 1096 452 .
1139 446 1144 452 .
1387 446 1393 451 .
1598 444 1604 450 .
1637 444 1643 450 .

26 462 176 484 communibus.
216 449 351 492 poribus
374 454 588 482 conventuum
620 453 803 482 nostrorum
833 446 952 480 biblio·
992 455 1053 479 nlSl
1066 447 1306 480 bibhothecarn
1320 451 1537 486 instituantur,
1552 455 1606 489 qui
1622 444 1724 477 libros

27 245 76 272 An.
95 243 124 271 C.
143 241 211 270 ¹685

67 1991 158 2011 Tertium
187 1990 212 2011 de

33 2022 104 2037 earum
130 2023 213 2037 conser-

35 2046 114 2063 tatione

34 2072 133 2090 cretione.

135 2045 156 2063 οι
178 2049 212 2063 ac-

217 502 331 536 thecae
363 512 563 543 communes,
590 507 625 535 ut
649 511 731 545 quae
767 497 844 534 alias
879 499 952 532 dili-

217 555 344 597 gentius
369 554 497 588 rectae*
521 555 741 598 splendorem,
767 563 853 585 nunc
875 562 951 585 vero

217 607 436 650 negligentius
476 608 623 640 desertae
664 606 804 639 dedecus
843 605 951 648 potius

216 660 368 703 religioni
388 660 501 694 afferre
522 661 702 693 videantur.
722 658 762 692 Ut
779 658 879 701 igitur
897 668 952 701 op-

217 719 391 755 portunum
421 713 632 746 adhibeamus
664 716 753 745 tanto
785 712 871 744 malo
902 721 952 744 re-

217 766 370 807 medium,
389 766 606 809 praecipimus
624 764 876 808 provincialibus
894 763 954 796 mi-

218 817 337 859 nistris,
357 818 416 851 sub
441 819 547 861 poena
564 817 752 861 pr1vationis
774 816 952 849 officiorum

217 870 485 904 irremissibiliter
497 870 703 910 Incurrenda,
721 874 756 902 ut
768 869 952 912 vigilantius

217 928 331 956 curent
355 923 586 964 defunctorum,
600 923 733 955 fratrum
751 923 851 956 libros
877 922 954 955 fide-

217 976 301 1017 liter,
315 980 347 1009 et
360 981 480 1019 quanto
497 976 589 1008 citius
615 975 684 1008 fieri
707 976 839 1020 poterit,
857 980 954 1008 trans-

218 1028 393 1062 mittendos
431 1028 463 1061 in
496 1038 683 1062 communes
718 1028 952 1069 bibliothecas;

218 1082 456 1126 praecipientes
492 1082 626 1125 insuper
663 1082 823 1115 universis
858 1092 955 1125 supe—

218 1135 367 1175 rioribus,
393 1135 622 1178 cuiuscumque
646 1135 763 1178 gradus
794 1140 826 1168 et
851 1135 955 1178 digni-

219 1189 292 1222 tatis
317 1189 474 1229 existant,
499 1188 659 1221 universis
684 1189 779 1222 etiam
806 1188 954 1229 subditis,

219 1242 277 1274 sub
302 1243 408 1285 poena
425 1241 769 1274 excommunicationis
788 1241 856 1284 ipso
872 1241 955 1274 facto

219 1294 428 1334 incurrenda,
453 1299 485 1326 et
509 1294 567 1326 sub
600 1293 670 1327 aliis
700 1294 776 1326 item
808 1294 956 1336 gravissi-

220 1347 280 1379 mis
304 1346 417 1390 poenis
435 1347 475 1380 ad
492 1346 697 1388 superiorum
714 1346 956 1390 beneplacitum

220 1399 414 1442 infligendis,
438 1404 474 1430 ut
498 1399 586 1432 nullo
610 1399 720 1439 modo,
748 1410 806 1432 nec
830 1409 889 1442 per
912 1410 955 1439 se,

220 1462 280 1484 nec
296 1462 355 1495 per
368 1452 579 1495 apostolicum
597 1452 779 1495 syndicum,
798 1452 858 1484 sub
877 1462 958 1495 quo-

220 1504 266 1537 vis
284 1509 461 1548 praetextu,
480 1504 626 1548 quaesito
647 1505 768 1545 colore,
790 1504 957 1538 occasione

220 1557 269 1590 vel
297 1558 413 1597 eausa,
438 1557 598 1598 alienent,
624 1557 783 1597 vendant,
816 1568 957 1590 commu-

221 1614 310 1651 tent,
337 1610 485 1650 donent,
510 1615 563 1642 aut
588 1610 833 1653 quomodolibet
863 1610 957 1643 aliter

221 1663 370 1697 fraudent
413 1664 462 1696 vel
508 1663 690 1696 distrahant
730 1663 956 1696 defunctorum

221 1717 353 1748 fratrum
378 1715 487 1756 libros,
507 1721 562 1748 aut
582 1726 645 1756 ρος,
673 1716 727 1759 qui
754 1717 791 1749 ad
817 1716 956 1759 particu-

222 1770 305 1802 lares
330 1769 547 1801 bibliothecas
580 1769 692 1811 quavis
724 1768 846 1801 ratione
883 1778 957 1811 per-

222 1822 365 1861 tineant,
389 1822 438 1853 vel
475 1831 679 1864 quocumque
710 1822 807 1854 modo
832 1831 886 1853 seu
913 1821 953 1852 ti-

223 1876 289 1908 tulo
315 1875 432 1907 suerint
456 1874 551 1906 etiam
572 1874 727 1917 deinceps
756 1874 956 1906 monasterio

223 1927 381 1971 acquisiti.

267 1991 315 2014 111.
340 1980 478 2021 Verum,
501 1980 540 2013 ad
566 1985 783 2024 opportunam
816 1991 958 2013 commu-

224 2034 313 2066 nium
352 2027 627 2066 bibliothecarum
664 2033 958 2073 restaurationem,

224 2086 411 2119 continuam
449 2085 680 2126 accretionem,
708 2091 736 2118 ct
767 2092 957 2129 perpetuam

224 2138 521 2183 conservationem,
554 2139 772 2180 praecipimus
809 2139 958 2171 omnibus

224 2191 448 2235 superioribus
464 2190 724 2233 provincialibus,
739 2192 795 2224 sub
810 2192 959 2234 proprio-

224 2254 295 2277 rum
320 2243 500 2276 officiorum
525 2242 725 2286 privatione,
753 2248 787 2276 ut
816 2244 960 2286 quolibet

224 2307 308 2330 anno
327 2297 481 2329 ducentos
495 2297 534 2328 ad
548 2295 653 2328 minus
672 2306 787 2328 aureos
799 2307 956 2337 nummos

225 2350 431 2384 definitorum
463 2350 646 2382 interventu
680 2355 711 2381 et
736 2349 891 2390 consilio,
919 2350 958 2382 de

226 2403 448 2436 communibus
474 2402 704 2446 eleemosynis,
726 2403 959 2445 expendendos

226 2457 376 2489 studeant
401 2456 432 2488 in
457 2456 568 2495 libros,
587 2455 745 2488 consimili
770 2456 957 2488 eorumdem

228 2508 431 2542 definitorum
458 2509 640 2542 interventu
665 2513 697 2541 et
721 2508 959 2550 consilio,com·

226 2562 379 2595 munibus
400 2562 610 2595 bibliothecis
636 2562 860 2604 applicandos.

268 2625 278 2651 1
301 2623 372 2650 Edit.
393 2624 474 2650 Main.
497 2624 559 2659 legit
578 2626 651 2651 recle
672 2625 708 2659 (R.
729 2624 776 2658 τ.>.

993 498 1175 542 disponant,
1202 499 1362 539 ordinent,
1381 499 1413 531 in
1430 499 1550 532 classes
1567 497 1725 540 redigant,

992 557 1148 593 purgent,
1182 551 1340 591 reficiant,
1367 556 1531 594 reparent,
1558 560 1595 583 ac
1619 555 1726 582 cetera

992 610 1166 647 praestent,
1182 615 1319 648 quorum
1334 604 1524 638 executione
1541 604 1725 648 praedictae

992 657 1212 690 bibliothecae
1237 668 1296 690 suo
1319 657 1458 700 pristino
1477 656 1642 700 splendori
1660 657 1728 689 red-

994 710 1131 752 dantur,
1165 715 1196 743 et
1231 710 1365 743 obtento
1396 710 1512 743 decore
1538 710 1725 749 seriientum

994 763 1140 795 consulto
1166 762 1385 805 praecipimus
1410 762 1651 805 provinciarum
1669 763 1728 795 mi-

994 814 1112 855 nistris,
1127 814 1187 848 sub
1201 817 1306 858 poena
1327 815 1517 858 privationis
1537 815 1726 855 officiorum,

994 873 1039 907 ut,
1065 873 1213 911 tempore
1238 867 1370 911 capituli
1397 873 1428 900 et
1452 868 1727 911 congregationis,

994 920 1136 954 omnium
1154 920 1430 953 bibliothecarum
1447 920 1663 953 instituendos
1677 930 1731 952 cu-

995 978 1069 1006 rent
1092 973 1379 1013 bibliothecarios,
1406 974 1459 1017 qui
1485 974 1535 1007 vel
1564 974 1727 1016 praedica-

995 1026 1093 1059 tionis
1117 1036 1252 1059 munere
1277 1026 1414 1070 pracditi
1440 1027 1519 1068 sint,
1543 1027 1592 1060 vel
1617 1027 1730 1059 saltem

996 1079 1050 1122 qui
1080 1080 1254 1112 universali
1289 1086 1321 1112 et
1355 1080 1553 1123 competenti
1589 1080 1729 1123 quadam

997 1133 1182 1166 facultatum
1207 1132 1432 1175 librorumque
1446 1132 1560 1165 notitia
1574 1133 1728 1175 polleant.

997 1185 1241 1218 Memoratarum
1265 1185 1540 1218 bibliothecarum
1572 1185 1662 1218 libris
1687 1185 1731 1217 uti

997 1238 1125 1281 possint
1148 1238 1390 1281 praedicatores
1417 1243 1448 1271 et
1472 1238 1609 1271 lectores
1640 1248 1732 1280 prae-

998 1291 1119 1331 sertim,
1135 1290 1173 1323 iis
1200 1296 1307 1324 tamen
1332 1290 1457 1333 legibus
1474 1295 1509 1322 ut
1533 1290 1732 1329 schedulam,

998 1354 1080 1387 quae
1117 1350 1322 1387 acceptorum
1359 1344 1518 1377 librorum
1558 1354 1732 1387 numerum

999 1397 1172 1437 contineat,
1198 1407 1345 1440 quaeque
1371 1397 1504 1440 propria
1528 1407 1625 1430 manu
1651 1397 1733 1430 acci-

999 1450 1157 1492 pientium
1178 1450 1280 1483 libros
1305 1450 1492 1493 subsignata
1516 1450 1566 1489 sit,
1581 1450 1612 1482 in
1634 1449 1735 1482 mani-

999 1503 1058 1535 bus
1094 1503 1279 1546 relinquant
1310 1502 1652 1542 bibliothecariorum,
1680 1502 1733 1545 qui

1000 1555 1161 1599 nequeat¹
1186 1556 1247 1588 nisi
1271 1556 1367 1588 unius
1399 1555 1519 1588 mensis
1553 1555 1657 1598 spatio
1694 1556 1734 1587 ad

1000 1619 1161 1641 summum
1177 1609 1365 1641 traditorum
1380 1609 1539 1641 librorum
1556 1618 1646 1640 usum
1666 1617 1735 1650 per-

1000 1661 1138 1701 mittere,
1150 1661 1239 1701 itaut,
1251 1662 1399 1694 absoluto
1417 1671 1540 1701 mense,
1555 1670 1735 1693 accommo-

1001 1714 1091 1747 datos
1118 1714 1219 1747 libros
1240 1719 1400 1757 repetant,
1419 1723 1540 1756 eosque
1558 1713 1720 1746 bibliothe

1001 1768 1046 1800 cis
1071 1768 1109 1800 ad
1135 1768 1337 1810 reliquorum
1364 1768 1495 1800 fratrum
1520 1777 1616 1799 usum
1644 1767 1737 1800 resti-

1001 1820 1138 1853 tuendos
1160 1820 1294 1853 omnino
1312 1825 1498 1862 procurent..
1519 1819 1738 1853 Bibliotheca-

1002 1872 1052 1913 rii,
1081 1873 1134 1915 qui
1161 1873 1318 1905 dictorum
1344 1872 1501 1905 librorum
1522 1872 1737 1905 restitutionis

1002 1926 1222 1958 executionem
1247 1926 1427 1965 omiserint,
1454 1925 1597 1969 propriis
1622 1925 1736 1958 officiis

1002 1978 1193 2021 spolientur,
1228 1984 1259 2010 et
1285 1979 1415 2018 fratres,
1442 1979 1497 2022 qui
1522 1983 1674 2022 acceptos
1701 1978 1738 2011 li-

1001 2033 1077 2064 bros
1096 2031 1266 2064 restituere
1284 2031 1459 2072 noluerint,
1475 2030 1623 2064 ulteriori
1641 2031 1739 2064 libro-

1002 2095 1070 2116 rum
1097 2083 1348 2127 participatione
1374 2083 1488 2126 privati
1515 2083 1654 2117 existant
1678 2095 1709 2116 ».

1047 2138 1060 2180 g
1086 2137 1115 2170 2.
1145 2137 1220 2169 Cum
1247 2143 1363 2176 autem,
1380 2137 1462 2170 sicut
1480 2137 1592 2170 eadem
1610 2137 1739 2180 exposi-
1769 2141 1931 2163 Praefflctasta·

1748 2171 1792 2189 tuta
1822 2169 1930 2189 confirma-

1003 2190 1047 2222 tio
1073 2189 1299 2231 subiungebat,
1325 2189 1402 2222 licet
1418 2194 1535 2222 statuta
1552 2189 1927 2243 huiusmodiffiautgeffiujb

1003 2242 1137 2275 subinde
1162 2253 1180 2274 a
1204 2242 1307 2274 felicis
1341 2241 1577 2275 recordationis
1603 2241 1733 2276 Urbano

1003 2296 1087 2338 Papa
1110 2295 1173 2327 vttl
1197 2295 1450 2337 praedecessore
1467 2300 1577 2328 nostro
1595 2294 1634 2327 de
1660 2305 1737 2328 con-

1002 2349 1074 2382 silio
1101 2354 1176 2381 tunc
1200 2348 1406 2381 existentium
1427 2348 1457 2381 S.
1476 2347 1512 2380 R.
1532 2347 1568 2380 E.
1588 2347 1737 2381 cardina·

1002 2403 1080 2436 lium
1112 2402 1251 2445 negotiis
1289 2407 1320 2434 et
1351 2401 1641 2435 consultationibus
1673 2401 1736 2445 epi·

1001 2466 1173 2499 scoporum
1199 2460 1229 2488 et
1250 2455 1444 2496 regularium
1475 2454 1735 2498 praepositorum

1002 2509 1188 2541 confirmata
1226 2508 1367 2548 fuerint,
1404 2507 1616 2540 nihilominus
1658 2507 1736 2546 illa,

1003 2567 1098 2604 prout
1112 2562 1205 2593 ctiam
1219 2561 1377 2603 quaedam
1396 2561 1520 2593 litterae
1539 2559 1733 2593 recolendae

1040 2625 1049 2650 1
1076 2623 1168 2658 Aptius
1189 2622 1247 2657 lege
1267 2625 1411 2657 nequeant
1430 2623 1466 2657 (R.
1488 2622 1535 2657 T.).
