2111 3157
51 189 100 216 An.
121 187 150 216 C.
168 188 234 216 1685

241 248 327 276 nem,
349 238 467 282 quippe
490 239 550 271 iam
570 238 810 282 praescriptam,
833 238 900 271 sine
918 239 976 271 du·
994 248 996 251 ·

826 191 919 214 {Nixon
927 190 1036 213 i·1NTtt‘S
1059 191 1088 214 Xl
1115 191 1162 214 ΓΡ.

1635 182 1699 214 615
1746 191 1794 217 An.
1814 191 1842 217 c.
1868 192 1914 217 ica

1018 238 1198 271 cationibus
1223 238 1384 279 inclinati,
1410 243 1445 271 ut
1470 239 1583 272 fratres
1614 240 1751 282 praefati

240 290 295 323 bio
318 291 381 324 vim
405 292 486 334 legis
510 291 670 324 obtinere.
697 291 801 329 Quare
835 291 975 333 Congre-
1016 290 1143 323 Ordinis
1163 291 1470 324 Praedicatorumin
1488 291 1553 324 suis
1568 293 1748 335 respective

240 343 325 385 gatio
353 344 584 377 venerabilium
622 345 757 376 fratrum
789 349 972 377 nostrorum

239 395 270 429 S.
289 396 326 429 R.
345 396 379 429 E.
407 397 616 430 cardinalium
642 396 781 439 negotiis
798 401 829 429 et
846 397 973 428 consul-

240 448 411 482 tationibus
445 450 672 492 cpiscoporum
710 454 742 481 et
773 448 970 491 regularium

238 501 435 544 praeposita.
448 501 498 533 die
511 511 562 534 xix
579 501 762 533 novembris
776 510 968 539 MDCLxxxllt,

238 555 363 587 censuit
387 553 652 587 consuetudinem
690 552 872 585 huiusmodi
899 562 968 586 esse

237 607 440 640 servandam.

82 669 111 690 Ex
127 671 225 706 constitu:

1015 344 1235 384 conventibus,
1260 355 1315 377 seu
1352 344 1500 377 domibus
1526 346 1749 388 regularibus,

1014 396 1079 429 sive
1106 398 1262 437 ecclesiis,
1300 398 1494 441 ubicumque
1520 399 1664 432 locorum
1689 400 1750 432 exi·

1013 449 1182 489 stentibus,
1209 451 1331 492 plures,
1363 456 1394 483 et
1422 456 1578 494 quotquot
1594 452 1748 494 magister

1012 503 1172 543 generalis
1197 503 1343 536 eiusdem
1367 503 1494 537 Ordinis
1520 515 1577 548 pro
1599 510 1745 548 tempore

1012 554 1151 587 existens
1183 555 1248 588 sive
1274 566 1385 589 eorum
1421 558 1512 600 prior
1539 558 1744 600 provincialis

1011 607 1189 649 respective
1215 608 1488 649 determinaverit,
1510 620 1679 653 campanas
1693 611 1744 643 lia-

1009 660 1087 692 bere
1112 665 1144 693 et
1161 661 1311 701 retinere,
1331 662 1464 705 illasque
1479 663 1518 695 ad
1539 663 1741 697 excitandam

54 695 57 700 ,
279 661 294 703 ἓ
318 659 349 692 2.
376 659 451 692 Cum
477 664 593 699 autem,
621 659 700 692 sicut
732 659 846 691 eadem
871 666 968 701 expo-

43 697 311 745 §Klffiffllflzt'fl'n'ffsiuo
346 713 573 754 subiungebat,
596 711 698 744 felicis
733 711 966 744 recordationis

44 751 74 767 trs
117 755 178 775 nequ·
189 753 221 770 ¹1:11
499 765 506 771 .
526 765 533 775 7

42 778 111 800 ..inm
141 765 368 804 cmvi-loannes
387 765 471 808 Papa
485 764 573 804 §.ML
595 765 827 808 praedecessor
843 770 964 803 noster,

42 807 78 820 nas
90 801 168 822 luthere
179 808 223 822 sinu

41 827 126 848 tun-ntia
169 828 292 861 sin-per
316 818 484 861 quamdam
508 827 598 850 suam
615 817 886 856 constitutionem,
913 827 965 848 cu-

1009 712 1119 754 populi
1138 713 1342 746 devotionem
1363 715 1492 757 pulsare
1514 720 1544 748 et
1563 716 1681 758 pulsari
1704 716 1743 748 sa-

1009 774 1081 797 cere
1106 765 1207 798 libere
1233 770 1265 798 et
1290 766 1375 798 licite
1400 767 1529 809 possint
1553 772 1584 800 et
1607 769 1743 807 valeant,

1008 817 1199 850 auctoritate
1229 819 1429 861 apostolica,
1455 825 1568 853 tenore
1593 831 1742 863 praesen-

41 854 169 875 ⁰¹³⁰⁶⁰d¹⁵‘
233 871 282 904 ius
313 871 438 905 initium
474 871 560 911 Quia
583 875 729 910 cunctos,
757 875 830 910 etc„
860 869 964 903 edicto

233 930 392 967 perpetuo
434 924 654 963 ordinaverit,
693 924 779 967 quod
819 922 963 965 religiosi

232 977 387 1011 Ordinum
403 976 652 1010 Mendicantium
671 977 703 1009 in
721 977 811 1009 nullo
829 985 964 1009 conven-

233 1037 264 1063 tu
294 1041 352 1064 suo
381 1041 437 1063 seu
468 1031 540 1064 loco
573 1031 684 1074 plures
710 1040 881 1073 campanas
907 1030 964 1062 ha-

227 1083 348 1117 berent
382 1083 450 1116 sine
487 1083 578 1117 Sedis
603 1078 808 1127 Aposto‘lieae
834 1082 964 1116 licentia

226 1137 373 1180 speciali,
399 1137 455 1170 sed
480 1139 546 1170 una'
568 1137 786 1169 tantummodo
815 1147 875 1179 pro
893 1137 963 1169 loco

231 1191 376 1233 qualibet
402 1197 512 1223 essent
533 1191 687 1229 contenti,
714 1195 745 1222 et
766 1189 851 1228 alias,
867 1194 964 1232 prout

230 1242 263 1275 in
288 1243 400 1275 eadem
425 1243 652 1276 constitutione
676 1243 807 1275 uberius
822 1243 964 1275 continc-

230 1300 301 1335 tur;
329 1296 423 1328 liuius
442 1307 515 1329 vero
534 1296 770 1329 constitutionis
789 1296 897 1337 vigore
915 1296 962 1328 vel

229 1353 395 1392 praetextu
421 1349 533 1381 fratres
558 1349 632 1382 dicti
652 1348 779 1381 Ordinis
794 1348 963 1381 Praedica-

232 1405 348 1440 torum‚
374 1400 430 1444 qui
455 1401 488 1433 in
523 1401 587 1433 suis
618 1401 827 1434 conventibus
853 1401 963 1443 plures

229 1463 401 1496 campanas
426 1453 559 1493 habent,
583 1454 694 1487 litibus
720 1459 814 1496 atque
832 1459 964 1486 conten-

230 1505 374 1539 tionibus
398 1511 572 1545 vexentur,
597 1511 627 1539 et
655 1506 688 1538 in
720 1506 816 1538 variis
850 1506 963 1539 mundi

229 1558 373 1602 partibus
390 1559 428 1591 ad
446 1559 572 1592 diversa
589 1559 762 1592 tribunalia
783 1559 964 1592 distrahan-

230 1615 293 1644 tur:
319 1612 412 1645 nobis
438 1617 609 1655 propterea
627 1612 729 1644 dictus
747 1612 881 1645 lacobus
894 1623 964 1655 pro-

230 1670 360 1698 curator
370 1665 531 1707 generalis
549 1665 713 1699 humiliter
729 1666 904 1708 supplicari
922 1667 965 1699 se-

231 1717 286 1757 cit,
306 1722 350 1757 ut,
370 1718 410 1750 ad
436 1718 596 1751 tollendas
622 1723 653 1750 et
671 1718 835 1750 evitandas
855 1718 965 1750 liuius-

230 1770 319 1803 modi
343 1770 578 1809 contentiones,
597 1771 700 1802 eidem
715 1770 826 1803 Ordini
852 1781 966 1814 oppor-

232 1827 308 1856 tune
333 1822 364 1855 in
390 1823 575 1866 praemissis
593 1823 764 1867 providere
782 1829 813 1855 et
830 1829 863 1856 ut
882 1825 964 1857 infra

225 1875 400 1919 indulgere
426 1876 465 1909 de
490 1876 690 1919 benignitate
723 1877 897 1920 apostoliea
924 1878 965 1910 di-

232 1939 416 1972 gnaremur.

40 1988 223 2041 mmfflgcsssrgg
273 1983 290 2026 ἓ
313 1982 345 2016 3.
371 1982 435 2016 Nos
459 1982 566 2025 igitur,
584 1982 684 2026 ipsius
698 1983 803 2016 iacobi
820 1994 967 2027 procura·

40 2042 129 2062 cultam·
233 2035 311 2069 toris
335 2036 497 2078 generalis
514 2035 596 2068 votis
622 2036 681 2069 hac
699 2036 731 2068 in
750 2046 794 2075 re,
813 2042 965 2080 quantum

232 2098 304 2122 cum
328 2088 464 2122 Domino
479 2099 658 2132 possumus,
677 2089 896 2123 favorabiliter
917 2101 967 2123 an-

228 2152 334 2176 nuere
356 2141 511 2181 volentes,
537 2152 675 2185 eumque
700 2153 719 2175 a
735 2143 898 2186 quivusvis
920 2154 968 2176 ex-

233 2194 549 2233 communicationis,
575 2195 797 2237 suspensionis
823 2201 854 2228 et
875 2196 968 2229 inter-

234 2247 326 2286 dicti,
366 2247 502 2290 aliisque
538 2247 764 2280 ecclesiasticis
799 2249 967 2282 sententiis

186 2315 188 2317 ·
233 2299 378 2333 censuris
396 2305 429 2332 et
442 2300 569 2340 poenis,
588 2311 604 2332 a
622 2300 692 2332 iure
708 2302 756 2334 vel
773 2301 811 2334 ab
826 2302 967 2343 homine,

234 2352 345 2395 quavis
359 2352 530 2386 occasione
546 2353 595 2385 vel
607 2355 702 2386 causa
717 2354 796 2393 latis,
813 2354 838 2386 si
854 2355 969 2397 quibus

236 2405 483 2448 quomodolibet
515 2405 687 2438 innodatus
714 2406 838 2447 existit,
865 2408 903 2440 ad
930 2408 969 2441 el*—

236 2458 354 2490 sectum
370 2458 588 2500 praesentium
600 2459 762 2490 dumtaxat
776 2468 970 2502 consequen-

1009 870 1096 911 tium,
1121 871 1329 903 concedimus
1356 877 1388 903 et
1411 872 1617 915 indulgemus

1051 923 1065 966 ἓ
1089 923 1121 956 4.
1149 923 1368 957 Decernentes
1401 926 1528 958 easdem
1552 931 1740 969 praesentes
1779 940 1898 964 causum.

1006 975 1131 1009 litteras
1150 986 1279 1019 semper
1296 976 1413 1018 firmas,
1439 978 1559 1011 validas
1583 985 1614 1011 et
1639 979 1743 1012 effica-

1006 1037 1057 1061 ces
1082 1028 1222 1062 existere
1248 1034 1279 1062 et
1302 1030 1381 1071 sore,
1409 1039 1551 1074 suosque
1576 1032 1742 1074 plenarios

1006 1086 1038 1113 et
1061 1081 1205 1124 integros
1231 1081 1362 1115 ell'ectus
1388 1083 1496 1116 sortiri
1522 1089 1553 1116 et
1584 1084 1742 1123 obtinere,

1006 1144 1040 1165 ac
1065 1134 1138 1173 illis,
1154 1135 1192 1167 ad
1218 1145 1298 1178 quos
1323 1141 1448 1178 spectat
1467 1140 1498 1169 et
1522 1145 1580 1180 pro
1600 1142 1742 1180 tempore

1006 1187 1274 1231 quandocumque
1300 1189 1469 1232 spectabit,
1484 1189 1516 1221 in
1538 1190 1689 1222 omnihus
1711 1196 1742 1223 et

1006 1251 1065 1283 per
1089 1240 1195 1273 omnia
1219 1242 1408 1284 plenissime
1423 1242 1610 1285 suffragari,
1628 1243 1739 1287 sicque

1005 1292 1037 1325 in
1063 1294 1250 1336 praemissis
1286 1305 1346 1338 per
1371 1306 1590 1339 quoscumque
1618 1296 1741 1330 iudices

1005 1347 1188 1380 ordinarios
1207 1348 1432 1391 etdelegatos‚
1455 1348 1550 1381 etiam
1573 1357 1741 1382 causarum

1005 1401 1114 1444 palatii
1146 1402 1316 1444 apostolici
1341 1402 1525 1442 auditores,
1551 1402 1685 1435 iudicari
1712 1408 1743 1435 et

1006 1453 1134 1487 deliniri
1158 1455 1300 1495 debere,
1326 1465 1361 1487 ac
1385 1455 1512 1487 irritum
1539 1461 1571 1488 et
1595 1455 1690 1488 inane
1716 1457 1741 1489 si

1006 1517 1098 1540 secus
1123 1518 1223 1550 super
1243 1508 1293 1540 liis
1313 1518 1329 1540 a
1347 1518 1527 1551 quoquam,
1555 1508 1665 1552 quavis
1689 1519 1743 1542 au-

1007 1561 1176 1600 ctoritate,
1203 1562 1344 1594 scienter
1371 1562 1420 1594 vel
1441 1561 1641 1604 ignoranter,
1666 1572 1742 1594 con-

1008 1614 1117 1656 tigerit
1140 1614 1304 1647 attentari.

1050 1666 1064 1708 §
1082 1664 1113 1697 5.
1129 1664 1198 1698 Non
1214 1665 1420 1698 obstantibus
1435 1666 1597 1709 praefatae
1612 1667 1740 1700 loannis

1006 1718 1266 1760 praedecessoris
1298 1719 1431 1761 aliisque
1456 1719 1741 1752 constitutionibus

1007 1776 1040 1802 et
1069 1770 1330 1804 ordinationibus
1363 1771 1570 1814 apostolicis,
1604 1783 1639 1805 ac
1665 1773 1740 1805 dicti

1007 1822 1146 1862 Ordinis,
1173 1823 1284 1856 aliisve
1308 1824 1501 1870 quibusvis,
1527 1825 1624 1858 etiam
1650 1826 1738 1858 iura-

1008 1882 1136 1916 mento,
1172 1876 1418 1910 confirmatione
1453 1878 1654 1920 apostolica,
1693 1880 1741 1912 vel

1009 1929 1119 1973 quavis
1145 1928 1293 1963 firmitate
1319 1930 1381 1963 alia
1405 1931 1587 1970 roboratis,
1613 1932 1741 1964 statutis

1009 1988 1040 2015 et
1053 1983 1341 2016 consuetudinibus
1358 1984 1534 2027 privilegiis
1554 1993 1680 2028 quoque
1700 1985 1743 2017 iii-

1010 2035 1108 2068 dultis
1141 2040 1173 2068 et
1204 2035 1324 2068 litteris
1350 2037 1542 2080 apostolicis
1568 2038 1600 2069 in
1618 2043 1743 2071 contra-

1010 2088 1093 2120 rium
1114 2088 1376 2132 praemissorum
1395 2090 1648 2132 quomodolibet
1665 2100 1743 2123 con-

1010 2141 1126 2181 cessis,
1153 2141 1355 2174 consirmatis
1374 2147 1407 2175 et
1424 2142 1602 2183 innovatis;
1623 2143 1743 2187 quibus

1010 2194 1162 2227 omnibus
1194 2199 1227 2227 et
1263 2195 1420 2237 singulis,
1449 2196 1579 2229 illorum
1611 2202 1745 2231 tenores

1009 2247 1244 2292 praesentibus
1270 2258 1329 2291 pro
1355 2249 1454 2292 plene
1480 2254 1513 2282 et
1542 2250 1746 2284 sufficienter

1011 2300 1177 2343 expressis
1193 2311 1228 2333 ac
1247 2301 1285 2333 de
1301 2301 1431 2334 verbum
1447 2302 1485 2335 ad
1499 2302 1632 2335 verbum
1647 2303 1747 2336 inser-

1013 2354 1050 2387 tis
1076 2354 1246 2393 habentcs‚
1272 2354 1337 2388 illis
1365 2356 1445 2388 alias
1474 2355 1507 2388 in
1537 2367 1597 2390 suo
1623 2358 1747 2391 robore

1011 2407 1249 2451 permansuris,
1265 2409 1302 2440 ad
1319 2408 1569 2451 praemissorum
1585 2409 1746 2451 effectum,

1013 2461 1072 2493 hac
1091 2461 1159 2493 viee
1178 2461 1357 2500 dumtaxat,
1370 2462 1557 2505 specialiter
1571 2468 1602 2496 et
1615 2474 1748 2507 expres-

1819 1681 1932 1705 herogatio

1752 1709 1910 1728 contrariorum.

238 2511 321 2549 dum,
341 2510 454 2543 harum
475 2511 557 2543 serie
575 2511 779 2544 absolventes
797 2517 827 2544 et
843 2513 971 2546 absolu·
1011 2524 1044 2546 se
1059 2514 1269 2556 derogamus3
1289 2515 1472 2559 ceterisque
1488 2517 1660 2549 contrariis
1679 2516 1748 2561 qui-

239 2567 304 2597 tum
330 2562 396 2596 sore
421 2568 610 2604 censentes,
638 2563 822 2598 huiusmodi
851 2566 969 2610 suppli·
1012 2568 1226 2613 busctltttqtle.
