2111 3157
0 229 40 256 tu.
59 226 90 255 C.
106 224 176 254 1680

7 915 75 937 mro-r
93 914 136 937 xx.

0 941 31 963 no
40 942 162 969 praesideri·
197 960 204 966 .

178 283 261 318 quae
284 283 343 317 per
366 272 512 315 singulos
537 281 638 305 annos
662 282 679 305 a
703 271 907 305 monasteriis

177 326 299 359 nostris
320 327 439 360 Romae
457 326 604 360 facienda
621 331 682 365 est,
702 325 826 367 singula
844 335 908 357 mo-

177 380 320 413 nasteria
344 380 502 422 integram
527 390 698 419 summam,
725 389 818 422 quam
851 378 905 410 de-

176 432 255 466 bent
271 433 478 476 procurariae
499 433 644 475 generali
664 433 714 465 vel
734 431 904 474 agentibus

176 496 235 529 pro
259 485 516 528 Congregatione
542 486 572 518 in
599 485 683 518 Urbe
708 485 818 523 Roma,
841 484 905 516 suis

177 538 325 581 expensis
340 538 418 571 illuc
435 539 580 571 deserant
602 539 653 570 vel
674 537 902 570 transmittant.

176 590 366 630 Quaestores
390 601 466 624 vero
482 618 489 631 ,
512 591 566 634 qui
591 590 730 623 Venetiis
753 590 803 621 vel
828 589 903 622 alibi

176 644 305 687 degunt,
324 644 567 687 dispendiorum
592 648 699 676 notam
721 653 830 675 secum
850 643 904 675 de-

174 697 298 736 serant,
324 707 406 740 quae
438 707 498 739 pro
527 692 663 738 singulis
698 695 902 728 monasteriis

174 749 257 782 sacta
273 749 405 788 suerint,
422 759 558 792 eamque
576 749 759 781 eorumdem
780 748 904 781 abbati-

172 802 232 834 bus
247 801 450 844 consignent.
464 812 510 842 ac,
529 802 554 834 si
571 801 647 845 quid
665 806 765 834 restat
781 802 904 834 satissa-

173 854 334 894 ciendum,
354 854 484 896 exigant
499 855 567 887 sine
585 856 676 887 mora
696 855 900 887 solvendum.

216 918 238 940 1.
265 907 320 940 Die
345 907 450 950 primo
474 913 546 950 post
569 907 807 951 praedictorum
834 918 903 940 om-

0 973 8 986 *
55 968 261 994 regiminienlum
295 960 535 1003 expeditionem
571 961 714 1003 (etiamsi
751 961 899 1003 superius

0 994 92 1016 tectione.

173 1012 321 1046 ordinata
335 1023 372 1045 ex
382 1013 508 1055 integro
520 1013 667 1057 expedita
681 1024 745 1046 non
759 1013 899 1055 fuerint),

172 1070 208 1097 ut
231 1065 344 1099 electio
375 1066 591 1109 praesidentis
626 1066 793 1109 regiminis
818 1068 901 1099 cele-

171 1117 258 1151 brari
290 1118 411 1161 possit,
449 1124 599 1151 cantetur
632 1120 820 1152 solemniter
843 1130 902 1162 per

171 1170 412 1214 praesidentem
429 1171 526 1204 missa
547 1171 585 1204 de
605 1176 714 1204 sancto
731 1172 828 1214 'patre
844 1182 901 1204 no-

171 1227 239 1256 stro
264 1223 450 1256 Bcnedieto.
477 1223 541 1261 Qua
566 1223 663 1263 finita,
697 1225 900 1266 congregatis

171 1274 404 1315 definitoribus,
422 1276 611 1318 praesidens
628 1276 760 1318 capituli
785 1277 900 1309 exhor-

171 1331 256 1360 tetur
280 1338 335 1360 eos
359 1338 418 1370 pro
442 1338 524 1361 novo
542 1329 745 1370 praesidente
770 1329 900 1371 regimi-

169 1379 263 1413 minis
288 1380 453 1422 eligendo,
481 1385 516 1412 ut
540 1390 611 1413 eum
637 1381 777 1424 eligant,
803 1392 898 1424 quem

169 1442 229 1476 pro
245 1432 510 1475 Congregationis
522 1433 608 1466 bono
626 1434 727 1477 magis
746 1434 898 1468 idoneum

167 1484 397 1528 utilioremque
422 1485 643 1528 probaverint.

212 1547 248 1571 11.
276 1537 468 1570 praesidens
503 1549 601 1581 porro
633 1549 693 1582 per
724 1539 782 1572 has
815 1540 899 1574 vices

169 1590 318 1634 deputari
333 1591 439 1631 debet,
457 1591 619 1625 videlicet:
637 1592 716 1625 eitra
735 1593 830 1636 Alpes
848 1593 900 1627 eli-

169 1649 262 1686 getur
281 1645 380 1677 semel
405 1650 436 1677 et
459 1645 577 1677 iterum
602 1645 765 1687 professus
783 1646 814 1678 in
833 1657 899 1679 mo-

168 1697 316 1730 nasteriis
340 1697 577 1740 provinciarum
603 1697 745 1737 Siculae,
775 1698 898 1742 Neapo-

167 1748 306 1789 litanae,
333 1749 494 1783 Romanae
520 1756 550 1783 et
574 1750 743 1789 Etruscae,
765 1751 828 1784 hoc
852 1757 898 1784 est

166 1811 226 1845 per
249 1802 455 1843 sexennium;
474 1804 602 1846 expleto
619 1814 694 1836 vero
712 1804 896 1837 huiusmodi

164 1854 328 1894 sexennio,
350 1855 488 1895 eligatur
510 1856 593 1888 ultra
610 1856 706 1898 Alpes
733 1857 897 1899 professus

165 1917 203 1940 ex
227 1907 430 1940 monasteriis
460 1908 700 1951 provinciarum
734 1909 893 1949 Venetae,

165 1958 420 1993 Lombardorum
445 1966 475 1993 et
504 1960 668 2002 Liguriae,
694 1971 753 2003 per
776 1971 896 1994 noven-

163 2012 264 2052 nium,
285 2011 422 2055 singulis
448 2013 594 2046 trienniis
619 2014 834 2056 deputandus.
863 2014 895 2046 ln

165 2065 282 2109 quibus
306 2066 493 2109 provinciis,
511 2069 645 2109 excepta
661 2066 775 2106 Sicula,
794 2067 834 2099 ob
851 2067 896 2099 di-

164 2118 313 2150 stantiam
333 2119 407 2158 loci,
426 2119 604 2161 respective
628 2119 770 2151 residere
789 2124 896 2151 tenea-

164 2175 226 2203 tur.
253 2171 290 2203 Et
323 2171 369 2204 sic
392 2181 519 2214 semper
545 2171 700 2203 servando
734 2172 818 2203 hunc
843 2182 894 2204 or-

164 2222 284 2256 dinem.

207 2285 255 2309 111.
282 2275 393 2309 Modus
417 2281 522 2309 autem
544 2276 711 2310 electionis
736 2276 797 2309 erit
822 2277 891 2309 iste.

163 2326 304 2366 Quilibet
335 2327 483 2361 delinitor
518 2329 639 2361 scribat
672 2329 705 2360 in
741 2329 895 2362 schedula

163 2380 267 2423 primo
285 2391 405 2414 nomen
422 2391 524 2418 suum,
539 2381 655 2413 deinde
673 2391 789 2413 nomen
808 2381 893 2414 illius

163 2442 257 2475 quem
278 2432 399 2474 eligere
418 2433 449 2465 in
470 2433 708 2476 praesidentem
733 2433 891 2465 intendit:

162 2485 226 2527 Eyn
249 2485 286 2518 D.
304 2486 343 2519 N.
371 2487 453 2529 elsyo
474 2487 509 2518 in
528 2486 761 2529 praesidentem
778 2487 815 2518 D.
838 2487 889 2519 N..-

163 2543 195 2570 et
219 2538 368 2581 scriptum
394 2545 493 2582 ponat
517 2539 548 2571 in
574 2549 647 2571 vase
666 2539 704 2571 ad
724 2539 783 2570 lioe
806 2550 892 2581 prae-

162 2596 285 2633 parato.
303 2591 368 2623 Hoc
381 2592 473 2629 sacto,
485 2592 668 2623 ‹clesinitores
683 2597 797 2623 vocent
809 2602 892 2623 scru-

270 2653 345 2680 Bult.
365 2654 441 2681 Ram.
461 2669 492 2673 -
516 2656 570 2680 rut.
591 2655 662 2682 XIX.
807 2656 841 2682 4ss

775 221 985 248 INNOCENTIUS
1008 223 1037 247 XI
1063 223 1110 247 1³1³.

951 276 1079 311 tatores,
1099 270 1152 314 qui
1173 275 1358 304 scrutentur
1372 270 1468 304 simul
1489 276 1614 304 secrete
1632 270 1682 303 sin

950 325 1098 366 gulorum
1123 324 1290 366 suffragia:
1317 325 1350 356 in
1368 335 1463 367 quem
1481 323 1573 357 vere¹
1589 323 1682 367 quin-

950 387 1010 419 que
1049 387 1146 410 voees
1185 376 1373 411 convenisse
1409 376 1571 417 viderint,
1608 387 1681 409 eum

948 428 1187 471 praesidentem
1212 429 1449 472 pronuncient:
1471 430 1555 473 quod
1571 429 1597 462 si
1614 439 1680 462 non

949 482 1180 522 convenerint,
1208 487 1284 514 tunc
1308 493 1441 522 omnes,
1465 482 1621 515 nominati
1646 482 1679 514 in

948 534 1186 577 praesidentem
1211 545 1227 566 a
1252 534 1495 575 definitoribus,
1522 534 1678 567 scrutinio

947 591 1177 629 supponantur,
1196 587 1385 619 scrutinium
1403 597 1478 620 vero
1499 586 1574 619 dieti
1593 597 1679 620 scru-

948 644 1065 672 tatores
1089 639 1229 679 videant,
1261 644 1293 671 et
1321 639 1401 672 illud
1426 644 1562 680 notentq
1589 644 1622 672 et
1645 640 1678 673 in

947 702 1041 735 quem
1066 692 1158 734 plura
1173 695 1244 724 vota
1268 692 1484 731 convenerint,
1503 692 1676 726 dummodo

946 755 1011 776 non
1034 744 1098 776 sint
1120 744 1203 776 infra
1227 744 1385 787 quinque,
1412 744 1468 776 ille
1492 745 1532 776 sit
1555 745 1677 787 praesi-

946 796 1035 829 dens.
1062 796 1092 828 Si
1126 806 1200 828 vero
1237 795 1335 838 aliqui
1371 796 1490 828 fuerint
1525 806 1618 839 pares
1642 797 1676 829 in

945 850 1087 894 quinque
1113 850 1257 889 vocibus,
1276 851 1327 883 vel
1352 861 1459 893 supra,
1483 850 1534 882 isti
1559 851 1676 884 iterum

944 903 1024 935 votis
1045 902 1255 935 subiiciantur
1270 913 1373 946 usque
1399 903 1494 935 tertio
1519 903 1604 935 inter
1621 904 1676 936 de-

944 954 1109 995 finitores,
1137 960 1168 987 et
1192 954 1246 997 qui
1280 956 1372 997 plura
1406 955 1558 987 habuerit
1581 960 1672 996 vota,

944 1008 1013 1050 ipse
1040 1007 1101 1041 erit
1125 1007 1336 1050 praesidens;
1363 1012 1395 1040 et
1419 1008 1446 1040 si
1469 1008 1584 1040 iterum
1609 1008 1675 1041 sue-

944 1060 1007 1092 rint
1031 1060 1128 1103 paria,
1147 1060 1378 1102 pronuncietur
1404 1071 1440 1093 ex
1458 1061 1674 1093 concurrenti-

944 1112 1002 1145 bus
1019 1112 1073 1155 qui
1095 1117 1143 1144 est
1163 1112 1325 1155 antiquior
1348 1112 1381 1144 in
1402 1111 1672 1155 Congregatione.

987 1175 1029 1198 1v.
1056 1165 1247 1208 Supradieta
1271 1170 1376 1197 autem
1403 1170 1474 1198 vota
1494 1166 1520 1198 si
1542 1165 1612 1209 quis
1642 1166 1673 1198 in

944 1224 1014 1251 actu
1029 1219 1173 1252 scrutinii
1190 1221 1297 1262 palam
1313 1221 1361 1252 vel
1376 1221 1556 1253 clanculum
1571 1226 1674 1253 osten-

945 1272 1021 1304 dere
1053 1272 1101 1304 vel
1132 1282 1191 1314 per
1215 1271 1348 1304 alterius
1373 1283 1484 1305 manus
1510 1273 1586 1306 dare
1611 1273 1675 1305 sus-

944 1324 1042 1366 sragia
1059 1325 1319 1367 praesumpserit,
1334 1335 1472 1367 poenam
1485 1325 1674 1368 privationis

942 1376 1028 1409 vocis
1054 1377 1172 1410 activae
1189 1382 1220 1410 et
1243 1377 1387 1420 passivae
1412 1377 1564 1410 incurrat.
1583 1377 1674 1415 Quod

942 1430 1026 1462 idem
1050 1429 1263 1472 intelligimus
1300 1430 1339 1462 de
1375 1430 1559 1471 scrutiniis,
1590 1441 1673 1473 quae

942 1488 1004 1514 tam
1028 1493 1087 1525 per
1111 1481 1298 1515 definitores
1317 1493 1412 1525 quam
1430 1493 1488 1526 per
1512 1487 1619 1526 patres
1640 1483 1674 1516 in

942 1535 1080 1578 capitulo
1106 1535 1250 1577 generali
1267 1536 1317 1568 vel
1334 1535 1365 1567 in
1385 1535 1470 1569 dieta
1494 1546 1674 1578 congrega-

943 1593 990 1621 tos
1016 1587 1084 1621 sieri
1110 1588 1293 1630 contigerit.

983 1651 1013 1673 v.
1035 1641 1073 1672 At
1090 1640 1114 1673 si
1134 1651 1169 1673 ex
1188 1641 1360 1674 nominatis
1376 1641 1409 1673 in
1433 1641 1673 1684 praesidentem

940 1703 1034 1725 nemo
1061 1693 1201 1736 quinque
1227 1704 1320 1726 voees
1345 1693 1505 1734 habuerit,
1522 1694 1603 1726 votis
1624 1705 1674 1727 se-

940 1747 1003 1779 mel
1022 1746 1171 1785 secundo,
1188 1752 1218 1778 et
1235 1756 1298 1779 non
1316 1747 1454 1790 amplius
1480 1747 1671 1780 subdantur.

939 1798 994 1836 Qui
1009 1798 1033 1830 si
1048 1804 1185 1831 nectum
1202 1799 1235 1830 in
1252 1799 1483 1832 sufficientibus
1500 1799 1579 1832 votis
1598 1810 1674 1832 con-

939 1851 1097 1891 venerint,
1123 1851 1320 1883 advocentur
1349 1856 1486 1894 quatuor
1511 1852 1672 1885 auditores

939 1915 1120 1944 causarum,
1149 1909 1188 1943 et,
1207 1904 1252 1936 eis
1278 1904 1449 1944 adiunctis,
1469 1905 1507 1938 de
1525 1905 1674 1938 omnibus

939 1957 1109 1990 nominatis
1132 1967 1190 1999 per
1217 1956 1402 1989 definitores
1428 1957 1461 1989 in
1490 1958 1674 2004 praesidem

938 2010 991 2042 liat
1015 2010 1216 2049 scrutinium,
1236 2015 1266 2042 et
1287 2010 1319 2042 in
1344 2020 1438 2053 quem
1465 2021 1520 2043 sex
1550 2011 1589 2043 ad
1615 2010 1675 2042 nii-

937 2073 997 2094 nus
1021 2072 1114 2095 voces
1138 2062 1362 2102 convenerint,
1386 2062 1569 2105 praesidem
1600 2073 1675 2106 pro-

938 2115 1102 2147 nuncient.
1130 2115 1159 2148 Si
1185 2125 1260 2147 vero
1293 2115 1392 2158 aliqui
1426 2115 1546 2148 suerint
1577 2126 1672 2158 pares

936 2169 971 2200 in
997 2179 1049 2201 sex
1076 2169 1227 2208 vocibus,
1255 2169 1304 2201 vel
1331 2178 1446 2211 supra,
1472 2168 1524 2200 isti
1556 2168 1672 2201 iterum

936 2221 1093 2264 suffragiis
1117 2222 1358 2254 committantur
1382 2231 1482 2263 usque
1508 2221 1620 2262 terti03
1639 2227 1673 2254 et

935 2274 987 2316 qui
1006 2275 1112 2317 plures
1133 2273 1280 2306 habuerit
1296 2284 1401 2313 voces,
1419 2274 1487 2317 ipse
1505 2274 1566 2306 erit
1583 2284 1676 2317 prae-

935 2327 1063 2367 sidens;
1084 2332 1115 2359 et
1139 2326 1164 2359 si
1189 2327 1304 2358 iterum
1329 2326 1451 2359 suerint
1475 2337 1578 2369 pares,
1599 2337 1676 2370 pro-

936 2380 1110 2413 nuncietur
1124 2380 1178 2423 qui
1193 2385 1241 2412 est
1255 2380 1343 2423 prior
1357 2379 1388 2412 in
1402 2379 1671 2423 Congregatione:

935 2433 1073 2464 electum
1109 2442 1185 2464 vero
1219 2431 1251 2464 in
1284 2431 1524 2475 praesidentem
1557 2433 1668 2466 liuius-

935 2485 1022 2516 modi
1048 2495 1129 2517 onus
1159 2486 1306 2517 volumus
1336 2490 1514 2527 acceptare.
1548 2485 1671 2518 Deinde

935 2543 1049 2570 vocent
1073 2548 1186 2570 omnes
1211 2544 1317 2581 patres
1335 2539 1374 2570 de
1392 2538 1548 2581 capitulo,
1566 2543 1598 2571 et
1618 2538 1677 2582 qui

971 2602 980 2627 1
1005 2600 1099 2635 Aptius
1119 2599 1177 2634 lege
1198 2607 1262 2627 vero
1281 2603 1320 2634 (R.
1336 2600 1386 2634 Τ.).

1582 214 1641 248 361
1691 222 1740 250 An.
1761 221 1876 252 &1680
