2111 3157
0 216 21 236 η,
42 206 69 234 c.
90 205 157 233 1686
758 207 965 232 1NNOCENT1US
987 209 1017 232 xi
1043 210 1090 233 re.

470 253 567 288 CLXI.

163 323 379 365 Confirmatur
401 325 562 358 decretum
580 326 846 368 Conyregyatiom's
862 337 891 359 e-

201 378 409 421 piscoporum
433 383 461 411 et
490 379 695 421 reqularium
719 380 804 411 circa
825 379 889 412 ele-

204 430 320 462 ctiones
352 431 504 464 abba-lum
530 432 796 474 Conqreqationis
829 433 893 465 Βα-

203 483 331 516 varicae
357 483 491 518 Ordinis
515 488 620 517 sancti
644 483 841 518 Benedicli¹.

340 564 536 590 Innocentius
558 564 636 597 Papa
655 564 705 596 XI,

282 608 318 634 ad
333 610 509 641 perpetuam
524 607 568 634 rei
588 607 770 634 memoriam.

6 685 151 712 Propnnnmnr
204 676 219 719 ἓ
238 676 269 710 1.
288 676 397 720 Nuper
409 687 470 721 pro
486 682 578 721 parte
595 677 785 710 dilectorum
810 678 892 711 filio-

0 712 73 732 aedam
86 712 151 732 dubia

0 738 151 789 ffggffignzt
161 739 229 762 rum
247 729 419 763 Caelestini
444 730 569 762 abbatis
588 730 774 763 monasterii
789 730 820 763 S.
839 730 893 763 Er·

0 791 96 816 {marium
111 782 270 815 eir-manni
295 781 551 821 Ratisbonensis,
570 783 738 826 praesidis,
759 788 791 816 et
809 789 893 816 cete-

0 818 150 864 wax-emonem
162 844 273 868 rorum
291 835 442 867 ahbatum
463 835 737 868 monasteriorum
754 835 893 878 Congre-

161 886 299 929 gationis
324 886 492 920 Bavaricae
516 886 645 920 Ordinis
663 887 764 921 sancti
789 888 893 921 Bene-

161 940 239 973 dicti
253 940 311 973 sub
329 939 421 973 titulo
435 940 484 973 Ss.
504 941 701 983 Angelorum
718 941 891 975 Custodum

161 1003 178 1024 a
203 992 298 1025 nobis
324 996 459 1032 erectae,
488 992 739 1036 Congregationi
762 1004 893 1035 venera-

160 1045 274 1078 bilium
300 1045 435 1078 fratrum
459 1052 646 1079 nostrorum
665 1046 694 1079 S.
716 1047 753 1079 R.
775 1047 809 1080 E.
826 1058 893 1080 car-

161 1099 318 1132 dinalium
350 1099 490 1142 negotiis
533 1105 564 1133 et
603 1101 893 1134 consultationibus

160 1151 387 1195 episcoporum
414 1157 446 1185 et
469 1152 666 1195 regularium
688 1153 892 1196 praepositae

162 1204 318 1247 exposito,
339 1205 425 1248 quod
445 1204 531 1247 (cum
552 1205 585 1238 in
609 1205 893 1239 constitutionibus

161 1256 265 1290 dictae
290 1257 557 1300 Congregationis
583 1258 750 1291 Bavaricae
776 1270 793 1292 a
813 1258 893 1292 Con-

160 1310 350 1353 gregatione
369 1312 599 1344 nonnullorum
615 1311 758 1344 eiusdem
777 1311 889 1344 S.R.E.

159 1362 371 1395 cardinalium
398 1368 429 1396 et
449 1363 613 1396 Romanae
638 1363 750 1397 Curiae
768 1366 892 1408 praela-

158 1416 311 1455 latorum,
338 1416 478 1459 desuper
494 1427 511 1449 a
528 1416 621 1449 nobis
637 1417 819 1460 specialiter
839 1418 892 1450 tle-

158 1469 278 1511 putata,
299 1467 360 1500 iam
385 1468 538 1501 correctis
556 1474 587 1502 et
607 1470 805 1513 approbatis,
825 1481 891 1503 non

158 1520 233 1553 satis
258 1521 451 1565 disponatur
486 1523 525 1555 de
555 1523 768 1556 electionibus
795 1523 891 1555 abba-

159 1578 236 1614 tum,
261 1574 314 1618 qui
340 1575 372 1607 in
398 1575 529 1608 Bavaria
557 1576 829 1618 quemadmodum
858 1576 888 1609 in

157 1626 283 1669 reliqua
307 1626 477 1661 Germania
506 1628 656 1670 perpetui
690 1633 779 1668 sunt;
806 1638 889 1660 unus

158 1689 235 1712 vero
261 1682 302 1712 ex'
316 1679 407 1713 dictis
426 1680 607 1721 abbatibus,
627 1691 742 1724 nempe
757 1681 891 1714 dilectus

157 1729 242 1763 filius
268 1731 365 1764 abbas
397 1732 585 1765 monasterii
614 1731 906 1780 Oberaltzacensisj

157 1786 220 1819 iam
246 1785 386 1827 graviter
411 1790 442 1817 et
466 1795 538 1818 cum
564 1785 644 1818 vitae
668 1785 813 1828 periculo
838 1797 891 1819 ae-

158 1843 286 1881 grotare
304 1836 440 1880 dicatur)
462 1837 634 1881 cupiebant
652 1844 826 1882 propterea
844 1839 890 1872 di-

158 1891 199 1923 cti
225 1895 423 1933 exponentes
447 1901 504 1933 per
522 1891 637 1923 dictam
659 1891 890 1934 Congregatio-

158 1953 231 1976 nem
257 1943 467 1975 cardinalium
500 1943 628 1976 decerni
655 1949 686 1975 et
710 1943 888 1976 declarari:

159 1996 191 2028 t·
216 2007 254 2029 an
280 1996 313 2028 in
346 1996 555 2029 electionibus
591 1996 744 2039 deinceps
771 1996 891 2030 sacien-

159 2048 208 2082 dis
240 2048 438 2081 intervenire
470 2048 597 2087 debeat,
629 2058 688 2081 nec
713 2059 771 2089 ne,
796 2059 890 2092 prae-

159 2113 209 2135 ses
235 2112 293 2146 pro
313 2107 455 2144 tempore
476 2102 616 2134 existens
635 2102 736 2135 dictae
754 2102 891 2146 Congre-

160 2154 297 2197 gationis
321 2154 491 2187 Bavaricae
527 2154 596 2187 loco
633 2154 775 2197 episcopi
801 2155 890 2188 dioe-

160 2207 278 2247 cesani,
297 2208 346 2241 vel
369 2207 579 2240 commissarii
606 2207 809 2251 episcopalis,
836 2209 888 2252 qui

161 2260 320 2294 eiusmodi
336 2260 551 2293 electionibus
571 2260 776 2303 praesidebat
791 2271 890 2304 quan-

162 2313 203 2347 do
223 2313 419 2347 monasteria
442 2313 608 2356 praedicta
632 2313 726 2355 (quae
752 2323 810 2356 per
833 2324 891 2346 no-

161 2372 243 2400 stras
268 2377 365 2410 super
389 2366 552 2399 erectione
581 2366 685 2398 dictae
710 2365 891 2409 Congrega-

162 2420 260 2454 tionis
286 2419 454 2453 Bavaricae
480 2419 511 2451 in
537 2418 633 2451 simili
659 2419 759 2451 forma
783 2419 891 2453 Brevis

163 2473 329 2517 expeditas
354 2473 475 2507 litteras
503 2472 542 2506 ab
567 2472 731 2505 ordinaria
762 2472 891 2506 iurisdi-

199 2545 210 2570 ¹
234 2542 298 2570 Vide
318 2544 424 2571 constit.
446 2544 590 2579 praeced.;
611 2547 637 2570 et
659 2543 816 2572 Innocentio
842 2544 889 2572 ΧΠ

162 2591 247 2617 const.
268 2587 310 2616 ed.
337 2594 448 2624 innexa,
469 2588 512 2617 die
533 2589 560 2617 11
583 2588 699 2624 augusti,
719 2588 813 2626 pontif.
834 2596 854 2618 1.

935 256 1039 289 ctione
1065 261 1211 300 exempta
1231 257 1316 301 sunt)
1338 257 1521 292 ordinariae
1539 260 1667 293 iurisdi-

935 308 1030 341 ctioni
1055 309 1237 343 huiusmodi
1262 310 1368 343 adhuc
1388 311 1605 353 subiaceant¹;
1624 319 1664 353 et,

935 367 1092 404 quatenus
1116 363 1298 405 praesidem
1317 364 1422 406 ipsum
1440 370 1493 397 aut
1512 376 1611 398 unum
1628 378 1665 399 ex

935 413 1122 455 abbatibus,
1148 416 1203 458 qui
1229 427 1267 449 eo
1297 421 1444 459 tempore
1473 418 1666 452 visitationis

935 466 1129 508 fungebatur
1153 468 1267 508 osticio,
1290 469 1327 501 ab
1346 470 1494 503 humanis
1509 471 1666 505 decedere

935 519 1110 562 contingat,
1137 523 1300 564 quomodo
1321 532 1360 556 eo
1385 534 1461 556 casu
1487 525 1667 567 proceden-

936 571 1011 603 dum
1043 573 1102 604 sit:
1129 573 1173 613 ⁶2⁶,
1200 574 1225 606 si
1257 585 1388 617 praeses
1422 582 1556 619 propter
1586 578 1667 620 legi—

936 623 1048 656 timum
1085 625 1353 668 impedimentum
1387 629 1537 662 electioni
1578 630 1664 663 inte-

935 686 1024 708 resse
1049 684 1201 720 nequeat,
1226 689 1266 711 an
1292 679 1320 712 ei
1349 681 1444 713 liceat
1472 682 1509 715 eo
1539 683 1666 717 mittere

935 739 1034 761 unum
1066 731 1115 763 vel
1141 732 1249 773 plures
1290 743 1306 764 a
1338 743 1370 766 se
1401 734 1585 777 deputatos,
1612 737 1665 779 qui

936 780 1004 813 eius
1032 783 1103 815 loco
1129 784 1355 825 praesideant:
1385 785 1427 825 3⁰,
1449 791 1556 820 utrum
1579 799 1668 831 prae-

936 839 982 867 ter
995 836 1188 878 praesidem,
1201 838 1251 870 vel
1270 838 1309 870 ab
1326 848 1364 870 eo
1383 839 1583 881 deputatum,
1603 852 1668 874 am-

934 887 976 920 bo
1001 887 1183 922 visitatores
1216 900 1274 932 pro
1299 895 1447 934 tempore
1474 893 1666 933 existentes,

934 940 981 972 vel
1008 951 1118 973 eorum
1143 942 1234 982 alter,
1250 942 1461 976 electionibus
1482 944 1667 979 huiusmodi

936 992 1030 1025 etiam
1064 993 1220 1028 interesse
1252 995 1413 1028 habeant:
1444 997 1495 1038 4⁰,
1528 1009 1567 1031 an
1599 999 1667 1032 dies

936 1045 1059 1078 suturae
1095 1047 1265 1079 electionis
1291 1058 1308 1080 a
1333 1049 1418 1081 dicto
1443 1051 1594 1092 praeside
1618 1053 1667 1085 vel

935 1108 952 1130 a
968 1098 1076 1141 priore
1094 1101 1283 1133 monasterii
1304 1102 1446 1135 vacantis
1465 1103 1667 1136 denominari

936 1151 1062 1190 debeat,
1079 1157 1120 1192 et,
1135 1159 1293 1196 quatenus
1311 1159 1466 1187 statuatur
1483 1157 1667 1199 praesidem

936 1209 968 1236 et
992 1204 1173 1238 visitatores
1198 1207 1359 1249 praefatos
1377 1208 1592 1241 electionibus
1611 1210 1669 1242 hu-

935 1256 1073 1289 iusmodi
1109 1257 1267 1291 interesse
1301 1260 1442 1300 debere,
1478 1267 1585 1294 utrum
1622 1262 1668 1295 eis

935 1310 1183 1352 competiturum
1209 1312 1250 1343 sit
1270 1317 1379 1345 votum
1400 1313 1465 1346 sive
1484 1313 1668 1357 suffragium

934 1364 995 1395 una
1012 1373 1082 1396 cum
1100 1364 1331 1406 capitularibus
1349 1366 1667 1408 constitutionibus&

933 1426 973 1447 an
998 1426 1074 1448 vero
1092 1415 1272 1459 simplicem
1290 1417 1500 1451 residentiam
1524 1430 1583 1463 pro
1602 1431 1667 1453 me-

933 1470 966 1500 ra
992 1468 1169 1502 directione
1195 1480 1345 1503 exercere
1377 1471 1533 1504 debe-ant:
1561 1472 1600 1512 5⁰,
1627 1483 1666 1506 an

933 1522 1040 1564 quoad
1075 1523 1200 1565 reliqua
1236 1523 1343 1555 omnia
1378 1524 1410 1556 in
1451 1525 1667 1559 electionibus

933 1573 1086 1616 praefatis
1119 1574 1239 1607 servari
1277 1575 1393 1608 debeat
1424 1577 1526 1609 forma
1558 1578 1667 1611 hacte-

933 1637 991 1659 nus
1017 1627 1153 1666 usitata,
1180 1638 1272 1670 quam
1299 1630 1482 1671 supradicta
1519 1631 1666 1664 cardina-

933 1679 1010 1711 lium
1033 1679 1312 1722 Congregatione³
1330 1681 1472 1714 exhiberi
1498 1689 1664 1723 curarunt,

932 1742 972 1763 an
997 1742 1073 1764 vero
1105 1732 1136 1764 in
1163 1735 1200 1765 ca
1224 1734 1345 1776 aliquid
1378 1745 1436 1777 pro
1473 1735 1607 1768 arbitrio
1633 1742 1666 1768 et

932 1785 1107 1827 prudentia
1132 1785 1234 1828 ipsius
1260 1786 1523 1829 Congregationis
1540 1794 1664 1821 mutan-

933 1838 1007 1870 dum
1033 1838 1086 1871 sit:
1108 1840 1266 1872 emanavit
1291 1840 1329 1872 ab
1348 1841 1460 1873 cadem
1484 1841 1664 1884 Congrege-

933 1890 1020 1923 tionc
1046 1891 1257 1924 cardinalium
1282 1893 1444 1925 decretum
1463 1895 1583 1927 tenoris
1608 1895 1661 1937 qui

932 1944 1086 1986 sequitur,
1112 1944 1280 1977 videlicet:
1305 1958 1317 1976 <t
1336 1945 1429 1978 Sacra
1446 1946 1661 1989 Congregatio

933 2108 964 2135 et
987 2102 1183 2145 regularium
1216 2105 1414 2146 praeposita,
1440 2105 1604 2138 reserentc
1630 2116 1662 2138 e-

932 2155 1166 2189 minentissimo
1178 2157 1475 2200 Carpineo,censuit
1486 2159 1662 2202 suprascri-

933 2213 1021 2251 ptum
1056 2210 1219 2252 negotium
1254 2210 1481 2243 remittendum
1517 2222 1587 2244 esse
1623 2212 1662 2244 ad

932 2262 1214 2304 congregationem
1231 2262 1456 2305 particularem
1476 2273 1534 2306 per
1547 2264 1660 2297 S.D.N.

932 2315 1118 2358 specialiter
1142 2316 1338 2358 deputatam.
1364 2315 1496 2348 Interim
1521 2327 1607 2356 vero,
1635 2318 1662 2350 si

932 2378 1024 2400 casus
1043 2368 1217 2401 vacationis
1235 2368 1389 2409 evenerit,
1411 2368 1659 2412 praesidendum

968 2458 978 2483 1
1002 2456 1091 2484 Potius
1110 2457 1168 2491 lege
1187 2457 1372 2485 subiacebunt
1389 2462 1427 2490 (n.
1447 2460 1493 2491 τ.).
1541 2483 1545 2489 ,

966 2500 982 2526 2
1001 2500 1068 2527 Vide
1082 2501 1146 2536 quid
1163 2502 1216 2535 leg.
1233 2509 1281 2535 pro
1297 2493 1545 2529 constitutionibus
1556 2499 1596 2534 (n.
1612 2501 1662 2535 T.)-

966 2545 982 2572 3
1001 2545 1116 2571 Videtur
1137 2544 1281 2580 legendum
1295 2546 1480 2579 supradictae
1492 2565 1525 2578 22„-
1542 2548 1663 2581 Conpre-

930 2590 1043 2626 9ationi
1061 2589 1098 2626 (a.
1120 2588 1168 2629 π).

1563 202 1627 236 663
1672 211 1721 238 An.
1743 212 1771 239 c.
1790 212 1857 239 teca

1744 1953 1854 1983 Decie'um

1672 1985 1745 2001 Sacrae
1765 1987 1854 2006 nongin-

932 1997 1258 2030 eminentissimorum
1290 1999 1317 2031 S.
1335 1999 1372 2031 R.
1389 1999 1422 2031 Ε.
1449 2000 1660 2033 cardinalium
1673 2009 1770 2032 samum·

914 2064 916 2067 ·
933 2050 1070 2092 negotiis
1084 2056 1115 2082 et
1129 2051 1417 2084 consultationibus
1435 2052 1659 2095 episcoporum
