2111 3157
29 247 77 274 An.
92 245 120 275 C.
144 246 210 274 ¹685

814 246 1025 272 INNOCENTIUS
1048 248 1077 271 Xl
1102 248 1151 271 PP.

219 295 361 328 fraterna
391 295 527 329 monitio
553 295 633 329 nihil
658 295 815 339 proficiat,
842 306 951 328 recur-

219 352 310 381 ratur
334 349 373 382 ad
395 349 569 382 mediatum
597 349 798 392 superiorem
823 349 950 382 dioece-

220 411 334 435 sanum
357 402 406 435 vel
431 401 542 435 alium.
569 400 659 440 Quod
695 401 719 434 si
749 412 826 434 vero
858 411 951 444 supe-

218 453 341 487 riorum
365 454 502 487 instituti
528 454 734 487 charitativas
758 453 951 487 admonitio-

218 517 278 540 nes
302 512 334 540 et
357 507 576 540 correctiones
600 506 842 550 contempserit,
862 506 950 538 dese-

219 564 307 593 ratur
330 560 370 592 ad
394 559 578 599 Ecclesiam,
601 560 751 592 videlicet
767 559 806 591 ad
824 568 950 602 compe-

218 615 339 645 tentem
363 611 502 645 iudicem
526 611 785 652 ecclesiasticum,
810 610 865 654 qui
890 620 948 654 pro

218 665 276 698 sua
308 663 534 697 iurisdictione
566 664 606 697 ad
640 664 820 707 parendum
855 664 948 696 talem

217 717 402 760 compellat.
417 717 451 749 In
465 716 590 750 delictis
605 722 711 749 autem
728 716 867 760 publicis
882 727 949 760 per-

216 779 367 803 sonarum
391 769 487 802 huius
512 769 661 810 instituti,
688 769 713 802 si
749 769 949 803 reverendis-

217 821 317 856 simus
342 821 491 855 dominus
516 821 704 856 Ordinarius
721 833 739 855 a
755 833 788 856 se
807 828 949 855 statuen-

216 874 272 908 das
293 884 416 919 poenas
440 875 548 918 potius
574 875 606 909 in
624 877 719 910 domo
737 876 946 909 emeritorum

216 937 312 971 quam
337 927 414 961 alibi
438 928 579 972 persolvi
603 940 620 962 a
645 939 702 962 reo
733 929 890 969 voluerit,
915 929 946 962 in

216 989 254 1014 eo
278 981 464 1024 superiores
490 981 629 1014 instituti
654 982 763 1014 stricte
781 981 943 1031 obediant.

258 1042 366 1067 vaiu.
392 1034 426 1067 ln
451 1035 560 1078 specie
583 1045 658 1068 vero
683 1035 818 1078 quilibet
853 1045 947 1079 supe-

213 1085 280 1119 rior
305 1096 342 1119 ea
377 1086 517 1120 fideliter
551 1093 751 1130 exequatur,
779 1097 861 1131 quae
898 1088 946 1121 sui

214 1144 290 1173 sunt
312 1140 471 1179 muneris,
498 1150 557 1173 nec
591 1141 623 1173 in
649 1140 789 1173 osticium
815 1140 945 1174 alterius

213 1191 346 1225 maioris
374 1198 428 1226 aut
451 1193 585 1226 minoris
622 1193 800 1236 superioris
825 1193 946 1226 inordi-

213 1249 287 1279 nate
303 1255 336 1279 se
352 1245 544 1286 immisceat,
567 1256 607 1279 ne
633 1245 779 1279 confusio
805 1246 947 1279 suboria-

212 1302 274 1339 tur,
299 1308 407 1342 neque
425 1298 521 1332 etiam
539 1309 647 1332 rerum
668 1299 854 1332 caelestium
872 1309 947 1332 con-

213 1350 414 1394 templationi
446 1362 483 1384 ac
518 1352 679 1394 spirituali
713 1352 811 1395 quieti
843 1352 945 1384 intan-

213 1407 279 1436 tum
303 1413 337 1437 se
362 1404 571 1444 tradant,ut,
593 1405 717 1448 reliqua
735 1405 943 1444 fastidientes

212 1466 346 1490 suorum
370 1467 481 1490 curam
497 1457 545 1490 vel
563 1457 669 1491 obiter
687 1463 811 1491 tantum
831 1463 945 1501 gerant

210 1509 260 1543 vel
285 1508 416 1543 omnino
441 1510 625 1553 negligant;
663 1521 746 1554 quae
778 1511 888 1543 omnia
912 1511 943 1543 in

212 1561 347 1595 homine
371 1561 515 1606 privato,
541 1562 690 1603 virtutis,
715 1563 748 1596 in
774 1564 944 1607 superiore

210 1624 309 1655 vero,
339 1614 476 1648 maxime
511 1615 691 1650 vitiositatis
724 1627 794 1650 esse
829 1617 944 1650 merito

211 1667 374 1701 censenda
398 1673 483 1701 sunt.

254 1730 337 1754 inx.
364 1720 485 1755 Divinis
517 1722 790 1765 promissionibus
822 1723 942 1764 innixi,

210 1773 292 1806 viam
305 1773 428 1816 regiam
442 1774 658 1808 confidentiae
673 1776 705 1808 in
719 1776 818 1810 Deum
833 1777 864 1809 in
880 1777 944 1819 qui-

210 1825 316 1859 busvis
348 1826 492 1868 negociis
523 1827 834 1871 adversitatibusque
867 1840 944 1862 con-

210 1877 405 1912 stantissime
430 1885 572 1919 teneant,
589 1880 768 1914 certissime
789 1881 851 1914 sibi
871 1891 944 1925 per-

210 1931 394 1972 suadentes,
420 1932 675 1976 omnipotentem
693 1934 748 1967 Dei
765 1935 941 1968 bonitatem

210 1994 338 2029 semper
361 1985 455 2029 plura
479 1985 574 2019 nobis
597 1986 675 2021 dare
693 1994 837 2030 paratam
854 1999 942 2027 esse,

210 2048 306 2081 quam
329 2043 442 2071 nostra
465 2039 639 2072 necessitas
664 2040 819 2084 requirat.
854 2041 943 2074 Insu-

209 2099 269 2134 per
293 2090 438 2133 regimen
464 2101 557 2124 suum
592 2091 696 2124 solida
727 2097 758 2125 et
782 2094 941 2126 constanti

208 2142 371 2186 probitate
396 2154 433 2177 ac
452 2144 574 2187 pietate
591 2144 624 2177 in
641 2144 740 2178 Deum
755 2146 798 2179 ita
815 2145 942 2180 firmare

208 2200 371 2240 satagent,
391 2202 427 2230 ut
450 2196 533 2230 inter
557 2208 652 2237 suos,
674 2202 833 2242 tamquam
859 2201 907 2233 sol
926 2211 942 2233 a

209 2259 304 2283 mane
337 2260 440 2294 usque
461 2250 500 2284 ad
531 2261 710 2294 vesperam,
730 2258 839 2286 sancto
863 2264 943 2297 quo-

210 2302 281 2336 dam
305 2303 457 2336 virtutum
472 2304 594 2347 fulgore
615 2305 724 2337 lucere
742 2306 943 2349 conspician-

210 2360 272 2396 tur,
292 2356 450 2400 Apostolo
464 2363 638 2390 monente:
658 2358 699 2390 Te
712 2359 817 2401 ipsum
827 2360 943 2404 praebe

210 2409 388 2453 exemplum
414 2410 570 2443 bonorum
595 2421 734 2454 operum.

254 2471 325 2495 Lxx.
353 2462 622 2496 Constitutionum
647 2465 866 2498 observationi
894 2477 943 2499 se-

211 2513 288 2547 dulo
313 2508 496 2559 invig'ilenu
513 2516 671 2549 maiorum
688 2517 814 2560 placitis
832 2519 943 2552 inhac-

210 2567 329 2608 rendo,
355 2569 513 2603 novitates
546 2569 688 2613 fugiant3
714 2571 754 2604 ad
779 2578 941 2605 externam

212 2631 338 2666 quoque
363 2621 564 2665 disciplinam
588 2623 690 2657 solide
711 2624 942 2659 observandam

322 2683 397 2711 Bult.
413 2684 496 2714 Rom.
508 2700 541 2705 —
560 2685 621 2713 Vol.
639 2686 712 2714 XIX.
874 2687 910 2716 70

992 305 1108 337 magno
1132 295 1202 327 zelo
1227 293 1437 334 incumbant,
1469 297 1505 325 ut
1537 291 1655 325 subditi
1682 292 1727 325 sa-

992 347 1053 380 cile
1078 347 1264 390 intelligant
1289 346 1604 389 transgressionem,
1630 345 1732 388 etiam,

992 400 1201 433 minimorum
1219 427 1226 441 ,
1254 399 1418 443 superiori
1455 410 1514 432 suo
1539 398 1724 442 displicere.

992 451 1213 486 Conferentias
1238 453 1422 496 spirituales
1440 452 1506 484 suis
1524 451 1726 495 temporibus

992 504 1170 544 instituant,
1197 510 1227 538 et
1251 516 1321 538 cum
1348 505 1413 538 suis
1438 504 1595 547 privatim,
1630 505 1726 537 etiam

992 556 1131 600 saepius,
1148 557 1338 600 loquantur,
1349 557 1498 589 utsciant
1515 557 1546 589 in
1561 567 1624 600 quo
1642 562 1726 590 statu

992 609 1128 652 quisque
1160 615 1330 649 versetur,
1359 615 1392 642 et
1415 619 1493 652 quas
1518 609 1726 642 necessitates

993 665 1056 694 tam
1080 662 1114 694 in
1131 662 1355 705 spiritualibus
1375 672 1470 705 quam
1490 662 1726 706 temporalibus

990 714 1142 756 patiatur.
1731 744 1736 760 ·.

1035 776 1118 801 txxi.
1154 766 1188 800 In
1221 767 1371 800 omnibus
1407 768 1487 801 tales
1518 778 1554 800 se
1589 767 1725 802 subditis

991 818 1145 852 exhibere
1164 824 1323 862 satagant,
1347 821 1459 863 quales
1484 819 1561 863 ipsis
1586 820 1726 854 libenter

991 870 1086 904 etiam
1110 872 1191 905 alios
1223 881 1301 914 erga
1332 881 1366 904 so
1392 871 1513 905 habere
1537 872 1671 912 vellent,
1698 872 1726 905 si

990 923 1109 956 subditi
1134 929 1252 966 essent,
1269 928 1301 958 et
1317 924 1455 957 maxime
1473 924 1535 957 sibi
1555 935 1652 958 curae
1671 925 1728 957 ha-

990 976 1097 1016 beant,
1113 982 1148 1009 ut
1167 977 1238 1010 sine
1258 987 1333 1010 suae
1350 987 1508 1020 personae
1534 977 1726 1021 exceptione

989 1029 1181 1063 uniformem
1202 1029 1272 1062 aliis
1293 1030 1591 1063 cohabitationibus
1609 1031 1642 1063 in
1666 1030 1725 1063 hu-

989 1082 1055 1115 mili
1075 1083 1192 1116 mentis
1221 1094 1257 1116 ac
1288 1083 1420 1127 spiritus
1445 1083 1661 1117 submissione
1683 1083 1725 1116 vi-

991 1140 1055 1168 tam
1075 1136 1206 1179 degant,
1225 1141 1257 1169 et
1273 1147 1334 1170 nec
1358 1136 1527 1170 minimum
1555 1137 1625 1170 talis
1646 1137 1724 1170 emi-

989 1188 1117 1221 nentiae
1155 1189 1282 1231 signum
1306 1189 1416 1230 edant,
1439 1190 1526 1233 quod
1554 1190 1723 1234 proprium

989 1251 1133 1274 amorem
1151 1247 1204 1274 aut
1221 1252 1299 1275 suae
1315 1250 1476 1286 personae
1495 1243 1654 1275 honorem
1682 1243 1725 1275 sa-

989 1299 1138 1337 stumque
1171 1295 1268 1327 animi
1300 1295 1422 1338 sapiat,
1441 1295 1498 1328 sed
1523 1295 1555 1327 in
1573 1295 1724 1328 omnibus
1750 1287 1752 1290 ’

988 1346 1169 1379 actionibus
1199 1358 1235 1380 ac
1255 1347 1413 1379 mandatis
1443 1347 1724 1381 mansuetudinem

987 1399 1168 1439 verborum,
1184 1400 1373 1432 suavitatem
1386 1410 1521 1440 morum,
1533 1400 1724 1433 modestiam

988 1457 1019 1484 et
1032 1453 1198 1485 charitatis
1212 1452 1357 1485 affectum
1372 1453 1607 1493 demonstrent,
1626 1459 1661 1486 ut
1678 1455 1724 1487 sic

988 1505 1109 1538 subditi
1126 1506 1159 1539 in
1185 1506 1377 1550 obsequium
1397 1506 1604 1541 obedientiae
1623 1508 1725 1552 capti-

986 1566 1112 1594 ventur.

1030 1626 1124 1650 Lxxu.
1151 1616 1234 1659 Erga
1258 1626 1371 1649 omnes
1401 1617 1601 1653 humanitate
1626 1622 1724 1655 corni-

988 1674 1117 1713 tateque
1133 1675 1275 1710 utantur,
1294 1671 1403 1704 faciles
1420 1682 1514 1705 aures
1534 1683 1645 1707 eorum
1666 1675 1724 1709 ho-

986 1723 1089 1755 nestis
1104 1724 1273 1766 postulatis
1288 1724 1489 1767 praebendo,
1501 1731 1532 1758 et
1545 1737 1605 1769 pro
1619 1727 1724 1761 diver-

987 1776 1081 1808 sitate
1104 1776 1272 1810 nationum
1294 1778 1482 1819 gravitatem
1502 1779 1725 1814 severitatem-

986 1839 1049 1871 que
1074 1829 1117 1862 ita
1140 1829 1347 1872 coniungant,
1368 1836 1414 1871 ut,
1434 1832 1489 1875 qui
1515 1843 1626 1866 amore
1655 1835 1723 1877 regi

986 1883 1128 1923 malunt,
1148 1882 1231 1916 filios
1256 1894 1290 1916 se
1318 1893 1389 1917 esse
1414 1885 1641 1928 experiantur,
1667 1888 1722 1929 qui

986 1946 1061 1968 vero
1090 1946 1184 1969 secus
1212 1936 1360 1976 fecerint,
1385 1937 1557 1981 imperium
1582 1940 1724 1973 sentiant

986 1988 1182 2031 superioris,
1205 1989 1370 2023 beneficiis
1385 2001 1513 2034 quoque
1528 1992 1724 2026 domesticae

985 2041 1152 2074 charitatis
1169 2052 1281 2075 omnes
1298 2043 1360 2075 sibi
1378 2043 1411 2076 in
1428 2043 1624 2088 obsequium
1640 2056 1723 2079 amo-

986 2094 1029 2127 ris
1047 2095 1212 2128 devincire
1233 2101 1405 2136 conentur,
1424 2101 1455 2130 et
1473 2107 1586 2130 eorum
1605 2099 1723 2132 delicta

985 2148 1074 2190 virga
1088 2148 1267 2181 severitatis
1283 2160 1319 2182 ac
1332 2149 1473 2183 iustitiae
1490 2150 1534 2182 ita
1548 2152 1721 2194 corrigant,

986 2209 1020 2237 ut
1038 2209 1144 2237 tamen
1162 2204 1257 2237 simul
1283 2204 1392 2236 oleum
1424 2203 1658 2237 consolationis
1682 2207 1722 2238 ad

985 2258 1167 2300 exemplum
1188 2256 1379 2289 Samaritani
1405 2256 1593 2290 vulneribus
1619 2257 1723 2292 insun-

986 2311 1082 2350 dant;
1103 2309 1238 2352 insuper
1258 2308 1407 2351 diligenti
1430 2309 1723 2354 circumspectione

985 2363 1024 2396 ad
1038 2373 1168 2396 suorum
1182 2362 1391 2395 necessitates
1408 2363 1587 2404 attendant,
1600 2369 1632 2397 et
1649 2370 1722 2398 tem-

984 2415 1106 2459 pestive
1121 2415 1251 2448 easdem
1270 2415 1438 2449 sublevare
1453 2416 1618 2457 studeant,
1634 2419 1722 2451 omni

984 2470 1081 2502 etiam
1106 2469 1185 2502 hora
1208 2475 1391 2512 promptam
1414 2470 1640 2504 benefaciendi
1674 2483 1721 2504 vo-

984 2523 1141 2556 luntatem
1166 2521 1358 2554 accedentes
1382 2522 1600 2565 experiantur.

1028 2584 1137 2607 Lxxni.
1164 2573 1350 2616 Simplicem
1369 2574 1537 2607 veritatem
1555 2581 1589 2607 ut
1613 2575 1721 2619 pupil-

961 2656 965 2668 ,
984 2628 1047 2661 lam
1062 2626 1146 2661 oculi
1160 2627 1359 2673 custodiant,
1371 2632 1413 2669 ut,
1426 2627 1509 2674 sicut
1521 2638 1555 2661 os
1569 2628 1720 2673 loquitur,

1615 233 1689 280 ,553
1735 225 1795 272 Ain(
1806 240 1834 271 c.
1853 241 1919 271 ¹634
