2111 3157
27 238 75 265 An.
92 235 122 263 C.
144 234 210 261 1083

52 1763 148 1786 ramata
159 1764 214 1784 lura-

34 1794 94 1811 mnnti
105 1796 142 1816 pro
153 1795 214 1816 prae-

33 1818 79 1839 uide
92 1822 196 1844 nupremo.

792 233 1002 259 YNNOCENTIL'S
1023 234 1054 258 XI
1078 234 1127 258 PP-

220 281 315 315 liuius
335 282 473 315 instituti
492 292 509 315 a
526 283 634 315 sancta
659 281 740 316 Sede
767 282 951 326 Apostolica

220 335 433 378 approbatas,
459 335 664 378 gubernabit.

264 396 387 420 ctxxiv.
407 386 565 430 Quidquid
584 397 669 429 ergo,
683 387 805 420 bonurn
817 387 867 420 vel
882 396 952 419 con-

220 440 429 472 servationem
454 439 633 483 praesentis
658 439 794 472 instituti
820 448 952 472 concer-

219 502 311 532 nenS,
337 493 415 525 tanti
439 492 597 524 momenti
617 492 726 532 suerit,
751 497 787 523 ut
806 492 837 524 id
863 501 953 534 supc-

219 545 324 578 riores
345 545 450 578 eidem
472 545 683 583 subordinati,
702 545 789 576 iuxta
805 554 843 576 ea
871 553 952 586 quae

220 598 254 631 in
270 598 541 641 praecedentibus
563 598 746 635 traduntur,
766 607 871 639 neque
895 606 954 638 per

221 661 268 692 se,
294 661 401 694 neque
425 661 485 694 per
505 650 788 693 congregationum
806 659 861 682 scu
877 659 954 682 con-

221 709 373 736 ventuum
397 702 661 741 consultationes,
680 701 721 734 ob
741 711 856 733 causae
883 710 954 743 gra-

221 755 370 795 vitatem,
391 755 540 787 decidere
566 755 743 798 prudenter
760 764 825 786 non
843 759 953 796 potue-

220 807 293 846 rint,
311 807 392 840 illud
417 817 434 839 a
458 807 603 850 praeside
624 816 775 850 supremo
801 806 955 839 decerne-

221 865 281 900 tur,
295 865 327 892 et
350 860 411 892 hac
427 860 551 892 ratione
571 870 682 892 omnes
701 859 798 892 buius
816 858 952 891 instituti

221 913 408 956 superiores
434 918 464 946 et
489 913 677 952 inferiores,
695 913 728 945 in
749 922 808 945 suo
826 911 950 951 ordine,

220 975 371 1009 supremo
391 966 543 1009 praesidi,
564 965 728 1008 praedicto
748 964 856 1005 modo,
877 964 954 997 obc-

221 1017 323 1051 dient.

265 1080 375 1105 cmxv.
402 1070 472 1115 lpse
489 1082 620 1114 praeses
638 1081 807 1115 supremus
824 1071 952 1103 Summo

220 1123 364 1157 Pontifici
390 1130 421 1157 et
446 1130 572 1157 sanctae
598 1124 671 1157 Sedi
692 1124 895 1167 Apostolieae
922 1123 952 1154 in

221 1177 389 1217 omnibus,
416 1187 497 1220 quae
533 1177 571 1209 ad
597 1186 750 1219 praesens
775 1176 952 1208 institutum

222 1230 371 1271 attinent,
390 1229 576 1273 specialiter
601 1230 742 1269 obediet,
761 1231 799 1261 ea
822 1239 953 1272 prorsus

223 1283 365 1323 ratione,
391 1293 453 1326 qua
476 1283 642 1326 praesides
669 1282 881 1325 particulares
906 1291 954 1313 re-

221 1335 460 1368 verendissimis
499 1335 564 1367 suis
603 1335 742 1368 dominis
779 1333 954 1367 Ordinariis

223 1387 354 1421 obedire
374 1393 544 1421 tenentur:
572 1388 657 1420 idem
682 1397 814 1430 praeses
841 1397 898 1419 suo
924 1391 955 1418 et

222 1440 361 1474 instituti
386 1440 517 1473 nomine
542 1450 601 1483 per
625 1440 845 1472 iuramentum
863 1439 954 1471 Sum-

223 1503 276 1526 mo
300 1492 446 1526 Pontifici
471 1504 506 1526 ac
531 1499 658 1526 sanctae
689 1493 763 1527 Scdi
790 1492 955 1535 Apostoli-

223 1556 278 1579 cae
303 1551 377 1590 post
409 1547 459 1579 sui
483 1546 675 1579 electionem
709 1556 742 1578 se
776 1545 952 1587 obligabit,

223 1604 319 1642 prout
342 1598 439 1632 etiam
470 1598 655 1632 fidelitatem
681 1609 770 1631 suam
795 1608 871 1640 erga
896 1598 956 1629 hoc

225 1651 405 1684 institutum
440 1662 498 1695 per
533 1652 672 1695 speciale
708 1651 953 1690 iuramentum,

225 1709 324 1747 prout
347 1704 491 1747 sequitur
506 1730 513 1744 ‚
546 1703 727 1747 promittet.

269 1766 391 1790 CLXXVI.
417 1769 429 1787 α
451 1757 517 1799 Ego
538 1756 574 1789 N.
590 1756 639 1796 N.,
666 1756 799 1789 instituti
825 1756 956 1789 clerico-

224 1820 294 1842 rum
311 1810 524 1843 saecularium
543 1810 573 1842 in
592 1820 762 1843 commune
783 1810 955 1843 viventium

224 1863 386 1903 sacerdos,
406 1868 438 1896 et
457 1864 496 1896 ab
515 1863 657 1896 eiusdem
677 1863 816 1895 instituti
835 1863 957 1906 pracsi-

225 1915 319 1948 dibus
337 1915 491 1948 canonice
506 1916 627 1948 electus
640 1925 769 1959 praeses
786 1915 955 1957 generalis,

224 1968 283 2002 tibi
309 1968 511 2001 sanctissimo
540 1968 674 2001 Domino
708 1973 815 2001 nostro
840 1967 876 2000 N.
904 1967 954 2007 N.,

225 2021 354 2064 tuisque
387 2021 540 2053 canonice
572 2020 765 2053 intrantibus
791 2031 958 2054 successo-

226 2073 327 2113 ribus,
347 2084 382 2106 ac
399 2079 528 2106 sanctae
542 2073 613 2106 Sedi
630 2073 847 2116 Apostolicae,
865 2084 958 2115 spon-

226 2125 289 2158 deo
307 2131 339 2159 et
355 2125 437 2165 iuro,
454 2136 505 2158 me
523 2126 581 2158 sub
599 2125 786 2158 obedientia
802 2125 958 2158 Sanctita-

226 2178 267 2210 tis
279 2177 375 2218 Tuae,
390 2183 422 2210 et
437 2188 662 2211 successorum
679 2183 825 2217 tuorum,
848 2178 880 2210 in
898 2178 959 2210 vita

228 2230 383 2271 clericali,
399 2230 487 2263 iuxta
505 2230 752 2263 constitutiones
766 2229 958 2263 clericorum

227 2283 442 2316 saecularium
475 2283 507 2315 in
531 2293 698 2316 commune
722 2282 896 2316 viventium
921 2284 959 2316 ab

229 2335 341 2368 eadem
366 2337 476 2368 sancta
511 2335 592 2368 Sede
625 2335 812 2378 Apostolica
843 2346 960 2379 appro-

229 2387 331 2428 batas,
357 2398 489 2431 semper
512 2387 667 2420 victurum
691 2392 723 2420 et
745 2387 958 2428 moriturum;

230 2438 427 2483 insuperque
452 2441 585 2473 clericos
609 2450 721 2473 omnes
745 2440 841 2473 huius
872 2441 962 2474 insti-

231 2493 293 2525 tuti
318 2493 364 2526 sic
388 2503 483 2527 curae
508 2504 596 2526 meae
611 2493 796 2526 commissos
822 2499 854 2526 et
878 2505 963 2527 corn-

232 2545 406 2579 mittendos
432 2546 490 2579 sub
523 2546 705 2579 omnimoda
735 2547 963 2580 reverendissi-

227 2605 357 2642 ‚morum
380 2598 586 2633 dominorum
610 2598 851 2633 Ordinariorum
877 2599 964 2634 iuris-

1618 220 1676 253 571

994 281 1134 314 dictione
1159 281 1245 313 iuxta
1270 279 1399 313 easdem
1423 278 1669 312 constitutiones
1692 277 1726 309 si-

993 333 1108 366 deliter
1132 333 1341 373 directurum,
1364 343 1412 373 ac,
1439 337 1591 375 quantum
1617 331 1649 363 in
1674 341 1724 363 mc

993 390 1057 425 est,
1084 386 1123 418 ad
1146 386 1332 419 mandatum
1356 384 1539 418 Sanctitatis
1564 383 1667 423 Tuae,
1693 383 1725 416 in

994 439 1123 481 quasvis
1141 439 1249 472 mundi
1275 443 1382 482 partes
1403 437 1588 477 missurum,
1605 442 1637 470 et
1653 447 1726 470 coo-

995 496 1183 534 peraturum
1214 497 1249 524 ut
1283 491 1363 524 haec
1396 491 1458 524 vita
1483 490 1660 531 clericalis,
1687 500 1724 522 ex

994 544 1149 587 primario
1174 555 1231 577 suo
1251 544 1314 577 fine
1332 545 1511 577 animarum
1535 554 1642 577 curam
1667 554 1726 587 per

994 597 1172 630 ordinarias
1186 597 1365 630 functiones
1379 597 1580 640 parochiales
1599 596 1726 630 cohabi-

995 649 1092 682 tando
1113 649 1299 691 intendens,
1318 655 1503 682 constanter
1525 654 1722 693 perseveret.

995 701 1058 734 Sub
1084 702 1135 734 die
1160 701 1210 743 N.,
1228 702 1346 735 mensis
1372 702 1420 743 N.,
1442 713 1526 735 anno
1552 702 1588 735 N.
1607 702 1657 735 Sic
1674 713 1724 735 me

995 754 1077 787 Deus
1102 755 1229 788 adiuvet
1260 760 1292 787 et
1317 755 1396 787 haec
1420 761 1530 788 sancta
1553 755 1608 788 Dei
1633 765 1726 787 evan-

995 807 1080 850 gelia
1105 819 1133 839 γ».

1039 869 1172 893 crxxvn.
1195 873 1207 890 α
1222 860 1287 903 Ego
1311 860 1347 893 N.
1367 860 1415 899 N.,
1435 860 1572 893 instituti
1592 861 1726 893 clerico-

995 922 1064 944 rum
1083 913 1295 945 saecularium
1315 912 1346 944 in
1368 923 1536 946 commune
1554 913 1724 945 viventium

996 965 1156 1005 sacerdos,
1181 970 1212 998 et
1238 965 1277 997 ab
1303 965 1449 998 eiusdem
1473 965 1609 997 instituti
1635 975 1727 1007 prae-

996 1017 1118 1050 sidibus
1143 1018 1296 1050 canonice
1322 1018 1441 1051 clectus
1462 1028 1592 1060 praeses
1617 1027 1727 1060 supre-

996 1081 1073 1111 mus
1097 1070 1186 1103 vobis
1209 1070 1341 1103 nomine
1368 1070 1463 1104 totius
1491 1070 1626 1103 instituti
1652 1080 1727 1103 con-

997 1124 1137 1166 gregatis
1163 1124 1308 1166 spondeo
1334 1128 1365 1156 et
1395 1123 1488 1162 iuro,
1517 1133 1566 1156 rne
1600 1123 1631 1155 in
1664 1123 1727 1155 vita

996 1176 1136 1209 clericali
1162 1176 1249 1211 iuxta
1265 1176 1512 1208 constitutiones
1537 1175 1727 1209 clericorum

997 1229 1208 1261 saecularium
1238 1229 1269 1260 in
1303 1239 1474 1262 commune
1506 1228 1679 1261 viventium
1710 1238 1727 1260 a

997 1283 1106 1314 sancta
1131 1282 1212 1314 Sede
1231 1282 1418 1324 apostolica
1438 1281 1629 1324 approbatas
1647 1290 1729 1313 sern-

997 1345 1054 1378 per
1072 1335 1228 1367 victurum
1250 1340 1283 1366 et
1304 1334 1505 1372 moriturum,
1528 1333 1726 1375 insuperque

996 1387 1129 1420 clericos
1150 1397 1260 1420 omnes
1281 1387 1377 1418 liuius
1402 1385 1537 1418 instituti
1563 1385 1608 1417 sic
1633 1395 1727 1417 curae

996 1450 1086 1472 meae
1119 1439 1304 1472 commissos
1336 1444 1367 1471 et
1390 1438 1645 1477 committendos,
1670 1437 1728 1468 sub

997 1493 1180 1526 omnimoda
1210 1491 1553 1524 reverendissimorum
1585 1490 1730 1523 domino-

997 1557 1067 1578 rum
1085 1545 1329 1578 Ordinariorum
1347 1544 1536 1577 auctoritate
1555 1549 1587 1576 et
1604 1543 1730 1575 iurisdi-

997 1598 1113 1637 ctione,
1132 1597 1217 1629 iuxta
1234 1597 1361 1629 easdem
1379 1596 1638 1636 constitutiones,
1654 1595 1730 1628 sidc-

998 1651 1070 1683 liter
1089 1650 1293 1690 directurum,
1309 1654 1340 1682 et
1359 1654 1607 1691 cooperaturum
1622 1660 1650 1689 »;
1666 1652 1727 1681 etc.

998 1709 1032 1735 ut
1056 1713 1163 1746 supra.

1043 1765 1189 1788 ctxxvin.
1232 1755 1279 1787 Ad
1319 1754 1501 1798 praesidem
1544 1764 1731 1798 supremum

999 1808 1160 1852 spectabit
1185 1808 1280 1840 vitam
1313 1808 1495 1851 praesidum
1530 1807 1563 1839 in
1595 1807 1732 1840 diversis

998 1860 1295 1894 archidioecesibus
1313 1867 1344 1893 et
1357 1860 1570 1900 dioecesibus,
1587 1871 1732 1904 praeser-

1000 1915 1053 1947 tim
1079 1914 1185 1957 quoad
1210 1914 1422 1947 directionem
1458 1925 1474 1946 a
1509 1914 1657 1957 praeside
1683 1924 1732 1946 ar-

999 1968 1248 2000 chidioecesano
1274 1977 1339 1999 non
1366 1967 1648 2010 dependentibus,
1675 1976 1733 2008 per

999 2030 1073 2052 suos
1089 2019 1267 2052 visitatores
1284 2019 1465 2061 generales,
1488 2024 1543 2051 ant
1560 2029 1618 2061 per
1636 2019 1733 2051 alium

1000 2073 1198 2115 delegatum,
1225 2073 1399 2115 inspicere,
1425 2077 1456 2105 et
1481 2083 1516 2105 ex
1542 2072 1733 2115 urgentibus

1000 2126 1111 2165 causis,
1138 2126 1233 2158 etiam
1258 2130 1347 2158 extra
1371 2130 1499 2168 tempus
1524 2125 1733 2165 ordinarium,

1001 2179 1131 2212 eosdem
1158 2178 1353 2221 superiores,
1372 2188 1445 2211 cum
1465 2189 1624 2212 consensu
1649 2189 1734 2211 reve-

1002 2231 1268 2264 rendissimorum
1308 2230 1513 2263 dominorum
1548 2230 1735 2263 Ordinario-

1002 2295 1081 2324 rum,
1097 2284 1192 2316 modo
1211 2284 1395 2327 supradicto
1412 2284 1548 2316 mutare.
1568 2283 1611 2316 De
1629 2284 1734 2316 incor-

1002 2337 1186 2380 rigibilibus
1211 2342 1360 2381 respectu
1395 2348 1503 2370 rerum
1528 2337 1665 2370 instituti
1690 2337 1735 2369 ei-

1004 2391 1076 2423 dem
1091 2390 1231 2433 praesidi
1246 2390 1360 2423 relatio
1374 2396 1498 2423 mature
1512 2390 1573 2431 siet,
1587 2395 1630 2430 ut,
1650 2390 1674 2422 si
1693 2391 1735 2422 ita

1003 2454 1135 2477 necesse
1160 2444 1264 2476 visum
1288 2444 1394 2484 suerit,
1415 2445 1505 2483 tales,
1523 2444 1561 2476 de
1583 2444 1733 2476 mandato

1004 2501 1036 2528 et
1053 2505 1209 2529 consensu
1228 2496 1569 2529 reverendissimorum
1594 2497 1737 2529 domino-

1005 2558 1073 2580 rum
1088 2548 1340 2588 Ordinariorum,
1360 2551 1486 2582 servata
1504 2559 1668 2582 sacrorum
1686 2559 1737 2580 ca-

1006 2611 1126 2634 nonum
1140 2606 1171 2634 et
1187 2601 1266 2634 sacri
1284 2601 1463 2635 Tridentini
1477 2601 1610 2635 Concilii
1629 2601 1736 2645 dispo-

1728 229 1776 255 An.
1793 229 1821 256 C.
1846 230 1915 257 1084

1771 867 1866 890 formula
1888 870 1919 889 iu·

1737 898 1822 917 umenti
1838 902 1874 921 pro
1885 902 1919 915 eo-

1737 923 1782 942 tlum
1807 922 1916 948 praeside,

1737 955 1773 974 per
1784 949 1839 974 qumi
1848 954 1869 968 se
1881 950 1919 968 tuti

1738 977 1830 994 inmune
1867 975 1920 995 obli.

1738 1007 1785 1027 gar-e
1803 1003 1890 1026 tenetur,
