2111 3157
188 193 239 221 An.
255 193 283 222 C.
306 193 374 222 1684
419 185 484 219 544

380 242 447 276 bito
472 242 568 277 modo
593 246 623 277 et
648 241 764 279 ordine
790 241 1000 276 conferantur
1016 246 1117 285 etap-

380 296 558 340 plicentur,
586 305 763 338 eorumque
794 294 958 328 bonorum
995 295 1116 329 abusus

383 349 520 390 tollatur,
541 348 684 392 seposita
707 348 794 382 omni
812 347 963 382 avaritiae
988 354 1020 381 et
1041 359 1116 392 pro·

380 402 554 445 digalitatis
583 401 709 445 specie,
733 401 854 444 singuli
885 402 999 436 sedulo
1024 412 1115 435 eura-

377 455 459 487 bunt
492 459 527 487 ut
564 454 639 487 huie
675 454 822 487 instituto
861 454 1002 487 clericali
1040 465 1114 488 vere

378 507 489 541 fideles
520 506 762 551 dispensatores
797 517 831 540 se
871 507 1045 548 exhibeant
1082 508 1113 541 in

377 560 528 595 omnibus
554 560 680 593 sincere
708 565 915 604 expectantes
941 570 1113 594 commune

377 613 507 655 bonum,
533 619 694 658 tamquam
720 614 888 658 proprium
907 613 974 647 lesu
995 613 1112 647 Christi

377 667 498 700 domini
516 667 619 700 nostri
637 667 882 710 patrimonium.

420 730 497 753 xvii.
523 719 715 763 Superiores
747 725 872 753 mature
905 719 1112 753 considerare

376 772 497 806 debent
521 773 676 816 quidnam
693 772 725 806 in
744 773 985 817 dispensatione
1008 773 1112 807 bono-

376 837 448 859 rum
473 826 694 860 communium
713 826 775 861 iam
795 827 827 859 in
844 827 948 859 massa
972 837 1113 861 commu-

375 879 407 912 ni
425 879 635 913 collectorum
654 879 857 922 potissimum
874 879 914 912 sit
937 880 1111 913 observan-

375 932 467 965 dum:
480 937 512 965 et
526 932 632 976 primo
647 932 780 975 quidem
795 932 962 976 invigilare
981 933 1110 974 debent,

373 990 410 1018 ut
434 985 656 1020 sacerdotibus
689 986 825 1019 senibus
857 986 991 1029 aliisque
1021 987 1112 1020 inha-

372 1038 491 1071 bilibus
516 1038 716 1071 sufficienter
738 1039 965 1083 provideatur:
993 1040 1110 1077 deinde

374 1092 399 1124 si
438 1093 621 1125 sacerdotes
659 1097 788 1126 curatos
819 1097 851 1126 et
880 1092 1110 1134 beneficiatos,

373 1156 449 1179 casu
475 1146 583 1190 aliquo
610 1147 879 1187 extraordinario,
905 1147 1050 1181 subsidio
1079 1156 1110 1181 e-

374 1210 450 1243 gere
475 1199 664 1243 contingat,
688 1211 725 1233 ex
758 1200 852 1234 bonis
884 1201 1109 1234 communibus

373 1253 438 1286 illis
457 1253 715 1287 succurrendum
731 1253 811 1294 erit,
835 1253 995 1294 similiter,
1013 1265 1110 1298 quan-

374 1307 414 1340 do
440 1307 556 1350 aliquis
583 1317 619 1339 ex
646 1307 706 1340 hoc
730 1307 877 1341 instituto
900 1314 1048 1341 recenter
1071 1310 1109 1342 ad

373 1359 560 1403 parochiam
586 1361 634 1393 vel
659 1360 853 1394 beneficium
883 1361 1011 1404 aliquod
1036 1366 1110 1405 pro-

372 1417 478 1445 motus
510 1422 622 1445 novam
655 1412 772 1445 alicubi
807 1413 1032 1448 oeconomiam
1065 1414 1109 1446 in-

373 1465 506 1498 stituere
542 1471 574 1497 et
604 1465 701 1498 rebus
736 1466 926 1499 necessariis
950 1467 1109 1501 instruere

373 1519 482 1558 debet,
500 1518 740 1562 suppellectilia
758 1524 789 1551 et
813 1519 875 1552 alia
899 1520 1037 1554 maxime
1055 1531 1110 1554 ne-

373 1572 510 1605 cessaria
527 1573 577 1604 vel
596 1572 735 1615 pecunia
758 1582 820 1616 pro
845 1572 958 1606 iisdem
985 1584 1110 1617 compa-

372 1625 484 1658 randis
521 1625 761 1668 suppeditanda
792 1631 909 1666 eruut,
936 1628 972 1659 ea
1001 1631 1108 1660 tamen

372 1679 455 1721 lege,
473 1683 516 1718 ut,
542 1678 607 1711 sive
625 1678 765 1721 pecunia
784 1679 831 1711 sic
852 1678 1107 1720 subministrata,

373 1730 438 1763 sive
464 1731 613 1774 pretium,
640 1741 702 1774 quo
729 1732 969 1774 suppellectilia
989 1732 1109 1765 suerint

372 1783 557 1823 aestimata,
584 1784 691 1816 medio
718 1784 766 1816 vel
792 1784 902 1818 infimo
927 1785 1031 1829 pretio
1058 1796 1109 1818 or-

373 1837 481 1870 dinata
496 1836 756 1877 conscribantur,
777 1838 956 1882 traditaque
970 1839 1109 1882 desuper

372 1890 591 1933 obligatione,
617 1891 814 1931 successive,
834 1898 933 1935 prout
952 1893 1107 1935 potuerit,

372 1943 542 1976 commode
568 1943 793 1986 superioribus·
826 1955 862 1977 ex
895 1945 1106 1988 proventibus

371 1996 487 2030 annuis
512 1996 733 2037 restituantur,
762 2003 794 2030 ut
826 1998 897 2031 aliis
919 2009 1049 2042 quoque
1075 1999 1107 2031 in

370 2049 467 2082 simili
504 2049 695 2083 necessitate
733 2051 917 2084 constitutis
961 2051 1106 2085 succurri

371 2102 488 2145 possit:
509 2102 603 2135 tertio
624 2102 881 2136 subveniendum
907 2115 1034 2148 quoque
1061 2109 1109 2137 est

371 2156 571 2199 pauperibus
605 2157 810 2189 sacerdotum
843 2157 939 2190 huius
972 2157 1107 2190 instituti

371 2209 567 2252 parentibus,
585 2210 735 2243 fratribus
760 2215 792 2243 et
816 2211 1000 2250 sororibus,
1021 2211 1107 2243 iuxta

372 2262 637 2295 constitutionem
663 2274 727 2296 xxii
753 2263 972 2296 sacerdotum.

416 2324 506 2348 xviii.
523 2315 596 2347 Post
610 2316 670 2348 lios
686 2316 787 2358 magis
805 2317 1008 2349 necessarios
1025 2327 1107 2350 com-

372 2367 517 2400 munium
543 2368 638 2401 huius
663 2369 801 2402 instituti
827 2370 991 2402 bonorum
1016 2381 1107 2411 usus,

373 2420 526 2463 ingenuis
551 2422 812 2456 adolescentibus
836 2423 875 2456 ad
900 2424 985 2457 lianc
1010 2424 1105 2457 cleri-v

373 2474 474 2506 caleni
491 2474 587 2506 vitam
602 2475 777 2508 educandis
795 2475 987 2519 applicanda
1001 2482 1106 2509 erunt.

415 2535 477 2559 xxx.
505 2526 676 2570 Postquam
702 2529 851 2561 domibus
878 2529 1052 2562 iuventutis
1078 2535 1109 2562 et

374 2579 581 2615 emzmitorum
618 2579 649 2612 in
694 2582 832 2616 quadam
869 2582 1107 2616 archidioecesi

972 193 1152 219 nummum
1175 192 1325 221 ROMANUM

1158 243 1208 276 vel
1242 242 1388 276 dioecesi
1424 253 1462 276 ex
1493 243 1609 277 mediis
1649 246 1893 280 communitatis

1158 295 1208 328 vel
1243 300 1458 339 patronorum
1494 297 1692 331 sufficienter
1726 300 1892 343 provisum

1158 347 1267 389 suerit,
1294 352 1371 382 tunc
1394 349 1434 382 ad
1458 349 1556 383 aedes
1579 351 1786 394 parochiales
1816 363 1893 387 con-

1157 400 1329 434 venienter
1360 401 1400 435 ad
1424 402 1661 446 praescriptum
1686 403 1823 438 instituti
1848 406 1893 439 vi·

1157 454 1251 487 vendi
1275 455 1408 489 modum
1432 457 1732 498 accommodandas,
1758 458 1812 492 ubi
1839 469 1893 493 ne-

1157 516 1249 540 cesse
1274 507 1379 548 suerit,
1400 509 1450 542 vel
1476 519 1513 541 ex
1538 509 1654 542 mediis
1678 510 1893 553 ipsorummet

1156 560 1388 604 parochorum,
1405 566 1536 605 praeter
1549 562 1581 595 izl
1599 563 1688 606 quod
1705 563 1788 598 sorte
1805 564 1894 598 iuxta

1155 623 1280 646 morem
1306 613 1467 648 dioecesis
1493 615 1525 648 in
1550 617 1833 651 conservationem
1857 617 1894 652 il-

1155 666 1259 699 larum
1285 666 1451 701 annuatim
1475 667 1515 701 ab
1536 667 1601 701 illis
1618 668 1763 712 impendi
1784 670 1892 712 debet,

1155 719 1205 752 vel
1230 729 1267 752 ex
1293 720 1440 753 collectis
1460 720 1630 764 ipsiusmet
1654 722 1892 757 communitatis

1154 772 1280 814 mediis,
1290 773 1314 806 si
1330 772 1462 807 aliunde
1478 774 1591 808 haberi
1609 781 1783 819 nequeant,
1795 787 1893 820 quan-

1155 830 1221 862 tum
1244 836 1377 859 necesse
1402 827 1514 868 suerit,
1541 828 1698 871 applicari
1723 829 1856 872 poterit.

1196 889 1246 912 xx.
1273 878 1427 913 Similiter
1451 880 1595 914 ordinari
1619 881 1760 925 poterit,
1785 888 1838 923 ut,
1864 882 1890 916 si

1154 931 1261 965 desint
1284 933 1392 966 media
1410 943 1471 977 pro
1489 933 1734 968 cohabitatione
1754 935 1891 970 duorum

1153 985 1349 1019 clericorum
1374 987 1407 1019 in
1431 987 1503 1020 loco
1529 988 1671 1031 quodam
1702 989 1890 1032 particulari

1154 1038 1195 1079 ob
1220 1049 1331 1073 euram
1355 1040 1544 1081 animarum,
1563 1045 1617 1073 aut
1641 1040 1705 1073 alia
1730 1041 1769 1075 de
1793 1043 1890 1075 causa

1153 1091 1356 1133 ordinanda,
1380 1087 1569 1137 >superiores
1605 1094 1702 1127 huius
1727 1094 1889 1136 instituti,

1154 1145 1275 1178 tamdiu
1299 1145 1406 1179 media
1429 1146 1615 1190 necessaria
1639 1157 1699 1191 pro
1724 1148 1827 1182 altero
1845 1159 1891 1182 sa-

1153 1198 1287 1231 cerdote
1319 1198 1584 1240 subministrent,
1611 1200 1766 1243 quamdiu
1792 1201 1889 1234 huius

1152 1251 1290 1285 instituti
1322 1253 1508 1286 sacerdotes
1543 1252 1576 1286 in
1609 1253 1663 1287 tali
1696 1254 1768 1287 loco
1793 1264 1890 1289 curae

1152 1304 1331 1337 animarum
1353 1305 1568 1350 praefuerint.
1591 1305 1629 1340 Et
1653 1306 1730 1350 quia
1749 1306 1889 1341 aliorum

1153 1362 1202 1389 est
1233 1357 1393 1391 similibus
1432 1359 1654 1392 sacerdotibus
1684 1370 1795 1393 curam
1822 1359 1891 1394 ani-

1152 1421 1275 1446 marum
1306 1412 1493 1454 gerentibus
1525 1413 1651 1446 vivendi
1681 1413 1790 1447 media
1816 1413 1891 1447 suh-

1152 1464 1352 1507 ministrare;
1366 1465 1440 1499 ideo
1460 1466 1629 1509 speciatim
1650 1471 1682 1499 et
1702 1466 1890 1501 authentice

1152 1518 1330 1551 cavendum
1354 1529 1395 1551 ne
1416 1529 1453 1552 ex
1478 1519 1540 1552 hac
1564 1519 1704 1562 gratuita
1721 1519 1890 1554 alimento-

1154 1581 1224 1603 rum
1250 1571 1550 1605 subministratione
1565 1599 1572 1612 ,
1601 1583 1660 1615 pro
1683 1582 1889 1617 quocumque

1153 1624 1260 1657 futuro
1287 1630 1442 1669 tempore,
1460 1625 1608 1659 instituto
1630 1626 1790 1669 quaedam
1811 1627 1888 1660 obli-

1152 1677 1237 1720 gatio
1257 1677 1457 1721 imponatur.

1196 1741 1257 1764 xxi.
1284 1731 1513 1774 Eleemosynae
1549 1742 1609 1775 pro
1645 1731 1801 1765 varietate
1838 1733 1887 1766 vel

1152 1784 1313 1826 religiosis
1339 1785 1387 1817 vel
1413 1784 1484 1817 aliis
1509 1784 1686 1825 faciendae,
1710 1796 1746 1818 ex
1772 1785 1888 1819 mediis

1152 1837 1227 1870 huic
1259 1837 1483 1871 communitati
1516 1837 1690 1880 obligatis,
1717 1849 1734 1871 a
1758 1838 1886 1872 clericis

1151 1889 1362 1930 beneficiatis,
1382 1890 1471 1922 iuxta
1488 1891 1578 1932 leges
1595 1890 1793 1924 christianae
1813 1891 1886 1924 cha·

1151 1943 1255 1976 ritatis
1273 1948 1305 1976 et
1318 1943 1406 1977 iuxta
1427 1944 1589 1977 dictamen
1606 1944 1800 1987 prudentiae
1817 1944 1886 1978 fieri

1151 2001 1304 2040 possunt;
1331 1996 1519 2039 specialiter
1544 2001 1650 2030 tamen
1675 1997 1828 2031 suadetur
1853 2002 1887 2030 ut

1151 2050 1360 2093 parochianis
1391 2050 1455 2083 suis
1489 2050 1710 2093 indigentibus
1740 2060 1800 2094 pro
1836 2061 1886 2083 ra-

1152 2105 1239 2139 tione
1263 2105 1450 2138 reddituum
1474 2114 1606 2138 suorum
1630 2114 1708 2147 prae
1733 2104 1805 2138 aliis
1830 2103 1886 2138 be·

1151 2159 1249 2201 nigne
1273 2158 1442 2192 subvenire
1467 2158 1629 2191 studeant,

1194 2222 1271 2246 xx11.
1299 2212 1387 2245 Bona
1412 2210 1653 2244 communitatis
1688 2211 1720 2244 in
1749 2212 1811 2244 una
1836 2219 1886 2244 ar-

1152 2264 1347 2298 chidioecesi
1373 2264 1673 2307 correspondente,
1698 2264 1804 2307 quoad
1828 2263 1885 2297 do-

1152 2329 1237 2351 mum
1277 2317 1488 2351 emeritorum
1519 2322 1552 2350 et
1585 2316 1782 2357 iuventutis,
1815 2327 1886 2350 eum

1152 2372 1346 2415 quibusdam
1379 2370 1586 2404 dioecesibus
1612 2369 1756 2403 eiusdem
1780 2369 1886 2403 archi-

1152 2425 1320 2465 dioecesis,
1339 2424 1384 2457 uti
1402 2424 1500 2457 etiam
1523 2422 1630 2456 media
1654 2422 1813 2456 dioecesis
1830 2433 1886 2466 po-

1152 2479 1295 2521 pulosae.
1323 2488 1406 2521 quae
1430 2476 1597 2521 propriam
1616 2476 1744 2509 domum
1769 2476 1870 2509 emeri

1153 2536 1256 2563 torum
1294 2535 1325 2563 et
1358 2529 1533 2562 iuventutis
1560 2529 1675 2567 habet,
1701 2528 1734 2561 in
1770 2528 1884 2561 eadem

1128 2583 1309 2628 .applieari
1335 2583 1477 2620 debent.
1504 2591 1563 2616 nec
1588 2586 1743 2625 possunt,
1769 2591 1827 2625 per
1851 2590 1885 2613 se

1902 197 1952 226 An.
1968 197 1997 226 C.
2020 199 2085 228 1683
