2111 3157
0 168 44 196 Aa.
59 167 88 195 c.
112 157 178 196 ¹678

758 167 969 193 INNOCENTIL'S
989 168 1020 191 XI
1045 168 1093 191 Pr.

185 216 397 256 secretarios;
434 227 516 260 quos
553 216 655 249 felicis
684 215 914 249 recordationis

185 267 322 302 Calixtus
354 269 391 301 ΠΙ
426 274 457 301 et
490 269 563 301 Pius
593 269 617 301 Il
653 269 914 311 praedecessores

184 321 286 353 nostri
310 331 347 353 ex
372 321 468 353 certis
485 321 585 353 causis
605 320 644 353 ad
670 330 837 352 numerum
861 329 914 350 sex

184 373 399 412 reduxerunt3
424 373 630 419 postmodun]
648 371 749 404 felicis
769 371 916 403 recorda-

185 425 281 457 tionis
310 425 516 457 Innocentius
546 424 619 463 Vlll,
645 423 795 456 similiter
826 432 917 465 prae-

186 478 335 510 decessor
366 483 483 516 noster,
518 481 553 508 ut
577 475 685 509 decori
711 481 742 508 et
766 474 917 507 universi·

186 530 242 563 tati
259 530 401 563 eiusdem
423 530 512 562 Sedis
531 535 562 562 et
579 529 699 567 Curiae,
718 539 753 560 ac
771 527 915 567 faciliori,

187 582 348 623 celeriori,
381 582 577 625 diligentiori
608 588 640 614 et
663 582 764 623 magis
789 590 918 613 accura-

186 639 236 668 tae
259 634 457 678 expeditioni
479 635 628 667 Brevium
657 635 854 676 aliarumque
869 633 918 665 lit-

185 692 327 720 terarum
351 687 601 730 apostolicarum
631 691 814 729 opportune
841 695 918 718 con-

186 741 357 779 suleretur,
395 751 432 772 ac
467 740 563 773 etiam
592 745 627 772 ut
651 739 811 782 aliquibus
843 743 918 770 tunc

185 792 320 826 nimium
343 792 532 835 urgentibus
549 792 698 825 Gamerae
713 791 916 835 Apostolicae

186 845 374 887 indigentiis
399 850 633 882 occurreretur,
653 844 763 877 decem
790 849 822 875 et
846 848 918 876 octo

187 897 266 930 alios
295 897 392 939 elegit
411 908 468 930 seu
492 897 665 940 assumpsit
691 907 725 929 ac
746 896 919 939 deputavit,

136 949 138 951 ’
188 949 306 982 adeout
339 948 470 982 insimul
495 959 565 981 cum
594 949 744 992 praefatis
770 959 824 981 sex
856 948 918 980 iam

25 1797 78 1843 ⁶lunii
100 1796 185 1823 priv-lo-

11 1830 23 1848 fl
33 1830 52 1843 n.

188 1001 371 1035 extantibus
387 1001 560 1043 collegium
583 1002 694 1043 viginti
715 1006 853 1044 quatuor
870 1011 919 1033 sc-

187 1053 398 1087 eretariorum
433 1054 684 1092 constituerent,
719 1053 823 1085 eidem
859 1053 919 1085 col-

187 1106 274 1148 legio
293 1110 321 1138 et
343 1105 525 1138 secretariis
543 1105 687 1138 diversos
709 1115 833 1137 annuos
854 1105 920 1137 red-

189 1157 283 1197 ditus,
299 1163 331 1190 et
353 1158 572 1190 emolumenta
595 1157 680 1189 inter
704 1157 848 1199 singulos
873 1167 920 1189 se-

189 1210 342 1243 cretarios
360 1219 419 1252 pro
446 1215 588 1252 tempore
610 1209 786 1242 existentes
811 1208 921 1251 aequis

190 1262 393 1306 portionibus
425 1261 596 1294 dividenda
631 1266 662 1293 et
687 1261 920 1301 distribuenda,

189 1313 384 1356 assignando
409 1319 441 1346 et
463 1313 669 1356 applicando,
686 1323 806 1356 eosque
827 1314 923 1346 etiam

190 1367 331 1400 creando
355 1376 448 1398 veros
472 1365 581 1408 palatii
607 1365 775 1408 apostolici
799 1367 925 1408 praela-

191 1424 240 1452 tos
265 1430 302 1452 ac
331 1419 505 1451 familiares
527 1424 559 1451 et
576 1418 745 1451 continuos
761 1429 925 1451 commen-

192 1474 284 1512 sales,
310 1472 453 1514 aliasque
485 1473 596 1514 plures
631 1471 677 1504 eis
713 1472 924 1505 concedendo

192 1526 432 1568 praerogativas
466 1529 498 1556 et
521 1523 793 1566 praeeminentias
830 1524 925 1557 latius

192 1582 360 1610 contentas
384 1576 416 1609 in
441 1577 509 1610 eius
538 1577 765 1610 constitutione
790 1578 848 1609 sub
874 1578 928 1610 da-

194 1681 332 1715 minicae
348 1682 579 1714 incarnationis
600 1691 804 1722 iicntxxxvu,
825 1683 926 1725 pridie

194 1734 349 1766 kalendas
373 1733 522 1773 ianuarii,
539 1732 743 1775 pontificatus
761 1744 844 1766 anno
863 1745 893 1767 iv
906 1733 926 1766 ¹.

239 1787 254 1832 ἓ
278 1785 308 1818 2.
332 1785 369 1818 Et
387 1785 549 1828 quoniam,
575 1785 690 1817 intuitu
716 1786 871 1818 dictorum
900 1797 930 1819 e-

195 1839 469 1872 molumentorum
494 1838 598 1870 eidem
624 1838 764 1880 collegio
790 1839 931 1882 applica-

196 1898 312 1930 torum,
331 1890 370 1923 ab
394 1890 450 1922 illo
467 1900 526 1933 pro
547 1890 755 1923 subventione
774 1891 929 1924 dictarum

195 1944 380 1986 urgentium
405 1941 634 1974 necessitatum
660 1942 811 1975 Gamerae
830 1949 861 1976 et
877 1944 931 1976 Se-

197 1996 246 2030 dis
265 1995 468 2038 Apostolicae
492 1994 596 2027 suerat
615 1997 781 2038 persoluta
810 2007 931 2029 sumina

197 2048 363 2091 sexaginta
395 2047 531 2080 duorum
566 2048 703 2080 millium
737 2054 768 2081 et
793 2055 932 2092 quatuor

197 2107 327 2136 centum
353 2101 559 2140 florenorum,
581 2111 637 2133 seu
657 2101 842 2135 ducatorum
863 2103 930 2135 auri

197 2155 236 2188 de
261 2156 402 2193 cameram
442 2153 565 2187 idcirco
601 2153 688 2187 idem
726 2155 931 2188 Innocentius

197 2207 428 2250 praedecessor
459 2205 572 2237 statuit
595 2211 626 2239 et
651 2207 803 2247 decrevit,
830 2209 928 2250 quod,

198 2259 230 2291 in
254 2262 404 2291 eventum
429 2258 460 2289 in
488 2268 583 2300 quem
604 2259 741 2301 praefati
767 2260 862 2292 officii
881 2271 931 2293 rc-

198 2311 321 2344 vocatio
354 2315 409 2342 aut
433 2310 581 2343 alteratio
606 2317 805 2354 sequeretur,
837 2313 930 2345 razii-

200 2363 245 2395 tui
270 2362 406 2395 deberet
427 2362 555 2404 integra
579 2363 662 2395 dicta
687 2374 808 2396 summa
839 2375 929 2397 sexa-

200 2416 287 2458 ginta
311 2415 449 2448 duorum
474 2415 609 2448 millium
641 2421 673 2448 et
697 2422 833 2459 quatuor
857 2428 930 2450 ceu-

201 2474 269 2501 tum
295 2468 482 2501 ducatorum
518 2468 556 2501 de
592 2472 732 2508 camera,
758 2469 789 2501 in
815 2470 929 2512 quilius

237 2530 249 2556 ¹
270 2528 352 2560 Quam
372 2528 430 2555 vide
449 2529 474 2554 in
495 2532 557 2555 tom.
579 2536 604 2561 v,
625 2538 686 2564 pag.
707 2530 758 2557 330
779 2531 816 2565 (n.
833 2532 880 2565 ⁸12).

307 2582 384 2610 Buil.
399 2582 483 2610 Rom.
495 2597 528 2602 --
547 2582 608 2610 Vol.
625 2583 699 2611 XIX.
862 2583 894 2611 12

957 217 1044 248 nullo
1076 214 1172 249 mado
1206 212 1358 257 imputari
1394 216 1528 257 possent
1564 214 1688 246 emolu-

956 272 1063 299 menta
1087 266 1215 298 inierim
1247 270 1412 309 percepta,
1441 265 1501 297 sibi
1528 266 1687 297 reservata

956 319 1104 351 facultate
1122 319 1217 351 alium
1232 317 1407 361 deputandi
1426 317 1458 349 in
1476 317 1687 350 secretarium

956 371 1178 410 domesticum,
1203 376 1237 403 ut
1254 371 1373 413 pariter
1397 370 1493 402 latius
1517 369 1550 402 in
1575 370 1688 402 eadem

956 423 1183 455 constitutione
1200 422 1393 455 continetur.
1420 422 1499 460 Quia
1516 432 1592 454 vero
1610 432 1690 454 non-

957 474 1035 507 nulli
1060 475 1232 517 cupiebant
1256 475 1350 507 variis
1375 475 1478 508 modis
1496 474 1535 507 ad
1560 479 1690 507 antece-

958 527 1036 559 dens
1073 527 1212 560 officium
1248 527 1474 559 secretariatus
1513 528 1690 560 ascendere

957 585 1085 622 praeter
1120 579 1262 612 eiusdem
1295 579 1457 612 Pontificis
1494 579 1690 612 desiderium

958 643 995 664 ac
1019 633 1237 671 voluntatem,
1272 642 1352 674 quae
1385 632 1444 663 fuit
1474 638 1509 663 ut
1539 632 1579 664 ad
1610 632 1692 665 illud

959 695 1024 717 non
1049 685 1298 717 admitterentur
1322 684 1382 716 nisi
1409 694 1567 726 personae
1593 685 1694 727 quali-

960 737 1070 770 ficatae
1089 743 1150 770 tani
1165 743 1267 770 aetate
1285 748 1379 780 quam
1410 737 1569 777 doctrina,
1589 748 1693 780 quem-

960 790 1132 822 admodum
1161 789 1265 832 ipsum
1298 789 1439 822 officium
1465 789 1622 832 requirit;
1649 790 1696 822 id-

960 843 1044 874 circo
1069 842 1155 874 idem
1180 842 1386 874 Innocentius
1425 852 1482 884 per
1514 841 1593 874 alias
1626 842 1695 874 eius

960 895 1081 927 litteras
1120 895 1152 927 in
1193 895 1292 927 forma
1327 894 1459 934 Brevis,
1486 895 1545 926 sub
1585 894 1695 927 datum

939 947 1106 986 ¹Romae,
1139 947 1225 990 apud
1265 947 1295 980 S.
1324 947 1463 986 Petrum,
1490 957 1500 980 1
1544 947 1696 979 februarii

957 1009 1180 1038 nianxxxvni,
1220 1010 1304 1032 anno
1347 999 1469 1042 pariter
1504 1010 1562 1039 1v,
1589 1000 1699 1032 statuit

961 1052 1047 1094 quod
1072 1052 1178 1084 nullus
1205 1052 1243 1084 ad
1276 1051 1362 1084 idem
1389 1050 1532 1083 officium
1558 1061 1702 1089 assume,

961 1111 1010 1137 tur
1034 1105 1095 1137 nisi
1119 1104 1208 1147 prius
1237 1104 1276 1136 ab
1308 1104 1422 1136 eodem
1444 1103 1586 1146 collegio
1606 1116 1699 1148 prac-

961 1158 1011 1191 vio
1039 1157 1186 1190 examine
1218 1157 1414 1199 approbatus
1447 1161 1479 1188 et
1513 1163 1698 1200 acceptatus

964 1210 1068 1242 fuerit.
1088 1209 1142 1242 Cui
1168 1209 1300 1251 quidem
1327 1208 1464 1250 collegio
1483 1209 1536 1242 alii
1562 1210 1698 1244 Romani

964 1261 1135 1295 Pontifices
1160 1271 1361 1294 successores
1382 1266 1413 1293 et
1436 1261 1583 1294 similiter
1607 1273 1700 1305 prae-

965 1315 1154 1347 decessores
1180 1313 1281 1346 nostri
1307 1314 1450 1356 praefata
1475 1314 1643 1356 privilegia
1667 1320 1700 1348 et
1742 1315 1749 1321 '

965 1367 1204 1410 praerogativas
1230 1366 1472 1399 confirmarunt.
1509 1367 1701 1411 Exortisque

967 1419 1083 1452 deinde
1109 1419 1271 1462 aliquibus
1297 1420 1532 1457 controversiis,
1548 1430 1606 1462 pro
1632 1420 1702 1453 illa-

967 1483 1036 1504 rum
1061 1472 1294 1514 compositione
1320 1477 1351 1503 et
1382 1472 1607 1505 terminatione
1634 1473 1704 1506 feli·

968 1525 1011 1557 cis
1036 1524 1270 1557 recordationis
1297 1524 1371 1556 Pius
1395 1524 1430 1563 V,
1457 1524 1567 1557 itidem
1593 1531 1703 1558 noster

947 1617 948 1622 ¹
968 1577 1209 1620 praedecessor,
1227 1586 1285 1619 per
1303 1576 1372 1608 eius
1388 1581 1507 1608 motum
1523 1578 1702 1620 proprium,

193 1635 260 1662 tuin
287 1629 405 1662 Romae
430 1629 515 1672 apud
540 1629 570 1662 S.
599 1629 726 1662 Petrum
758 1640 842 1663 anno
869 1630 948 1663 Do-Z

969 1630 1027 1662 sub
1042 1630 1150 1661 (latum
1165 1629 1293 1667 Romae,
1309 1628 1392 1671 apud
1402 1628 1433 1661 S.
1448 1629 1703 1672 Petrum‚pridic

971 1693 1070 1715 nonas
1087 1681 1169 1721 maii,
1191 1692 1274 1714 anno
1293 1691 1333 1720 vi,
1352 1682 1545 1724 quamplura
1559 1682 1705 1716 eiusdem

970 1734 1097 1776 collegii
1119 1734 1226 1766 favore
1251 1734 1362 1766 statuit
1386 1739 1418 1766 et
1443 1734 1595 1775 decrevit,
1611 1746 1705 1779 prae-

970 1787 1080 1819 sertim
1115 1791 1149 1818 ut
1181 1786 1261 1818 haec
1293 1786 1400 1818 oflicia
1432 1786 1523 1819 nullo
1563 1798 1706 1831 unquam

972 1846 1116 1882 tempore
1152 1849 1210 1881 per
1245 1839 1405 1872 Romanos
1438 1839 1609 1873 Pontifices
1645 1851 1705 1883 pro

972 1897 1117 1935 tempore
1153 1892 1328 1925 existentes
1364 1892 1533 1933 revocari,
1568 1893 1705 1935 reduci,

972 1945 1100 1978 alterari
1137 1951 1191 1977 aut
1224 1945 1406 1985 moderari,
1441 1956 1497 1978 seu
1531 1947 1706 1989 collegium
1752 1943 1755 1946 ’

972 1998 1078 2041 ipsum
1094 1997 1249 2041 supprimi
1262 1999 1310 2031 vel
1329 1998 1470 2040 extingui
1489 2004 1630 2041 possent,
1646 1999 1706 2032 nisi

972 2050 1125 2082 restitutis
1156 2049 1244 2092 prius
1268 2049 1399 2082 realiter
1429 2055 1557 2082 etcum
1589 2050 1706 2084 effectu

972 2102 1106 2144 singulis
1130 2101 1314 2134 secretariis
1347 2106 1423 2134 tunc
1446 2102 1625 2135 viventibus
1659 2103 1708 2135 in-

973 2160 1061 2196 tegre
1088 2160 1118 2187 et
1143 2156 1266 2197 absque
1291 2155 1357 2186 ulla
1383 2154 1595 2187 diminutione
1613 2166 1707 2199 pecu-

973 2208 1033 2240 niis
1058 2218 1116 2251 pro
1143 2207 1258 2250 quibus
1285 2217 1341 2239 eos
1367 2207 1473 2239 officia
1506 2208 1623 2240 emisse
1655 2214 1709 2241 aut

974 2259 1126 2292 habuisse
1153 2259 1351 2291 constiterit·
1378 2259 1511 2292 Demum
1534 2271 1611 2293 vero
1637 2261 1707 2294 aliis

973 2313 1093 2345 exortis
1119 2312 1349 2345 controversiis
1376 2312 1460 2345 inter
1491 2313 1576 2346 idem
1612 2316 1709 2347 colle-

973 2365 1059 2408 gium
1077 2370 1108 2398 ct
1133 2365 1312 2408 praefatum
1330 2365 1540 2398 secretarium
1560 2367 1709 2400 domesti-

972 2429 1052 2458 cum,
1075 2417 1178 2450 felicis
1196 2418 1429 2450 recordationis
1448 2418 1552 2451 Sixtus
1565 2419 1599 2460 V,
1619 2431 1709 2463 prae·

972 2472 1020 2503 via
1056 2470 1216 2503 narrativa
1253 2472 1340 2513 quod
1378 2471 1411 2504 in
1447 2472 1532 2505 dicto
1567 2473 1707 2516 collegio

973 2523 1166 2565 virtutibus,
1201 2524 1401 2568 experientia
1432 2536 1468 2559 ac
1503 2536 1562 2559 usu
1599 2536 1708 2561 rerum

1610 155 1653 189 69
1696 164 1746 193 Aa.
1767 164 1794 192 c.
1813 164 1880 192 ¹678
