2111 3157
127 193 176 218 Λη.
192 191 220 218 e.
243 190 310 220 msc
355 182 419 217 ssssss

148 1740 237 1768 Species
250 1740 305 1762 tacti.

321 241 504 274 cessoribus
543 240 662 272 nostris
691 238 727 269 ad
754 243 880 279 teinpus
907 236 1059 268 nondum*

321 295 463 337 clapsum
485 294 530 326 rel
550 297 705 335 perpetue
729 290 900 322 duraturae
924 297 1054 320 conces-

321 358 373 380 sae
400 347 525 383 suerint,
553 349 740 388 praesentes
766 343 873 374 nullae
897 341 969 381 sint,
997 347 1053 372 ut-

320 410 382 442 que
398 398 580 431 carumdem
600 396 816 439 praesentium
837 393 1052 435 transumptis,

320 463 375 484 seu
400 451 578 493 exemistis,
613 450 707 481 etiam
733 448 896 491 impressis
914 475 921 487 ‚
959 457 1053 480 manu

319 505 452 538 alieuius
478 503 593 535 notarii
611 502 730 544 publici
749 501 797 533 vel
817 500 980 533 secretarii
1000 510 1054 541 ge-

318 557 438 590 neralis
454 557 527 589 dicti
542 555 668 588 Ordinis
682 554 879 597 subscriptis,
900 559 930 586 et
947 553 1053 595 sIgiIIo

319 610 455 642 ministri
484 609 647 652 generalis
680 608 822 641 eiusdem
851 606 979 639 Ordinis
1004 607 1051 638 vel

319 663 453 696 alicuius
479 672 639 705 personae
666 661 696 693 in
715 660 933 693 ecclesiastica
951 659 1055 701 digni:

318 722 382 749 tate
409 716 601 749 constitutae
627 715 768 753 munitis,
789 714 901 746 eadem
920 722 1053 756 prorsus

317 770 397 803 fides
429 770 550 813 ubique
581 770 727 801 Iocorum
759 767 938 805 habeatur,
973 775 1053 808 quae

316 822 396 865 ipsis
421 821 646 865 praesentibus
672 821 848 853 haberetur
884 819 910 851 si
948 819 1053 851 forent

318 875 479 908 exhibitae
504 875 552 907 vel
579 879 743 907 ostensae.

361 929 473 962 Datum
486 929 616 966 Romae,
629 927 712 970 apud
722 927 752 959 S.
768 927 910 966 Petrum,
925 926 985 958 sub
999 935 1055 958 an-

317 982 394 1014 nulo
415 980 596 1018 piscatoris,
617 981 667 1012 die
685 990 745 1012 xxx
761 980 835 1012 maii
855 988 1052 1018 itinchxxw,

317 1034 525 1079 pontificatus
542 1033 643 1066 nostri
663 1044 747 1066 anno
766 1044 795 1065 x.

352 1097 408 1124 Dat.
426 1097 469 1124 die
485 1097 519 1124 30
539 1096 601 1123 maii
623 1095 701 1130 1686,
722 1095 819 1130 pontif.
841 1102 910 1121 anno
928 1100 955 1122 x.

609 1239 761 1273 CLXVIII.

317 1320 560 1364 Confirnmnlt.r
599 1320 724 1352 ‹tim-eta
767 1318 1054 1361 Conyreyctlz'omcm

360 1375 563 1419 reynlarium
589 1379 616 1407 el
642 1373 865 1406 inznzunitatis
881 1382 939 1415 pro
958 1382 1055 1403 esem-

358 1430 469 1472 ptr'onc
518 1427 724 1471 symticornm
769 1425 900 1459 Orch'ws
950 1423 1056 1456 sancti

361 1482 533 1516 Francisci
558 1481 595 1513 (lc
622 1479 832 1514 observantia
858 1489 875 1511 a
899 1479 968 1520 foro
988 1488 1054 1509 sae-

362 1537 500 1569 culari¹.

508 1614 704 1642 Innocentius
725 1615 802 1645 Papa
821 1612 870 1643 XI,

445 1661 481 1687 ad
500 1662 674 1693 perpetuam
694 1657 737 1684 rei
758 1657 936 1683 memmiam.

361 1732 375 1775 ἓ
393 1731 423 1762 ¹1.
445 1730 529 1762 Alia<
544 1739 602 1772 pro
621 1734 711 1771 parte
727 1726 834 1759 dilecti
854 1726 909 1758 filii
928 1724 1055 1757 Franci-

317 1785 360 1818 §ci
382 1784 495 1816 Mariae
521 1781 727 1824 Tagliuscrri,
753 1779 974 1823 procuratoris
999 1789 1054 1820 ge-

307 1839 436 1871 =neraIis
458 1837 584 1870 OrdInis
605 1837 738 1868 st'ssil'tltt]
768 1835 925 1866 Minorum
951 1832 1051 1865 sancti

316 1891 477 1925 francisci
504 1891 541 1923 de
560 1889 767 1922 Observantia
781 1892 1050 1930 nuncupatorum,

317 1944 566 1988 Congregatitmi
587 1941 823 1975 venerabilium
841 1941 972 1972 fratrum
995 1950 1052 1972 no-

317 2005 457 2032 sti-orum
485 1998 516 2030 S.
540 1998 575 2029 P..
600 1997 634 2028 E.
658 1994 870 2027 cardinalium
914 1993 1051 2036 negotiis

317 2060 348 2086 et
371 2050 662 2086 consultationilms
696 2049 922 2092 cpiscoporum
948 2053 977 2079 et
1002 2058 1052 2079 re-

317 2107 476 2149 gularium
517 2105 722 2149 praepositae
760 2102 923 2145 exposito,
965 2101 1049 2143 quod

318 2162 438 2195 dudum
472 2159 620 2193 nonnulli
648 2157 782 2190 Itomani
809 2154 992 2193 Pontifices,
1021 2159 1051 2186 et

317 2214 507 2258 praesertim
545 2212 646 2245 felicis
682 2208 916 2243 recordationis
951 2206 1048 2239 Nico-

317 2268 386 2301 Iaus
410 2267 458 2306 III,
490 2267 640 2299 Nicolaus
667 2264 710 2302 IV,
738 2262 890 2295 Martinus
907 2261 951 2299 IV,
974 2260 1052 2292 Mar—

319 2321 405 2352 tinus
432 2320 452 2351 V
479 2325 510 2352 ct
534 2318 696 2361 Eugmius
722 2316 756 2348 tv
782 2315 1050 2358 praedecessores

318 2373 433 2411 nostri,
457 2378 491 2404 ut
516 2382 589 2403 vera
622 2369 824 2403 observantia
854 2368 1051 2409 regulaeque

318 2426 440 2469 puritas
477 2425 507 2457 in
532 2424 649 2456 Ordine
677 2423 844 2466 [mattulis-to
871 2421 991 2463 rigeret
1022 2425 1051 2451 et

318 2480 420 2522 magis
446 2484 627 2519 augeretur,
655 2480 832 2520 Iratrcsque
859 2476 960 2519 ipsius
996 2473 1052 2506 Or-

357 2551 365 2576 1
390 2550 409 2574 Λ
429 2549 564 2575 Clemente
585 2547 626 2573 ΠΙ
653 2547 766 2582 exempti
788 2547 861 2572 sucre
881 2544 987 2573 constit.
1007 2544 1049 2571 ed.

319 2600 426 2628 mxxvi,
446 2593 488 2619 dic
510 2594 542 2619 1¹1
561 2593 661 2627 aprilis.
683 2596 754 2627 pont.
776 2598 814 2618 iu.

901 186 1081 211 minantum
1104 187 1256 210 Romami

1096 234 1179 266 dinis
1212 234 1251 266 ab
1284 234 1370 266 omni
1408 233 1553 266 dominio
1578 238 1610 266 et
1632 232 1833 277 proprietate

1096 286 1192 319 alieni
1218 293 1496 325 conservarentur,
1524 291 1703 319 statuerant
1727 291 1759 319 et
1782 296 1833 319 or-

1097 340 1295 378 dinaverant,
1320 344 1356 372 ut
1374 340 1549 383 unicuique
1567 338 1739 372 conventui
1757 339 1833 372 dicti

1096 392 1225 424 Ordinis
1265 392 1486 434 assignaretur
1520 403 1604 425 unus
1640 397 1834 435 procurator

1096 444 1161 477 sive
1194 445 1346 488 syndicus
1381 445 1587 489 apostolicus,
1627 444 1681 488 qui
1720 453 1833 478 omnes

1097 500 1317 541 eleemosynas
1353 504 1414 531 tam
1440 498 1647 542 pecuniarias
1678 509 1773 541 quam
1802 508 1835 531 a-

1098 551 1212 583 liarum
1237 562 1347 584 rerum
1372 552 1535 594 colligere,
1561 552 1698 594 illasque
1728 551 1834 584 solum

1098 604 1129 636 in
1154 605 1364 638 necessitates
1389 606 1519 638 fratrum
1538 605 1756 648 praefatorum
1780 614 1835 648 ap-

1098 658 1216 700 plicare
1233 658 1386 699 deberet;
1414 665 1445 692 et
1469 659 1607 692 subinde
1638 658 1834 692 recolendae

1099 712 1273 745 memoriae
1287 712 1435 745 Clemens
1453 713 1538 755 Papa
1554 712 1615 752 VII,
1634 712 1729 745 etiam
1747 721 1835 755 prae-

1098 764 1252 797 decessor
1275 771 1398 805 noster,
1425 766 1542 798 intuitu
1568 765 1726 804 laborum,
1752 774 1835 808 quos

1097 817 1253 850 eiusmodi
1271 818 1394 861 syndici
1413 819 1444 851 in
1463 818 1656 851 beneficium
1676 819 1834 851 dictorum

1099 871 1230 903 fratrum
1256 882 1460 914 quocumque
1493 877 1639 915 tempore
1669 876 1700 904 et
1725 872 1834 915 quavis

1099 924 1267 956 occasione
1297 924 1426 958 assidue
1457 925 1672 962 sustinebant,
1704 924 1836 958 eosdem

1098 977 1247 1020 syndicos
1274 988 1290 1010 a
1316 977 1386 1010 soro
1412 977 1570 1011 saeculari
1592 983 1767 1018 exemerat,
1782 987 1836 1010 vo-

1099 1031 1168 1063 lens
1199 1036 1233 1062 ut
1262 1031 1294 1063 in
1319 1030 1424 1064 causis
1460 1036 1522 1063 tarn
1549 1031 1696 1064 civilibus
1739 1041 1835 1074 quam

1099 1083 1322 1116 criminalibus
1356 1089 1388 1116 et
1418 1084 1527 1116 mixtis
1563 1084 1695 1117 nonnisi
1726 1090 1836 1117 coram

1100 1136 1258 1169 iudicibus
1273 1137 1555 1170 conservatoribus
1570 1137 1757 1170 eorumdem
1774 1137 1836 1170 sra-

1101 1195 1182 1222 trum
1208 1190 1363 1223 Minorum
1391 1191 1429 1223 de
1453 1190 1665 1227 Observantia
1679 1190 1724 1224 'de
1748 1190 1837 1224 iusti·

1100 1243 1142 1275 tia
1168 1249 1365 1284 tenerentur,
1383 1250 1414 1277 et
1439 1245 1529 1284 alias,
1554 1249 1653 1288 prout
1676 1243 1709 1276 in
1733 1243 1835 1287 ipsius

1099 1296 1272 1329 Clementis
1299 1298 1562 1340 praedecessoris
1586 1297 1704 1330 litteris
1739 1298 1834 1331 desu-

1099 1361 1156 1393 per
1181 1351 1212 1382 in
1238 1351 1333 1384 simili
1360 1352 1459 1384 forma
1484 1351 1593 1384 Brevis
1614 1351 1665 1384 die
1682 1362 1733 1385 κν]
1750 1351 1835 1395 apri-

1099 1404 1136 1437 lis
1176 1414 1294 1438 tttffixw
1347 1405 1505 1448 expeditis
1546 1404 1674 1448 plenius
1717 1405 1835 1438 dicitur

1099 1458 1275 1498 contineri,
1303 1469 1338 1491 ac
1362 1459 1395 1491 in
1414 1459 1523 1492 eadem
1542 1459 1741 1502 expositione
1758 1458 1834 1492 sub-

1100 1512 1220 1551 iuncto,
1245 1512 1329 1555 quod
1355 1513 1503 1546 nonnulli
1529 1513 1674 1546 dicerent
1704 1513 1834 1556 privile-

1100 1567 1185 1609 gium
1222 1568 1408 1601 huiusmodi
1446 1569 1478 1601 in
1515 1569 1621 1612 aliqua
1656 1569 1704 1601 sui
1743 1571 1836 1611 parte

1099 1623 1236 1666 amplius
1261 1623 1292 1655 in
1318 1633 1375 1655 usu
1398 1633 1461 1655 non
1482 1633 1564 1663 esse,
1584 1624 1638 1656 alii
1655 1634 1729 1657 vero
1746 1633 1824 1667 prae

1100 1677 1278 1715 tenderent,
1306 1677 1385 1710 illud
1412 1677 1551 1719 syndicis
1576 1678 1760 1720 praedictis,
1785 1689 1835 1713 ra·-

1100 1731 1184 1762 tione
1210 1740 1321 1762 eorum
1346 1730 1440 1763 officii
1467 1735 1601 1769 tantum,
1631 1741 1695 1764 non
1727 1737 1834 1766 autem

1097 1784 1141 1816 uti
1169 1784 1284 1816 talibus
1321 1784 1477 1826 personis,
1504 1789 1709 1827 competere;
1746 1785 1834 1819 unde

1098 1837 1192 1869 flebat
1223 1842 1257 1869 ut
1292 1837 1406 1869 fratres
1445 1837 1623 1879 praedicti,
1661 1848 1725 1871 non
1762 1839 1833 1872 sine

1097 1890 1295 1934 paupertatis
1321 1896 1351 1923 ct
1369 1891 1501 1931 regulae
1520 1901 1614 1933 quam
1633 1891 1832 1934 profitentur,

1097 1954 1291 1987 suarumque
1316 1943 1589 1976 conscientiarum
1624 1944 1831 1987 detrimento,

1097 1997 1256 2030 neminem
1282 1996 1419 2040 amplius
1443 1997 1590 2040 reperire
1611 2003 1752 2040 possent,
1778 1997 1831 2042 qui

1096 2060 1205 2082 eorum
1231 2049 1353 2093 syndici
1380 2049 1453 2082 ‘sire
1479 2050 1697 2092 procuratoris
1716 2061 1832 2084 munus

1096 2103 1126 2134 in
1152 2113 1185 2135 se
1211 2102 1391 2145 suscipere,
1419 2113 1557 2146 cumque
1582 2104 1727 2137 laborem
1743 2113 1834 2137 assu—

1095 2166 1181 2188 mere
1205 2157 1337 2195 vellent,
1364 2156 1503 2199 ideoque
1530 2166 1588 2199 pro
1619 2160 1711 2199 parte
1741 2166 1834 2200 prae·

1097 2208 1148 2240 sati
1176 2208 1336 2240 Francisci
1363 2208 1477 2240 Mariae
1500 2209 1719 2251 procuratoris
1736 2218 1834 2251 gene·

1840 183 1891 210 An.
1911 181 1941 209 C.
1958 183 2024 212 108⁰

1097 2261 1170 2294 ralis
1196 2261 1299 2293 dictae
1335 2261 1584 2303 Cone-rogationi
1618 2260 1854 2298 cardinalium,

1096 2314 1288 2356 supplicato,
1326 2319 1362 2346 ut
1397 2324 1461 2346 non
1501 2314 1604 2346 solum
1639 2312 1831 2346 auctoritate

1095 2367 1271 2409 apostolica
1300 2366 1548 2400 confirmaretur
1581 2367 1702 2400 dietum
1735 2365 1839 2410 priviae

1096 2420 1224 2462 legium,
1256 2421 1312 2453 sed
1338 2421 1435 2453 ctiam
1468 2420 1548 2453 illud
1583 2419 1737 2463 syndicis,
1765 2419 1846 2453 sive‘

1095 2473 1359 2517 procuratoribus
1396 2472 1594 2514 huiusmodi,
1630 2473 1677 2505 uti
1714 2472 1831 2505 talibus

1095 2527 1245 2569 personis
1270 2532 1453 2570 competere
1484 2526 1721 2559 declararetur:
1747 2535 1832 2559 ema·

1094 2579 1178 2612 navit
1202 2581 1240 2612 ab
1266 2580 1378 2613 eadem
1403 2579 1658 2623 Congregatione
1684 2578 1831 2627 cardina-
