2111 3157
187 207 236 235 An.
253 206 282 235 c.
307 206 373 235 ¹679
420 198 483 232 ⁶200

379 266 417 290 111
442 256 577 289 ianuarii
601 266 752 296 iintxxnr,
776 256 862 289 idem
887 255 1060 299 Gregorius
1086 267 1118 289 e-

380 310 518 353 largitur
532 310 750 343 confratribus
764 309 1040 342 confraternitatis
1053 320 1119 342 ere-

380 368 450 396 ctae
474 363 507 395 in
533 363 670 396 ecclesia
694 362 955 395 Praedicatorum
981 362 1116 396 civitatis

380 416 563 459 Papiensis,
590 427 650 458 pro
677 416 822 458 qualibet
848 416 899 448 die
925 427 988 459 qua
1012 416 1119 448 visita-

380 469 485 501 verint
509 469 689 511 cappellam
715 478 774 500 seu
799 469 900 501 altare
921 468 975 501 SS.
994 469 1117 501 Bosarii

380 523 411 554 in
439 522 580 564 praefata
605 522 751 562 ecclesia,
770 527 899 554 centurn
921 522 989 555 dies
1014 523 1118 554 indul-

380 574 517 617 gentiae,
538 575 663 607 orando
681 574 780 607 Deum
804 581 840 607 ut
859 586 967 618 supra.
982 575 1118 617 Insuper

380 627 529 660 concedit
565 627 803 670 indulgentiam
830 629 1009 671 plenariam
1034 639 1113 661 con-

379 680 532 713 fratribus
543 681 686 713 eiusdem
699 681 975 714 confraternitatis
987 682 1117 724 Papien-

378 734 432 774 sis,
460 734 513 777 qui
529 735 642 767 devote
661 734 861 768 visitaverint
881 735 999 767 dictum
1018 737 1116 768 altare

377 797 436 819 seu
461 789 641 831 cappellam
661 787 692 820 in
707 788 852 831 praefata
870 787 1005 820 ecclesia
1020 788 1115 821 tertia

378 840 540 873 dominica
573 841 685 883 aprilis
720 846 752 873 et
781 841 885 883 prima
910 842 1072 881 octobris,
1099 853 1115 874 a

377 893 490 936 primis
515 893 657 936 vesperis
681 904 784 936 usque
803 895 842 926 ad
862 905 1010 927 occasum
1028 895 1115 933 solis,

378 947 555 979 dummodo
582 957 658 979 vere
684 946 890 989 poenitentes
915 953 947 980 et
976 947 1114 980 confessi

377 1009 413 1031 ac
437 1001 530 1032 sacra
554 999 784 1032 communione
821 1000 933 1032 refecti
963 1004 998 1032 ut
1022 1011 1116 1043 prae-

377 1051 480 1084 fertur
505 1052 680 1084 oraverint.

419 1115 450 1137 v.
476 1105 564 1138 Idem
596 1105 772 1147 Gregorius
805 1105 838 1137 in
870 1105 963 1138 Brevi
987 1105 1116 1148 Eas-poni

375 1158 476 1197 nobis,
502 1168 511 1190 1
536 1158 679 1191 octobris
699 1168 860 1197 MDLxxvm
893 1158 1043 1191 concedit
1066 1159 1115 1190 in-

376 1211 577 1252 dulgentiam
604 1210 784 1253 plenariam
809 1211 958 1243 omnibus
994 1216 1026 1243 et
1050 1212 1115 1243 sin-

375 1263 459 1305 gulis
473 1264 639 1306 utriusque
656 1274 749 1296 sexus
763 1263 1115 1307 christifidelibus,qui,

375 1326 450 1348 vere
475 1317 682 1359 poenitentes
708 1321 740 1349 et
764 1316 912 1356 confessi,
938 1317 1039 1360 prima
1061 1318 1116 1350 do-

374 1369 493 1401 minica
518 1369 641 1402 mensis
664 1369 807 1402 octobris
832 1370 946 1403 devote
973 1370 1116 1403 visitave-

374 1423 448 1461 rint,
474 1434 491 1455 a
515 1422 629 1465 primis
660 1423 802 1466 vesperis
828 1434 931 1466 usque
957 1424 996 1456 ad
1024 1435 1115 1456 occa-

374 1486 445 1509 sum
470 1476 548 1509 solis
569 1476 714 1508 eiusdem
733 1476 927 1516 dominicae,
945 1478 1113 1510 ecclesiam

374 1529 405 1562 S.
433 1529 547 1561 Mariae
573 1539 670 1572 super
694 1529 868 1562 Minervam
895 1530 934 1562 de
960 1529 1055 1570 Urbe,
1084 1536 1114 1562 et

374 1582 418 1615 ibi
443 1593 503 1626 pro
529 1582 712 1625 principum
737 1583 920 1623 concordia,
948 1589 1023 1622 etc.,
1045 1584 1112 1626 pias

374 1636 412 1669 ad
437 1636 538 1669 Deum
563 1646 679 1678 preces
704 1636 890 1669 effuderint.

415 1699 460 1722 vt.
487 1690 659 1722 Praeterea
683 1689 768 1722 idem
794 1689 939 1722 Pontifex
965 1689 997 1721 in
1023 1690 1112 1722 Brevi

373 1742 522 1775 Pastoris
545 1743 680 1782 aeterni,
704 1742 756 1775 die
774 1754 790 1774 v
807 1742 882 1774 maii
899 1753 1049 1781 MDLxe
1068 1743 1114 1775 inm

375 1795 575 1837 dulgentiam
602 1794 780 1838 plenariam
797 1795 947 1827 concedit
963 1795 1113 1827 omnibus

374 1848 593 1881 confratribus
611 1854 792 1882 erectarum
811 1848 1111 1881 confraternitatum

373 1901 512 1941 Rosarii,
539 1902 592 1944 qui
610 1912 683 1934 vere
700 1902 905 1945 poenitentes
923 1907 954 1934 et
971 1903 1111 1935 confessi

374 1965 410 1987 ac
434 1955 652 1988 sacratissima
667 1954 897 1987 communione
924 1954 1113 1993 refecti,de-

375 2012 446 2040 vote
472 2008 672 2040 visitaverint
697 2008 878 2050 cappellam
904 2006 958 2039 SS.
986 2007 1110 2039 Ilosarii

373 2060 439 2093 illis
464 2060 592 2099 dicbus,
621 2061 740 2103 quibus
758 2060 866 2102 aliqua
884 2060 1036 2103 mysteria
1051 2060 1112 2092 Ro-

373 2113 446 2145 sarii
473 2113 693 2152 celebrantur,
720 2118 752 2145 et
768 2112 971 2155 processioni
990 2112 1111 2155 primae

373 2167 555 2200 dominicae
572 2166 746 2199 cuiuslibet
759 2166 878 2198 mensis
891 2166 1108 2198 interfuerint.

416 2230 470 2252 vn.
498 2220 646 2252 Clemens
671 2219 735 2252 VIII
760 2219 792 2252 in
817 2219 911 2252 Brevi
931 2218 1111 2251 Salvatorz‘s

373 2276 402 2305 et
427 2273 558 2305 Domini
582 2273 707 2313 nostri,
734 2282 789 2305 x111
815 2271 950 2304 ianuarii
976 2281 1108 2310 unxcu,

373 2325 532 2367 elargitur
556 2325 734 2368 plenariam
764 2325 1002 2367 indulgentiam
1028 2335 1108 2357 con-

373 2379 528 2410 fratribus
547 2378 824 2410 confraternitatis
843 2377 966 2410 Rosarii
982 2382 1110 2410 erectae

373 2431 406 2464 in
430 2431 569 2464 ecelesia
595 2431 857 2464 Praedicatorum
875 2430 1014 2471 Divioni‚
1037 2441 1110 2463 vere

373 2484 614 2529 poenitentibus
635 2490 666 2517 et
683 2485 839 2517 confessis
860 2495 895 2517 ac
915 2486 1005 2517 sacra
1025 2494 1112 2516 com-

373 2539 527 2572 munione
564 2538 714 2578 refectis,
740 2539 794 2581 qui
820 2539 934 2570 devote
966 2537 1112 2570 visitave-

371 2592 437 2625 rint
461 2593 642 2637 cappellam
667 2602 723 2625 seu
743 2592 843 2625 altare
863 2590 988 2624 Rosarii
1007 2590 1111 2624 dictae

959 208 1137 232 mitt-intrat
1161 207 1243 232 nom
1249 209 1311 232 Nt'u

1159 256 1313 289 ecclesiae
1347 255 1379 288 in
1416 255 1561 299 qualibet
1590 255 1695 300 prima
1732 256 1893 290 dominica

1157 310 1277 342 mensis
1301 309 1443 343 octobris
1469 321 1486 342 a
1501 310 1614 353 primis
1631 311 1771 353 vesperis
1790 321 1893 354 usque

1158 363 1197 395 ad
1223 373 1372 395 occasum
1398 363 1485 403 solis,
1505 373 1541 396 ac
1558 363 1635 395 inibi
1657 364 1727 406 pias
1740 364 1778 396 ad
1793 364 1893 397 Deum

1157 426 1272 458 preces
1299 414 1472 448 effuderint
1496 427 1556 459 pro
1577 416 1667 448 Sedis
1688 417 1893 459 Apostolicae

1158 473 1190 500 et
1214 468 1290 502 fidei
1315 468 1496 501 catholicae
1529 469 1735 509 exaltatione,
1761 475 1792 502 ct
1816 470 1895 502 hae-

1159 532 1265 554 resum
1291 522 1516 565 extirpatione,
1540 532 1670 555 necnon
1696 523 1782 565 pacis
1808 522 1894 556 inter

1158 574 1322 618 principes
1349 574 1543 607 christianos
1565 575 1823 615 conservatione,
1841 580 1894 608 aut

1158 628 1236 660 alias
1257 634 1351 671 prout
1369 628 1544 671 unicuique
1571 633 1724 669 suggeret
1752 629 1892 661 devotio.

1201 691 1267 713 vul.
1296 681 1431 723 Insuper
1455 680 1487 712 in
1513 681 1628 713 eodem
1658 681 1747 714 Brevi
1778 691 1895 713 conce-

1158 733 1204 765 dit
1228 734 1350 767 eisdem
1368 734 1584 766 confratribus
1603 739 1726 776 septem
1744 745 1846 768 annos
1864 740 1895 767 et

1158 787 1294 820 totidem
1320 789 1543 830 quadragenas
1568 787 1800 830 indulgentiae,
1827 788 1894 831 qui,

1157 851 1231 873 vere
1250 841 1455 883 poenitentes
1473 841 1613 873 confessi
1632 846 1663 873 et
1680 842 1794 874 devote
1813 851 1896 874 com-

1157 893 1319 933 municati,
1337 896 1420 927 ultra
1434 895 1547 926 festum
1565 895 1729 927 Pasehatis
1744 894 1895 927 Resurre-

1156 946 1292 986 ctiouis,
1320 947 1351 978 in
1389 946 1503 979 diebus
1538 947 1627 979 festis
1664 947 1892 986 Pentecostes,

1156 998 1396 1041 Assumptionis
1422 999 1630 1031 Beatissimae
1650 999 1798 1041 Virginis,
1818 1009 1895 1032 nec-

1157 1062 1220 1084 non
1257 1051 1403 1084 Omnium
1434 1051 1624 1084 Sanctorum
1654 1057 1684 1084 et
1715 1051 1894 1084 Nativitatis

1156 1105 1189 1137 D.
1215 1105 1249 1137 N.
1291 1105 1361 1137 Iesu
1394 1104 1522 1144 Christi,
1555 1105 1758 1147 cappellam,
1794 1106 1895 1137 altare

1156 1157 1208 1191 SS.
1219 1157 1342 1190 Rosarii
1361 1157 1569 1198 visitaverint,
1583 1163 1614 1189 et
1625 1159 1742 1204 Deum„
1757 1162 1791 1190 ut
1807 1168 1895 1201 prae-

1157 1211 1264 1250 fertur,
1292 1210 1464 1243 oraverint.

1200 1274 1242 1297 lx.
1267 1264 1421 1296 Idcmmet
1437 1263 1587 1296 Clemens
1609 1263 1669 1296 VIII
1690 1263 1722 1296 in
1741 1263 1833 1296 Bulla
1852 1263 1895 1296 in-

1156 1317 1297 1360 cipiente
1324 1317 1369 1349 De
1393 1316 1498 1348 salute
1522 1317 1640 1358 ymnis,
1668 1317 1718 1349 die
1735 1326 1832 1349 xxvm
1850 1316 1896 1349 ia-

1157 1370 1260 1402 nuarii
1286 1379 1418 1409 iunxcn,
1445 1369 1659 1402 confratribus
1684 1374 1716 1402 et
1739 1380 1893 1402 consoro-

1157 1422 1246 1455 ribus
1261 1422 1314 1455 SS.
1335 1422 1458 1455 Rosarii
1475 1423 1749 1455 confraternitatis
1769 1428 1895 1455 erectae

1156 1476 1188 1508 in
1215 1476 1342 1508 civitate
1370 1476 1526 1516 Utinensi,
1551 1487 1625 1508 vere
1651 1477 1895 1519 poenitentibus

1157 1534 1188 1561 et
1211 1529 1368 1561 confessis
1387 1534 1418 1561 et
1435 1529 1663 1561 communione
1682 1529 1820 1568 refectis,
1838 1529 1893 1572 qui

1157 1582 1188 1614 in
1214 1581 1388 1614 festivitate
1417 1581 1660 1624 Assumptionis
1686 1582 1894 1614 Beatissimae

1156 1635 1294 1677 Virginis
1318 1635 1453 1677 singulis
1479 1634 1571 1666 annis
1603 1634 1718 1667 devote
1743 1635 1895 1667 visitave-

1156 1688 1220 1720 rint
1245 1687 1414 1720 ecclesiam
1448 1687 1553 1720 dictae
1578 1687 1852 1720 confraternitatis
1877 1698 1894 1720 a

1156 1741 1269 1783 primis
1285 1740 1432 1783 vesperis
1454 1750 1558 1783 usque
1579 1740 1618 1772 ad
1637 1750 1782 1772 occasum
1803 1740 1893 1780 solis,

1156 1794 1264 1837 ibique
1304 1794 1428 1836 aliquas
1469 1803 1582 1836 preces
1623 1792 1797 1826 ell'uderint
1831 1804 1891 1836 pro

1155 1847 1347 1880 exaltatione
1365 1852 1494 1879 sanctae
1512 1846 1624 1878 matris
1642 1845 1817 1886 Ecclesiae,
1839 1856 1893 1878 ex·

1157 1901 1331 1944 tirpatioue
1365 1902 1558 1940 haeresum,
1585 1901 1776 1933 reductione
1812 1900 1890 1933 hae-

1155 1955 1325 1987 reticorum
1352 1959 1383 1986 et
1407 1953 1618 1986 conversione
1643 1952 1833 1994 infidelium,
1858 1958 1892 1985 et

1155 2017 1213 2049 pro
1237 2006 1485 2039 conservatione
1510 2006 1613 2048 pacis,
1640 2005 1836 2038 concordiae
1862 2010 1895 2038 et

1154 2059 1281 2092 unionis
1306 2059 1391 2091 inter
1408 2058 1571 2102 principos
1588 2058 1797 2098 christianos,
1819 2069 1893 2101 quo-

1155 2113 1213 2146 ties
1239 2113 1270 2145 id
1296 2112 1432 2155 egerint,
1453 2112 1690 2155 indulgentiam
1710 2111 1892 2155 plenariam

1154 2166 1314 2199 concedit.
1342 2166 1510 2199 Praeterea
1535 2165 1565 2197 in
1591 2165 1703 2198 eadem
1723 2165 1815 2197 Bulla
1837 2164 1893 2197 iis-

1155 2220 1226 2252 dem
1244 2218 1474 2258 confratribus,
1503 2218 1557 2261 qui
1579 2228 1652 2251 vere
1671 2217 1889 2260 poenitentes,

1154 2272 1292 2306 confessi
1329 2277 1361 2305 et
1385 2271 1615 2305 communicati
1648 2271 1759 2304 devote
1784 2271 1893 2303 visita-

1155 2325 1293 2357 taverint
1324 2324 1523 2368 praedictam
1555 2323 1724 2357 ecclesiam
1750 2323 1782 2355 in
1808 2325 1896 2356 sole·

1154 2378 1341 2410 mnitatibus
1365 2377 1602 2420 Conceptionis,
1628 2375 1817 2415 Nativitatis,
1835 2377 1892 2408 An-

1154 2430 1369 2463 nunciationis
1385 2436 1416 2463 et
1429 2429 1626 2462 Visitationis
1645 2428 1809 2471 gloriosae
1827 2428 1893 2460 Vir-

1155 2484 1237 2526 ginis
1247 2483 1372 2523 Mariae,
1384 2488 1415 2516 et
1428 2482 1589 2516 oraverint
1603 2487 1637 2514 ut
1647 2492 1753 2525 supra,
1766 2486 1892 2525 septem

1155 2547 1256 2569 annos
1281 2541 1312 2568 et
1336 2541 1460 2578 septem
1478 2535 1702 2579 quadragenas
1719 2534 1894 2578 indulgen·

1155 2590 1216 2622 tiae
1243 2589 1410 2632 elargitur.

1893 208 1947 236 An.
1964 207 1993 236 C.

2016 209 2082 236 ¹679

1972 264 2039 277 Q).
