2111 3157
0 221 21 241 a.
36 211 65 241 C.
86 211 153 240 1688

736 211 947 237 INNOCENTlUS
968 212 998 235 Xl
1024 213 1071 237 1³1⁸.

160 260 335 294 schedulae
361 265 516 300 votorum,
544 260 754 301 involvantur,
772 266 803 293 et
819 262 892 293 cera

158 314 207 346 vel
233 312 287 346 fito
313 318 556 346 connectantur.

202 376 285 399 xxiv.
302 365 393 398 Missa
410 366 691 405 cantata,vicai·ius
702 366 893 400 convocabit

158 418 192 452 in
218 418 392 462 capitulum
418 429 530 451 omnes
557 424 589 452 et
613 420 698 452 solos
723 419 890 462 professos

159 471 271 503 domus
293 471 428 503 idoneos
446 472 506 513 (a),
528 477 688 514 utsupra,
709 471 747 504 ad
768 471 891 513 eligen-

159 522 245 562 dum,
259 528 291 555 et
311 523 560 563 confirmatores,
579 523 661 556 idest
674 528 868 555 scrutatores
881 534 888 562 ;

157 576 263 608 nullos
287 575 378 608 alios.
413 575 443 607 Si
475 576 546 618 quis
577 580 681 608 autem
706 586 743 608 ex
768 574 891 607 haben-

157 627 242 660 tibus
259 638 366 660 vocem
390 628 533 670 eligendi
552 627 734 659 infirmitate
756 632 809 659 aut
826 627 889 659 alio

156 679 386 723 impedimento
404 680 549 723 legitimo
568 680 714 712 detentus
732 690 796 712 non
815 690 890 723 pos-

155 738 204 764 set
221 733 389 766 commode
408 732 622 775 personaliter
640 732 789 764 electioni
807 732 890 764 inte·

155 794 253 825 resse,
275 785 395 828 poterit
420 790 523 817 tamen
548 785 757 828 interponere
780 791 887 818 votum

157 847 251 870 suum
277 837 309 870 iu
334 837 487 870 schedula
511 838 619 870 clausa
639 838 832 881 inscriptum
850 848 888 871 eo

154 890 254 924 modo
271 899 334 933 quo
353 891 452 923 ceteri
476 895 584 923 votum
602 901 692 923 suum
710 891 888 924 inscribunt

155 947 188 975 et
210 941 380 975 involvunt
400 948 434 974 ut
454 942 634 975 differentia
653 943 758 986 aliqua
785 943 886 976 notari

155 999 187 1028 et
213 994 361 1037 cognosci
387 1005 452 1028 non
478 994 611 1037 possit¹,
640 997 695 1028 sed
725 996 784 1039 ipsi
812 1006 888 1029 con-

152 1046 345 1086 firmatores,
371 1047 454 1080 idest
479 1052 687 1087 scrutatores,
706 1048 824 1081 debent
848 1049 885 1081 ad

154 1100 270 1132 cellam
285 1099 401 1132 inlirmi
417 1100 581 1139 accedere,
598 1105 633 1132 ut
650 1100 735 1133 illius
751 1100 888 1134 schedu-

151 1151 214 1184 lam
241 1151 411 1194 accipiant.

196 1215 266 1238 xxv.
293 1205 391 1238 Porro
416 1206 599 1239 nullatenus
624 1208 678 1250 qui
704 1207 742 1240 de
767 1207 885 1240 Ordine

151 1263 263 1290 nostro
287 1268 350 1290 non
376 1262 450 1291 sunt
479 1259 518 1291 ad
540 1259 716 1292 electiones
741 1260 885 1303 priorum

151 1316 334 1343 nostrorum
371 1311 580 1344 advocentur.
616 1312 651 1344 Et
688 1313 712 1345 si
746 1313 826 1346 sorte
853 1314 883 1345 in

152 1362 250 1396 domo
275 1369 466 1406 praesentes
492 1369 584 1404 sunt,
611 1365 699 1398 nullo
725 1366 822 1398 modo
847 1366 885 1399 de

151 1415 299 1459 personis
330 1415 489 1458 eligendis
521 1427 592 1449 cum
627 1418 674 1450 eis
711 1418 799 1461 loqui
833 1424 886 1450 aut

150 1478 205 1501 eos
231 1469 403 1501 consulere
422 1469 591 1501 debemus:
618 1470 762 1513 hospites
781 1476 884 1503 tamen

150 1519 278 1553 Ordinis
300 1526 333 1554 et
356 1521 492 1563 professi
514 1522 638 1562 domus,
658 1523 712 1566 qui
731 1533 795 1556 non
812 1530 885 1556 sunt

150 1573 259 1607 idonei
276 1574 314 1607 ad
334 1575 536 1615 electionem,
556 1582 702 1619 possunt,
720 1577 745 1609 si
765 1579 883 1617 volunt,

150 1625 307 1660 interesse
343 1628 484 1660 sermoni
520 1628 801 1663 confirmatorum:
828 1630 884 1664 sed

151 1689 190 1712 eo
215 1680 352 1722 expleto,
372 1680 476 1712 statim
502 1681 622 1713 debent
645 1682 805 1722 recedere,
825 1693 885 1716 nec

151 1733 219 1766 ullo
244 1733 339 1766 modo
372 1734 495 1766 suturae
528 1735 679 1767 electioni
711 1736 882 1770 interesse.

194 1795 275 1818 xxvi.
304 1785 477 1829 Postquam
496 1797 607 1820 omnes
633 1788 726 1820 simul
749 1789 779 1821 in
799 1789 886 1832 capi-

152 1839 252 1872 tulum
277 1840 498 1879 convenerint,
522 1840 656 1874 vicarius
683 1842 760 1874 dicit
784 1843 884 1875 Benc-

149 1890 267 1930 dicite,
294 1891 410 1924 deinde
435 1893 598 1935 antiquior
622 1894 882 1928 confirmatorum

149 1943 263 1987 incipit
283 1945 440 1987 psalmum
469 1945 521 1977 Ad
546 1950 573 1978 le
598 1946 701 1979 levavi
719 1958 790 1980 cum
811 1959 883 1991 pre-

150 1996 240 2029 cibus
258 2002 290 2031 et
306 1997 505 2030 orationibus
529 1999 741 2041 supradictis:
760 2001 791 2034 in
813 2002 883 2044 qui-

149 2049 210 2082 bus
233 2054 352 2082 stamus
378 2061 488 2083 omnes
513 2050 642 2084 nudatis
666 2052 835 2095 capitibus.

193 2111 290 2135 xxvu.
321 2101 509 2145 Principalis
543 2109 650 2136 autem
679 2105 882 2139 confirmator

150 2153 206 2186 ille
223 2153 384 2186 iudicatur
399 2155 513 2194 eterit,
532 2156 586 2198 qni
604 2162 652 2188 est
668 2157 815 2191 visitator
833 2160 879 2192 vel

151 2206 358 2239 convisitator
375 2206 576 2249 provinciam
593 2213 633 2248 et,
652 2209 731 2251 ipsis
745 2209 882 2242 absenti-

149 2258 218 2299 buS,
236 2259 262 2292 si
279 2259 397 2291 suerint
413 2260 515 2292 vocati
534 2260 596 2293 duo
615 2260 748 2303 priores,
766 2262 818 2295 ille
836 2263 881 2295 di-

151 2317 240 2344 cetur
252 2317 283 2345 et
296 2312 358 2344 erit
371 2312 568 2355 principalis,
581 2314 633 2355 qui
649 2315 756 2356 plures
769 2325 879 2356 annos,

150 2363 215 2397 sive
237 2364 406 2397 continuos
426 2365 490 2397 sive
509 2365 718 2406 intermissos,
737 2368 881 2409 exegerit

149 2416 180 2449 in
213 2416 367 2460 prioratu.
402 2417 489 2449 Idem
520 2417 688 2451 statuimus
717 2419 813 2452 etiam
839 2420 878 2453 de

184 2500 214 2530 a)
237 2496 298 2523 vide
313 2495 507 2523 ordinationem
519 2496 629 2524 relatam
644 2497 694 2524 sub
708 2505 784 2525 num.
800 2505 817 2525 v
832 2498 880 2526 hu-

149 2538 190 2567 ius
209 2539 327 2574 capituli.

185 2583 196 2611 1
219 2582 289 2611 Edit.
306 2583 385 2612 Μαίη.
405 2584 470 2621 legit
485 2586 596 2621 possint
610 2586 649 2622 (n.
670 2586 719 2622 Τ,).

935 260 1186 300 commissaliis,
1217 260 1271 304 qui
1304 260 1465 293 interdum
1496 260 1666 295 mittuntur

934 322 994 354 pro
1020 312 1127 355 aliqua
1151 313 1340 354 visitatione,
1366 319 1419 346 aut
1445 314 1665 358 inquisitione,

933 375 987 397 seu
1014 375 1214 409 quacumque
1239 367 1424 409 provisione
1450 367 1607 401 facienda.

976 427 1082 451 xxvni.
1094 418 1270 451 Pet-solutis
1284 419 1444 463 precibus,
1459 420 1665 455 confirmator

933 469 1117 513 principalis
1143 471 1220 504 dicit
1245 472 1437 514 Benedicile,
1455 479 1486 506 et
1510 480 1585 508 tune
1614 476 1664 509 vel

933 521 1000 563 ipse
1015 523 1061 555 vel
1076 524 1201 566 collega
1211 525 1278 557 eius
1292 526 1430 568 aliquam
1446 526 1540 560 saciet
1554 529 1666 562 exhor-

934 574 1087 607 tationem
1111 581 1218 618 aptam
1249 579 1392 620 negotio.
1421 580 1523 614 Finita
1547 583 1666 617 exhor-

934 626 1064 666 tatione,
1082 628 1269 671 principalis
1287 630 1504 674 confirmator,
1527 636 1665 670 auctori-

933 682 995 710 tate
1021 679 1152 722 capituli
1178 683 1348 723 generalis,
1362 685 1540 729 praecipiet
1563 689 1665 721 omni-

932 729 989 762 bus
1006 732 1214 769 electoribus.
1234 741 1391 777 quatenus
1418 739 1513 772 talem
1532 740 1663 783 eligant,

931 792 1025 824 quem
1051 785 1228 819 secundum
1253 787 1351 820 Deum
1380 795 1412 821 et
1435 792 1664 827 conscientiam

930 834 1142 869 iudicaverint
1158 838 1228 878 vita,
1247 840 1381 873 scientia
1399 847 1430 874 et
1453 848 1557 877 aetate
1579 845 1665 878 aliis-

930 898 992 930 que
1017 889 1134 923 debitis
1170 892 1381 934 qualitatibus
1407 905 1478 929 esse
1503 897 1603 940 magis
1632 908 1665 931 a-

930 945 1018 983 ptum
1043 947 1076 974 et
1100 943 1250 977 idoneum
1270 946 1309 979 ad
1335 947 1475 981 officium
1500 950 1663 993 prioratus

930 1002 1007 1026 suae
1031 994 1154 1036 domus,
1174 1007 1270 1039 quam
1287 999 1389 1042 quivis
1407 1001 1499 1042 alius,
1517 1002 1570 1046 qui
1589 1009 1664 1037 tunc

930 1046 969 1078 ab
995 1046 1041 1079 eis
1067 1049 1167 1090 possit
1192 1050 1279 1093 eligi.

973 1109 1052 1132 xXIx.
1066 1100 1140 1133 Post
1157 1109 1365 1147 praeceptum
1383 1107 1593 1141 nominentur
1605 1119 1664 1153 per

930 1152 1142 1196 principalem
1168 1155 1429 1192 confirmatorem
1456 1165 1520 1193 tres
1544 1161 1597 1194 alii
1625 1173 1662 1195 ex

929 1204 1166 1247 antiquioribus
1192 1208 1402 1251 eligentium,
1429 1213 1483 1255 qui
1515 1214 1664 1248 assistant

930 1258 1101 1299 electioni,
1128 1265 1159 1292 et
1184 1261 1290 1294 omnia
1323 1263 1497 1306 diligenter
1525 1265 1594 1300 fieri
1619 1269 1664 1300 vi-

929 1308 1036 1342 deant.
1065 1311 1139 1344 Post
1163 1323 1258 1356 quam
1279 1316 1532 1351 nominationem
1556 1320 1662 1353 statim

929 1367 960 1393 et
985 1363 1039 1405 qui
1065 1365 1218 1398 nominati
1245 1373 1319 1399 sunt
1342 1376 1484 1412 pergunt
1507 1371 1545 1404 ad
1571 1382 1663 1415 prae-

928 1421 1069 1457 paratam
1096 1427 1258 1459 mensam,
1288 1420 1399 1464 ibique
1425 1423 1541 1456 sedent
1565 1425 1662 1459 simul

927 1478 997 1500 cum
1012 1469 1299 1513 confirmatoribus;
1315 1475 1412 1507 ceteri
1432 1485 1506 1509 vero
1525 1487 1663 1510 eonven-

928 1522 1028 1554 tuales
1054 1523 1211 1565 eligentes
1236 1526 1350 1560 sedent
1368 1528 1534 1571 aliquanto
1559 1541 1663 1564 remo·

928 1573 987 1607 tius
1012 1586 1029 1607 a
1054 1579 1163 1609 mensa
1189 1577 1219 1609 in
1246 1579 1326 1612 locis
1351 1580 1467 1614 solitis.

968 1637 1037 1660 xxx.
1065 1628 1141 1661 Post
1166 1630 1351 1672 sessionem,
1371 1633 1561 1677 principalis
1587 1646 1662 1670 con-

927 1678 1072 1712 firmator
1086 1680 1176 1714 iubet
1194 1687 1227 1714 ut
1247 1683 1366 1725 singuli
1389 1695 1445 1717 suo
1465 1687 1534 1720 loco
1557 1694 1589 1720 et
1608 1699 1661 1721 or-

927 1731 1012 1770 dine,
1032 1733 1091 1765 lioc
1105 1739 1154 1765 est
1170 1744 1252 1766 unus
1275 1741 1343 1777 post
1362 1737 1459 1770 alium
1483 1741 1659 1774 seeundum

928 1785 1084 1817 rationem
1110 1786 1320 1829 antiquitatis,
1335 1795 1409 1821 eant
1437 1801 1493 1823 suo
1522 1793 1659 1836 quisque

927 1841 1070 1880 tempore
1086 1839 1116 1870 in
1133 1840 1236 1872 locum
1256 1841 1443 1884 deputatum
1459 1844 1496 1876 ad
1518 1846 1660 1879 scriben-

926 1890 981 1921 das
1003 1891 1187 1931 schedulas,
1207 1898 1238 1924 et
1262 1893 1303 1925 ibi
1332 1896 1555 1940 unusquisque
1573 1899 1659 1931 solus

926 1943 1067 1975 existens
1088 1944 1207 1977 scribat
1226 1950 1334 1978 votum
1361 1957 1453 1981 suum
1479 1950 1532 1982 tali
1562 1951 1658 1985 modo

925 1997 1009 2039 quod
1041 2007 1132 2029 nemo
1164 1998 1283 2030 scribat
1318 2010 1433 2033 nomen
1467 2012 1561 2035 suum
1587 2014 1660 2046 pro-

925 2049 1039 2092 prium,
1054 2050 1110 2081 scd
1127 2055 1247 2083 tantum
1267 2052 1350 2084 dicat
1363 2053 1428 2095 1390
1442 2065 1454 2092 ,·
1471 2064 1590 2088 nomen
1607 2067 1658 2089 au-

925 2108 986 2134 tem
1004 2103 1170 2145 proprium
1188 2103 1273 2136 illius
1287 2115 1381 2147 quem
1399 2107 1465 2139 vult
1481 2107 1610 2150 eligere,
1627 2115 1658 2143 et

924 2165 1041 2187 nomen
1067 2156 1178 2188 domus
1205 2155 1282 2195 eius,
1309 2157 1399 2190 euius
1418 2161 1655 2202 estprosessus,

924 2213 976 2240 aut
1000 2218 1119 2240 nomen
1145 2208 1250 2248 officii,
1277 2209 1302 2241 si
1329 2215 1377 2242 est
1401 2212 1557 2253 officiatis,
1577 2216 1656 2246 scri·

923 2261 999 2293 bere
1026 2262 1138 2301 debet,
1166 2262 1211 2294 sie
1236 2262 1372 2296 dicendo
1397 2265 1463 2307 Eyo
1487 2265 1570 2308 eliqo
1594 2267 1652 2300 do-

922 2314 1050 2346 minum
1076 2313 1114 2347 N.
1136 2316 1315 2357 professum
1344 2316 1457 2350 domus
1487 2318 1562 2351 talis
1580 2320 1654 2362 (vel,

923 2368 994 2400 loeo
1019 2367 1237 2410 professionis,
1267 2368 1352 2401 dicat
1374 2370 1517 2412 priorem
1541 2371 1590 2405 vel
1612 2373 1656 2405 vi-

922 2421 1048 2452 carium
1073 2420 1186 2452 domus
1210 2420 1300 2463 talis)
1326 2421 1361 2453 in
1386 2423 1530 2465 priorem
1555 2424 1654 2458 liuius

922 2478 1049 2505 nostrae
1066 2472 1178 2505 domus
1188 2484 1199 2513 ,·
1219 2474 1303 2516 quod
1322 2480 1494 2518 postquam
1519 2477 1655 2520 scripse-

922 2526 970 2564 rit,
989 2525 1130 2558 involvat
1153 2526 1343 2559 schedulam
1360 2527 1392 2560 in
1409 2528 1538 2562 modum
1563 2530 1652 2573 parvi

922 2579 1027 2621 rotuli,
1049 2583 1081 2612 et
1100 2577 1152 2612 sito
1178 2578 1297 2622 ligabit,
1316 2581 1366 2614 vel
1383 2583 1457 2614 cera
1471 2587 1651 2625 connectet,

1563 203 1625 237 797
1672 213 1720 241 An.
1738 214 1766 241 c.
1792 214 1857 241 tosa
