2111 3157
131 144 179 170 An.
200 143 227 170 C.
251 143 315 171 1678

362 135 424 169 *1222

324 195 550 239 quodcumque
582 195 614 228 in
646 195 726 228 locis
763 195 957 228 vicariorum
982 206 1057 239 apo-

324 249 512 281 stolicorum
551 259 647 281 curae
680 248 859 281 commissis
892 259 1056 291 nunquam

324 302 491 340 exercebo,
510 301 766 344 quibuscumque
785 300 961 343 privilegiis
979 311 1056 343 pro-

323 354 402 396 priis
427 355 474 386 vel
500 364 588 386 meae
613 353 778 395 religionis
813 354 861 385 vcl
886 353 958 385 aliis
987 353 1057 395 qui-

322 406 431 437 busvis
463 406 602 437 munitus
634 405 764 437 existam
781 431 788 444 ‚
815 405 875 436 nisi
900 405 991 448 prius
1017 404 1055 436 ab

322 458 402 500 ipsis
425 458 551 490 vicariis
574 457 761 500 apostolicis
792 457 907 489 fuerim
938 467 1056 500 appro-

322 510 414 542 batus
432 515 462 542 et
486 511 524 541 ab
548 509 663 541 iisdem
680 509 844 542 licentiam
869 510 901 541 in
927 510 1054 551 scriptis

322 562 514 605 acceperim.
542 562 576 594 In
601 563 745 595 examine
769 563 952 601 bullarum,
979 572 1055 594 con-

321 615 524 647 stitutionum
542 625 596 647 seu
617 614 753 647 aliarum
779 625 1052 658 quarumcumque

320 669 500 701 litterarum
514 668 766 711 apostolicarum
784 669 833 701 vel
848 678 957 700 sacrae
974 668 1054 700 Con-

319 721 516 762 gregationis
534 721 573 753 de
589 720 800 762 Propaganda
810 720 897 760 Fide,
915 725 967 752 aut
979 731 1053 763 quo-

319 784 530 816 rumcumque
552 774 753 806 decretorum
779 774 924 807 eiusdem
943 784 1051 806 sacrae

319 827 598 870 Congregationis,
616 838 781 870 nunquam
810 838 861 860 nie
890 827 1051 860 intromit-

319 885 391 919 tam,
411 882 458 913 vel
474 881 657 922 impediam,
672 880 732 912 sub
748 881 858 922 quovis
872 885 1049 923 praetextu,

318 937 372 964 aut
390 933 485 965 etiam
499 933 643 974 legitima
664 932 884 975 subreptionis
899 933 1050 965 velobre-

317 985 439 1027 ptionis
465 986 569 1025 causa,
589 986 637 1017 vel
659 985 720 1017 alia
745 995 968 1028 quacumque,
993 986 1047 1017 sed

317 1038 447 1070 easdem
472 1038 595 1070 litteras
617 1042 649 1069 et
673 1037 801 1069 decreta
826 1048 1047 1080 quaecumque

315 1101 444 1133 semper
458 1101 529 1122 cuin
547 1090 655 1122 debita
679 1091 861 1122 reverentia
885 1091 1047 1133 recipiam,

314 1144 473 1185 iisque‚ut
490 1153 547 1185 par
560 1148 617 1181 est,
629 1142 822 1183 obediendo,
838 1148 964 1175 sanctae
975 1143 1047 1175 Sedi

314 1196 519 1238 Apostolicae
532 1195 738 1238 postmodum
754 1206 913 1238 exponam
928 1195 953 1227 si
966 1206 1047 1238 quae

314 1255 427 1281 contra
452 1248 638 1280 earumdem
662 1247 843 1280 litterarum
868 1249 915 1280 vel
937 1248 1049 1281 decre-

313 1306 419 1333 torum
436 1311 529 1332 usum
549 1305 734 1342 opportuna
748 1300 949 1340 videbuntur,
969 1311 1049 1334 nun-

314 1364 409 1396 quam
436 1358 542 1385 tamen
568 1353 732 1385 retardata
758 1353 958 1385 executione.
993 1354 1048 1386 Or-

313 1406 496 1438 dinationes
514 1406 617 1437 dictae
635 1405 735 1445 Sedis,
751 1410 781 1437 et
794 1406 961 1447 signanter
978 1417 1047 1439 con-

312 1458 498 1490 stitutiones
524 1457 728 1490 Summorum
760 1458 950 1491 Pontificum
975 1460 1048 1492 Ale-

311 1511 425 1543 xandri
446 1510 505 1549 xil,
526 1510 699 1543 Clementis
722 1510 762 1542 lx
783 1516 814 1542 et
830 1510 1004 1544 Clementis
1022 1513 1047 1544 X

311 1563 399 1596 omni
432 1574 494 1606 qua
527 1563 619 1596 decet
652 1563 831 1596 reverentia
863 1564 986 1607 recipio
1017 1571 1048 1597 et

310 1617 510 1658 amplector,
538 1627 575 1648 ac
608 1616 799 1648 nominatim
824 1616 945 1649 litteras
970 1628 1048 1660 apo-

309 1669 438 1702 stolicas
462 1669 494 1700 in
519 1668 623 1701 forma
647 1668 754 1701 Brevis
780 1669 946 1711 expeditas
971 1681 1047 1712 qua-

307 1732 378 1755 rum
395 1722 522 1754 initium
539 1721 632 1753 Decet
650 1721 833 1754 Romanum
846 1721 1046 1764 Pontificem,

309 1779 379 1813 etc„
396 1775 486 1807 datas
507 1773 558 1806 die
571 1784 647 1806 xxiii
669 1774 850 1806 decembris
868 1785 1043 1817 MDCLXXIII,

309 1827 425 1870 quibus
450 1826 684 1859 confirmantur
708 1827 818 1859 brevia
835 1832 866 1859 et
890 1829 1047 1861 constitu-

308 1880 413 1911 tiones
438 1890 475 1911 ac
500 1879 596 1911 etiam
621 1879 754 1911 decreta
773 1889 881 1912 sacrae
905 1880 1046 1924 Congre-

308 1933 446 1975 gationis
465 1932 503 1965 de
522 1932 737 1974 Propaganda
754 1932 829 1965 Fide
848 1933 886 1965 ad
904 1934 1044 1967 savorem

308 1986 500 2018 vicariorum
518 1985 769 2028 apostolicorum
783 1987 867 2029 apud
885 1986 976 2020 Sinas
994 1988 1046 2021 de-

307 2044 493 2080 putatorum
505 2042 664 2077 emanata,
685 2038 762 2070 alias
785 2038 980 2081 incipientes
1001 2040 1046 2073 Il-

309 2091 373 2123 lius
406 2092 466 2133 qui
497 2091 641 2123 charitas
671 2096 736 2131 est,
771 2096 849 2132 etc„
877 2093 1043 2136 expeditas

309 2145 423 2176 eadem
454 2144 506 2176 die
539 2154 616 2177 xxni
648 2145 831 2177 decembris
856 2155 1043 2186 iimctxxnl,

308 2197 423 2239 quibus
448 2197 632 2229 declaratur
662 2197 850 2230 Ordinarios
882 2199 1043 2232 lndiarum

307 2260 372 2282 non
398 2260 493 2292 posse
519 2260 673 2282 exercere
697 2256 785 2283 actus
810 2251 1044 2284 iurisdictiona-

306 2304 354 2335 les
369 2303 400 2334 in
420 2303 524 2335 dictos
538 2303 673 2335 vicarios
691 2304 901 2346 apostolicos,
921 2315 1043 2337 eorum-

308 2364 371 2397 que
397 2354 592 2396 provicarios
615 2361 647 2387 et
664 2357 832 2398 operarios
857 2357 888 2388 in
913 2357 1043 2400 provin-

307 2407 364 2439 ciis
389 2407 449 2439 sihi
475 2407 658 2449 assignatis,
685 2408 742 2440 sed
769 2409 890 2441 eisdem
916 2409 1042 2443 vicariis

306 2459 339 2491 in
365 2459 459 2491 dictis
489 2459 662 2501 provinciis
694 2460 951 2494 iurisdictionem
976 2463 1042 2504 pri-

307 2512 406 2545 vative
425 2513 531 2555 quoad
549 2523 660 2545 omncs
678 2520 871 2556 conipctcrc,
892 2526 927 2547 ac
947 2515 1037 2555 alias,

902 150 1078 173 BULLARIUM
1103 149 1254 175 ROMANUM

1101 208 1236 239 quarum
1266 197 1395 231 initium
1427 198 1634 232 Christianae
1663 197 1834 242 reliqionis

1099 254 1127 282 et
1152 251 1328 283 catholicae
1353 251 1448 293 fidei,
1474 255 1530 284 etc.
1547 278 1554 291 ,
1586 257 1749 284 emanatas
1781 252 1833 285 die

1099 313 1155 335 vui
1180 303 1259 335 iunii
1280 314 1448 344 itinctxxiv,
1460 304 1575 347 quibus
1600 304 1695 337 etiam
1720 315 1832 337 severe

1099 356 1290 397 prohibetur
1308 357 1456 390 omnibus
1477 357 1707 390 ecclesiasticis
1728 367 1834 390 saecu-

1099 408 1218 441 laribus
1248 414 1279 441 et
1310 409 1512 451 regularibus
1541 419 1581 442 ne
1607 409 1776 452 quisquam
1799 420 1832 442 e-

1099 462 1272 501 mendicet,
1297 467 1451 504 procuret
1473 463 1523 495 vel
1549 467 1695 505 acceptet
1718 463 1757 494 ab
1775 462 1833 495 Or-

1098 513 1232 546 dinariis
1256 514 1418 547 indiarum
1454 514 1579 547 litteras
1612 524 1831 557 quascumque

1096 576 1155 608 pro
1181 568 1360 600 exercenda
1379 566 1603 600 iurisdictione
1621 567 1655 599 in
1679 567 1759 600 locis
1777 568 1831 600 iis-

1097 619 1168 650 dem
1194 619 1320 652 vicariis
1344 620 1537 653 commissis.
1559 620 1597 652 Et
1618 620 1747 652 demum
1764 630 1830 653 non

1096 672 1198 703 solum
1213 673 1366 714 praefatis
1380 672 1529 705 omnibus
1546 672 1830 705 constitutionibus

1095 729 1125 755 et
1149 724 1181 756 in
1206 725 1252 757 eis
1277 726 1438 758 contentis
1457 725 1595 758 decretis
1619 735 1729 757 sacrae
1747 725 1829 758 Con-

1094 777 1291 817 gregationis
1325 778 1363 810 de
1398 777 1610 820 Propaganda
1642 777 1742 817 Fide,
1770 777 1829 810 sed

1095 829 1189 860 etiam
1214 829 1284 861 aliis
1300 830 1570 872 quibuscumque,
1588 840 1668 872 quae
1690 829 1723 862 in
1744 829 1830 862 sutu-

1093 891 1163 912 rum
1190 882 1228 913 ad
1255 882 1395 914 savorem
1425 882 1521 914 etiam
1538 882 1732 915 vicariorum
1752 893 1829 925 apo-

1093 933 1281 966 stolicorum
1314 935 1516 975 emanabant,
1542 934 1826 967 constitutionibus

1093 991 1122 1017 et
1147 986 1286 1019 decretis
1312 986 1451 1019 fideliter
1481 992 1513 1019 et
1536 987 1663 1029 integre
1689 987 1825 1029 parebo.

1094 1038 1270 1071 Praemissa
1296 1039 1403 1071 omnia
1428 1045 1459 1072 et
1483 1039 1609 1081 singula
1633 1039 1829 1072 inviolabili-

1094 1096 1140 1122 ter
1165 1091 1356 1131 observabo,
1383 1098 1414 1124 et
1438 1093 1560 1135 absque
1585 1093 1650 1125 ulla
1675 1092 1829 1134 tergiver-

1092 1144 1216 1176 sationc
1235 1145 1432 1187 adimplebo.
1453 1144 1483 1177 Si
1501 1149 1606 1177 auten]
1625 1145 1726 1187 (quod
1742 1145 1827 1178 Deus

1093 1198 1237 1239 avertat)
1264 1207 1396 1240 quoquo
1428 1198 1527 1229 inodo
1553 1199 1828 1238 contravenerim,

1092 1259 1150 1285 nie„
1168 1249 1261 1282 toties
1276 1249 1403 1292 quoties
1425 1249 1603 1289 devenerit,
1622 1249 1749 1292 poenis,
1764 1254 1828 1283 tani

1093 1312 1151 1344 per
1175 1302 1356 1344 praedictas
1374 1302 1637 1342 constitutiones,
1657 1313 1751 1345 quam
1769 1313 1829 1346 per

1092 1354 1299 1387 novissimam
1332 1355 1531 1387 sanctissimi
1564 1355 1687 1387 domini
1721 1355 1826 1387 nostii

1092 1407 1271 1440 innocentii
1297 1408 1403 1440 divina
1427 1407 1632 1450 providentia
1659 1407 1763 1450 Papae
1787 1407 1827 1440 Xl

1092 1460 1366 1499 constitutionem,
1385 1471 1446 1502 qua
1460 1460 1640 1503 praesentis
1654 1460 1826 1492 iuramenti

1092 1513 1231 1546 formula
1254 1513 1455 1556 praescripta
1485 1518 1543 1553 est,
1561 1512 1742 1555 respective
1767 1513 1826 1545 1111-

1091 1566 1217 1608 positis‚
1241 1571 1355 1608 sponte
1391 1572 1422 1598 et
1458 1566 1558 1598 libere
1584 1566 1735 1598 subiicio.
1768 1566 1825 1607 lta,

1092 1618 1182 1650 tactis
1207 1618 1422 1650 sacrosanctis
1448 1617 1634 1660 evangeliis,
1653 1618 1822 1660 promitto,

1092 1682 1189 1704 voveo
1215 1676 1247 1703 et
1271 1671 1352 1710 iuro,
1379 1670 1424 1703 sic
1447 1681 1497 1703 me
1522 1670 1606 1703 Deus
1632 1670 1761 1703 adiuvet
1792 1675 1825 1703 et.

1091 1724 1171 1756 liaec
1195 1729 1304 1756 sancta
1335 1723 1389 1756 Dei
1423 1723 1601 1765 evangelia.
1627 1723 1729 1755 Locus
1753 1723 1826 1756 sub-

1088 1775 1285 1819 scriptionis,
1312 1776 1378 1817 Ego
1402 1775 1439 1808 N.
1466 1786 1563 1807 manu
1588 1775 1722 1818 propria
1746 1788 1776 1808 ».

1133 1830 1147 1872 ξ
1178 1828 1226 1861 ll.
1254 1828 1404 1861 Ceterum
1436 1829 1583 1861 volumus
1611 1834 1646 1860 ut
1669 1839 1824 1871 praesen-

1091 1881 1168 1914 tium
1195 1882 1377 1914 litterarum
1403 1881 1625 1923 transumptis,
1664 1891 1703 1914 eu
1718 1892 1824 1914 exeni-

1088 1935 1164 1977 plis,
1183 1934 1279 1967 etiam
1296 1934 1475 1977 impressis,
1497 1944 1594 1966 manu
1615 1933 1750 1966 alicuius
1766 1944 1825 1967 no-

1090 1987 1161 2020 tarii
1184 1987 1306 2030 publici
1328 1986 1528 2030 subscriptis,
1544 1992 1576 2019 et
1591 1987 1699 2029 sigillo
1713 1997 1824 2030 perso·

1089 2050 1148 2072 nae
1165 2039 1197 2071 in
1216 2039 1432 2072 ecclesiastica
1449 2040 1605 2081 dignitate
1629 2040 1823 2073 constitutae

1088 2092 1231 2130 1110111115,
1249 2093 1360 2125 eadem
1381 2102 1514 2135 prorsus
1531 2091 1611 2125 tides
1636 2092 1754 2136 ubique
1775 2094 1823 2125 lo-

1087 2156 1197 2177 corum
1223 2150 1286 2178 tam
1311 2145 1343 2177 in
1369 2145 1487 2178 iudicio
1512 2156 1605 2188 quam
1631 2151 1719 2178 extra
1743 2145 1822 2178 illud

1088 2198 1253 2237 habeatur,
1273 2208 1354 2240 quac
1373 2198 1552 2230 haberetur
1572 2198 1651 2241 ipsis
1670 2208 1824 2241 praesen-

1088 2251 1171 2283 tibus
1197 2251 1222 2284 si
1245 2252 1349 2284 forent
1373 2251 1537 2284 exhibitae
1562 2252 1609 2283 vel
1635 2256 1798 2284 ostensae.

1130 2304 1243 2336 Datum
1270 2304 1400 2343 Romae,
1421 2304 1505 2346 apud
1530 2303 1560 2337 S.
1581 2303 1708 2336 Mariam
1726 2303 1824 2338 Maio-

1087 2367 1166 2395 rem,
1194 2357 1255 2388 sub
1281 2358 1402 2389 annulo
1427 2356 1612 2395 Piscatoris,
1630 2356 1681 2389 die
1707 2361 1823 2389 xocto-

1085 2409 1152 2442 bris
1175 2418 1375 2449 iinciixxvui,
1404 2408 1610 2451 pontificatus
1634 2408 1739 2442 nostri
1764 2419 1824 2443 an·

1086 2473 1126 2494 no
1154 2472 1201 2494 111.

1120 2525 1176 2550 liat.
1195 2523 1238 2550 dic
1259 2523 1288 2550 10
1304 2525 1421 2551 octobris
1441 2524 1516 2558 1078,
1533 2523 1630 2559 ponus.
1649 2531 1721 2551 anno
1736 2529 1774 2552 nt.

1836 149 1888 177 An.
1908 149 1939 178 C.
1957 147 2023 180 ¹678

1873 1839 1936 1860 Fides
1961 1842 2015 1861 travi-

1833 1869 1970 1892 sumptorum.
