<?xml version="1.0" encoding="UTF-8"?>
<!DOCTYPE html PUBLIC "-//W3C//DTD XHTML 1.0 Transitional//EN"
    "http://www.w3.org/TR/xhtml1/DTD/xhtml1-transitional.dtd">
<html xmlns="http://www.w3.org/1999/xhtml" xml:lang="en" lang="en">
 <head>
  <title>
</title>
<meta http-equiv="Content-Type" content="text/html;charset=utf-8" />
  <meta name='ocr-system' content='tesseract 3.04.00' />
  <meta name='ocr-capabilities' content='ocr_page ocr_carea ocr_par ocr_line ocrx_word'/>
</head>
<body>
  <div class='ocr_page' id='page_1' title='image "./bullarumdiplomat19cath_0852.png"; bbox 0 0 2111 3157; ppageno 0'>
   <div class='ocr_carea' id='block_1_1' title="bbox 184 224 366 251">
    <p class='ocr_par' dir='ltr' id='par_1_1' title="bbox 184 224 366 251">
     <span class='ocr_line' id='line_1_1' title="bbox 184 224 366 251; baseline 0.011 -2"><span class='ocrx_word' id='word_1_1' title='bbox 184 225 231 251; x_wconf 65' lang='lat' dir='ltr'>An.</span> <span class='ocrx_word' id='word_1_2' title='bbox 254 224 281 251; x_wconf 86' lang='lat' dir='ltr'>C.</span> <span class='ocrx_word' id='word_1_3' title='bbox 301 224 366 251; x_wconf 67' lang='lat'>1688</span> 
     </span>
    </p>
   </div>
   <div class='ocr_carea' id='block_1_2' title="bbox 367 215 1112 2015">
    <p class='ocr_par' dir='ltr' id='par_1_2' title="bbox 369 215 1112 1167">
     <span class='ocr_line' id='line_1_2' title="bbox 414 215 477 249; baseline -0.016 0"><span class='ocrx_word' id='word_1_4' title='bbox 414 215 477 249; x_wconf 78' lang='lat' dir='ltr'>81ss</span> 
     </span>
     <span class='ocr_line' id='line_1_3' title="bbox 376 269 1110 316; baseline -0.008 -9"><span class='ocrx_word' id='word_1_5' title='bbox 376 273 553 307; x_wconf 82' lang='lat' dir='ltr'>audiendas</span> <span class='ocrx_word' id='word_1_6' title='bbox 577 272 739 316; x_wconf 89' lang='lat' dir='ltr'>deputatis</span> <span class='ocrx_word' id='word_1_7' title='bbox 775 271 853 304; x_wconf 91' lang='lat' dir='ltr'>dare</span> <span class='ocrx_word' id='word_1_8' title='bbox 884 269 1110 303; x_wconf 87' lang='lat' dir='ltr'>auctoritatem</span> 
     </span>
     <span class='ocr_line' id='line_1_4' title="bbox 376 323 1112 370; baseline -0.008 -10"><span class='ocrx_word' id='word_1_9' title='bbox 376 328 504 370; x_wconf 83' lang='lat' dir='ltr'>plenam</span> <span class='ocrx_word' id='word_1_10' title='bbox 519 332 571 358; x_wconf 91' lang='lat' dir='ltr'>aut</span> <span class='ocrx_word' id='word_1_11' title='bbox 584 326 751 359; x_wconf 88' lang='lat' dir='ltr'>limitatam</span> <span class='ocrx_word' id='word_1_12' title='bbox 769 323 957 357; x_wconf 86' lang='lat' dir='ltr'>absolvendi</span> <span class='ocrx_word' id='word_1_13' title='bbox 972 323 1003 355; x_wconf 90' lang='lat' dir='ltr'>in</span> <span class='ocrx_word' id='word_1_14' title='bbox 1021 333 1112 366; x_wconf 85' lang='lat' dir='ltr'>prae-</span> 
     </span>
     <span class='ocr_line' id='line_1_5' title="bbox 375 375 1110 418; baseline -0.007 -6"><span class='ocrx_word' id='word_1_15' title='bbox 375 380 478 412; x_wconf 73' lang='lat' dir='ltr'>sentia</span> <span class='ocrx_word' id='word_1_16' title='bbox 503 380 553 411; x_wconf 89' lang='lat' dir='ltr'>vel</span> <span class='ocrx_word' id='word_1_17' title='bbox 579 377 724 411; x_wconf 77' lang='lat' dir='ltr'>absentia</span> <span class='ocrx_word' id='word_1_18' title='bbox 754 379 809 409; x_wconf 79' lang='lat' dir='ltr'>sua</span> <span class='ocrx_word' id='word_1_19' title='bbox 836 388 853 409; x_wconf 88' lang='lat' dir='ltr'>a</span> <span class='ocrx_word' id='word_1_20' title='bbox 878 376 1019 418; x_wconf 86' lang='lat' dir='ltr'>peccatis</span> <span class='ocrx_word' id='word_1_21' title='bbox 1049 375 1110 407; x_wconf 89' lang='lat' dir='ltr'>sibi</span> 
     </span>
     <span class='ocr_line' id='line_1_6' title="bbox 374 428 1110 465; baseline -0.008 0"><span class='ocrx_word' id='word_1_22' title='bbox 374 431 562 465; x_wconf 78' lang='lat' dir='ltr'>auctoritate</span> <span class='ocrx_word' id='word_1_23' title='bbox 587 430 753 463; x_wconf 74' lang='lat' dir='ltr'>ordinaria</span> <span class='ocrx_word' id='word_1_24' title='bbox 782 428 968 462; x_wconf 80' lang='lat' dir='ltr'>reservatis.</span> <span class='ocrx_word' id='word_1_25' title='bbox 1001 428 1110 460; x_wconf 86' lang='lat' dir='ltr'>Horta-</span> 
     </span>
     <span class='ocr_line' id='line_1_7' title="bbox 375 481 1109 524; baseline -0.007 -7"><span class='ocrx_word' id='word_1_26' title='bbox 375 495 447 517; x_wconf 87' lang='lat' dir='ltr'>mur</span> <span class='ocrx_word' id='word_1_27' title='bbox 480 490 586 516; x_wconf 84' lang='lat' dir='ltr'>autem</span> <span class='ocrx_word' id='word_1_28' title='bbox 625 483 750 524; x_wconf 84' lang='lat' dir='ltr'>priores</span> <span class='ocrx_word' id='word_1_29' title='bbox 782 486 817 514; x_wconf 88' lang='lat' dir='ltr'>ut</span> <span class='ocrx_word' id='word_1_30' title='bbox 846 481 950 514; x_wconf 88' lang='lat' dir='ltr'>rarius</span> <span class='ocrx_word' id='word_1_31' title='bbox 981 485 1014 513; x_wconf 88' lang='lat' dir='ltr'>et</span> <span class='ocrx_word' id='word_1_32' title='bbox 1044 491 1109 513; x_wconf 90' lang='lat' dir='ltr'>non</span> 
     </span>
     <span class='ocr_line' id='line_1_8' title="bbox 373 533 1110 579; baseline -0.005 -9"><span class='ocrx_word' id='word_1_33' title='bbox 373 537 444 570; x_wconf 89' lang='lat' dir='ltr'>sine</span> <span class='ocrx_word' id='word_1_34' title='bbox 468 541 607 579; x_wconf 85' lang='lat' dir='ltr'>urgente</span> <span class='ocrx_word' id='word_1_35' title='bbox 632 537 728 569; x_wconf 78' lang='lat' dir='ltr'>causa</span> <span class='ocrx_word' id='word_1_36' title='bbox 752 533 938 568; x_wconf 77' lang='lat' dir='ltr'>rationabili</span> <span class='ocrx_word' id='word_1_37' title='bbox 964 533 1048 567; x_wconf 89' lang='lat' dir='ltr'>istud</span> <span class='ocrx_word' id='word_1_38' title='bbox 1066 534 1110 566; x_wconf 90' lang='lat' dir='ltr'>sa-</span> 
     </span>
     <span class='ocr_line' id='line_1_9' title="bbox 373 588 1109 633; baseline -0.005 -10"><span class='ocrx_word' id='word_1_39' title='bbox 373 590 468 629; x_wconf 87' lang='lat' dir='ltr'>ciant,</span> <span class='ocrx_word' id='word_1_40' title='bbox 487 596 518 623; x_wconf 89' lang='lat' dir='ltr'>et</span> <span class='ocrx_word' id='word_1_41' title='bbox 542 590 568 622; x_wconf 89' lang='lat' dir='ltr'>si</span> <span class='ocrx_word' id='word_1_42' title='bbox 594 590 723 633; x_wconf 84' lang='lat' dir='ltr'>quando</span> <span class='ocrx_word' id='word_1_43' title='bbox 749 588 897 628; x_wconf 74' lang='lat' dir='ltr'>fecerint,</span> <span class='ocrx_word' id='word_1_44' title='bbox 932 592 1047 621; x_wconf 89' lang='lat' dir='ltr'>curent</span> <span class='ocrx_word' id='word_1_45' title='bbox 1070 588 1109 620; x_wconf 89' lang='lat' dir='ltr'>ad</span> 
     </span>
     <span class='ocr_line' id='line_1_10' title="bbox 373 641 1111 687; baseline -0.004 -11"><span class='ocrx_word' id='word_1_46' title='bbox 373 649 495 677; x_wconf 89' lang='lat' dir='ltr'>tantum</span> <span class='ocrx_word' id='word_1_47' title='bbox 520 654 601 687; x_wconf 90' lang='lat' dir='ltr'>opus</span> <span class='ocrx_word' id='word_1_48' title='bbox 627 643 832 677; x_wconf 75' lang='lat' dir='ltr'>committere</span> <span class='ocrx_word' id='word_1_49' title='bbox 857 643 937 675; x_wconf 88' lang='lat' dir='ltr'>tales</span> <span class='ocrx_word' id='word_1_50' title='bbox 970 642 1009 675; x_wconf 92' lang='lat' dir='ltr'>de</span> <span class='ocrx_word' id='word_1_51' title='bbox 1040 641 1111 685; x_wconf 88' lang='lat' dir='ltr'>qui-</span> 
     </span>
     <span class='ocr_line' id='line_1_11' title="bbox 372 695 1108 739; baseline -0.005 -9"><span class='ocrx_word' id='word_1_52' title='bbox 372 697 430 730; x_wconf 89' lang='lat' dir='ltr'>bus</span> <span class='ocrx_word' id='word_1_53' title='bbox 468 697 585 730; x_wconf 90' lang='lat' dir='ltr'>merito</span> <span class='ocrx_word' id='word_1_54' title='bbox 621 696 788 730; x_wconf 87' lang='lat' dir='ltr'>confidere</span> <span class='ocrx_word' id='word_1_55' title='bbox 812 696 967 739; x_wconf 90' lang='lat' dir='ltr'>possint,</span> <span class='ocrx_word' id='word_1_56' title='bbox 994 700 1026 728; x_wconf 89' lang='lat' dir='ltr'>et</span> <span class='ocrx_word' id='word_1_57' title='bbox 1054 695 1108 738; x_wconf 91' lang='lat' dir='ltr'>qui</span> 
     </span>
     <span class='ocr_line' id='line_1_12' title="bbox 371 750 1108 793; baseline -0.004 -9"><span class='ocrx_word' id='word_1_58' title='bbox 371 751 475 784; x_wconf 85' lang='lat' dir='ltr'>sciant</span> <span class='ocrx_word' id='word_1_59' title='bbox 492 756 525 784; x_wconf 90' lang='lat' dir='ltr'>et</span> <span class='ocrx_word' id='word_1_60' title='bbox 540 752 670 784; x_wconf 86' lang='lat' dir='ltr'>valeant</span> <span class='ocrx_word' id='word_1_61' title='bbox 683 750 769 783; x_wconf 86' lang='lat' dir='ltr'>inter</span> <span class='ocrx_word' id='word_1_62' title='bbox 782 751 906 793; x_wconf 86' lang='lat' dir='ltr'>lepram</span> <span class='ocrx_word' id='word_1_63' title='bbox 924 754 957 781; x_wconf 85' lang='lat' dir='ltr'>et</span> <span class='ocrx_word' id='word_1_64' title='bbox 976 750 1108 791; x_wconf 81' lang='lat' dir='ltr'>lepram,</span> 
     </span>
     <span class='ocr_line' id='line_1_13' title="bbox 371 802 1109 847; baseline -0.004 -10"><span class='ocrx_word' id='word_1_65' title='bbox 371 804 564 847; x_wconf 84' lang='lat' dir='ltr'>sanguinem</span> <span class='ocrx_word' id='word_1_66' title='bbox 589 809 621 837; x_wconf 90' lang='lat' dir='ltr'>et</span> <span class='ocrx_word' id='word_1_67' title='bbox 645 803 836 846; x_wconf 81' lang='lat' dir='ltr'>sanguinem</span> <span class='ocrx_word' id='word_1_68' title='bbox 857 802 1053 839; x_wconf 86' lang='lat' dir='ltr'>discernere,</span> <span class='ocrx_word' id='word_1_69' title='bbox 1080 807 1109 834; x_wconf 88' lang='lat' dir='ltr'>et</span> 
     </span>
     <span class='ocr_line' id='line_1_14' title="bbox 370 855 1110 900; baseline -0.004 -10"><span class='ocrx_word' id='word_1_70' title='bbox 370 857 506 900; x_wconf 78' lang='lat' dir='ltr'>singulis</span> <span class='ocrx_word' id='word_1_71' title='bbox 531 857 661 891; x_wconf 84' lang='lat' dir='ltr'>salubre</span> <span class='ocrx_word' id='word_1_72' title='bbox 687 857 764 890; x_wconf 86' lang='lat' dir='ltr'>dare</span> <span class='ocrx_word' id='word_1_73' title='bbox 790 855 974 894; x_wconf 80' lang='lat' dir='ltr'>consilium,</span> <span class='ocrx_word' id='word_1_74' title='bbox 1003 860 1035 888; x_wconf 90' lang='lat' dir='ltr'>et</span> <span class='ocrx_word' id='word_1_75' title='bbox 1059 865 1110 887; x_wconf 87' lang='lat' dir='ltr'>ne-</span> 
     </span>
     <span class='ocr_line' id='line_1_15' title="bbox 370 909 1110 949; baseline -0.005 -5"><span class='ocrx_word' id='word_1_76' title='bbox 370 911 547 944; x_wconf 89' lang='lat' dir='ltr'>cessarium</span> <span class='ocrx_word' id='word_1_77' title='bbox 561 910 719 944; x_wconf 85' lang='lat' dir='ltr'>adhibere</span> <span class='ocrx_word' id='word_1_78' title='bbox 735 909 934 949; x_wconf 63' lang='lat' dir='ltr'>remedium</span> <span class='ocrx_word' id='word_1_79' title='bbox 957 919 1030 941; x_wconf 88' lang='lat' dir='ltr'>nam</span> <span class='ocrx_word' id='word_1_80' title='bbox 1049 909 1110 941; x_wconf 88' lang='lat' dir='ltr'>hoc</span> 
     </span>
     <span class='ocr_line' id='line_1_16' title="bbox 371 962 1110 1007; baseline -0.005 -10"><span class='ocrx_word' id='word_1_81' title='bbox 371 974 448 997; x_wconf 87' lang='lat' dir='ltr'>casu</span> <span class='ocrx_word' id='word_1_82' title='bbox 473 964 612 997; x_wconf 76' lang='lat' dir='ltr'>confessi</span> <span class='ocrx_word' id='word_1_83' title='bbox 638 963 688 996; x_wconf 90' lang='lat' dir='ltr'>his</span> <span class='ocrx_word' id='word_1_84' title='bbox 715 963 830 1007; x_wconf 90' lang='lat' dir='ltr'>quibus</span> <span class='ocrx_word' id='word_1_85' title='bbox 856 968 905 995; x_wconf 87' lang='lat' dir='ltr'>est</span> <span class='ocrx_word' id='word_1_86' title='bbox 928 962 1009 994; x_wconf 86' lang='lat' dir='ltr'>haec</span> <span class='ocrx_word' id='word_1_87' title='bbox 1037 972 1110 1004; x_wconf 87' lang='lat' dir='ltr'>spe-</span> 
     </span>
     <span class='ocr_line' id='line_1_17' title="bbox 369 1014 1109 1058; baseline -0.005 -8"><span class='ocrx_word' id='word_1_88' title='bbox 369 1017 460 1050; x_wconf 89' lang='lat' dir='ltr'>cialis</span> <span class='ocrx_word' id='word_1_89' title='bbox 498 1016 685 1050; x_wconf 87' lang='lat' dir='ltr'>absolvendi</span> <span class='ocrx_word' id='word_1_90' title='bbox 710 1027 727 1049; x_wconf 88' lang='lat' dir='ltr'>a</span> <span class='ocrx_word' id='word_1_91' title='bbox 763 1015 936 1048; x_wconf 83' lang='lat' dir='ltr'>reservatis</span> <span class='ocrx_word' id='word_1_92' title='bbox 968 1014 1109 1058; x_wconf 86' lang='lat' dir='ltr'>peccatis</span> 
     </span>
     <span class='ocr_line' id='line_1_18' title="bbox 370 1068 1107 1109; baseline -0.004 -6"><span class='ocrx_word' id='word_1_93' title='bbox 370 1070 504 1103; x_wconf 80' lang='lat' dir='ltr'>facultas</span> <span class='ocrx_word' id='word_1_94' title='bbox 527 1080 702 1109; x_wconf 84' lang='lat' dir='ltr'>concessa,</span> <span class='ocrx_word' id='word_1_95' title='bbox 729 1079 795 1102; x_wconf 91' lang='lat' dir='ltr'>non</span> <span class='ocrx_word' id='word_1_96' title='bbox 816 1073 969 1101; x_wconf 88' lang='lat' dir='ltr'>tenentur</span> <span class='ocrx_word' id='word_1_97' title='bbox 989 1068 1107 1101; x_wconf 89' lang='lat' dir='ltr'>iterum</span> 
     </span>
     <span class='ocr_line' id='line_1_19' title="bbox 369 1123 660 1167; baseline 0 -11"><span class='ocrx_word' id='word_1_98' title='bbox 369 1124 474 1167; x_wconf 84' lang='lat' dir='ltr'>priori</span> <span class='ocrx_word' id='word_1_99' title='bbox 499 1123 660 1157; x_wconf 88' lang='lat' dir='ltr'>confiteri.</span> 
     </span>
    </p>

    <p class='ocr_par' dir='ltr' id='par_1_3' title="bbox 367 1174 1109 1962">
     <span class='ocr_line' id='line_1_20' title="bbox 412 1174 1109 1220; baseline -0.007 -8"><span class='ocrx_word' id='word_1_100' title='bbox 412 1188 481 1212; x_wconf 86' lang='lat' dir='ltr'>x111.</span> <span class='ocrx_word' id='word_1_101' title='bbox 520 1177 636 1220; x_wconf 69' lang='lat' dir='ltr'>vigore</span> <span class='ocrx_word' id='word_1_102' title='bbox 672 1176 806 1219; x_wconf 82' lang='lat' dir='ltr'>insuper</span> <span class='ocrx_word' id='word_1_103' title='bbox 847 1174 1008 1209; x_wconf 79' lang='lat' dir='ltr'>facultatis</span> <span class='ocrx_word' id='word_1_104' title='bbox 1050 1185 1109 1217; x_wconf 83' lang='lat' dir='ltr'>per</span> 
     </span>
     <span class='ocr_line' id='line_1_21' title="bbox 369 1228 1109 1275; baseline -0.005 -11"><span class='ocrx_word' id='word_1_105' title='bbox 369 1230 589 1275; x_wconf 80' lang='lat' dir='ltr'>Apostolicam</span> <span class='ocrx_word' id='word_1_106' title='bbox 614 1230 730 1263; x_wconf 88' lang='lat' dir='ltr'>Sedem</span> <span class='ocrx_word' id='word_1_107' title='bbox 759 1239 935 1262; x_wconf 79' lang='lat' dir='ltr'>concessae</span> <span class='ocrx_word' id='word_1_108' title='bbox 959 1228 1109 1271; x_wconf 87' lang='lat' dir='ltr'>personis</span> 
     </span>
     <span class='ocr_line' id='line_1_22' title="bbox 368 1282 1109 1317; baseline -0.005 0"><span class='ocrx_word' id='word_1_109' title='bbox 368 1284 470 1317; x_wconf 75' lang='lat' dir='ltr'>nostri</span> <span class='ocrx_word' id='word_1_110' title='bbox 496 1284 625 1317; x_wconf 87' lang='lat' dir='ltr'>Ordinis</span> <span class='ocrx_word' id='word_1_111' title='bbox 649 1284 683 1316; x_wconf 92' lang='lat' dir='ltr'>in</span> <span class='ocrx_word' id='word_1_112' title='bbox 708 1283 760 1316; x_wconf 90' lang='lat' dir='ltr'>die</span> <span class='ocrx_word' id='word_1_113' title='bbox 785 1282 966 1315; x_wconf 83' lang='lat' dir='ltr'>Nativitatis</span> <span class='ocrx_word' id='word_1_114' title='bbox 993 1287 1024 1314; x_wconf 86' lang='lat' dir='ltr'>et</span> <span class='ocrx_word' id='word_1_115' title='bbox 1050 1282 1109 1313; x_wconf 80' lang='lat' dir='ltr'>Pu-</span> 
     </span>
     <span class='ocr_line' id='line_1_23' title="bbox 368 1334 1107 1377; baseline -0.003 -8"><span class='ocrx_word' id='word_1_116' title='bbox 368 1336 557 1369; x_wconf 81' lang='lat' dir='ltr'>rificationis</span> <span class='ocrx_word' id='word_1_117' title='bbox 583 1335 788 1369; x_wconf 78' lang='lat' dir='ltr'>beatissimae</span> <span class='ocrx_word' id='word_1_118' title='bbox 813 1345 944 1377; x_wconf 83' lang='lat' dir='ltr'>semper</span> <span class='ocrx_word' id='word_1_119' title='bbox 967 1334 1107 1376; x_wconf 65' lang='lat' dir='ltr'>Virginis</span> 
     </span>
     <span class='ocr_line' id='line_1_24' title="bbox 368 1388 1109 1434; baseline -0.005 -11"><span class='ocrx_word' id='word_1_120' title='bbox 368 1391 495 1430; x_wconf 78' lang='lat' dir='ltr'>Mariae,</span> <span class='ocrx_word' id='word_1_121' title='bbox 514 1396 546 1423; x_wconf 88' lang='lat' dir='ltr'>et</span> <span class='ocrx_word' id='word_1_122' title='bbox 570 1401 652 1434; x_wconf 84' lang='lat' dir='ltr'>quae</span> <span class='ocrx_word' id='word_1_123' title='bbox 677 1389 895 1422; x_wconf 85' lang='lat' dir='ltr'>communiter</span> <span class='ocrx_word' id='word_1_124' title='bbox 918 1388 1038 1431; x_wconf 86' lang='lat' dir='ltr'>apponi</span> <span class='ocrx_word' id='word_1_125' title='bbox 1057 1398 1109 1420; x_wconf 86' lang='lat' dir='ltr'>so-</span> 
     </span>
     <span class='ocr_line' id='line_1_25' title="bbox 368 1441 1109 1486; baseline -0.005 -10"><span class='ocrx_word' id='word_1_126' title='bbox 368 1445 415 1477; x_wconf 88' lang='lat' dir='ltr'>let</span> <span class='ocrx_word' id='word_1_127' title='bbox 440 1443 471 1476; x_wconf 91' lang='lat' dir='ltr'>in</span> <span class='ocrx_word' id='word_1_128' title='bbox 497 1443 686 1486; x_wconf 88' lang='lat' dir='ltr'>apostolicis</span> <span class='ocrx_word' id='word_1_129' title='bbox 712 1441 942 1484; x_wconf 77' lang='lat' dir='ltr'>indulgentiis,</span> <span class='ocrx_word' id='word_1_130' title='bbox 970 1447 1109 1484; x_wconf 84' lang='lat' dir='ltr'>possunt</span> 
     </span>
     <span class='ocr_line' id='line_1_26' title="bbox 369 1494 1109 1540; baseline -0.004 -11"><span class='ocrx_word' id='word_1_131' title='bbox 369 1496 516 1540; x_wconf 83' lang='lat' dir='ltr'>deputati</span> <span class='ocrx_word' id='word_1_132' title='bbox 541 1497 579 1529; x_wconf 82' lang='lat' dir='ltr'>ad</span> <span class='ocrx_word' id='word_1_133' title='bbox 605 1495 784 1529; x_wconf 83' lang='lat' dir='ltr'>audiendas</span> <span class='ocrx_word' id='word_1_134' title='bbox 809 1494 1030 1528; x_wconf 83' lang='lat' dir='ltr'>confessiones</span> <span class='ocrx_word' id='word_1_135' title='bbox 1056 1495 1109 1526; x_wconf 81' lang='lat' dir='ltr'>al)-</span> 
     </span>
     <span class='ocr_line' id='line_1_27' title="bbox 368 1548 1107 1590; baseline -0.004 -8"><span class='ocrx_word' id='word_1_136' title='bbox 368 1551 496 1583; x_wconf 88' lang='lat' dir='ltr'>solvere</span> <span class='ocrx_word' id='word_1_137' title='bbox 521 1551 560 1582; x_wconf 88' lang='lat' dir='ltr'>ab</span> <span class='ocrx_word' id='word_1_138' title='bbox 586 1550 735 1582; x_wconf 87' lang='lat' dir='ltr'>omnibus</span> <span class='ocrx_word' id='word_1_139' title='bbox 765 1548 936 1581; x_wconf 87' lang='lat' dir='ltr'>sententiis</span> <span class='ocrx_word' id='word_1_140' title='bbox 974 1553 1006 1580; x_wconf 87' lang='lat' dir='ltr'>et</span> <span class='ocrx_word' id='word_1_141' title='bbox 1035 1557 1107 1590; x_wconf 88' lang='lat' dir='ltr'>pec-</span> 
     </span>
     <span class='ocr_line' id='line_1_28' title="bbox 368 1601 1104 1644; baseline -0.004 -8"><span class='ocrx_word' id='word_1_142' title='bbox 368 1603 447 1636; x_wconf 84' lang='lat' dir='ltr'>catis</span> <span class='ocrx_word' id='word_1_143' title='bbox 472 1603 567 1636; x_wconf 86' lang='lat' dir='ltr'>etiam</span> <span class='ocrx_word' id='word_1_144' title='bbox 592 1603 764 1636; x_wconf 79' lang='lat' dir='ltr'>reservatis</span> <span class='ocrx_word' id='word_1_145' title='bbox 788 1601 863 1635; x_wconf 87' lang='lat' dir='ltr'>Sedi</span> <span class='ocrx_word' id='word_1_146' title='bbox 884 1601 1104 1644; x_wconf 81' lang='lat' dir='ltr'>Apostolicae.</span> 
     </span>
     <span class='ocr_line' id='line_1_29' title="bbox 368 1654 1107 1699; baseline -0.004 -11"><span class='ocrx_word' id='word_1_147' title='bbox 368 1658 391 1688; x_wconf 82' lang='grc' dir='ltr'>Α</span> <span class='ocrx_word' id='word_1_148' title='bbox 419 1656 534 1689; x_wconf 89' lang='lat' dir='ltr'>ceteris</span> <span class='ocrx_word' id='word_1_149' title='bbox 559 1656 700 1699; x_wconf 80' lang='lat' dir='ltr'>peccatis</span> <span class='ocrx_word' id='word_1_150' title='bbox 727 1666 791 1688; x_wconf 91' lang='lat' dir='ltr'>non</span> <span class='ocrx_word' id='word_1_151' title='bbox 824 1654 996 1687; x_wconf 86' lang='lat' dir='ltr'>reservatis</span> <span class='ocrx_word' id='word_1_152' title='bbox 1032 1664 1107 1697; x_wconf 87' lang='lat' dir='ltr'>pos-</span> 
     </span>
     <span class='ocr_line' id='line_1_30' title="bbox 367 1706 1106 1751; baseline -0.004 -10"><span class='ocrx_word' id='word_1_153' title='bbox 367 1709 442 1747; x_wconf 77' lang='lat' dir='ltr'>sint,</span> <span class='ocrx_word' id='word_1_154' title='bbox 461 1713 496 1740; x_wconf 86' lang='lat' dir='ltr'>ut</span> <span class='ocrx_word' id='word_1_155' title='bbox 516 1719 616 1751; x_wconf 88' lang='lat' dir='ltr'>supra</span> <span class='ocrx_word' id='word_1_156' title='bbox 633 1708 753 1741; x_wconf 85' lang='lat' dir='ltr'>dictum</span> <span class='ocrx_word' id='word_1_157' title='bbox 779 1713 840 1747; x_wconf 88' lang='lat' dir='ltr'>est,</span> <span class='ocrx_word' id='word_1_158' title='bbox 860 1706 1024 1739; x_wconf 83' lang='lat' dir='ltr'>ordinarie</span> <span class='ocrx_word' id='word_1_159' title='bbox 1051 1707 1106 1739; x_wconf 80' lang='lat' dir='ltr'>de-</span> 
     </span>
     <span class='ocr_line' id='line_1_31' title="bbox 368 1760 1105 1804; baseline -0.003 -11"><span class='ocrx_word' id='word_1_160' title='bbox 368 1761 472 1804; x_wconf 85' lang='lat' dir='ltr'>putati</span> <span class='ocrx_word' id='word_1_161' title='bbox 499 1762 536 1793; x_wconf 87' lang='lat' dir='ltr'>ad</span> <span class='ocrx_word' id='word_1_162' title='bbox 571 1761 749 1793; x_wconf 82' lang='lat' dir='ltr'>audiendas</span> <span class='ocrx_word' id='word_1_163' title='bbox 782 1760 1004 1793; x_wconf 81' lang='lat' dir='ltr'>consessiones</span> <span class='ocrx_word' id='word_1_164' title='bbox 1041 1765 1105 1792; x_wconf 82' lang='lat' dir='ltr'>tam</span> 
     </span>
     <span class='ocr_line' id='line_1_32' title="bbox 368 1813 1104 1857; baseline -0.001 -11"><span class='ocrx_word' id='word_1_165' title='bbox 368 1813 511 1857; x_wconf 85' lang='lat' dir='ltr'>priorem</span> <span class='ocrx_word' id='word_1_166' title='bbox 548 1825 642 1846; x_wconf 85' lang='lat' dir='ltr'>suum</span> <span class='ocrx_word' id='word_1_167' title='bbox 674 1825 769 1857; x_wconf 81' lang='lat' dir='ltr'>quam</span> <span class='ocrx_word' id='word_1_168' title='bbox 801 1819 928 1846; x_wconf 84' lang='lat' dir='ltr'>eeteros</span> <span class='ocrx_word' id='word_1_169' title='bbox 957 1813 1104 1846; x_wconf 89' lang='lat' dir='ltr'>subditos</span> 
     </span>
     <span class='ocr_line' id='line_1_33' title="bbox 368 1866 1106 1900; baseline 0 -1"><span class='ocrx_word' id='word_1_170' title='bbox 368 1867 430 1900; x_wconf 70' lang='lat' dir='ltr'>sibi</span> <span class='ocrx_word' id='word_1_171' title='bbox 456 1868 648 1900; x_wconf 74' lang='lat' dir='ltr'>confitentes</span> <span class='ocrx_word' id='word_1_172' title='bbox 673 1867 840 1899; x_wconf 79' lang='lat' dir='ltr'>absolvere</span> <span class='ocrx_word' id='word_1_173' title='bbox 867 1872 899 1899; x_wconf 91' lang='lat' dir='ltr'>et</span> <span class='ocrx_word' id='word_1_174' title='bbox 915 1866 961 1899; x_wconf 89' lang='lat' dir='ltr'>eis</span> <span class='ocrx_word' id='word_1_175' title='bbox 983 1866 1106 1899; x_wconf 85' lang='lat' dir='ltr'>satissa-</span> 
     </span>
     <span class='ocr_line' id='line_1_34' title="bbox 367 1920 718 1962; baseline -0.003 -9"><span class='ocrx_word' id='word_1_176' title='bbox 367 1920 508 1953; x_wconf 81' lang='lat' dir='ltr'>etionem</span> <span class='ocrx_word' id='word_1_177' title='bbox 534 1921 718 1962; x_wconf 76' lang='lat' dir='ltr'>iniungere.</span> 
     </span>
    </p>

    <p class='ocr_par' dir='ltr' id='par_1_4' title="bbox 413 1972 1105 2015">
     <span class='ocr_line' id='line_1_35' title="bbox 413 1972 1105 2015; baseline -0.001 -11"><span class='ocrx_word' id='word_1_178' title='bbox 413 1983 475 2006; x_wconf 74' lang='lat' dir='ltr'>xlv.</span> <span class='ocrx_word' id='word_1_179' title='bbox 503 1972 591 2010; x_wconf 85' lang='lat' dir='ltr'>Quod</span> <span class='ocrx_word' id='word_1_180' title='bbox 618 1972 645 2004; x_wconf 85' lang='lat' dir='ltr'>si</span> <span class='ocrx_word' id='word_1_181' title='bbox 671 1972 744 2014; x_wconf 90' lang='lat' dir='ltr'>quis</span> <span class='ocrx_word' id='word_1_182' title='bbox 770 1972 870 2015; x_wconf 89' lang='lat' dir='ltr'>prior,</span> <span class='ocrx_word' id='word_1_183' title='bbox 903 1977 1105 2015; x_wconf 78' lang='lat' dir='ltr'>procurator,</span> 
     </span>
    </p>
   </div>
   <div class='ocr_carea' id='block_1_3' title="bbox 367 2025 1128 2058">
    <p class='ocr_par' dir='ltr' id='par_1_5' title="bbox 367 2025 1128 2058">
     <span class='ocr_line' id='line_1_36' title="bbox 367 2025 1128 2058; baseline -0.003 0"><span class='ocrx_word' id='word_1_184' title='bbox 367 2026 547 2058; x_wconf 82' lang='lat' dir='ltr'>inonachus</span> <span class='ocrx_word' id='word_1_185' title='bbox 564 2029 618 2057; x_wconf 89' lang='lat' dir='ltr'>aut</span> <span class='ocrx_word' id='word_1_186' title='bbox 639 2035 813 2058; x_wconf 88' lang='lat' dir='ltr'>conversus</span> <span class='ocrx_word' id='word_1_187' title='bbox 838 2025 869 2057; x_wconf 89' lang='lat' dir='ltr'>iu</span> <span class='ocrx_word' id='word_1_188' title='bbox 888 2025 1003 2057; x_wconf 87' lang='lat' dir='ltr'>itinere</span> <span class='ocrx_word' id='word_1_189' title='bbox 1030 2035 1106 2056; x_wconf 89' lang='lat' dir='ltr'>con-</span> <span class='ocrx_word' id='word_1_190' title='bbox 1127 2043 1128 2046; x_wconf 67' lang='lat'><em>=</em></span> 
     </span>
    </p>
   </div>
   <div class='ocr_carea' id='block_1_4' title="bbox 366 2077 1105 2544">
    <p class='ocr_par' dir='ltr' id='par_1_6' title="bbox 366 2077 1105 2376">
     <span class='ocr_line' id='line_1_37' title="bbox 368 2077 1104 2121; baseline -0.001 -11"><span class='ocrx_word' id='word_1_191' title='bbox 368 2079 496 2111; x_wconf 70' lang='lat' dir='ltr'>stitutus</span> <span class='ocrx_word' id='word_1_192' title='bbox 522 2080 568 2120; x_wconf 83' lang='lat' dir='ltr'>(u)</span> <span class='ocrx_word' id='word_1_193' title='bbox 595 2077 689 2111; x_wconf 85' lang='lat' dir='ltr'>alteri</span> <span class='ocrx_word' id='word_1_194' title='bbox 715 2088 809 2121; x_wconf 86' lang='lat' dir='ltr'>quam</span> <span class='ocrx_word' id='word_1_195' title='bbox 836 2077 934 2120; x_wconf 84' lang='lat' dir='ltr'>priori</span> <span class='ocrx_word' id='word_1_196' title='bbox 966 2088 1024 2109; x_wconf 85' lang='lat' dir='ltr'>suo</span> <span class='ocrx_word' id='word_1_197' title='bbox 1058 2079 1104 2110; x_wconf 73' lang='lat' dir='ltr'>vel</span> 
     </span>
     <span class='ocr_line' id='line_1_38' title="bbox 368 2131 1104 2174; baseline -0.003 -10"><span class='ocrx_word' id='word_1_198' title='bbox 368 2133 523 2174; x_wconf 84' lang='lat' dir='ltr'>deputato</span> <span class='ocrx_word' id='word_1_199' title='bbox 557 2131 597 2164; x_wconf 91' lang='lat' dir='ltr'>de</span> <span class='ocrx_word' id='word_1_200' title='bbox 634 2131 743 2173; x_wconf 82' lang='lat' dir='ltr'>aliquo</span> <span class='ocrx_word' id='word_1_201' title='bbox 782 2131 909 2163; x_wconf 85' lang='lat' dir='ltr'>mortali</span> <span class='ocrx_word' id='word_1_202' title='bbox 942 2136 1104 2163; x_wconf 83' lang='lat' dir='ltr'>reservato</span> 
     </span>
     <span class='ocr_line' id='line_1_39' title="bbox 368 2184 1105 2223; baseline -0.003 -6"><span class='ocrx_word' id='word_1_203' title='bbox 368 2186 535 2217; x_wconf 83' lang='lat' dir='ltr'>confessus</span> <span class='ocrx_word' id='word_1_204' title='bbox 560 2184 665 2223; x_wconf 82' lang='lat' dir='ltr'>suerit,</span> <span class='ocrx_word' id='word_1_205' title='bbox 685 2184 816 2216; x_wconf 89' lang='lat' dir='ltr'>domum</span> <span class='ocrx_word' id='word_1_206' title='bbox 842 2194 990 2216; x_wconf 88' lang='lat' dir='ltr'>reversus</span> <span class='ocrx_word' id='word_1_207' title='bbox 1016 2189 1105 2216; x_wconf 81' lang='lat' dir='ltr'>tene-</span> 
     </span>
     <span class='ocr_line' id='line_1_40' title="bbox 367 2236 1105 2280; baseline 0.001 -11"><span class='ocrx_word' id='word_1_208' title='bbox 367 2237 455 2270; x_wconf 82' lang='lat' dir='ltr'>bitur</span> <span class='ocrx_word' id='word_1_209' title='bbox 479 2238 595 2271; x_wconf 87' lang='lat' dir='ltr'>iterum</span> <span class='ocrx_word' id='word_1_210' title='bbox 621 2236 766 2270; x_wconf 73' lang='lat' dir='ltr'>confiteri</span> <span class='ocrx_word' id='word_1_211' title='bbox 791 2237 911 2280; x_wconf 86' lang='lat' dir='ltr'>priori,</span> <span class='ocrx_word' id='word_1_212' title='bbox 939 2242 993 2269; x_wconf 83' lang='lat' dir='ltr'>aut</span> <span class='ocrx_word' id='word_1_213' title='bbox 1014 2238 1105 2279; x_wconf 88' lang='lat' dir='ltr'>prior</span> 
     </span>
     <span class='ocr_line' id='line_1_41' title="bbox 366 2290 1101 2332; baseline -0.001 -9"><span class='ocrx_word' id='word_1_214' title='bbox 366 2291 509 2331; x_wconf 60' lang='lat' dir='ltr'>sicario,</span> <span class='ocrx_word' id='word_1_215' title='bbox 537 2290 598 2323; x_wconf 87' lang='lat' dir='ltr'>nisi</span> <span class='ocrx_word' id='word_1_216' title='bbox 639 2290 736 2322; x_wconf 84' lang='lat' dir='ltr'>alium</span> <span class='ocrx_word' id='word_1_217' title='bbox 773 2290 911 2332; x_wconf 81' lang='lat' dir='ltr'>elegerit</span> <span class='ocrx_word' id='word_1_218' title='bbox 935 2291 1101 2322; x_wconf 82' lang='lat' dir='ltr'>confessa-</span> 
     </span>
     <span class='ocr_line' id='line_1_42' title="bbox 367 2343 462 2376; baseline 0.011 -1"><span class='ocrx_word' id='word_1_219' title='bbox 367 2343 462 2376; x_wconf 85' lang='lat' dir='ltr'>rium.</span> 
     </span>
    </p>

    <p class='ocr_par' dir='ltr' id='par_1_7' title="bbox 367 2395 1105 2544">
     <span class='ocr_line' id='line_1_43' title="bbox 412 2395 1104 2438; baseline -0.001 -10"><span class='ocrx_word' id='word_1_220' title='bbox 412 2406 460 2428; x_wconf 83' lang='lat' dir='ltr'>xv.</span> <span class='ocrx_word' id='word_1_221' title='bbox 487 2395 578 2429; x_wconf 85' lang='lat' dir='ltr'>Solus</span> <span class='ocrx_word' id='word_1_222' title='bbox 605 2395 805 2428; x_wconf 84' lang='lat' dir='ltr'>reverendus</span> <span class='ocrx_word' id='word_1_223' title='bbox 838 2400 931 2438; x_wconf 84' lang='lat' dir='ltr'>pater</span> <span class='ocrx_word' id='word_1_224' title='bbox 967 2395 1104 2427; x_wconf 84' lang='lat' dir='ltr'>Cartliu-</span> 
     </span>
     <span class='ocr_line' id='line_1_44' title="bbox 367 2449 1105 2492; baseline 0 -12"><span class='ocrx_word' id='word_1_225' title='bbox 367 2449 444 2487; x_wconf 82' lang='lat' dir='ltr'>siae,</span> <span class='ocrx_word' id='word_1_226' title='bbox 463 2454 494 2481; x_wconf 91' lang='lat' dir='ltr'>et</span> <span class='ocrx_word' id='word_1_227' title='bbox 519 2459 598 2492; x_wconf 89' lang='lat' dir='ltr'>quos</span> <span class='ocrx_word' id='word_1_228' title='bbox 623 2450 662 2482; x_wconf 89' lang='lat' dir='ltr'>ad</span> <span class='ocrx_word' id='word_1_229' title='bbox 693 2449 724 2481; x_wconf 89' lang='lat' dir='ltr'>id</span> <span class='ocrx_word' id='word_1_230' title='bbox 755 2449 1017 2490; x_wconf 73' lang='lat' dir='ltr'>subdelegandos</span> <span class='ocrx_word' id='word_1_231' title='bbox 1048 2450 1105 2481; x_wconf 92' lang='lat' dir='ltr'>du-</span> 
     </span>
     <span class='ocr_line' id='line_1_45' title="bbox 368 2501 1104 2544; baseline 0.001 -11"><span class='ocrx_word' id='word_1_232' title='bbox 368 2501 459 2538; x_wconf 81' lang='lat' dir='ltr'>xerit,</span> <span class='ocrx_word' id='word_1_233' title='bbox 477 2506 624 2544; x_wconf 81' lang='lat' dir='ltr'>possunt,</span> <span class='ocrx_word' id='word_1_234' title='bbox 645 2512 680 2533; x_wconf 82' lang='lat' dir='ltr'>ex</span> <span class='ocrx_word' id='word_1_235' title='bbox 708 2502 833 2534; x_wconf 89' lang='lat' dir='ltr'>indulto</span> <span class='ocrx_word' id='word_1_236' title='bbox 858 2502 911 2535; x_wconf 81' lang='lat' dir='ltr'>SS.</span> <span class='ocrx_word' id='word_1_237' title='bbox 939 2502 973 2534; x_wconf 93' lang='lat' dir='ltr'>D.</span> <span class='ocrx_word' id='word_1_238' title='bbox 994 2502 1030 2534; x_wconf 88' lang='lat' dir='ltr'>N.</span> <span class='ocrx_word' id='word_1_239' title='bbox 1052 2501 1104 2534; x_wconf 73' lang='lat' dir='ltr'>Pa-</span> 
     </span>
    </p>
   </div>
   <div class='ocr_carea' id='block_1_5' title="bbox 366 2572 1104 2651">
    <p class='ocr_par' dir='ltr' id='par_1_8' title="bbox 366 2572 1104 2651">
     <span class='ocr_line' id='line_1_46' title="bbox 402 2572 1104 2607; baseline 0 -9"><span class='ocrx_word' id='word_1_240' title='bbox 402 2573 435 2603; x_wconf 86' lang='grc' dir='ltr'>α)</span> <span class='ocrx_word' id='word_1_241' title='bbox 454 2572 508 2598; x_wconf 86' lang='lat' dir='ltr'>lter</span> <span class='ocrx_word' id='word_1_242' title='bbox 527 2576 636 2605; x_wconf 78' lang='lat' dir='ltr'>agentes</span> <span class='ocrx_word' id='word_1_243' title='bbox 657 2580 686 2598; x_wconf 87' lang='lat' dir='ltr'>ex</span> <span class='ocrx_word' id='word_1_244' title='bbox 708 2572 773 2598; x_wconf 87' lang='lat' dir='ltr'>iuris</span> <span class='ocrx_word' id='word_1_245' title='bbox 793 2572 971 2606; x_wconf 81' lang='lat' dir='ltr'>dispositione</span> <span class='ocrx_word' id='word_1_246' title='bbox 992 2575 1104 2607; x_wconf 82' lang='lat' dir='ltr'>possunt</span> 
     </span>
     <span class='ocr_line' id='line_1_47' title="bbox 366 2617 945 2651; baseline 0 -9"><span class='ocrx_word' id='word_1_247' title='bbox 366 2617 487 2645; x_wconf 80' lang='lat' dir='ltr'>confiteri</span> <span class='ocrx_word' id='word_1_248' title='bbox 507 2617 616 2643; x_wconf 69' lang='lat' dir='ltr'>cuilibet</span> <span class='ocrx_word' id='word_1_249' title='bbox 636 2617 767 2643; x_wconf 74' lang='lat' dir='ltr'>sacerdoti</span> <span class='ocrx_word' id='word_1_250' title='bbox 789 2618 945 2651; x_wconf 65' lang='lat' dir='ltr'>approbato.</span> 
     </span>
    </p>
   </div>
   <div class='ocr_carea' id='block_1_6' title="bbox 1124 880 1133 2632">
    <p class='ocr_par' dir='ltr' id='par_1_9' title="bbox 1124 880 1133 2632">
     <span class='ocr_line' id='line_1_48' title="bbox 1124 880 1133 2632; baseline 0 0"><span class='ocrx_word' id='word_1_251' title='bbox 1124 880 1133 2632; x_wconf 95' lang='lat' dir='ltr'> </span> 
     </span>
    </p>
   </div>
   <div class='ocr_carea' id='block_1_7' title="bbox 962 221 1319 246">
    <p class='ocr_par' dir='ltr' id='par_1_10' title="bbox 962 221 1319 246">
     <span class='ocr_line' id='line_1_49' title="bbox 962 221 1319 246; baseline 0 0"><span class='ocrx_word' id='word_1_252' title='bbox 962 221 1143 246; x_wconf 70' lang='lat' dir='ltr'>BULLARIUM</span> <span class='ocrx_word' id='word_1_253' title='bbox 1167 222 1319 246; x_wconf 71' lang='lat' dir='ltr'><strong>ROMANUM</strong></span> 
     </span>
    </p>
   </div>
   <div class='ocr_carea' id='block_1_8' title="bbox 1146 268 1891 2587">
    <p class='ocr_par' dir='ltr' id='par_1_11' title="bbox 1152 268 1891 994">
     <span class='ocr_line' id='line_1_50' title="bbox 1154 268 1891 313; baseline 0 -11"><span class='ocrx_word' id='word_1_254' title='bbox 1154 280 1213 311; x_wconf 83' lang='lat' dir='ltr'>pae</span> <span class='ocrx_word' id='word_1_255' title='bbox 1238 269 1419 302; x_wconf 90' lang='lat' dir='ltr'>Innocentii</span> <span class='ocrx_word' id='word_1_256' title='bbox 1440 268 1488 310; x_wconf 84' lang='lat' dir='ltr'>XI,</span> <span class='ocrx_word' id='word_1_257' title='bbox 1509 278 1569 313; x_wconf 85' lang='lat' dir='ltr'>per</span> <span class='ocrx_word' id='word_1_258' title='bbox 1584 268 1707 303; x_wconf 88' lang='lat' dir='ltr'>litteras</span> <span class='ocrx_word' id='word_1_259' title='bbox 1731 268 1763 302; x_wconf 91' lang='lat' dir='ltr'>in</span> <span class='ocrx_word' id='word_1_260' title='bbox 1789 269 1891 302; x_wconf 72' lang='lat' dir='ltr'>forma</span> 
     </span>
     <span class='ocr_line' id='line_1_51' title="bbox 1154 322 1888 361; baseline -0.001 -5"><span class='ocrx_word' id='word_1_261' title='bbox 1154 323 1271 356; x_wconf 85' lang='lat' dir='ltr'>Brevis·</span> <span class='ocrx_word' id='word_1_262' title='bbox 1288 323 1346 355; x_wconf 89' lang='lat' dir='ltr'>sub</span> <span class='ocrx_word' id='word_1_263' title='bbox 1367 323 1418 355; x_wconf 91' lang='lat' dir='ltr'>die</span> <span class='ocrx_word' id='word_1_264' title='bbox 1436 333 1513 356; x_wconf 81' lang='lat' dir='ltr'>xvul</span> <span class='ocrx_word' id='word_1_265' title='bbox 1530 322 1672 355; x_wconf 88' lang='lat' dir='ltr'>octobris</span> <span class='ocrx_word' id='word_1_266' title='bbox 1689 331 1888 361; x_wconf 68' lang='lat' dir='ltr'>uncbxxxvn,</span> 
     </span>
     <span class='ocr_line' id='line_1_52' title="bbox 1153 375 1889 419; baseline 0.001 -11"><span class='ocrx_word' id='word_1_267' title='bbox 1153 382 1313 416; x_wconf 86' lang='lat' dir='ltr'>emanato,</span> <span class='ocrx_word' id='word_1_268' title='bbox 1339 386 1497 419; x_wconf 84' lang='lat' dir='ltr'>personas</span> <span class='ocrx_word' id='word_1_269' title='bbox 1522 376 1649 409; x_wconf 87' lang='lat' dir='ltr'>Ordinis</span> <span class='ocrx_word' id='word_1_270' title='bbox 1674 377 1714 409; x_wconf 87' lang='lat' dir='ltr'>ab</span> <span class='ocrx_word' id='word_1_271' title='bbox 1738 375 1889 409; x_wconf 85' lang='lat' dir='ltr'>omnibus</span> 
     </span>
     <span class='ocr_line' id='line_1_53' title="bbox 1153 428 1889 471; baseline 0 -10"><span class='ocrx_word' id='word_1_272' title='bbox 1153 429 1507 469; x_wconf 79' lang='lat' dir='ltr'>excommunicationis,</span> <span class='ocrx_word' id='word_1_273' title='bbox 1533 428 1772 471; x_wconf 84' lang='lat' dir='ltr'>suspensionis,</span> <span class='ocrx_word' id='word_1_274' title='bbox 1802 428 1889 461; x_wconf 89' lang='lat' dir='ltr'>aliis-</span> 
     </span>
     <span class='ocr_line' id='line_1_54' title="bbox 1153 481 1889 525; baseline 0.003 -12"><span class='ocrx_word' id='word_1_275' title='bbox 1153 492 1215 525; x_wconf 87' lang='lat' dir='ltr'>que</span> <span class='ocrx_word' id='word_1_276' title='bbox 1240 481 1466 516; x_wconf 80' lang='lat' dir='ltr'>ecelesiasticis</span> <span class='ocrx_word' id='word_1_277' title='bbox 1489 482 1670 522; x_wconf 88' lang='lat' dir='ltr'>sententiis,</span> <span class='ocrx_word' id='word_1_278' title='bbox 1687 481 1846 522; x_wconf 76' lang='lat' dir='ltr'>censuris,</span> <span class='ocrx_word' id='word_1_279' title='bbox 1870 490 1889 515; x_wconf 87' lang='lat' dir='ltr'>a</span> 
     </span>
     <span class='ocr_line' id='line_1_55' title="bbox 1152 535 1888 579; baseline 0.001 -12"><span class='ocrx_word' id='word_1_280' title='bbox 1152 535 1222 568; x_wconf 88' lang='lat' dir='ltr'>iure</span> <span class='ocrx_word' id='word_1_281' title='bbox 1249 537 1297 569; x_wconf 90' lang='lat' dir='ltr'>vel</span> <span class='ocrx_word' id='word_1_282' title='bbox 1322 535 1362 568; x_wconf 90' lang='lat' dir='ltr'>ab</span> <span class='ocrx_word' id='word_1_283' title='bbox 1387 535 1533 576; x_wconf 87' lang='lat' dir='ltr'>homine,</span> <span class='ocrx_word' id='word_1_284' title='bbox 1559 535 1671 579; x_wconf 84' lang='lat' dir='ltr'>quavis</span> <span class='ocrx_word' id='word_1_285' title='bbox 1691 536 1788 568; x_wconf 73' lang='lat' dir='ltr'>causa</span> <span class='ocrx_word' id='word_1_286' title='bbox 1813 535 1888 568; x_wconf 84' lang='lat' dir='ltr'>latis</span> 
     </span>
     <span class='ocr_line' id='line_1_56' title="bbox 1152 589 1890 632; baseline 0 -11"><span class='ocrx_word' id='word_1_287' title='bbox 1152 589 1338 629; x_wconf 88' lang='lat' dir='ltr'>etinssictis,</span> <span class='ocrx_word' id='word_1_288' title='bbox 1353 599 1482 622; x_wconf 91' lang='lat' dir='ltr'>necnon</span> <span class='ocrx_word' id='word_1_289' title='bbox 1506 599 1524 622; x_wconf 85' lang='lat' dir='ltr'>a</span> <span class='ocrx_word' id='word_1_290' title='bbox 1548 589 1674 622; x_wconf 89' lang='lat' dir='ltr'>casibus</span> <span class='ocrx_word' id='word_1_291' title='bbox 1700 589 1798 622; x_wconf 88' lang='lat' dir='ltr'>etiam</span> <span class='ocrx_word' id='word_1_292' title='bbox 1830 599 1890 632; x_wconf 88' lang='lat' dir='ltr'>per</span> 
     </span>
     <span class='ocr_line' id='line_1_57' title="bbox 1152 642 1889 686; baseline 0.003 -12"><span class='ocrx_word' id='word_1_293' title='bbox 1152 642 1275 675; x_wconf 86' lang='lat' dir='ltr'>litteras</span> <span class='ocrx_word' id='word_1_294' title='bbox 1299 642 1496 686; x_wconf 85' lang='lat' dir='ltr'>apostolicas</span> <span class='ocrx_word' id='word_1_295' title='bbox 1528 642 1560 675; x_wconf 92' lang='lat' dir='ltr'>in</span> <span class='ocrx_word' id='word_1_296' title='bbox 1593 642 1645 676; x_wconf 89' lang='lat' dir='ltr'>die</span> <span class='ocrx_word' id='word_1_297' title='bbox 1676 642 1803 676; x_wconf 88' lang='lat' dir='ltr'>Coenae</span> <span class='ocrx_word' id='word_1_298' title='bbox 1829 643 1889 676; x_wconf 85' lang='lat' dir='ltr'>Do-</span> 
     </span>
     <span class='ocr_line' id='line_1_58' title="bbox 1153 695 1888 739; baseline 0.003 -12"><span class='ocrx_word' id='word_1_299' title='bbox 1153 695 1230 727; x_wconf 90' lang='lat' dir='ltr'>mini</span> <span class='ocrx_word' id='word_1_300' title='bbox 1246 695 1310 738; x_wconf 83' lang='lat' dir='ltr'>legi</span> <span class='ocrx_word' id='word_1_301' title='bbox 1333 695 1576 739; x_wconf 85' lang='lat' dir='ltr'>etpromulgari</span> <span class='ocrx_word' id='word_1_302' title='bbox 1604 695 1713 730; x_wconf 84' lang='lat' dir='ltr'>solitas</span> <span class='ocrx_word' id='word_1_303' title='bbox 1738 701 1793 728; x_wconf 87' lang='lat' dir='ltr'>aut</span> <span class='ocrx_word' id='word_1_304' title='bbox 1809 695 1888 729; x_wconf 84' lang='lat' dir='ltr'>alias</span> 
     </span>
     <span class='ocr_line' id='line_1_59' title="bbox 1153 749 1889 793; baseline 0.004 -12"><span class='ocrx_word' id='word_1_305' title='bbox 1153 760 1371 793; x_wconf 81' lang='lat' dir='ltr'>quascumque</span> <span class='ocrx_word' id='word_1_306' title='bbox 1424 749 1641 783; x_wconf 86' lang='lat' dir='ltr'>Romanorum</span> <span class='ocrx_word' id='word_1_307' title='bbox 1697 749 1889 784; x_wconf 80' lang='lat' dir='ltr'>Pontificum</span> 
     </span>
     <span class='ocr_line' id='line_1_60' title="bbox 1152 803 1889 846; baseline 0.003 -12"><span class='ocrx_word' id='word_1_308' title='bbox 1152 803 1404 835; x_wconf 86' lang='lat' dir='ltr'>constitutiones</span> <span class='ocrx_word' id='word_1_309' title='bbox 1420 803 1723 846; x_wconf 87' lang='lat' dir='ltr'>quomodocumque</span> <span class='ocrx_word' id='word_1_310' title='bbox 1741 803 1889 837; x_wconf 87' lang='lat' dir='ltr'>Pontifici</span> 
     </span>
     <span class='ocr_line' id='line_1_61' title="bbox 1153 855 1888 898; baseline 0.001 -10"><span class='ocrx_word' id='word_1_311' title='bbox 1153 861 1185 888; x_wconf 91' lang='lat' dir='ltr'>et</span> <span class='ocrx_word' id='word_1_312' title='bbox 1209 856 1417 898; x_wconf 84' lang='lat' dir='ltr'>Apostolicae</span> <span class='ocrx_word' id='word_1_313' title='bbox 1441 855 1514 888; x_wconf 89' lang='lat' dir='ltr'>Sedi</span> <span class='ocrx_word' id='word_1_314' title='bbox 1540 856 1736 897; x_wconf 75' lang='lat' dir='ltr'>reservatis,</span> <span class='ocrx_word' id='word_1_315' title='bbox 1761 856 1793 889; x_wconf 90' lang='lat' dir='ltr'>in</span> <span class='ocrx_word' id='word_1_316' title='bbox 1820 856 1888 890; x_wconf 83' lang='lat' dir='ltr'>foro</span> 
     </span>
     <span class='ocr_line' id='line_1_62' title="bbox 1152 908 1889 943; baseline 0.003 -2"><span class='ocrx_word' id='word_1_317' title='bbox 1152 908 1370 942; x_wconf 88' lang='lat' dir='ltr'>conscientiae</span> <span class='ocrx_word' id='word_1_318' title='bbox 1403 914 1525 941; x_wconf 85' lang='lat' dir='ltr'>tantum</span> <span class='ocrx_word' id='word_1_319' title='bbox 1550 909 1717 942; x_wconf 89' lang='lat' dir='ltr'>absolvere</span> <span class='ocrx_word' id='word_1_320' title='bbox 1752 914 1784 942; x_wconf 88' lang='lat' dir='ltr'>et</span> <span class='ocrx_word' id='word_1_321' title='bbox 1808 910 1889 943; x_wconf 89' lang='lat' dir='ltr'>libe-</span> 
     </span>
     <span class='ocr_line' id='line_1_63' title="bbox 1152 971 1237 994; baseline 0.012 -1"><span class='ocrx_word' id='word_1_322' title='bbox 1152 971 1237 994; x_wconf 87' lang='lat' dir='ltr'>rare.</span> 
     </span>
    </p>

    <p class='ocr_par' dir='ltr' id='par_1_12' title="bbox 1152 1010 1891 1319">
     <span class='ocr_line' id='line_1_64' title="bbox 1196 1010 1889 1054; baseline 0.004 -12"><span class='ocrx_word' id='word_1_323' title='bbox 1196 1021 1257 1043; x_wconf 84' lang='lat' dir='ltr'>xvi.</span> <span class='ocrx_word' id='word_1_324' title='bbox 1286 1010 1444 1043; x_wconf 88' lang='lat' dir='ltr'>Praedicti</span> <span class='ocrx_word' id='word_1_325' title='bbox 1471 1015 1578 1044; x_wconf 85' lang='lat' dir='ltr'>autem</span> <span class='ocrx_word' id='word_1_326' title='bbox 1602 1016 1635 1043; x_wconf 89' lang='lat' dir='ltr'>ut</span> <span class='ocrx_word' id='word_1_327' title='bbox 1667 1021 1766 1054; x_wconf 89' lang='lat' dir='ltr'>supra</span> <span class='ocrx_word' id='word_1_328' title='bbox 1801 1012 1889 1045; x_wconf 83' lang='lat' dir='ltr'>dele-</span> 
     </span>
     <span class='ocr_line' id='line_1_65' title="bbox 1152 1063 1891 1107; baseline 0.004 -12"><span class='ocrx_word' id='word_1_329' title='bbox 1152 1063 1216 1105; x_wconf 82' lang='lat' dir='ltr'>gati</span> <span class='ocrx_word' id='word_1_330' title='bbox 1241 1074 1300 1106; x_wconf 89' lang='lat' dir='ltr'>per</span> <span class='ocrx_word' id='word_1_331' title='bbox 1324 1063 1538 1096; x_wconf 88' lang='lat' dir='ltr'>reverendum</span> <span class='ocrx_word' id='word_1_332' title='bbox 1563 1069 1687 1107; x_wconf 83' lang='lat' dir='ltr'>patrem</span> <span class='ocrx_word' id='word_1_333' title='bbox 1721 1064 1760 1097; x_wconf 86' lang='lat' dir='ltr'>ad</span> <span class='ocrx_word' id='word_1_334' title='bbox 1789 1065 1891 1099; x_wconf 86' lang='lat' dir='ltr'>absol·</span> 
     </span>
     <span class='ocr_line' id='line_1_66' title="bbox 1152 1117 1890 1160; baseline 0.003 -11"><span class='ocrx_word' id='word_1_335' title='bbox 1152 1117 1291 1150; x_wconf 90' lang='lat' dir='ltr'>vendum</span> <span class='ocrx_word' id='word_1_336' title='bbox 1317 1127 1334 1149; x_wconf 90' lang='lat' dir='ltr'>a</span> <span class='ocrx_word' id='word_1_337' title='bbox 1359 1117 1488 1150; x_wconf 86' lang='lat' dir='ltr'>casibus</span> <span class='ocrx_word' id='word_1_338' title='bbox 1514 1117 1589 1150; x_wconf 89' lang='lat' dir='ltr'>Sedi</span> <span class='ocrx_word' id='word_1_339' title='bbox 1615 1118 1820 1160; x_wconf 86' lang='lat' dir='ltr'>Apostolicae</span> <span class='ocrx_word' id='word_1_340' title='bbox 1838 1128 1890 1152; x_wconf 87' lang='lat' dir='ltr'>re-</span> 
     </span>
     <span class='ocr_line' id='line_1_67' title="bbox 1152 1170 1889 1213; baseline 0.005 -12"><span class='ocrx_word' id='word_1_341' title='bbox 1152 1170 1294 1210; x_wconf 74' lang='lat' dir='ltr'>servatis,</span> <span class='ocrx_word' id='word_1_342' title='bbox 1320 1180 1387 1203; x_wconf 90' lang='lat' dir='ltr'>non</span> <span class='ocrx_word' id='word_1_343' title='bbox 1412 1175 1551 1213; x_wconf 88' lang='lat' dir='ltr'>possunt</span> <span class='ocrx_word' id='word_1_344' title='bbox 1575 1171 1668 1203; x_wconf 89' lang='lat' dir='ltr'>alteri</span> <span class='ocrx_word' id='word_1_345' title='bbox 1685 1171 1889 1205; x_wconf 86' lang='lat' dir='ltr'>committere</span> 
     </span>
     <span class='ocr_line' id='line_1_68' title="bbox 1152 1223 1888 1263; baseline 0.003 -8"><span class='ocrx_word' id='word_1_346' title='bbox 1152 1223 1236 1256; x_wconf 89' lang='lat' dir='ltr'>vices</span> <span class='ocrx_word' id='word_1_347' title='bbox 1262 1234 1347 1263; x_wconf 82' lang='lat' dir='ltr'>suas,</span> <span class='ocrx_word' id='word_1_348' title='bbox 1374 1233 1444 1256; x_wconf 92' lang='lat' dir='ltr'>cum</span> <span class='ocrx_word' id='word_1_349' title='bbox 1469 1224 1511 1256; x_wconf 90' lang='lat' dir='ltr'>sit</span> <span class='ocrx_word' id='word_1_350' title='bbox 1533 1223 1566 1256; x_wconf 93' lang='lat' dir='ltr'>in</span> <span class='ocrx_word' id='word_1_351' title='bbox 1591 1223 1638 1257; x_wconf 92' lang='lat' dir='ltr'>eis</span> <span class='ocrx_word' id='word_1_352' title='bbox 1663 1225 1768 1257; x_wconf 87' lang='lat' dir='ltr'>electa</span> <span class='ocrx_word' id='word_1_353' title='bbox 1792 1224 1888 1257; x_wconf 88' lang='lat' dir='ltr'>indu-</span> 
     </span>
     <span class='ocr_line' id='line_1_69' title="bbox 1152 1277 1423 1319; baseline 0.004 -11"><span class='ocrx_word' id='word_1_354' title='bbox 1152 1277 1229 1308; x_wconf 85' lang='lat' dir='ltr'>stria</span> <span class='ocrx_word' id='word_1_355' title='bbox 1253 1287 1423 1319; x_wconf 90' lang='lat' dir='ltr'>personae.</span> 
     </span>
    </p>

    <p class='ocr_par' dir='ltr' id='par_1_13' title="bbox 1148 1330 1889 1896">
     <span class='ocr_line' id='line_1_70' title="bbox 1196 1330 1888 1372; baseline 0.003 -9"><span class='ocrx_word' id='word_1_356' title='bbox 1196 1340 1271 1363; x_wconf 81' lang='lat' dir='ltr'>xvu.</span> <span class='ocrx_word' id='word_1_357' title='bbox 1307 1330 1390 1363; x_wconf 88' lang='lat' dir='ltr'>Nulli</span> <span class='ocrx_word' id='word_1_358' title='bbox 1423 1336 1578 1365; x_wconf 85' lang='lat' dir='ltr'>extraneo</span> <span class='ocrx_word' id='word_1_359' title='bbox 1612 1332 1786 1372; x_wconf 81' lang='lat' dir='ltr'>sacerdoti,</span> <span class='ocrx_word' id='word_1_360' title='bbox 1821 1331 1888 1365; x_wconf 85' lang='lat' dir='ltr'>sive</span> 
     </span>
     <span class='ocr_line' id='line_1_71' title="bbox 1151 1383 1889 1428; baseline 0.004 -13"><span class='ocrx_word' id='word_1_361' title='bbox 1151 1383 1309 1416; x_wconf 81' lang='lat' dir='ltr'>saeculari</span> <span class='ocrx_word' id='word_1_362' title='bbox 1335 1384 1401 1416; x_wconf 88' lang='lat' dir='ltr'>sive</span> <span class='ocrx_word' id='word_1_363' title='bbox 1422 1384 1519 1417; x_wconf 83' lang='lat' dir='ltr'>etiam</span> <span class='ocrx_word' id='word_1_364' title='bbox 1545 1385 1707 1427; x_wconf 84' lang='lat' dir='ltr'>regulari,</span> <span class='ocrx_word' id='word_1_365' title='bbox 1735 1390 1889 1428; x_wconf 89' lang='lat' dir='ltr'>poterunt</span> 
     </span>
     <span class='ocr_line' id='line_1_72' title="bbox 1151 1436 1889 1480; baseline 0.007 -13"><span class='ocrx_word' id='word_1_366' title='bbox 1151 1436 1249 1479; x_wconf 79' lang='lat' dir='ltr'>aliqui</span> <span class='ocrx_word' id='word_1_367' title='bbox 1268 1443 1427 1476; x_wconf 81' lang='lat' dir='ltr'>nostrum,</span> <span class='ocrx_word' id='word_1_368' title='bbox 1441 1438 1596 1480; x_wconf 82' lang='lat' dir='ltr'>quamdiu</span> <span class='ocrx_word' id='word_1_369' title='bbox 1622 1438 1653 1471; x_wconf 94' lang='lat' dir='ltr'>in</span> <span class='ocrx_word' id='word_1_370' title='bbox 1679 1439 1775 1472; x_wconf 91' lang='lat' dir='ltr'>domo</span> <span class='ocrx_word' id='word_1_371' title='bbox 1797 1438 1889 1472; x_wconf 88' lang='lat' dir='ltr'>Ordi-</span> 
     </span>
     <span class='ocr_line' id='line_1_73' title="bbox 1151 1490 1888 1532; baseline 0.004 -10"><span class='ocrx_word' id='word_1_372' title='bbox 1151 1490 1200 1522; x_wconf 88' lang='lat' dir='ltr'>nis</span> <span class='ocrx_word' id='word_1_373' title='bbox 1225 1499 1309 1528; x_wconf 81' lang='lat' dir='ltr'>sunt,</span> <span class='ocrx_word' id='word_1_374' title='bbox 1334 1492 1431 1524; x_wconf 90' lang='lat' dir='ltr'>etiam</span> <span class='ocrx_word' id='word_1_375' title='bbox 1459 1497 1673 1532; x_wconf 86' lang='lat' dir='ltr'>transeuntes,</span> <span class='ocrx_word' id='word_1_376' title='bbox 1700 1492 1786 1525; x_wconf 88' lang='lat' dir='ltr'>licite</span> <span class='ocrx_word' id='word_1_377' title='bbox 1810 1503 1888 1526; x_wconf 87' lang='lat' dir='ltr'>eon-</span> 
     </span>
     <span class='ocr_line' id='line_1_74' title="bbox 1151 1542 1887 1588; baseline 0.005 -14"><span class='ocrx_word' id='word_1_378' title='bbox 1151 1542 1256 1584; x_wconf 86' lang='lat' dir='ltr'>fiteri,</span> <span class='ocrx_word' id='word_1_379' title='bbox 1282 1543 1342 1575; x_wconf 92' lang='lat' dir='ltr'>nisi</span> <span class='ocrx_word' id='word_1_380' title='bbox 1368 1544 1513 1586; x_wconf 87' lang='lat' dir='ltr'>priorum</span> <span class='ocrx_word' id='word_1_381' title='bbox 1539 1544 1671 1577; x_wconf 74' lang='lat' dir='ltr'>licentia</span> <span class='ocrx_word' id='word_1_382' title='bbox 1694 1545 1887 1588; x_wconf 72' lang='lat' dir='ltr'>impetrata,</span> 
     </span>
     <span class='ocr_line' id='line_1_75' title="bbox 1150 1596 1886 1642; baseline 0.005 -15"><span class='ocrx_word' id='word_1_383' title='bbox 1150 1606 1243 1638; x_wconf 85' lang='lat' dir='ltr'>quain</span> <span class='ocrx_word' id='word_1_384' title='bbox 1269 1596 1399 1639; x_wconf 88' lang='lat' dir='ltr'>quidem</span> <span class='ocrx_word' id='word_1_385' title='bbox 1424 1597 1590 1630; x_wconf 81' lang='lat' dir='ltr'>licentiam</span> <span class='ocrx_word' id='word_1_386' title='bbox 1616 1598 1742 1640; x_wconf 89' lang='lat' dir='ltr'>priores</span> <span class='ocrx_word' id='word_1_387' title='bbox 1766 1598 1886 1642; x_wconf 84' lang='lat' dir='ltr'>absque</span> 
     </span>
     <span class='ocr_line' id='line_1_76' title="bbox 1149 1650 1885 1692; baseline 0.003 -11"><span class='ocrx_word' id='word_1_388' title='bbox 1149 1652 1242 1682; x_wconf 69' lang='lat' dir='ltr'>causti</span> <span class='ocrx_word' id='word_1_389' title='bbox 1261 1651 1395 1683; x_wconf 88' lang='lat' dir='ltr'>multum</span> <span class='ocrx_word' id='word_1_390' title='bbox 1408 1650 1592 1684; x_wconf 87' lang='lat' dir='ltr'>rationabili</span> <span class='ocrx_word' id='word_1_391' title='bbox 1610 1662 1674 1684; x_wconf 91' lang='lat' dir='ltr'>non</span> <span class='ocrx_word' id='word_1_392' title='bbox 1692 1652 1885 1692; x_wconf 85' lang='lat' dir='ltr'>concedant,</span> 
     </span>
     <span class='ocr_line' id='line_1_77' title="bbox 1149 1702 1885 1748; baseline 0.005 -15"><span class='ocrx_word' id='word_1_393' title='bbox 1149 1703 1197 1734; x_wconf 92' lang='lat' dir='ltr'>vel</span> <span class='ocrx_word' id='word_1_394' title='bbox 1224 1702 1284 1735; x_wconf 90' lang='lat' dir='ltr'>nisi</span> <span class='ocrx_word' id='word_1_395' title='bbox 1310 1703 1382 1746; x_wconf 85' lang='lat' dir='ltr'>quis</span> <span class='ocrx_word' id='word_1_396' title='bbox 1407 1704 1588 1736; x_wconf 89' lang='lat' dir='ltr'>ostenderit</span> <span class='ocrx_word' id='word_1_397' title='bbox 1611 1715 1645 1737; x_wconf 87' lang='lat' dir='ltr'>se</span> <span class='ocrx_word' id='word_1_398' title='bbox 1671 1704 1793 1737; x_wconf 87' lang='lat' dir='ltr'>habere</span> <span class='ocrx_word' id='word_1_399' title='bbox 1818 1705 1885 1748; x_wconf 90' lang='lat' dir='ltr'>pri-</span> 
     </span>
     <span class='ocr_line' id='line_1_78' title="bbox 1148 1755 1885 1799; baseline 0.005 -12"><span class='ocrx_word' id='word_1_400' title='bbox 1148 1755 1302 1797; x_wconf 84' lang='lat' dir='ltr'>vilegium</span> <span class='ocrx_word' id='word_1_401' title='bbox 1327 1755 1388 1788; x_wconf 89' lang='lat' dir='ltr'>sibi</span> <span class='ocrx_word' id='word_1_402' title='bbox 1414 1757 1507 1789; x_wconf 85' lang='lat' dir='ltr'>datae</span> <span class='ocrx_word' id='word_1_403' title='bbox 1532 1757 1699 1799; x_wconf 88' lang='lat' dir='ltr'>potestatis</span> <span class='ocrx_word' id='word_1_404' title='bbox 1720 1768 1738 1789; x_wconf 83' lang='lat' dir='ltr'>a</span> <span class='ocrx_word' id='word_1_405' title='bbox 1755 1757 1885 1791; x_wconf 89' lang='lat' dir='ltr'>domino</span> 
     </span>
     <span class='ocr_line' id='line_1_79' title="bbox 1150 1808 1886 1853; baseline 0.004 -13"><span class='ocrx_word' id='word_1_406' title='bbox 1150 1808 1234 1851; x_wconf 86' lang='lat' dir='ltr'>Papa</span> <span class='ocrx_word' id='word_1_407' title='bbox 1253 1836 1260 1849; x_wconf 91' lang='lat'>,</span> <span class='ocrx_word' id='word_1_408' title='bbox 1293 1820 1445 1853; x_wconf 77' lang='lat' dir='ltr'>expresso</span> <span class='ocrx_word' id='word_1_409' title='bbox 1483 1809 1616 1843; x_wconf 90' lang='lat' dir='ltr'>nomine</span> <span class='ocrx_word' id='word_1_410' title='bbox 1648 1810 1886 1844; x_wconf 85' lang='lat' dir='ltr'>Carthusiensis</span> 
     </span>
     <span class='ocr_line' id='line_1_80' title="bbox 1148 1861 1287 1896; baseline 0.007 -2"><span class='ocrx_word' id='word_1_411' title='bbox 1148 1861 1287 1896; x_wconf 85' lang='lat' dir='ltr'>Ordinis.</span> 
     </span>
    </p>

    <p class='ocr_par' dir='ltr' id='par_1_14' title="bbox 1146 1916 1886 2587">
     <span class='ocr_line' id='line_1_81' title="bbox 1192 1916 1885 1962; baseline 0.004 -14"><span class='ocrx_word' id='word_1_412' title='bbox 1192 1926 1280 1950; x_wconf 82' lang='lat' dir='ltr'>xvui.</span> <span class='ocrx_word' id='word_1_413' title='bbox 1309 1916 1425 1959; x_wconf 72' lang='lat' dir='ltr'>vigore</span> <span class='ocrx_word' id='word_1_414' title='bbox 1450 1917 1544 1950; x_wconf 90' lang='lat' dir='ltr'>etiam</span> <span class='ocrx_word' id='word_1_415' title='bbox 1572 1918 1730 1951; x_wconf 84' lang='lat' dir='ltr'>facultatis</span> <span class='ocrx_word' id='word_1_416' title='bbox 1762 1929 1821 1962; x_wconf 93' lang='lat' dir='ltr'>per</span> <span class='ocrx_word' id='word_1_417' title='bbox 1846 1919 1885 1951; x_wconf 83' lang='lat' dir='ltr'>A-</span> 
     </span>
     <span class='ocr_line' id='line_1_82' title="bbox 1148 1970 1886 2015; baseline 0.005 -14"><span class='ocrx_word' id='word_1_418' title='bbox 1148 1970 1339 2011; x_wconf 81' lang='lat' dir='ltr'>postolicam</span> <span class='ocrx_word' id='word_1_419' title='bbox 1365 1970 1479 2003; x_wconf 82' lang='lat' dir='ltr'>Sedern</span> <span class='ocrx_word' id='word_1_420' title='bbox 1505 1981 1677 2004; x_wconf 77' lang='lat' dir='ltr'>concessae</span> <span class='ocrx_word' id='word_1_421' title='bbox 1697 1971 1791 2004; x_wconf 88' lang='lat' dir='ltr'>alicui</span> <span class='ocrx_word' id='word_1_422' title='bbox 1813 1982 1886 2015; x_wconf 86' lang='lat' dir='ltr'>per·</span> 
     </span>
     <span class='ocr_line' id='line_1_83' title="bbox 1149 2022 1884 2066; baseline 0.004 -12"><span class='ocrx_word' id='word_1_423' title='bbox 1149 2032 1248 2054; x_wconf 82' lang='lat' dir='ltr'>sonae</span> <span class='ocrx_word' id='word_1_424' title='bbox 1273 2022 1402 2055; x_wconf 87' lang='lat' dir='ltr'>Ordinis</span> <span class='ocrx_word' id='word_1_425' title='bbox 1428 2023 1539 2062; x_wconf 85' lang='lat' dir='ltr'>nostri,</span> <span class='ocrx_word' id='word_1_426' title='bbox 1572 2029 1603 2055; x_wconf 88' lang='lat' dir='ltr'>et</span> <span class='ocrx_word' id='word_1_427' title='bbox 1627 2034 1709 2066; x_wconf 80' lang='lat' dir='ltr'>quae</span> <span class='ocrx_word' id='word_1_428' title='bbox 1744 2034 1884 2057; x_wconf 80' lang='lat' dir='ltr'>commu-</span> 
     </span>
     <span class='ocr_line' id='line_1_84' title="bbox 1150 2075 1886 2119; baseline 0.003 -12"><span class='ocrx_word' id='word_1_429' title='bbox 1150 2075 1233 2107; x_wconf 88' lang='lat' dir='ltr'>niter</span> <span class='ocrx_word' id='word_1_430' title='bbox 1258 2075 1379 2118; x_wconf 86' lang='lat' dir='ltr'>apponi</span> <span class='ocrx_word' id='word_1_431' title='bbox 1406 2077 1488 2108; x_wconf 81' lang='lat' dir='ltr'>solet</span> <span class='ocrx_word' id='word_1_432' title='bbox 1512 2076 1544 2108; x_wconf 89' lang='lat' dir='ltr'>iu</span> <span class='ocrx_word' id='word_1_433' title='bbox 1575 2076 1746 2119; x_wconf 85' lang='lat' dir='ltr'>papalibus</span> <span class='ocrx_word' id='word_1_434' title='bbox 1780 2077 1886 2110; x_wconf 88' lang='lat' dir='ltr'>indul-</span> 
     </span>
     <span class='ocr_line' id='line_1_85' title="bbox 1148 2128 1882 2171; baseline 0.003 -11"><span class='ocrx_word' id='word_1_435' title='bbox 1148 2128 1285 2169; x_wconf 69' lang='lat' dir='ltr'>gentiis,</span> <span class='ocrx_word' id='word_1_436' title='bbox 1311 2129 1399 2171; x_wconf 87' lang='lat' dir='ltr'>quod</span> <span class='ocrx_word' id='word_1_437' title='bbox 1423 2128 1574 2162; x_wconf 89' lang='lat' dir='ltr'>videlicet</span> <span class='ocrx_word' id='word_1_438' title='bbox 1598 2128 1670 2171; x_wconf 86' lang='lat' dir='ltr'>quis</span> <span class='ocrx_word' id='word_1_439' title='bbox 1696 2129 1800 2171; x_wconf 80' lang='lat' dir='ltr'>possit</span> <span class='ocrx_word' id='word_1_440' title='bbox 1823 2129 1882 2163; x_wconf 89' lang='lat' dir='ltr'>sibi</span> 
     </span>
     <span class='ocr_line' id='line_1_86' title="bbox 1149 2181 1883 2223; baseline 0.001 -10"><span class='ocrx_word' id='word_1_441' title='bbox 1149 2181 1271 2223; x_wconf 84' lang='lat' dir='ltr'>eligere</span> <span class='ocrx_word' id='word_1_442' title='bbox 1304 2182 1539 2213; x_wconf 81' lang='lat' dir='ltr'>confessarium</span> <span class='ocrx_word' id='word_1_443' title='bbox 1575 2181 1728 2214; x_wconf 88' lang='lat' dir='ltr'>idoneum</span> <span class='ocrx_word' id='word_1_444' title='bbox 1775 2191 1883 2214; x_wconf 83' lang='lat' dir='ltr'>saecu-</span> 
     </span>
     <span class='ocr_line' id='line_1_87' title="bbox 1148 2234 1881 2277; baseline 0 -9"><span class='ocrx_word' id='word_1_445' title='bbox 1148 2236 1249 2268; x_wconf 78' lang='lat' dir='ltr'>larem</span> <span class='ocrx_word' id='word_1_446' title='bbox 1275 2240 1329 2267; x_wconf 84' lang='lat' dir='ltr'>aut</span> <span class='ocrx_word' id='word_1_447' title='bbox 1353 2234 1494 2267; x_wconf 83' lang='lat' dir='ltr'>cuiusvis</span> <span class='ocrx_word' id='word_1_448' title='bbox 1519 2234 1647 2267; x_wconf 85' lang='lat' dir='ltr'>Ordinis</span> <span class='ocrx_word' id='word_1_449' title='bbox 1675 2236 1881 2277; x_wconf 79' lang='lat' dir='ltr'>regularem,</span> 
     </span>
     <span class='ocr_line' id='line_1_88' title="bbox 1147 2287 1881 2331; baseline 0 -11"><span class='ocrx_word' id='word_1_450' title='bbox 1147 2289 1201 2331; x_wconf 80' lang='lat' dir='ltr'>qui</span> <span class='ocrx_word' id='word_1_451' title='bbox 1226 2288 1330 2331; x_wconf 91' lang='lat' dir='ltr'>possit</span> <span class='ocrx_word' id='word_1_452' title='bbox 1355 2298 1427 2320; x_wconf 90' lang='lat' dir='ltr'>eum</span> <span class='ocrx_word' id='word_1_453' title='bbox 1453 2288 1621 2321; x_wconf 84' lang='lat' dir='ltr'>absolvere</span> <span class='ocrx_word' id='word_1_454' title='bbox 1657 2287 1696 2320; x_wconf 92' lang='lat' dir='ltr'>ab</span> <span class='ocrx_word' id='word_1_455' title='bbox 1732 2287 1881 2320; x_wconf 81' lang='lat' dir='ltr'>omnibus</span> 
     </span>
     <span class='ocr_line' id='line_1_89' title="bbox 1148 2341 1883 2384; baseline 0 -11"><span class='ocrx_word' id='word_1_456' title='bbox 1148 2342 1288 2384; x_wconf 78' lang='lat' dir='ltr'>peccatis</span> <span class='ocrx_word' id='word_1_457' title='bbox 1314 2342 1394 2380; x_wconf 78' lang='lat' dir='ltr'>suis,</span> <span class='ocrx_word' id='word_1_458' title='bbox 1422 2341 1722 2384; x_wconf 68' lang='lat' dir='ltr'>etiain‘praedictae</span> <span class='ocrx_word' id='word_1_459' title='bbox 1742 2341 1817 2374; x_wconf 84' lang='lat' dir='ltr'>Sedi</span> <span class='ocrx_word' id='word_1_460' title='bbox 1836 2351 1883 2374; x_wconf 83' lang='lat' dir='ltr'>re-</span> 
     </span>
     <span class='ocr_line' id='line_1_90' title="bbox 1147 2394 1882 2436; baseline 0 -10"><span class='ocrx_word' id='word_1_461' title='bbox 1147 2396 1281 2427; x_wconf 81' lang='lat' dir='ltr'>servatis</span> <span class='ocrx_word' id='word_1_462' title='bbox 1298 2422 1305 2434; x_wconf 82' lang='lat'>,</span> <span class='ocrx_word' id='word_1_463' title='bbox 1334 2396 1441 2427; x_wconf 81' lang='lat' dir='ltr'>nullus</span> <span class='ocrx_word' id='word_1_464' title='bbox 1468 2395 1507 2426; x_wconf 76' lang='lat' dir='ltr'>de</span> <span class='ocrx_word' id='word_1_465' title='bbox 1533 2394 1652 2427; x_wconf 85' lang='lat' dir='ltr'>Ordine</span> <span class='ocrx_word' id='word_1_466' title='bbox 1685 2399 1799 2427; x_wconf 91' lang='lat' dir='ltr'>nostro</span> <span class='ocrx_word' id='word_1_467' title='bbox 1824 2401 1882 2436; x_wconf 77' lang='lat' dir='ltr'>po·-</span> 
     </span>
     <span class='ocr_line' id='line_1_91' title="bbox 1148 2446 1878 2489; baseline 0 -10"><span class='ocrx_word' id='word_1_468' title='bbox 1148 2454 1210 2480; x_wconf 81' lang='lat' dir='ltr'>test</span> <span class='ocrx_word' id='word_1_469' title='bbox 1242 2448 1301 2480; x_wconf 87' lang='lat' dir='ltr'>sibi</span> <span class='ocrx_word' id='word_1_470' title='bbox 1338 2448 1436 2480; x_wconf 79' lang='lat' dir='ltr'>alium</span> <span class='ocrx_word' id='word_1_471' title='bbox 1476 2447 1596 2489; x_wconf 74' lang='lat' dir='ltr'>eligere</span> <span class='ocrx_word' id='word_1_472' title='bbox 1622 2446 1878 2486; x_wconf 83' lang='lat' dir='ltr'>confessarium,</span> 
     </span>
     <span class='ocr_line' id='line_1_92' title="bbox 1146 2500 1879 2544; baseline -0.003 -11"><span class='ocrx_word' id='word_1_473' title='bbox 1146 2512 1241 2544; x_wconf 83' lang='lat' dir='ltr'>quam</span> <span class='ocrx_word' id='word_1_474' title='bbox 1268 2500 1419 2533; x_wconf 82' lang='lat' dir='ltr'>subditus</span> <span class='ocrx_word' id='word_1_475' title='bbox 1445 2500 1608 2543; x_wconf 87' lang='lat' dir='ltr'>priorem,</span> <span class='ocrx_word' id='word_1_476' title='bbox 1633 2501 1684 2532; x_wconf 90' lang='lat' dir='ltr'>vel</span> <span class='ocrx_word' id='word_1_477' title='bbox 1719 2509 1818 2531; x_wconf 86' lang='lat' dir='ltr'>unum</span> <span class='ocrx_word' id='word_1_478' title='bbox 1844 2510 1879 2531; x_wconf 86' lang='lat' dir='ltr'>ex</span> 
     </span>
     <span class='ocr_line' id='line_1_93' title="bbox 1146 2551 1879 2587; baseline 0 -2"><span class='ocrx_word' id='word_1_479' title='bbox 1146 2554 1318 2586; x_wconf 77' lang='lat' dir='ltr'>ordinariis</span> <span class='ocrx_word' id='word_1_480' title='bbox 1343 2554 1381 2587; x_wconf 83' lang='lat' dir='ltr'>ad</span> <span class='ocrx_word' id='word_1_481' title='bbox 1407 2553 1628 2586; x_wconf 82' lang='lat' dir='ltr'>confessiones</span> <span class='ocrx_word' id='word_1_482' title='bbox 1653 2552 1828 2586; x_wconf 83' lang='lat' dir='ltr'>audiendas</span> <span class='ocrx_word' id='word_1_483' title='bbox 1847 2551 1879 2585; x_wconf 91' lang='lat' dir='ltr'>in</span> 
     </span>
    </p>
   </div>
   <div class='ocr_carea' id='block_1_9' title="bbox 1106 2607 1502 2651">
    <p class='ocr_par' dir='ltr' id='par_1_15' title="bbox 1106 2607 1502 2651">
     <span class='ocr_line' id='line_1_94' title="bbox 1106 2607 1502 2651; baseline 0.003 -13"><span class='ocrx_word' id='word_1_484' title='bbox 1106 2628 1111 2634; x_wconf 63' lang='lat'><em>„</em></span> <span class='ocrx_word' id='word_1_485' title='bbox 1145 2613 1304 2639; x_wconf 54' lang='lat' dir='ltr'>conventu</span> <span class='ocrx_word' id='word_1_486' title='bbox 1331 2607 1502 2651; x_wconf 73' lang='lat' dir='ltr'>deputatis.</span> 
     </span>
    </p>
   </div>
   <div class='ocr_carea' id='block_1_10' title="bbox 1897 216 2081 246">
    <p class='ocr_par' dir='ltr' id='par_1_16' title="bbox 1897 216 2081 246">
     <span class='ocr_line' id='line_1_95' title="bbox 1897 216 2081 246; baseline -0.011 0"><span class='ocrx_word' id='word_1_487' title='bbox 1897 218 1946 246; x_wconf 79' lang='lat' dir='ltr'>An.</span> <span class='ocrx_word' id='word_1_488' title='bbox 1968 216 1996 245; x_wconf 88' lang='lat' dir='ltr'>C.</span> <span class='ocrx_word' id='word_1_489' title='bbox 2014 216 2081 244; x_wconf 64' lang='lat'>1658</span> 
     </span>
    </p>
   </div>
  </div>
 </body>
</html>
