2111 3157
11 220 60 248 An.
80 219 112 246 C.
132 218 198 246 1688

59 807 120 828 fidos
135 809 190 828 tran-

6 837 141 861 nummorum.

32 2227 151 2251 Exordium.

790 219 1002 244 INNoanT11·8
1026 221 1054 244 xi
1080 222 1128 245 rr.

955 268 1131 328 {concessa
1155 276 1237 310 sunt,
1264 271 1331 314 ipsa
1356 270 1493 303 subinde
1522 281 1629 303 rerum
1656 282 1708 303 ex-

201 267 334 300 trarium
384 268 641 311 praemissorum
692 268 937 311 quomodolibet

200 321 373 360 concessis,
398 321 586 364 approbatis
613 326 644 354 et
669 321 845 361 innovatis;
866 321 936 363 qui-

199 373 260 406 bus
285 374 436 407 omnibus
463 379 494 407 et
518 374 665 417 singulis,
689 375 820 407 illorum
847 377 936 407 teno-

199 437 251 459 res
276 427 503 469 praesentibus
520 438 580 471 pro
598 429 693 470 plene
719 432 750 460 et
774 426 936 460 sufficien-

199 485 248 512 ter
277 480 435 523 expressis
472 490 508 513 ac
536 481 575 513 de
604 481 701 514 verbo
732 481 771 514 ad
800 481 934 513 verbum

199 532 330 565 insertis
357 532 526 573 habentes,
553 533 615 566 illis
647 534 725 566 alias
750 533 782 566 in
806 544 863 566 suo
888 544 936 566 ro-

199 585 278 619 bore
293 586 528 629 permansuris,
540 586 579 619 ad
596 586 847 630 praemissorum
861 586 935 619 effe-

199 644 294 679 ctum,
321 639 381 671 bac
403 638 472 672 vice
503 640 674 679 dumtaxat,
695 639 879 681 specialiter
904 645 935 671 et

199 701 349 734 expresse
375 692 583 734 derogamus3
601 691 781 734 ceterisque
810 697 936 724 contra-

199 743 256 776 riis
280 745 549 788 quibuscumque.

245 797 315 841 §lh
349 797 501 830 Volumus
535 802 642 829 autem
675 801 711 829 ut
745 798 933 832 earumdem

200 849 422 893 praesentium
440 849 622 881 litterarum
638 849 859 892 transumptis,
879 861 934 883 seu

199 902 369 945 exemplis,
393 902 488 934 etiam
521 901 699 944 impressis,
720 912 816 935 manu
838 903 935 935 alicu-

197 956 248 989 ius
275 955 394 988 notarii
418 955 539 998 publici
561 955 762 998 subscriptis,
779 962 811 988 et
826 956 933 999 sigillo

197 1019 361 1052 personae
389 1009 421 1041 in
446 1008 663 1042 ecelesiastica
680 1009 836 1051 dignitate
859 1020 935 1043 con-

198 1061 327 1094 stitutae
363 1061 507 1099 munitis,
544 1062 655 1094 eadem
688 1072 821 1104 prorsus
855 1062 933 1095 tides

198 1113 320 1157 ubique
348 1115 493 1146 locorum
531 1119 594 1146 tam
624 1115 654 1146 in
688 1114 807 1148 iudicio
839 1125 932 1158 quam

199 1172 287 1199 extra
319 1165 398 1199 illud
428 1166 607 1205 habeatur,
627 1177 708 1209 quae
733 1166 814 1210 ipsis
840 1177 933 1210 prae-

197 1219 344 1252 sentibus
371 1219 550 1252 haberetur
574 1219 600 1252 si
631 1219 736 1252 forent
767 1220 933 1254 exhibitae

197 1272 247 1305 vel
265 1277 429 1305 ostensae.

240 1325 353 1358 Datum
384 1321 515 1365 Romae,
552 1325 638 1368 apud
664 1325 694 1358 S.
714 1326 844 1359 Mariam
868 1327 932 1360 Ma-

196 1379 311 1417 iorem,
337 1378 395 1409 sub
418 1379 539 1411 annulo
558 1377 742 1418 piscatoris,
764 1378 815 1411 die
837 1379 932 1412 xxiu-

198 1431 231 1463 lii
254 1440 472 1470 tinctxxxvin,
506 1428 715 1473 pontificatus
750 1431 853 1464 nostri
878 1442 932 1465 an-

197 1494 240 1516 no
264 1493 321 1517 ΧΠ.

232 1543 291 1572 Dat.
307 1544 350 1573 die
366 1544 399 1573 20
413 1544 471 1572 iulii
489 1544 566 1577 1688,
583 1544 683 1579 pontif.
704 1551 776 1572 anno
791 1551 836 1572 xit.

539 1686 598 1721 CC.

196 1767 376 1800 Rcvocalm·
399 1766 499 1799 Breve
522 1766 756 1808 segyv'eqalionis
779 1775 932 1809 qnorum-

240 1819 317 1863 dam⁸
329 1819 551 1851 coenobiorum
568 1817 705 1851 Ordinis
714 1818 932 1850 smzclz'Fran-

240 1872 317 1904 cisci
339 1871 377 1904 dc
403 1871 611 1905 Observanliti
636 1881 656 1902 α
678 1870 857 1912 provinciis
882 1871 932 1902 Ve-

240 1924 316 1957 netd
339 1929 368 1956 et
392 1923 603 1962 Bononiensi,
629 1932 749 1954 necnon
774 1932 932 1964 awreqa-

241 1977 338 2009 lionis
362 1975 546 2009 eorumdem
577 1975 620 2007 ad
641 1975 844 2018 provinciam
868 1975 932 2007 Me-

239 2029 462 2062 diolanensem
471 2028 491 2061 ¹.

379 2106 576 2134 Innocentius
602 2106 680 2140 Papa
699 2107 748 2140 xl,

315 2153 350 2179 ad
372 2154 549 2186 perpetuam
571 2151 617 2177 rei
637 2150 817 2177 memoriam.

240 2223 282 2255 Ex
308 2221 496 2255 commissae
515 2220 607 2254 nobis
625 2221 779 2254 divinitus
801 2221 932 2263 dispen-

197 2275 330 2308 sationis
348 2274 454 2306 ossicio
484 2283 520 2306 ea
538 2273 712 2312 interdum,
729 2283 811 2316 quae
833 2273 929 2305 certis

196 2326 445 2360 rationabilibus
471 2337 506 2359 ev
533 2325 637 2358 causis
673 2325 770 2358 etiam
795 2336 812 2357 a
836 2325 929 2358 nobis

231 2424 245 2449 1
267 2423 306 2449 De
325 2422 513 2456 segregatione
532 2420 725 2447 coenobiorum
752 2420 778 2446 in
806 2420 930 2455 Hispania

198 2470 269 2494 extat
287 2465 442 2492 constitutio
462 2464 535 2490 edita
553 2470 715 2496 mnciixxxvi,
736 2463 779 2490 die
798 2464 832 2490 28
852 2465 927 2491 iunii.

198 2511 294 2545 pontif.
315 2519 344 2542 x;
365 2513 392 2536 et
411 2509 444 2535 de
464 2508 594 2534 divisione
621 2508 774 2542 provinciae
794 2508 819 2534 S.
841 2508 930 2535 lacobi

197 2552 402 2581 videlnnocenti
412 2551 455 2579 xll
464 2551 682 2578 constitutionem
694 2551 793 2578 editam
803 2557 928 2585 mncxciv,

198 2597 242 2625 die
263 2597 292 2624 19
313 2597 385 2629 maii,
405 2594 500 2631 pontis>
522 2601 560 2621 in.

284 2650 364 2678 Ruit.
387 2649 469 2677 Rom.
485 2664 518 2668 —
538 2648 599 2676 Vol.
616 2647 688 2679 XIX.
839 2648 891 2675 11ss

1606 213 1664 246 021

975 322 1134 364 perientia
1158 324 1324 364 suadente,
1339 329 1369 357 et
1392 324 1568 356 maioribus
1587 334 1622 356 ex
1640 335 1710 357 eau-

976 374 1026 414 sis,
1054 375 1170 418 quibus
1194 378 1387 420 praesertim
1411 377 1497 410 felici
1517 376 1711 410 christifide-

975 428 1052 461 lium
1069 430 1129 461 sub
1154 430 1240 462 suavi
1265 430 1433 473 religionis
1449 430 1523 472 iugo
1544 429 1709 463 Altissimo

976 482 1196 515 famulantium
1222 483 1317 515 statui
1342 489 1373 516 et
1397 482 1517 516 salubri
1547 483 1709 525 gubernio

975 537 1163 575 consulitur,
1177 547 1362 570 revocamus
1388 541 1419 570 et
1441 536 1656 575 immutamus,
1676 536 1709 568 in

976 591 1091 633 bisque
1116 589 1341 623 sollicitudinis
1355 594 1483 622 nostrae
1501 589 1641 621 studium
1663 588 1709 621 in-

975 645 1185 687 terponimus,
1212 649 1307 686 prout
1336 643 1552 686 conspicimus
1583 642 1616 675 in
1647 642 1708 675 Do-

976 697 1062 730 mino
1079 696 1252 730 salubriter
1268 696 1432 739 expedire.

1020 751 1035 792 §
1061 749 1092 782 1.
1118 749 1204 782 Alias
1228 748 1388 791 siquidem
1420 757 1490 788 nos,
1516 748 1626 781 dilecti
1650 748 1707 782 sitii

976 801 1095 835 nobilis
1120 801 1179 833 viri
1204 800 1398 833 Ferdinandi
1423 800 1529 833 Caroli
1560 801 1706 833 Mantuae

976 860 1008 888 ct
1031 853 1257 887 Montisserrati
1293 853 1381 886 ducis
1416 854 1707 896 supplicationibus

976 907 1070 940 nobis
1096 907 1261 940 humiliter
1277 905 1434 949 porrectis
1451 906 1608 946 inclinati,
1628 916 1709 938 non-

977 961 1082 992 nullos
1107 965 1284 992 conventus
1309 959 1441 991 fratrum
1474 958 1629 990 lllinorum
1655 958 1709 990 Or-

975 1013 1061 1045 dinis
1087 1013 1243 1045 Minorum
1268 1012 1368 1044 sancti
1395 1011 1558 1044 Francisei
1584 1012 1622 1044 de
1647 1011 1709 1044 Ob-

975 1065 1138 1098 servantia
1154 1069 1413 1107 nuncupatorum
1432 1063 1463 1096 in
1482 1064 1549 1096 eius
1567 1063 1708 1097 Statibus

975 1118 1200 1155 consistentes,
1219 1127 1336 1159 nempe
1360 1121 1536 1148 conventus
1560 1115 1591 1148 S.
1610 1115 1710 1148 Fran-

975 1171 1050 1203 cisci
1075 1170 1248 1210 Mantuani,
1268 1176 1300 1202 et
1317 1169 1348 1203 S.
1375 1169 1490 1201 Mariae
1515 1168 1707 1207 Gratiarum,

975 1234 1011 1256 ac
1035 1223 1065 1257 S.
1093 1223 1214 1256 Bocchi
1245 1223 1307 1255 loci
1340 1221 1428 1254 della
1463 1221 1555 1253 Volla
1586 1232 1708 1254 nuncu-

975 1277 1063 1319 pati,
1091 1283 1122 1309 et
1151 1276 1182 1308 S.
1218 1275 1333 1308 Mariae
1369 1275 1568 1316 Angelorum
1601 1279 1707 1307 terrae

974 1329 1129 1363 Hostiliae
1162 1329 1201 1361 ad
1233 1328 1431 1371 provinciam
1462 1328 1638 1367 Venetam,
1671 1338 1708 1361 ac

974 1388 1148 1417 conventus
1186 1387 1344 1413 terrarum
1375 1379 1533 1412 Viadanae
1563 1385 1595 1412 et
1625 1379 1708 1413 Gua-

973 1436 1100 1473 stallae,
1127 1434 1164 1467 ad
1184 1432 1383 1476 provinciam
1405 1432 1642 1464 Bononiensem
1661 1433 1708 1465 di·

973 1488 1015 1522 cti
1042 1487 1171 1521 Ordinis
1200 1484 1377 1528 respective
1407 1489 1481 1516 tunc
1512 1489 1707 1527 spectantes,

972 1551 1098 1573 necnon
1123 1537 1319 1571 monasteria
1336 1535 1534 1576 monialium,
1561 1547 1657 1569 curae
1676 1543 1709 1569 et

972 1592 1129 1636 gubernio
1146 1591 1278 1623 fratrum
1292 1589 1478 1621 eorumdem
1493 1595 1707 1622 conventuum

973 1645 1152 1687 respective
1173 1643 1326 1680 subiecta,
1348 1653 1365 1674 a
1382 1641 1568 1673 memoratis
1586 1642 1708 1674 Veneta

973 1702 1006 1730 et
1029 1695 1225 1729 Bononiensi
1251 1693 1430 1736 respective
1456 1693 1632 1736 provinciis
1657 1705 1707 1726 au-

972 1750 1120 1782 ctoritate
1147 1746 1323 1790 apostolica
1348 1751 1508 1788 perpetuo
1546 1747 1708 1789 separavi-

972 1813 1042 1835 mus
1066 1807 1097 1834 et
1122 1799 1431 1837 dismembravimus,
1458 1799 1610 1842 ipsosque
1636 1810 1709 1832 con·

973 1860 1086 1887 ventus
1112 1854 1157 1886 sie
1180 1856 1346 1895 separatos
1381 1856 1413 1884 ct
1444 1851 1704 1892 dismembratos,

972 1918 1009 1940 ac
1034 1905 1228 1939 monasteria
1258 1904 1447 1937 monialium
1479 1904 1525 1937 sic
1559 1910 1708 1947 separata

974 1965 1006 1993 et
1022 1959 1250 1993 dismembrata
1267 1956 1451 1999 provinciae
1474 1957 1707 1991 Mediolanensi

973 2012 1101 2045 Ordinis
1127 2010 1283 2053 praedicti
1309 2010 1420 2042 itidem
1444 2016 1602 2052 perpetuo
1636 2011 1706 2043 uni-

973 2065 1085 2103 vimus,
1112 2062 1346 2101 eoniunximus,
1373 2061 1584 2094 annexuimus
1610 2069 1641 2095 et
1659 2062 1705 2095 in-

973 2115 1220 2158 corporat-imus,
1239 2119 1271 2146 et
1287 2114 1379 2152 alias,
1402 2119 1500 2156 prout
1524 2114 1556 2146 in
1582 2115 1703 2147 nostris

973 2169 1005 2201 in
1030 2167 1124 2200 simili
1151 2167 1250 2199 forma
1274 2166 1383 2198 Brevis
1402 2166 1452 2198 die
1476 2176 1550 2199 xv111
1574 2177 1706 2200 novem-

972 2221 1040 2253 bris
1076 2229 1244 2253 Moetxxxn
1285 2219 1425 2261 desuper
1461 2220 1617 2262 expeditis
1653 2221 1706 2253 lit-

974 2273 1059 2313 teris,
1084 2282 1218 2315 quarum
1241 2277 1386 2304 tenorem
1404 2272 1629 2314 praesentibus
1646 2283 1705 2316 pro

973 2327 1069 2369 plene
1107 2330 1138 2356 et
1173 2323 1373 2356 sufficienter
1408 2334 1559 2367 expresso
1595 2335 1631 2358 ae
1666 2325 1706 2359 de

973 2377 1069 2410 verbo
1096 2376 1134 2408 ad
1160 2375 1295 2408 verbum
1320 2375 1442 2409 inserto
1468 2376 1583 2409 haberi
1615 2378 1705 2410 volu-

974 2439 1060 2468 mus,
1085 2427 1216 2460 uberius
1241 2428 1440 2461 continetur.

1014 2481 1029 2523 g
1049 2480 1079 2512 ⁶2.
1103 2479 1178 2512 Cum
1197 2483 1313 2518 autem,
1332 2479 1412 2512 sicut
1426 2480 1510 2513 idem
1528 2480 1704 2514 Ferdinan-

972 2533 1030 2566 dus
1052 2532 1184 2565 Carolus
1203 2532 1263 2563 dux
1284 2532 1378 2564 nobis
1399 2542 1502 2575 nuper
1519 2533 1635 2576 exponi
1659 2534 1703 2566 se-

971 2586 1023 2627 cit‚
1037 2595 1073 2618 ex
1093 2584 1378 2618 dismembratiouc
1392 2590 1422 2618 et
1438 2585 1700 2629 incorporatione

1716 223 1763 249 An.
1781 222 1811 251 C.
1832 223 1898 252 ¹688

1745 755 1839 777 Refertur
1850 754 1900 774 nro.

1718 789 1742 803 ve
1764 784 1789 801 «le
1817 786 1857 806 quo
1880 786 1899 800 nn

1717 809 1813 830 rubrica.

1741 2481 1824 2503 naneae
1836 2488 1895 2504 revo-

1714 2509 1812 2531 cationis,
