2111 3157
354 183 443 217 1006

388 245 474 278 circa
494 243 628 277 lectores
646 242 725 275 inter
742 245 847 284 patres
865 239 1047 284 provinciae

389 295 675 335 connumerandos,
701 293 775 327 667.

299 351 423 385 CLXIV.
451 350 686 384 Confirmantur
722 347 838 380 erectio
864 346 993 390 hospitii
1018 350 1048 380 et

388 403 507 436 dotatio
533 401 685 435 ecclesiae
710 401 739 434 S.
760 400 866 433 Gallae
889 410 948 444 pro
971 410 1047 443 pau-

388 455 518 499 peribus
541 465 598 499 per
615 454 732 487 Urbem
757 453 954 497 vagantibus,
972 452 1046 487 669.

299 507 409 541 CLXV.
436 505 670 541 Confirmantur
690 504 813 537 litterae
837 503 1005 538 Clementis
1021 503 1048 536 X

390 569 485 603 super
504 558 665 592 erectione
683 557 812 601 hospitii
830 557 868 590 de
885 557 970 590 Urbe
988 567 1048 600 pro

390 612 439 652 iis,
455 612 508 656 qui
527 611 565 644 ad
579 611 675 644 fidem
693 610 833 650 veniunt,
845 619 970 643 necnon
987 614 1048 642 tra-

389 665 475 698 ditur
493 665 624 698 facultas
642 664 719 697 illud
736 662 956 703 transferendi,
974 662 1046 696 680.

300 718 422 751 CLXVI.
449 718 612 759 Statuitur,
637 722 672 750 ut
695 717 765 750 loca
789 721 897 750 sancta
921 716 1050 749 Palesti-

388 781 447 804 nae
473 781 490 804 a
515 770 666 804 fratribus
691 770 816 803 Ordinis
836 770 865 803 S.
891 769 1050 803 Francisci

390 824 428 857 de
454 824 669 866 Observantia,
687 824 732 857 uti
753 824 852 867 prius,
874 823 1051 856 custodian-

391 883 452 918 tur,
479 876 552 910 (382.

303 930 440 963 CLXVII.
468 931 691 964 Conceduntur
709 930 924 973 indulgentiae
941 939 1051 973 perpe-

392 987 461 1017 tuae
476 984 630 1016 fratribus
649 983 748 1016 sancti
760 982 919 1015 Francisci
940 982 978 1014 de
995 982 1052 1015 Ob-

393 1037 552 1069 servantia
576 1036 764 1070 docentibus
781 1035 957 1069 doctrinam
973 1035 1053 1068 chri-

394 1090 537 1131 stianam,
549 1100 584 1123 ac
594 1089 835 1123 chistifidelibus
847 1099 914 1122 eam
928 1088 1054 1122 audien-

395 1143 488 1183 tibus,
514 1149 543 1176 et
568 1144 607 1176 ad
632 1143 664 1176 id
698 1142 952 1186 cooperantibus
979 1140 1052 1174 684.

304 1196 454 1229 CLXVIII.
479 1196 714 1230 Confirmantur
731 1196 856 1229 decreta
875 1195 1055 1238 Congrega-

394 1250 516 1283 tionum
553 1250 750 1293 regularium
782 1255 812 1283 et
846 1248 1055 1281 immunitatis

393 1313 452 1346 pro
477 1303 677 1347 exemptione
701 1303 904 1347 syndicorum
929 1301 1055 1335 Ordinis

396 1355 495 1389 sancti
510 1356 669 1389 Francisci
684 1356 722 1389 de
736 1355 939 1390 Observantia
953 1365 969 1387 a
986 1355 1055 1388 foro

397 1409 561 1450 saeculari,
588 1408 662 1442 686.

308 1462 434 1496 CLXIX.
463 1462 654 1496 Conceditur
680 1472 794 1505 magno
819 1462 971 1504 magistro
996 1462 1055 1494 ho-

400 1515 519 1559 spitalis
536 1516 565 1549 S.
584 1516 709 1548 Ioannis
726 1515 1002 1559 Ilierosolymitani
1017 1515 1057 1547 sa-

398 1568 495 1600 eultas
520 1568 695 1611 recipiendi
721 1577 774 1600 cos
798 1567 970 1609 Franciae,
998 1567 1053 1599 Al-

398 1620 524 1653 verniae
549 1625 579 1653 ct
604 1620 799 1662 Provinciae,
821 1621 874 1664 qui
899 1626 971 1653 actu
988 1620 1058 1653 hae-

400 1674 493 1706 resim
520 1684 583 1707 non
608 1674 829 1718 profiteantur,
855 1672 929 1707 688.

310 1728 416 1762 CLXX.
443 1728 678 1761 Confirmantur
696 1728 822 1760 decreta
848 1727 983 1760 ministri
1002 1737 1057 1770 ge-

399 1781 515 1814 neralis
540 1780 664 1814 Ordinis
682 1782 816 1814 fratrum
842 1781 940 1813 sancti
966 1780 1059 1813 Fran-

399 1834 473 1867 cisci
499 1834 537 1866 de
559 1834 765 1867 Observantia
783 1845 800 1866 a
817 1834 967 1866 cardinali
988 1845 1059 1878 pro-

403 1890 520 1921 tectore
552 1888 728 1931 approbata
760 1888 844 1920 circa
871 1887 1057 1920 missionum

400 1940 569 1972 seminaria
594 1940 624 1972 in
650 1941 799 1984 Hispania
825 1946 854 1973 et
878 1941 974 1973 Indiis
1001 1941 1059 1974 Oc-

401 1994 618 2034 cidentalibus‚
645 1994 718 2027 600.

312 2047 430 2080 CLXXI.
472 2048 665 2080 Prohibetur
704 2048 877 2081 monachos
914 2048 1056 2091 Congre-

401 2100 536 2143 gatiouis
562 2101 716 2133 Fulieusis
747 2101 785 2133 ad
817 2101 910 2133 aliam
936 2101 1060 2144 religio-

400 2163 472 2186 nem
493 2154 627 2186 transire
648 2154 714 2187 sine
735 2154 937 2198 superiorum
962 2154 1060 2187 licen·

403 2207 453 2246 tia,
480 2206 553 2239 690.

314 2259 446 2293 CLXXII.
481 2260 714 2293 Confirmantur
746 2260 900 2304 quaedam
934 2261 1061 2294 decreta

403 2314 530 2356 capituli
558 2313 735 2346 intermedii
760 2314 892 2346 fratrum
917 2314 949 2347 B.
974 2314 1062 2348 Ioan-

402 2368 451 2400 n1s
476 2367 530 2399 Dei
556 2377 729 2409 regnorum
756 2368 925 2412 Hispaniae
951 2373 980 2401 et
1009 2369 1061 2401 In-

407 2419 540 2461 diarum,
568 2420 641 2452 701.

317 2471 466 2504 CLXXIII.
477 2473 660 2505 Declaratur
673 2474 804 2507 (elericos
816 2475 978 2517 regulares
987 2475 1062 2508 Pau-

405 2536 516 2568 perum
536 2527 641 2559 Matris
659 2527 713 2560 Dei
731 2528 916 2561 Scholarum
934 2529 1061 2562 Piarum

406 2589 535 2623 capaces
562 2590 629 2612 esse
655 2581 846 2623 possidendi,
875 2580 949 2614 708.

907 187 1086 211 BULLARIUM
1110 187 1263 210 ROMANUM

1100 238 1245 273 CLXXIV.
1265 237 1501 272 Confirmantur
1513 237 1678 282 privilegia
1694 237 1802 271 omnia
1815 243 1845 271 et

1189 290 1404 333 indulgentiae
1427 289 1599 324 Ordinibus
1626 290 1724 323 sancti
1750 290 1845 323 Fran-

1189 343 1263 377 cisci
1291 342 1329 376 de
1354 343 1558 376 observantia
1582 347 1613 376 et
1636 342 1705 376 aliis
1728 342 1846 377 utrius-

1188 406 1249 439 que
1273 406 1366 429 sexus
1390 396 1535 440 personis
1560 405 1719 437 concessa,
1744 394 1818 429 709.

1100 450 1237 484 CLXXV.
1263 449 1475 483 Confirmatur
1510 449 1673 483 decretum
1698 448 1842 492 Congre—

1189 503 1325 545 gationis
1367 501 1639 545 Indulgentiarum
1682 501 1847 535 declarans

1189 566 1342 600 personas
1363 555 1580 589 substantialia
1596 554 1759 598 religionis
1776 559 1848 588 vota

1190 619 1253 642 non
1279 609 1457 642 emittentes
1481 618 1545 642 non
1570 607 1796 652 comprehendi
1815 607 1848 639 in

1189 663 1330 706 generali
1363 662 1634 705 indulgentiarum
1665 660 1844 694 revocatio-

1193 726 1242 756 ne,
1269 716 1343 749 7111.

1102 770 1252 804 CLXXVI.
1270 769 1505 804 Confirmantur
1518 768 1688 802 seminaria
1703 778 1763 812 pro
1779 767 1851 800 mis-

1193 823 1340 857 sionariis
1364 822 1463 856 sancti
1487 822 1646 855 Francisci
1671 821 1710 854 de
1733 821 1849 855 Obser-

1192 876 1295 909 vantia
1312 875 1344 908 in
1368 875 1519 919 Hispania
1540 880 1570 908 et
1589 875 1684 908 Indiis
1705 873 1852 907 Occiden-

1194 929 1308 962 talibus
1333 934 1447 970 erecta,
1472 938 1508 961 ac
1532 928 1669 960 ministri
1694 926 1851 971 generalis

1194 986 1308 1014 statuta
1331 991 1390 1024 pro
1427 981 1555 1013 illorum
1587 979 1765 1023 regimine,
1789 988 1853 1012 una

1195 1046 1266 1068 eum
1293 1035 1438 1068 facultate
1465 1034 1608 1077 erigendi
1633 1034 1693 1067 alia
1717 1033 1852 1067 semina-

1194 1089 1252 1129 ria,
1280 1087 1354 1120 7112.
1680 1081 1686 1088 ’

1106 1141 1268 1177 CLXXVII.
1285 1140 1474 1175 Conceditur
1487 1140 1572 1184 quod
1586 1139 1779 1182 indulgentia
1789 1138 1853 1182 ple-

1195 1195 1283 1227 naria
1300 1199 1464 1238 perpetua,
1482 1193 1623 1227 ecclesiis
1643 1192 1768 1226 Ordinis
1784 1201 1853 1226 san·

1196 1248 1237 1281 cti
1262 1247 1424 1280 Francisci
1448 1247 1486 1279 de
1512 1245 1716 1280 Observantia
1741 1249 1772 1278 et
1798 1244 1855 1277 Re-

1195 1302 1405 1335 formatorum
1423 1300 1474 1333 die
1498 1310 1521 1333 11
1544 1300 1669 1343 augusti
1694 1307 1854 1339 concessa,

1196 1355 1347 1398 applicari
1370 1354 1469 1398 possit
1500 1364 1557 1397 per
1586 1353 1715 1387 modum
1742 1350 1856 1385 suffra-

1197 1409 1250 1451 gii,
1278 1407 1352 1440 725.

1108 1461 1284 1495 CLXXVIII.
1311 1460 1523 1494 Confirmatur
1541 1459 1702 1492 decretum
1720 1459 1856 1501 Congre-

1199 1513 1334 1556 gationis
1358 1512 1558 1556 particularis
1578 1523 1675 1555 super
1694 1511 1855 1545 nonnullis

1199 1566 1303 1599 dubiis
1320 1566 1405 1599 circa
1429 1565 1667 1599 constitutiones
1688 1564 1857 1597 monacho-

1199 1631 1269 1652 rum
1296 1619 1557 1662 Congregationis
1582 1617 1766 1658 Bavaricae‚
1790 1627 1855 1662 quo

1199 1674 1292 1706 ctiam
1331 1672 1508 1707 extenditur
1543 1671 1713 1705 auctoritas
1747 1670 1855 1704 nuncii

1202 1727 1426 1766 Helvetiorum,
1453 1725 1526 1759 726.

1110 1781 1261 1815 CLXXIX.
1287 1780 1499 1814 Confirmatur
1534 1779 1698 1812 decretum
1723 1778 1859 1820 Congre-

1199 1833 1335 1877 gationis
1360 1833 1587 1876 episcoporum
1604 1837 1635 1865 et
1659 1830 1854 1874 regularium

1199 1897 1294 1930 super
1319 1886 1513 1919 subiectione
1532 1885 1714 1927 collegiatae
1731 1883 1760 1916 S.
1781 1883 1857 1917 Ger-

1201 1940 1286 1973 mani
1308 1939 1458 1973 ecclesiae
1482 1938 1630 1972 abbatiali
1654 1937 1766 1971 Montis
1790 1936 1860 1971 Cas-

1201 1994 1269 2035 sini,
1296 1992 1370 2025 728.

1113 2047 1251 2082 CLXXX.
1277 2047 1417 2089 Erigitur
1434 2045 1604 2088 collegium
1630 2044 1809 2078 studiorum
1826 2043 1859 2076 in

1202 2100 1395 2134 monasterio
1431 2099 1460 2132 S.
1486 2099 1573 2132 Pauli
1609 2103 1697 2131 extra
1732 2097 1858 2131 moenia

1203 2154 1296 2187 Urbis
1333 2153 1562 2186 monachorum
1604 2151 1856 2192 Cassinensium‚

1202 2212 1233 2240 et
1255 2217 1314 2250 pro
1340 2217 1377 2240 co
1401 2207 1487 2249 leges
1511 2204 1681 2238 nonnullae
1713 2202 1856 2237 condun-

1204 2266 1264 2301 tur,
1291 2260 1363 2294 729.

1113 2314 1239 2348 CLXXI.
1265 2313 1406 2356 Erigitur
1424 2313 1455 2345 in
1473 2310 1758 2354 Congregationem
1784 2319 1860 2342 con-

1202 2367 1382 2400 fraternitas
1399 2364 1700 2399 Bethlehemitarum
1714 2363 1746 2396 in
1765 2361 1861 2396 lndiis

1203 2420 1471 2462 Occidentalihus‚
1497 2419 1564 2452 eius
1586 2427 1688 2452 novae
1712 2415 1862 2450 constitu-

1203 2476 1305 2508 tiones
1341 2474 1591 2513 confirmantur,
1620 2477 1650 2505 et
1672 2470 1860 2515 privilegia,

1205 2528 1421 2572 exemptiones
1445 2537 1481 2560 ac
1505 2524 1719 2568 indulgentiae
1743 2522 1771 2556 ci
1792 2531 1862 2556 eon-

1204 2581 1371 2623 ceduntur,
1398 2580 1470 2614 735.
