2111 3157
0 228 15 247 n
38 219 70 246 c.
89 206 161 246 mea·

742 207 958 245 inuocaurirs'
976 212 1006 244 x'i
1031 209 1078 244 rii.
1094 227 1097 231 ¹

164 258 340 309 numqua&
363 266 537 312 capitulum
555 266 730 312 'expectare
746 279 809 301 non
824 278 897 311 pos-

166 327 251 361 sunt,
279 323 495 355 determinant
512 322 683 354 aucoritate
701 321 830 364 capituli
849 331 897 363 ge·

165 374 309 415 neralis,
341 384 411 406 cum
441 375 556 416 magna
588 373 754 416 diligentia
783 383 896 405 cavere

165 427 306 467 debent,
333 438 372 460 ne
397 427 428 459 in
454 431 611 469 potestate
640 425 700 458 sibi
725 426 897 458 commissa

165 480 331 513 excedant.

207 542 270 566 tvi.
296 531 439 570 Quilibet
462 532 500 564 de
519 532 636 565 Ordine
657 537 771 564 nostro
789 536 896 574 potest

164 595 201 618 ea
225 596 307 628 quae
331 585 392 617 sibi
416 586 465 617 vel
483 596 558 617 suae
577 585 684 617 domui
703 585 894 626 necessaria,

162 637 254 670 utilia
276 643 329 670 aut
361 637 515 670 damnosa
546 637 726 675 videbitur,
753 637 893 679 capitulo

163 690 304 732 generali
328 690 378 723 vel
403 690 580 723 reverendo
598 690 679 732 patri
698 700 757 732 per
773 690 893 722 litteras

161 743 210 775 vel
227 753 288 785 per
307 753 458 785 personas
477 742 605 775 Ordinis
623 742 785 774 intimare.
806 742 893 775 Prio-

161 805 212 828 res
237 801 343 828 autem
373 800 405 827 et
440 795 520 827 aliae
556 805 718 838 personae
748 795 891 836 Ordinis,

161 857 242 891 quae
267 853 410 890 tempore
443 848 573 890 capituli
605 848 654 880 vel
685 848 764 881 alias
795 859 892 893 snper

159 911 279 934 annum
304 901 423 934 vadunt
447 901 485 933 ad
510 901 712 934 Carthusiam
731 897 890 943 ordinate,

159 953 185 985 si
211 953 440 996 cuiuscumque
465 953 571 986 favore
592 955 642 986 vel
666 954 741 987 odio
767 955 890 988 litteras

157 1009 206 1040 vel
225 1007 484 1040 denuntiationes
501 1013 714 1041 conventuum
732 1019 767 1041 ac
785 1010 890 1051 singn-

157 1060 259 1093 larum
278 1070 491 1102 personarum
520 1060 704 1101 domorum,
724 1072 783 1104 per
811 1072 889 1104 quas

157 1117 341 1152 transeunt,
375 1113 522 1155 recipere
556 1118 588 1145 et
611 1113 724 1145 afferre
749 1119 889 1147 contem—

156 1165 291 1207 pserint,
316 1165 417 1208 priori
454 1171 483 1198 et
509 1166 648 1208 capitulo
685 1167 887 1208 memoratis,

156 1227 265 1250 coram
290 1217 466 1250 reverendo
491 1223 582 1260 patre
602 1219 652 1250 vel
677 1217 814 1261 capitulo
835 1230 888 1261 ge-

155 1271 276 1310 nerali,
301 1270 370 1302 viva
394 1281 469 1303 voce
496 1272 543 1303 vel
576 1281 637 1313 per
671 1271 794 1304 litteras
827 1274 888 1305 cla-

154 1328 244 1355 ment
267 1324 392 1366 culpam
419 1333 510 1355 suam
534 1324 572 1356 de
597 1325 797 1366 praemissis.

197 1385 273 1408 Lvn.
291 1375 415 1418 llli‚qui
431 1375 551 1408 directe
571 1377 619 1408 vel
638 1376 796 1409 indirecte
814 1378 887 1409 sub-

155 1428 238 1461 ditos
264 1438 341 1461 suos
364 1429 412 1461 vel
435 1435 611 1462 conventus
637 1429 829 1472 impediunt,
848 1441 885 1463 ne

153 1481 233 1513 tales
257 1481 380 1513 litteras
406 1491 463 1513 seu
486 1481 752 1514 denunciationes
771 1482 887 1515 saciant

152 1534 200 1566 vel
219 1533 441 1573 transmittant,
459 1539 512 1565 aut
530 1539 742 1575 transcuntes,
761 1546 800 1568 ne
816 1535 885 1569 illas

153 1586 311 1629 recipiant
335 1597 352 1618 a
377 1587 443 1619 suis
467 1587 601 1619 subditis
619 1588 885 1632 quibuscumque,

152 1638 238 1672 idem
264 1639 370 1671 facere
396 1644 578 1672 teneantur.

196 1701 284 1724 Lvin.
311 1691 341 1724 Si
368 1692 438 1735 quis
464 1698 570 1724 autem
596 1692 718 1726 litteras
743 1694 884 1737 capitulo

152 1745 297 1787 generali
322 1746 372 1778 vel
394 1746 573 1778 reverendo
594 1746 676 1789 patri
704 1746 840 1780 directas
857 1759 885 1780 a-

150 1798 313 1840 peruerit,
338 1804 370 1830 et
394 1809 433 1831 ne
459 1799 498 1831 ad
525 1810 579 1831 eos
615 1800 730 1842 quibus
756 1801 886 1833 mittun-

151 1854 202 1882 tur
219 1850 392 1883 deveniant
411 1851 551 1884 scienter
572 1852 765 1894 impedierit,
786 1865 801 1885 a
821 1859 885 1886 tan-

151 1907 183 1935 to
210 1908 300 1935 reatu
323 1903 391 1936 sine
417 1904 548 1936 licentia
580 1905 708 1947 speciali
735 1906 810 1938 dieti
836 1918 886 1939 ‹fa-

149 1955 243 1998 pituli
269 1956 430 1998 generalis
455 1958 502 1989 vel
527 1958 696 1990 reverendi
715 1959 814 2001 patris
832 1959 885 1991 ab-

149 2007 228 2040 solvi
254 2018 319 2040 non
344 2009 464 2051 poterit
489 2009 548 2051 (a).

194 2071 255 2094 Lix.
271 2061 433 2095 Personae
449 2073 524 2095 vero
538 2063 676 2103 Ordinis,
690 2075 762 2096 enm
777 2065 885 2108 aliqua

150 2113 295 2147 scribunt
325 2114 465 2157 capitulo
495 2120 548 2147 aut
580 2116 758 2149 reverendo
789 2118 883 2159 patri,

186 2202 216 2236 α)
227 2201 282 2229 Νοη
295 2206 391 2237 putent
401 2202 438 2235 tii,
452 2202 496 2236 qui
509 2205 668 2236 potestatem
684 2203 786 2230 habent
800 2205 886 2231 ansol-

155 2245 230 2272 vendi
245 2254 260 2273 a
280 2246 425 2273 reservatis
439 2246 546 2272 Summo
564 2246 696 2280 Pontifici,
713 2247 764 2273 sibi
784 2248 862 2274 etiam
877 2251 883 2266 ¹

151 2290 291 2317 absolvere
306 2290 339 2316 ab
356 2290 414 2316 aliis
427 2291 570 2316 reservatis
581 2291 606 2316 in
619 2291 728 2323 Ordine,
741 2292 790 2318 nisi
806 2293 884 2318 etiam

151 2334 258 2361 aliunde
284 2333 403 2360 habeant
428 2333 573 2368 legitimam
601 2335 804 2368 anctoritatem,
824 2336 885 2370 qnia

153 2378 263 2405 facultas
283 2386 409 2405 concessa
429 2386 443 2404 a
463 2378 569 2404 Summo
591 2378 717 2405 Pontilice
737 2388 788 2406 non
808 2380 886 2407 dero-

151 2427 197 2457 gat
214 2422 441 2449 reservationibns
460 2422 650 2457 singularibus,
673 2423 721 2450 nisi
737 2431 814 2451 casus
829 2425 884 2460 ipse

151 2471 275 2494 occurrat
294 2467 374 2494 etiam
393 2466 453 2493 Sedi
474 2467 644 2501 Apostolicae
662 2475 786 2502 expresse
801 2477 885 2495 reser-

153 2516 238 2543 vatus,
259 2516 321 2538 tunc
335 2511 404 2538 enim
421 2514 537 2546 potestas
552 2511 698 2545 superioris
714 2512 822 2538 maioris
837 2513 885 2538 ab·

151 2555 242 2582 soi-bet
261 2556 446 2582 auctoritatem
467 2555 578 2581 minoris
597 2555 622 2581 in
643 2555 738 2583 eodem
757 2564 831 2595 casu.

178 2605 189 2626 ί
204 2605 283 2626 Duene
300 2605 383 2627 videtur
400 2611 436 2626 vox
452 2604 513 2625 liuere
526 2607 547 2625 ta
572 2606 609 2631 L).

938 268 1084 301 scribant
1107 278 1188 312 quae
1212 278 1287 302 vera
1303 266 1378 302 sunt
1397 273 1427 302 et
1444 268 1574 312 pronari
1598 280 1668 313 pos·

938 326 1019 361 sunt,
1045 322 1134 354 nullo
1159 322 1349 365 interposito
1373 321 1554 356 mendacio.
1580 322 1617 355 Et
1637 327 1674 359 ut,

939 374 987 405 via
1024 374 1137 407 salsum
1174 375 1337 408 scribendi
1371 376 1421 408 vel
1453 375 1668 409 denunciandi

938 427 1087 460 omnibus
1111 428 1345 470 praecludatur,
1364 428 1529 461 statuimus
1548 434 1583 461 nt
1600 430 1670 472 qui-

938 489 1073 522 cumque
1099 480 1137 513 de
1161 480 1271 523 priore
1292 491 1360 520 suo,
1383 481 1432 513 vel
1450 482 1598 524 personis
1614 482 1670 515 Or-

938 530 1031 571 dinis,
1056 533 1236 565 reverendo
1256 533 1337 576 patri
1355 535 1404 566 vel
1421 534 1561 577 capitulo
1577 545 1676 576 genef,

937 583 996 615 rali
1031 584 1196 627 scripserit
1227 585 1385 618 malitiose
1422 592 1453 619 et
1487 587 1667 627 mendose,

937 640 1099 679 tamquam
1124 637 1271 670 falsarius
1295 638 1335 670 sit
1359 639 1391 671 in
1417 639 1587 681 disciplina
1611 640 1670 672 cri-

936 687 1129 721 minosorum
1154 690 1193 722 ad
1218 691 1345 723 Ordinis
1370 692 1578 725 voluntatem.

978 750 1027 773 Lx.
1048 741 1207 775 Personae
1232 743 1327 775 etiam
1350 743 1477 776 Ordinis
1496 756 1576 788 quae
1594 746 1669 778 scri-

935 792 1015 825 bunt
1033 793 1155 827 litteras
1170 795 1313 838 capitulo
1330 798 1484 838 generali,
1503 803 1557 830 aut
1574 809 1670 841 super

934 856 1052 879 annum
1079 849 1257 881 reverendo
1282 849 1377 891 patri,
1405 860 1470 882 non
1495 850 1612 883 saciant
1635 851 1680 891 in,

933 899 1049 931 litteris
1074 901 1274 942 prooemium
1290 927 1297 939 ,
1323 907 1376 933 aut
1401 902 1582 945 haoengas,
1609 903 1667 936 sed

934 952 1043 994 paucis
1066 958 1097 985 et
1121 954 1313 986 necessariis
1337 954 1441 986 verbis
1466 954 1616 988 intiment
1636 961 1668 988 et

932 1010 1042 1046 petant
1067 1016 1148 1048 quae
1167 1007 1295 1046 volunt,
1316 1012 1345 1039 et
1366 1017 1447 1050 quae
1472 1012 1591 1050 petunt
1609 1018 1668 1051 per

933 1056 1084 1089 articulos
1110 1057 1245 1091 invicem
1270 1060 1465 1102 congruenti
1490 1061 1594 1103 spatio
1620 1071 1668 1093 se·

932 1115 1062 1151 paratos
1080 1109 1297 1153 distinguant;
1317 1111 1362 1144 et¹
1381 1111 1426 1144 sic
1448 1112 1582 1145 faciliter
1599 1123 1667 1146 res-

932 1172 1077 1203 ponsum,
1106 1163 1189 1205 quod
1216 1169 1346 1206 optant,
1374 1165 1458 1198 inter
1483 1171 1586 1198 tantas
1613 1176 1666 1198 oc-

932 1215 1121 1257 cupationes
1156 1216 1302 1249 obtinere
1332 1218 1459 1250 valeant
1492 1219 1558 1261 (a);
1585 1219 1663 1252 alias

932 1277 1123 1309 responsum
1161 1279 1225 1301 non
1262 1274 1447 1312 expectent.
1474 1270 1511 1303 Et
1535 1271 1664 1314 quando

930 1319 1072 1351 scribunt
1090 1325 1238 1363 tempore
1266 1322 1396 1364 capituli
1426 1323 1596 1365 generalis,
1623 1323 1665 1356 si-

930 1373 995 1405 mul
1022 1374 1164 1406 scribant
1189 1376 1369 1408 reverendo
1390 1376 1472 1419 patri
1498 1382 1529 1409 et
1554 1377 1666 1410 defini-

931 1425 1075 1465 toribus,
1101 1427 1161 1459 nisi
1191 1427 1271 1460 sorte
1297 1438 1390 1461 casus
1415 1434 1560 1462 secretus
1578 1457 1585 1470 ,
1612 1435 1665 1463 aut

928 1478 1006 1511 alias
1025 1480 1096 1512 talis
1113 1487 1308 1521 occurreret,
1327 1482 1380 1525 qni
1399 1483 1456 1515 soii
1482 1484 1663 1516 reverendo

928 1531 1011 1573 patri
1048 1532 1246 1566 intimandus
1273 1540 1371 1567 esset.
1409 1535 1497 1569 Tunc
1522 1535 1606 1569 enin]
1633 1537 1662 1569 ei

928 1589 1082 1626 poterunt
1107 1586 1143 1618 ad
1176 1592 1299 1629 partem
1324 1587 1485 1628 scribere,
1520 1594 1552 1621 et
1576 1589 1662 1632 quod

927 1638 1039 1669 volunt
1064 1638 1224 1671 intimare.

971 1700 1033 1723 in.
1061 1690 1192 1729 Quando
1214 1697 1319 1725 autem
1338 1695 1567 1728 conventuales
1584 1695 1663 1728 scri-

927 1744 1007 1775 bunt
1024 1744 1111 1776 dieto
1128 1745 1277 1787 capitulo,
1296 1751 1351 1777 aut
1376 1748 1553 1780 reverendo
1567 1748 1660 1791 patri,

928 1797 1056 1829 nomine
1082 1803 1268 1838 conventus,
1292 1798 1413 1831 debent
1429 1799 1546 1843 singuli
1565 1812 1661 1833 manu

928 1851 1057 1892 propria
1072 1851 1289 1891 subscribere,
1303 1852 1381 1884 alias
1399 1853 1486 1885 nulla
1504 1853 1583 1886 fides
1598 1854 1661 1888 suis

928 1903 1135 1935 exhibebitur
1151 1903 1274 1943 litteris,
1293 1915 1351 1937 nec
1372 1915 1561 1948 responsum
1578 1906 1662 1940 obti-

928 1956 1061 1987 nebunt.
1089 1955 1169 1987 illud
1196 1955 1272 1988 item
1298 1962 1444 1989 servetur
1469 1970 1486 1990 a
1512 1959 1658 2001 singulis,

928 2009 1055 2051 qnando
1082 2019 1140 2051 per
1164 2020 1196 2042 se
1223 2015 1253 2041 et
1278 2010 1486 2052 singulariter
1502 2013 1658 2053 scribunt,

928 2067 962 2093 ut
987 2062 1110 2094 scilieet
1128 2062 1159 2094 in
1176 2063 1241 2095 suis
1263 2062 1379 2095 litteris
1398 2075 1432 2096 se
1450 2065 1571 2107 pariter
1584 2066 1660 2098 sub-

927 2115 1081 2147 scribant.
1109 2114 1165 2153 Qui
1190 2126 1264 2148 vcro
1300 2117 1578 2160 praesumpserint
1602 2128 1660 2161 per

928 2169 1063 2208 litteras,
1088 2168 1271 2211 suppressis
1289 2170 1485 2210 nominibus,
1503 2170 1658 2204 infamare

926 2221 1077 2254 Ordinem
1104 2227 1248 2254 nostrum
1262 2228 1315 2254 aut
1335 2224 1497 2265 praelatos
1515 2224 1591 2264 eius,
1610 2224 1659 2258 vel

927 2275 1065 2317 aliquem
1090 2285 1125 2307 ex
1152 2274 1242 2317 ipsis,
1260 2280 1313 2307 aut
1334 2276 1504 2309 tentaverit
1521 2276 1658 2309 instituti

964 2382 970 2407 1
996 2380 1095 2408 Forsan
1111 2384 1141 2408 ut
1161 2389 1209 2416 pro
1229 2384 1255 2408 ec
1275 2381 1417 2417 legendum
1434 2383 1470 2417 (a.
1486 2383 1534 2415 Ὦ).
1663 2415 1669 2420 Γ

960 2428 993 2458 α)
1013 2425 1057 2451 llis
1076 2426 1140 2452 satis
1166 2426 1287 2452 innuitur
1310 2430 1440 2461 quantum
1467 2427 1574 2454 inutiles
1593 2426 1659 2455 scri-

926 2470 1030 2504 ptiones
1045 2478 1059 2496 a
1075 2469 1169 2504 spiritu
1185 2469 1290 2496 Ordinis
1302 2471 1423 2497 diversae
1438 2471 1499 2504 sint⁷
1517 2476 1659 2506 quantum-

926 2522 978 2548 que
993 2518 1092 2540 statuta
1108 2514 1198 2546 velint,
1219 2518 1248 2540 ut
1267 2519 1372 2548 tempus
1392 2516 1507 2549 pretiose
1524 2516 1555 2542 ad
1573 2517 1657 2550 utilia,

925 2558 1054 2584 resecatis
1067 2560 1076 2574 ²
1096 2558 1252 2592 superfluis,
1274 2563 1396 2585 servetur
1415 2564 1442 2586 et
1460 2560 1639 2596 impendatur.

951 2607 970 2627 2.
988 2606 1041 2637 Edit.
1056 2606 1119 2627 Mani.
1137 2606 1187 2632 legit
1204 2610 1305 2628 reiectum
1322 2614 1350 2631 [n.
1366 2614 1396 2633 1.)

1544 212 1655 251 >8612
1676 221 1771 256 Amce
1794 223 1860 249 insa
