2111 3157
27 180 75 207 An.
96 179 125 207 C.
144 179 210 208 1679

51 917 180 942 Extendttur.
185 919 208 937 ut

27 946 47 966 in
62 945 154 966 rubrica.

791 177 1000 205 1NNOCENT1US
1021 180 1051 203 x1
1076 180 1124 203 pv.
1608 165 1671 200 209
1717 175 1765 202 An.
1788 174 1816 201 c.
1837 173 1901 201 1070

215 228 357 262 fidelium
382 229 615 270 defunct'brum,
637 239 694 272 pro
718 229 835 272 quibus
860 229 941 260 cele-

213 281 324 313 bratue
349 273 649 325 suissent‚1ie1‘inde
674 281 938 323 sull'ffigarentur,

215 343 251 365 ac
267 333 290 365 si
308 333 348 367 ad
365 334 476 367 altaria
492 334 662 377 privilegio
688 333 863 376 apostolico
882 342 940 374 pro

215 386 382 418 animabus
421 387 643 419 desunctorum
678 387 828 418 decorata
851 386 937 416 eele-

215 438 325 471 bratae
357 438 512 478 fuissent,
545 440 733 471 auctoritate
766 438 941 480 apostolica

216 491 431 531 indulsimus;
462 497 494 524 et
516 492 605 531 alias,
633 497 729 533 prout.
760 492 792 523 in
824 491 940 523 nostris

217 544 358 586 desuper
382 543 413 575 in
439 544 534 576 simili
565 544 666 576 forma
696 543 804 576 Brevis
830 543 880 575 die
904 553 941 575 xv

216 595 322 628 martii
346 596 490 638 proxime
514 595 682 638 praeteriti
713 595 868 637 expeditis
891 595 942 627 lit-

216 647 302 686 teris,
325 658 403 690 quas
421 647 458 679 ad
478 647 667 680 decennium
692 652 812 679 tantum
838 647 941 678 valere

214 699 381 738 voluimus,
407 705 438 732 et
460 710 594 742 quarum
620 704 765 731 tenorem
790 709 942 741 praesen-

215 751 300 784 tibus
316 761 375 794 pro
396 753 493 794 plene
511 756 542 783 et
569 751 765 783 sufficienter
789 761 941 793 expresso

216 813 253 836 ac
276 804 315 836 de
339 804 437 836 verbo
462 804 500 835 ad
525 803 658 835 verbum
682 803 803 835 inserto
829 802 941 835 lmberi

215 855 372 892 volumus,
398 853 529 885 uberius
555 854 749 886 continetur.

260 906 275 948 ξ
299 905 331 938 2.
357 906 433 938 Cum
451 912 567 944 autem,
591 905 670 937 sieut
690 916 747 947 pro
769 911 856 948 parte
878 916 943 938 me-

216 959 330 991 morati
343 958 445 990 Caroli
460 958 545 1000 regis
562 958 652 990 nobis
670 968 727 1000 per
745 959 941 1000 praedictum

217 1010 390 1053 Gasparem
429 1010 648 1043 marchionem
680 1010 747 1042 eius
783 1017 943 1043 oratorem

216 1073 323 1105 nuper
342 1062 522 1105 expositum
535 1062 603 1101 fuit,
621 1063 705 1094 idem
725 1063 866 1100 Carolus,
884 1074 943 1105 pro

218 1115 333 1147 eximin
356 1117 413 1146 sua
433 1114 550 1157 pietate
575 1115 695 1146 litteras
713 1120 836 1147 nostias
854 1126 945 1158 prae-

218 1166 320 1200 dictas
338 1167 376 1198 ad
394 1166 520 1208 reliqua
545 1166 653 1198 omnia
678 1177 734 1198 sua
759 1177 866 1208 regnu,
885 1173 945 1199 sta-

218 1224 277 1258 tus,
296 1219 435 1251 ditiones
461 1224 493 1250 et
516 1218 657 1250 dominia
683 1219 838 1260 ampliari,
855 1229 889 1251 ac
912 1219 944 1251 in

217 1276 407 1313 perpetuum
425 1270 552 1302 extendi
569 1270 742 1312 plurimum
764 1271 943 1303 desideret:

217 1332 284 1362 nos,
302 1322 488 1364 religiosum
505 1321 649 1353 eiusdem
667 1321 769 1354 Caroli
790 1323 873 1364 regis
892 1323 946 1354 de-

218 1375 370 1407 siderium
402 1373 586 1407 huiusmodi
622 1375 826 1407 luculentiori
851 1381 945 1417 atque

217 1427 352 1468 largiori
372 1432 525 1469 paternae
549 1431 679 1459 nostrae
703 1427 871 1459 eharitatis
892 1428 946 1460 be-

217 1479 383 1522 nignitate,
409 1484 564 1521 quantum
590 1478 682 1510 nobis
714 1489 751 1511 ex
783 1480 847 1512 alto
872 1490 946 1512 con-

219 1531 354 1571 ceditur,
378 1531 541 1574 prosequi,
568 1531 734 1574 enixisque
762 1532 849 1564 illius
875 1543 946 1575 pre-

219 1585 319 1622 cibus,
336 1583 429 1616 nobis
449 1593 546 1626 super
563 1583 626 1616 hoc
645 1594 702 1626 per
726 1584 870 1617 eiusdem
888 1585 946 1618 Ga·
997 1612 999 1615 .

219 1647 347 1680 sparem
371 1637 591 1673 marchionem
625 1636 739 1669 devota
764 1637 944 1670 humilitate

218 1688 386 1732 porrectis,
405 1688 621 1720 favorabiliter
648 1699 790 1721 annuere
819 1690 947 1732 cupien-

220 1747 275 1780 tes,
290 1741 525 1783 indulgentiam
544 1740 721 1782 plenariam
736 1746 767 1773 et
788 1742 946 1775 indultum

219 1794 360 1837 aliasque
382 1793 498 1835 gratias
513 1802 530 1824 a
549 1792 641 1825 nobis
666 1803 723 1834 per
748 1793 871 1826 litteras
891 1804 947 1826 nos

219 1851 300 1879 stras
324 1845 504 1889 praedictas
520 1854 577 1887 pro
594 1844 701 1886 regnis
721 1845 946 1887 Hispaniarum
966 1844 968 1872 ἶ

219 1900 259 1932 ad
277 1898 468 1931 decennium
487 1900 608 1928 tantum
622 1905 786 1935 concessa,
802 1903 837 1929 ut
856 1908 948 1939 prue-

221 1951 332 1990 fertur,
358 1950 509 1992 ipsasque
534 1949 675 1988 litteraS,
705 1959 775 1981 cum
799 1950 970 1988 omnibusi

220 2008 252 2036 et
268 2002 405 2044 singulis
422 2001 454 2033 in
472 2000 518 2032 eis
543 2000 702 2032 contentis
727 2006 759 2032 et
775 2003 946 2044 expressis,

221 2056 260 2089 ad
277 2055 401 2096 reliqua
426 2053 533 2085 omnia
557 2058 588 2084 et
612 2053 736 2095 singula
760 2063 869 2095 regna,
890 2060 970 2087 sta-i

221 2114 280 2146 tus,
300 2106 440 2140 ditiones
458 2110 488 2137 et
513 2105 652 2138 dominia
677 2105 752 2138 dicti
778 2105 880 2138 Caroli
900 2117 950 2139 re·
968 2105 972 2145 l

222 2159 281 2200 gis,
299 2160 421 2190 servata
439 2163 542 2189 tamen
560 2157 593 2188 in
613 2157 746 2199 reliquis
764 2158 950 2190 earumdem

221 2211 401 2244 litterarum
419 2210 522 2241 forma
546 2214 578 2241 et
602 2209 823 2251 dispositione,
843 2215 951 2242 aucto-

222 2263 314 2295 ritate
330 2261 502 2304 praedicte,
525 2266 636 2293 tenore
654 2261 881 2302 praesentium,
903 2272 951 2294 ex·

222 2314 382 2346 tendimus
396 2318 427 2345 et
440 2312 645 2355 ampliamus,
662 2313 812 2355 ipsasque
827 2313 950 2346 litteras

222 2366 268 2398 sic
292 2372 439 2399 extensas
464 2371 494 2398 et
518 2365 685 2407 ampliatas
709 2366 874 2409 perpetuis
905 2367 950 2398 su-

222 2418 301 2451 turis
326 2417 524 2461 temporibus
541 2418 656 2462 valere,
673 2427 708 2449 ac
724 2417 796 2456 illis,
815 2418 852 2449 ad
871 2429 949 2460 quos
970 2418 971 2427 ¹

222 2475 345 2512 spectat
382 2475 414 2502 et
448 2479 507 2511 pro
543 2475 685 2511 tempore
724 2469 946 2511 quandocuin—
970 2495 972 2509 ,

223 2532 285 2567 que
305 2522 471 2565 spectabit,
489 2521 521 2553 in
545 2521 694 2553 omnibus
719 2527 749 2552 et
767 2531 824 2563 per
843 2522 950 2553 omnia

336 2583 414 2611 Bull.
436 2583 519 2609 Rom.
541 2596 574 2601 —
599 2582 656 2610 Vol.
677 2582 752 2610 XIX.
893 2583 926 2611 27

982 226 1147 268 suffragari
1172 227 1288 259 debere
1314 225 1518 258 decernimus
1549 230 1580 257 et
1608 224 1712 256 decla-

983 289 1100 311 ramus.

1026 331 1040 373 5
1064 331 1095 364 3.
1122 331 1190 364 Non
1215 331 1417 364 obstantibus
1450 328 1558 363 nosti-{⁴1
1583 330 1621 362 de
1647 339 1711 361 non
1773 339 1904 359 ommatium

983 384 1199 416 concedendis
1216 383 1426 425 indulgentiis
1445 383 1483 415 ad
1505 383 1612 420 instar,
1631 370 1818 413 aliis-remoue.

983 446 1044 478 que
1077 436 1357 469 constitutionibus
1391 441 1422 468 et
1453 434 1712 467 ordinationibus

983 489 1181 530 apostolicis,
1200 488 1379 530 ceterisque
1397 487 1567 521 contrariis
1585 486 1714 530 quilius-

984 551 1131 582 cunique.

1027 593 1041 634 ξ,
1073 592 1104 624 lt.
1131 593 1283 625 Volumus
1323 597 1429 625 autem
1454 598 1490 624 ut
1524 592 1734 636 earumdem*
1760 599 1907 629 Trzmsumpw-

984 645 1200 687 praesentium
1226 645 1404 678 litterarum
1426 645 1635 687 transumptis
1659 632 1769 677 seufflm
1785 626 1844 646 ὡς’

985 697 1148 738 exemplis,
1160 697 1255 728 etiam
1273 697 1450 739 impressis,
1469 707 1564 728 manu
1582 697 1715 730 alieuius

984 749 1100 782 notarii
1138 749 1258 791 publici
1294 749 1508 791 subscriptis,
1544 753 1576 781 et
1606 750 1714 791 sigillo

984 812 1142 845 personae
1169 801 1200 832 in
1219 801 1437 833 ecclesiastica
1463 801 1617 842 dignitate
1644 813 1716 834 con-

985 854 1113 886 stitutae
1146 853 1299 892 munitis,
1332 853 1445 885 eadem
1475 863 1607 895 prorsus
1636 853 1715 885 sides

986 907 1153 944 habeatur,
1173 916 1254 948 quae
1275 905 1450 937 haberetur
1472 905 1549 948 ipsis
1567 916 1717 948 praesen-

987 959 1070 991 tibus
1095 958 1119 990 si
1142 958 1248 989 forent
1268 957 1429 990 exhibitae
1456 958 1503 989 vel
1529 963 1692 990 ostensae.

1028 1012 1140 1044 Datum
1166 1010 1298 1047 Romae,
1325 1010 1409 1052 apud
1435 1009 1465 1041 S.
1493 1010 1630 1048 Petrum,
1656 1011 1715 1042 sub

986 1065 1105 1096 annulo
1138 1062 1331 1100 Piscatoris‚
1364 1061 1414 1094 die
1448 1072 1486 1094 xx
1523 1062 1715 1104 septembris

987 1125 1165 1154 unctum,
1192 1113 1396 1157 pontificatus
1431 1114 1531 1146 nostri
1557 1124 1641 1146 anno
1667 1125 1714 1147 111.

1021 1176 1079 1202 Dat.
1096 1175 1139 1202 die
1157 1175 1192 1202 ⁹20
1211 1174 1372 1209 septembris
1390 1175 1464 1209 1679,
1481 1174 1575 1210 pontif.
1596 1182 1664 1202 anuo
1679 1180 1716 1201 ιιι.

1286 1314 1416 1347 LXXIII.

988 1394 1207 1432 Permittilur,
1227 1397 1269 1432 ul,
1290 1393 1448 1426 translato
1463 1394 1541 1435 festo
1565 1393 1597 1426 S.
1618 1394 1719 1425 Bene-

1030 1445 1117 1483 dicti,
1147 1445 1363 1486 tran-<seratur
1391 1444 1487 1476 eliam
1511 1444 1719 1485 z'ndulqenlia

1029 1498 1180 1541 plenaria
1205 1507 1238 1528 eo
1262 1497 1314 1529 die
1344 1507 1488 1529 concessa
1516 1497 1718 1529 visitantibus

1030 1551 1179 1593 aliquam
1203 1550 1256 1581 sui
1280 1549 1415 1583 Ordinis
1432 1548 1627 1582 ecclesiam'.

1170 1624 1366 1651 Innocentius
1387 1625 1464 1657 Papa
1483 1625 1536 1657 XI,

1109 1670 1145 1695 ad
1165 1671 1337 1702 perpetuam
1357 1668 1400 1694 rei
1421 1669 1601 1694 memoriam.

1031 1741 1045 1783 ἓ
1071 1739 1100 1771 ’1.
1118 1739 1196 1771 Cum
1213 1738 1333 1770 dudum
1359 1737 1460 1770 felicis
1486 1738 1717 1771 recordationis
1756 1744 1911 1765 Aetam-0⁴⁰³<

1729 1777 1828 1791 conce-s..
1875 1771 1912 1790 toi-t

987 1792 1132 1824 Clemens
1159 1790 1244 1831 Papa
1272 1790 1305 1827 X,
1335 1791 1565 1832 praedecessor
1589 1797 1911 1842 nostei·‚1¹'¹÷3“vlutgems-jg

989 1843 1137 1877 omnibus
1156 1847 1186 1874 et
1199 1841 1334 1883 singulis
1349 1842 1517 1884 utriusque
1532 1853 1624 1875 sexus
1640 1829 1860 1895 ehsj.}11essd¹1}'3'1ini''
1872 1832 1913 1869 Bi-

988 1894 1179 1928 stitidelibus
1195 1903 1266 1925 vere
1288 1893 1531 1935 poenitentibus
1552 1895 1720 1928 etconses-
1810 1891 1815 1896 '

989 1949 1031 1981 sis
1061 1958 1097 1979 ac
1121 1948 1211 1978 sacra
1243 1946 1470 1978 communione
1494 1947 1634 1986 resectis,
1665 1947 1719 1990 qui

989 2002 1128 2043 aliquam
1147 2010 1184 2031 ex
1205 1999 1350 2031 ecclesiis
1370 2009 1644 2042 quorumcumque
1659 2011 1721 2033 mo-

990 2052 1200 2085 nasteriorum
1217 2055 1280 2082 tam
1297 2052 1526 2084 monachorum
1542 2062 1636 2094 quam
1655 2063 1722 2084 nio-

990 2102 1121 2137 nialinm
1142 2104 1286 2144 regulam
1311 2103 1411 2134 sancti
1437 2103 1600 2136 Benedicti
1626 2104 1722 2146 proti-

992 2156 1123 2189 tentium
1149 2159 1281 2187 eatenus
1306 2154 1422 2186 erectis
1451 2160 1483 2187 et
1506 2155 1538 2187 in
1556 2161 1721 2198 posterum

991 2208 1259 2251 quandocumque
1286 2206 1457 2248 erigendis,
1476 2217 1512 2238 ac
1528 2207 1721 2250 ubicumque

991 2262 1134 2293 locorum
1159 2258 1383 2297 existentibus,
1403 2258 1454 2291 die
1471 2259 1551 2291 sesto
1577 2259 1720 2292 eiusdem

969 2349 971 2359 Ι
991 2312 1021 2345 S.
1049 2311 1212 2344 Benedicti
1238 2321 1254 2342 a
1278 2310 1388 2352 primis
1402 2311 1546 2353 vesperis
1562 2321 1664 2353 usque
1682 2311 1721 2343 ad

992 2374 1140 2397 occasum
1161 2363 1237 2395 solis
1260 2363 1322 2395 diei
1349 2362 1530 2395 huiusmodi
1549 2363 1640 2395 annis
1658 2364 1707 2395 sin

992 2417 1076 2460 gulis
1114 2417 1226 2448 devote
1262 2415 1493 2455 visitat-issent,
1520 2420 1551 2447 et
1587 2415 1630 2447 ibi
1662 2425 1722 2458 pro

1028 2489 1038 2512 1
1071 2486 1136 2512 Eam
1170 2485 1365 2518 indulgentiam
1395 2485 1528 2511 concessit
1546 2485 1668 2510 Clemens
1683 2484 1722 2519 X,

992 2530 1080 2556 Const.
1101 2529 1272 2555 Covmrzz‘ssae
1291 2528 1380 2561 nobis,
1392 2531 1455 2555 tom.
1468 2534 1540 2562 xvut,
1560 2535 1621 2563 pag.
1641 2528 1703 2555 291.
