2111 3157
187 182 249 232 pin.
267 191 296 221 c.
318 192 386 220 1076
432 182 473 217 16

214 1509 226 1526 5·

214 1536 235 1574 ii·
253 1562 271 1574 ie

216 1585 235 1599 ti.

215 1608 226 1629 d

227 1475 348 1495 Det-tarnum
357 1473 397 1492 iuz-

233 1504 333 1521 .truualu¹
342 1507 364 1519 cu

230 1532 269 1547 *tei
277 1534 286 1546 t·
298 1534 320 1547 ex
337 1527 362 1546 du

240 1562 251 1574 u

240 1588 271 1601 tufi

230 1608 363 1632 erogandum.

248 2319 368 2342 clausulae.

368 1506 395 1518 [11-

366 1529 394 1545 ld·

287 1557 306 1573 at
322 1553 395 1573 lunda-

300 1586 337 1600 nvn:
367 1579 395 1599 «lli

393 242 590 282 huiusmodi,
610 248 641 275 et
659 253 722 276 non
738 242 826 282 alitis,
845 241 1128 286 praeficiendum¹,

394 296 433 328 ad
458 296 613 328 maiorem
637 306 715 328 vero
744 301 820 338 post
842 294 1075 338 pontificalem,
1100 299 1131 327 et

394 349 604 392 principales,
630 349 771 391 aliasque
797 348 981 390 dignitates,
1000 347 1131 380 canoni-

396 406 483 434 catus
509 407 539 434 et
563 401 787 445 praebendas,
814 410 941 433 necnon
973 399 1131 433 beneficia

397 454 573 497 erigenda,
598 453 658 487 et²
693 465 752 497 per
783 454 913 486 Petrum
949 453 1131 497 principem

398 512 430 539 et
454 518 512 550 pro
537 512 683 549 tempore
709 507 882 540 existentes
909 517 1002 549 reges
1027 505 1132 538 buius-

398 560 485 593 modi
512 571 547 592 ex
584 560 678 592 bonis
709 571 820 593 eorum
852 570 938 593 mere
964 559 1132 592 laicalibus

398 624 539 655 congrue
573 614 728 653 dotanda,
753 618 816 646 tam
846 614 885 646 ab
920 623 1032 646 eorum
1061 612 1130 655 pri-

398 668 507 698 maeva
520 666 694 705 erectione,
714 672 886 709 postquam
903 671 1012 698 erecta
1033 671 1061 698 et
1080 665 1134 698 do-

398 724 462 750 tata
491 718 632 758 suerint,
665 730 761 761 quam
794 730 831 751 ex
858 725 934 751 tunc
960 718 1133 760 deinceps,

399 771 527 813 quoties
554 771 618 810 illa,
644 771 808 814 quibusvis
833 772 950 811 modis,
977 771 1072 804 etiam
1097 781 1133 802 ex

400 834 677 867 quorumcumque
713 825 883 867 personis,
920 824 1017 857 etiam
1050 823 1134 866 apud

400 877 516 910 Sedem
543 878 700 917 eamdem,
728 889 841 911 vacare
867 877 1050 920 contigerit,
1076 887 1135 920 pro

400 936 546 973 tempore
568 930 717 962 existenti
735 931 890 974 episcopo
909 930 938 963 S.
959 929 1135 963 Sebastiani

401 984 586 1026 praedicto,
613 983 761 1017 similiter
785 995 844 1027 per
870 995 955 1023 eum,
981 984 1020 1015 ad
1046 993 1138 1026 prae-

401 1035 614 1068 sentationem
639 1037 797 1079 praedicti
824 1036 907 1069 Petri
932 1035 1089 1079 principis
1106 1040 1137 1067 et

401 1100 460 1132 pro
486 1094 632 1132 tempore
651 1089 858 1122 existentium
876 1089 1090 1131 Portugailiae
1108 1093 1138 1121 et

402 1141 628 1184 Algarbiorum
645 1152 756 1184 regum
774 1142 889 1174 factam
899 1141 920 1180 ³,
934 1141 1016 1174 infra
1032 1141 1140 1173 termi-

402 1205 479 1228 num
504 1205 522 1227 a
545 1194 615 1227 iure
640 1194 829 1237 praefixum,
852 1195 883 1226 in
902 1194 979 1237 ipsis
1005 1194 1138 1236 dignita-

404 1247 487 1279 tibus
502 1275 509 1288 ,
536 1248 780 1280 canonicatibus
805 1253 837 1281 et
860 1247 1055 1291 praebendis
1070 1275 1077 1288 ,
1104 1258 1139 1280 ac

403 1301 569 1335 beneficiis
603 1301 855 1342 instituendas'·,
889 1302 1003 1335 eadem
1032 1307 1139 1334 aucto-

403 1356 498 1388 ritate
523 1360 682 1399 perpetuo
705 1365 907 1389 reservamus
933 1360 965 1389 et
990 1355 1140 1388 concedi-

404 1419 488 1442 mus.

449 1462 464 1505 §
504 1461 534 1495 7.
575 1461 791 1495 Decernentes
830 1461 1074 1505 iuspatronatus
1111 1467 1142 1495 et

406 1515 636 1559 praesentandi
666 1515 852 1548 huiusmodi
876 1515 971 1548 Petro
1002 1515 1142 1559 principi

408 1574 438 1601 et
455 1568 678 1611 gubernatori,
695 1573 727 1602 et
750 1579 810 1612 pro
835 1573 984 1612 tempore
1006 1569 1144 1602 existen-

409 1622 493 1655 tibus
516 1622 733 1665 Portugalliae
758 1627 790 1655 et
806 1622 1035 1665 Algarbiorum
1061 1623 1145 1666 regi-

371 1718 374 1723 »
408 1675 467 1708 bus
495 1675 684 1719 praedictiS,
714 1685 751 1708 ex
780 1676 877 1708 meris
903 1676 1146 1709 fundationibus

410 1735 441 1762 et
458 1728 677 1762 dotationibus
698 1735 895 1773 competere,
913 1730 1028 1774 illique
1050 1730 1146 1764 etiam

410 1793 468 1826 per
484 1782 599 1815 Sedem
625 1783 781 1823 eamdem,
800 1783 896 1816 etiam
914 1784 1148 1816 consistoriali—

412 1841 478 1876 ter,
513 1846 719 1879 quacumque
750 1836 875 1869 ratione
906 1837 1057 1879 derogari
1082 1847 1147 1870 non

411 1900 521 1932 posse,
557 1900 664 1932 neque
700 1890 888 1932 derogatum
923 1892 1061 1931 censeri,
1086 1891 1147 1923 nisi

411 1943 512 1985 ipsius
539 1943 624 1975 Petri
660 1943 820 1986 principis
856 1948 887 1976 et
923 1944 1148 1986 gubernatoris

413 2002 445 2029 ct
461 2007 518 2040 pro
537 2002 685 2040 tempore
704 1997 908 2030 existentium
926 2008 1039 2040 regum
1056 2008 1150 2040 prae-

413 2049 572 2082 dictorum
607 2050 646 2082 ad
683 2050 713 2082 id
747 2060 921 2093 expressus
945 2051 1075 2083 accedat
1100 2062 1150 2084 as-

414 2112 545 2142 sensus,
564 2107 594 2134 et
611 2102 635 2134 si
657 2102 752 2135 aliter
769 2103 883 2146 quovis
900 2104 997 2137 modo
1015 2104 1151 2146 deroge-

414 2160 483 2195 tur,
510 2155 737 2197 derogationes
763 2156 947 2189 huiusmodi
972 2167 1043 2190 cum
1074 2157 1149 2191 inde

415 2207 561 2251 sequutis
597 2208 717 2241 nullius
749 2208 877 2242 roboris
910 2210 960 2243 vel
994 2210 1150 2243 momenti

417 2261 502 2294 sore:

461 2315 476 2358 ἓ
500 2314 531 2349 8.
558 2315 675 2359 Sicque
696 2326 754 2359 per
779 2327 1001 2361 quoscumque
1026 2317 1150 2351 iudices

454 2413 463 2438 1
489 2411 583 2448 Aptius
606 2411 665 2447 iege
690 2413 918 2447 praeficiendam
937 2422 1034 2450 nempe
1055 2422 1153 2449 perso-

416 2465 487 2483 nam
506 2459 544 2490 (R.
560 2458 607 2487 τ.).

451 2502 467 2527 2
488 2500 558 2527 Edit.
579 2500 658 2527 nain.
680 2501 745 2536 legit
765 2503 852 2529 etiam
875 2511 921 2538 pro
942 2506 967 2531 et
985 2503 1024 2538 (R.
1041 2478 1094 2539 123.

452 2545 468 2571 3
485 2545 550 2572 itate
566 2545 629 2571 edit.
649 2545 725 2571 Μαίη.
742 2545 805 2578 legit
818 2548 894 2580 fucta
910 2547 945 2580 (n,
964 2549 1011 2577 τ.).

453 2590 467 2617 4
488 2588 555 2617 Mate
571 2589 634 2617 edit.
652 2589 729 2616 Main.
747 2589 811 2625 legit
828 2590 1013 2619 instituendis
1030 2592 1066 2628 (a.
1081 2592 1130 2627 T.).

976 191 1157 217 mmmmm!
1180 192 1334 218 nostiam!

1173 248 1203 274 et
1227 242 1475 283 commissarios,
1494 241 1605 286 quavis
1624 243 1815 276 auctoritate
1840 242 1912 276 sun-

1173 302 1297 340 gentes,
1325 297 1420 330 etiam
1447 297 1593 330 eiusdem
1618 296 1649 329 S.
1676 297 1714 329 R.
1744 297 1777 330 E.
1806 297 1913 330 cardi-

1173 352 1283 390 nales,
1311 351 1407 383 etiam
1434 351 1472 383 de
1499 351 1599 383 latere
1625 351 1770 393 legatos,
1801 351 1914 383 vicele-

1174 409 1283 446 gatos,
1307 403 1467 446 Sedisque
1493 403 1678 446 praedictae
1703 402 1856 443 nuncios,
1882 409 1914 437 et

1175 467 1342 488 causarum
1378 456 1488 499 palatii
1525 455 1697 498 apostolici
1733 456 1913 497 auditores,

1175 510 1300 542 sublata
1319 509 1363 542 eis
1396 514 1427 541 et
1445 508 1609 551 quibusvis
1626 508 1698 540 aliis
1723 509 1834 551 quavis
1858 508 1915 541 ali-

1177 569 1225 595 ter
1249 562 1414 595 iudicandi
1439 567 1470 594 et
1495 561 1732 604 interpretandi
1762 561 1914 595 facultate

1177 621 1208 648 et
1228 615 1430 654 auctoritate,
1457 614 1593 647 iudicari
1614 620 1645 647 et
1669 614 1796 647 definiri
1823 615 1916 647 debe-

1177 679 1210 701 re
1227 696 1234 708 ,
1261 679 1388 701 necnon
1421 667 1548 700 irritum
1586 672 1617 700 et
1651 667 1746 700 inane
1772 667 1797 700 si
1822 677 1914 700 secus

1178 732 1275 764 super
1294 721 1343 754 his
1360 732 1378 753 a
1395 731 1566 764 quoquam,
1586 720 1696 763 quavis
1714 720 1914 760 auctoritate,

1179 774 1320 807 scienter
1337 774 1385 807 vel
1403 774 1602 816 ignoranter,
1621 773 1795 816 contigerit
1813 777 1916 806 atten-

1180 829 1250 862 tari.

1224 883 1238 925 g
1256 882 1285 915 9.
1306 882 1374 916 Non
1393 873 1594 915 obstantibus
1612 881 1808 925 praemissis,
1826 892 1918 925 prae-

1180 935 1288 968 sertim
1314 935 1399 978 quod
1427 935 1566 967 ecclesia
1590 934 1621 967 S.
1649 933 1824 967 Salvatoris
1842 934 1918 967 Bra-

1181 989 1323 1022 siliensis
1363 988 1526 1031 praedicta
1558 993 1690 1021 vacaret
1722 992 1755 1020 et
1786 992 1918 1031 pastore

1181 1052 1238 1074 suo
1271 1041 1425 1074 destituta
1456 1040 1665 1083 reperiretur,
1693 1039 1920 1073 Lateranensis

1181 1094 1313 1128 Concilii
1332 1093 1506 1126 novissime
1521 1094 1675 1126 celebrati
1693 1093 1832 1126 uniones
1849 1103 1922 1137 per-

1181 1152 1294 1191 petuas
1311 1153 1343 1180 et
1359 1147 1398 1179 ab
1424 1146 1571 1179 ecclesiis
1596 1146 1742 1178 membra
1766 1145 1920 1188 distingui

1182 1212 1218 1234 ae
1243 1200 1342 1233 dividi
1368 1199 1585 1242 prohibentis,
1612 1201 1725 1231 nostra
1743 1203 1775 1231 et
1795 1199 1923 1231 cancel-

1182 1254 1281 1288 lariae
1306 1253 1506 1296 apostolicae
1527 1252 1646 1295 regulis
1665 1253 1703 1285 de
1722 1262 1788 1285 non
1806 1253 1925 1285 tollen-

1183 1308 1224 1341 do
1249 1308 1318 1340 iure
1344 1306 1502 1350 quaesito,
1528 1306 1664 1349 aliisque
1682 1305 1924 1338 constitutioni-

1183 1362 1242 1394 bus
1271 1366 1302 1393 et
1331 1359 1593 1393 ordinationibus
1621 1358 1822 1402 apostolicis,
1846 1369 1923 1391 nec-

1184 1424 1249 1447 non
1273 1412 1533 1457 Ulyssiponensis
1559 1417 1590 1444 et
1621 1411 1652 1444 S.
1679 1411 1852 1444 Salvatoris
1882 1411 1922 1444 de

1185 1466 1284 1499 Bahia
1309 1465 1517 1498 ecclesiarum
1549 1464 1787 1508 praedictarum
1804 1491 1812 1505 ,
1837 1463 1924 1496 iura-

1186 1524 1307 1559 mento,
1323 1517 1570 1551 confirmatione
1584 1517 1771 1561 apostolica,
1784 1518 1834 1550 vel
1848 1528 1925 1560 qua-

1186 1573 1233 1606 vis
1258 1571 1409 1604 firmitate
1434 1571 1495 1604 alia
1518 1570 1700 1611 roboratis,
1731 1570 1858 1603 statutis
1893 1576 1926 1603 et

1187 1624 1507 1665 consuetudinibus3
1540 1623 1721 1667 ceterisque
1755 1623 1925 1657 contrariis

1189 1678 1458 1722 quibuscumque.

1233 1732 1248 1775 g
1265 1730 1318 1764 10.
1338 1730 1422 1764 Nulli
1441 1740 1520 1773 ergo
1543 1729 1676 1763 omnino
1692 1729 1864 1763 hominum
1890 1730 1926 1763 li-

1190 1790 1261 1818 ceat
1285 1785 1369 1817 hanc
1393 1784 1545 1827 paginam
1570 1789 1701 1816 nostrae
1733 1784 1927 1827 segregatio-

1191 1839 1250 1879 nis,
1279 1837 1457 1877 divisionis,
1483 1837 1707 1880 separationis,
1736 1837 1927 1881 assignatio-

1192 1892 1249 1931 nis,
1276 1890 1517 1934 applicationis,
1543 1889 1805 1933 approbationis,
1825 1900 1929 1923 reser-

1193 1943 1328 1977 vationis
1348 1948 1380 1975 et
1403 1942 1524 1975 decreti
1549 1942 1736 1984 infringere,
1756 1943 1806 1976 vel
1824 1943 1852 1975 ei
1878 1953 1927 1975 au-

1192 2009 1226 2031 su
1252 1996 1424 2030 temerario
1448 1995 1623 2028 contraire.
1653 1995 1684 2028 Si
1716 1996 1788 2040 quis
1821 2001 1928 2029 autem

1193 2052 1256 2085 hoc
1272 2055 1430 2084 attentare
1449 2049 1716 2092 praesumpserit,
1735 2049 1930 2092 indignatio-

1193 2115 1266 2137 nem
1290 2102 1525 2146 omnipotentis
1546 2102 1601 2135 Dei
1624 2112 1660 2135 ac
1683 2103 1853 2135 beatorum
1870 2102 1930 2135 Pe-

1193 2157 1231 2190 tri
1257 2162 1289 2190 et
1314 2156 1403 2189 Pauli
1428 2156 1657 2199 Apostolorum
1682 2155 1751 2188 eius
1775 2166 1810 2189 se
1829 2166 1930 2189 nove-

1193 2211 1234 2243 rit
1258 2210 1475 2243 incursurum.

1236 2264 1348 2296 Datum
1373 2262 1512 2301 Romae,
1539 2262 1624 2305 apud
1650 2262 1681 2295 S.
1709 2262 1851 2303 Petrum,
1876 2272 1933 2296 an-

1194 2327 1235 2350 no
1270 2315 1504 2349 incarnationis
1541 2315 1726 2349 Dominicae
1761 2309 1932 2356 MDCLxxvi,

1194 2382 1211 2403 x
1230 2370 1383 2403 kalendas
1398 2368 1590 2409 decembris,
1604 2368 1810 2412 pontificatus
1827 2369 1933 2403 nostri

1195 2433 1281 2457 anno
1306 2433 1329 2456 1.

1231 2485 1288 2512 Dat.
1309 2485 1352 2511 die
1374 2483 1407 2510 22
1425 2484 1581 2511 novembris
1603 2483 1681 2518 1676,
1703 2483 1799 2519 pontif.
1819 2491 1891 2511 anno
1912 2490 1932 2511 1.

1920 192 1968 221 An.
1986 192 2014 221 C.
2036 193 2105 221 36⁷6

1978 891 2111 912 ohntantinm

1927 921 2024 940 rcnwtm.

1976 1738 2054 1758 Sancto
2069 1742 2108 1764 poe

1935 1765 1997 1786 milis.
