2111 3157
45 249 95 274 An.
108 247 138 272 C.
162 245 227 273 1684

86 2462 114 2485 De
125 2467 238 2493 oeconomo

60 2492 149 2520 uuprrmt
163 2495 241 2516 praest·

235 293 442 328 confirmatus
480 295 597 335 fuerit·,
641 304 678 329 ex
720 306 784 338 quo
819 301 964 339 tempore

235 348 437 381 continuatio
462 354 494 381 et
517 349 677 382 absolutio
703 349 801 382 huius
826 359 966 382 conven-

235 405 285 433 tus
309 400 349 433 ad
372 401 546 444 ipsummet
570 402 751 444 praesidem
771 401 940 444 spectabit.

278 462 421 487 chxxlv.
447 454 494 486 Ad
511 454 719 487 sinceriorem
735 454 878 487 omnium
895 464 967 486 cau-

232 516 340 538 sarum
365 511 397 539 et
425 506 653 539 necessitatum
688 506 721 539 in
755 506 965 539 conventibus

233 559 489 601 propositionem
524 559 780 601 relationemque
817 558 965 591 obtinen-

233 610 317 650 dam,
344 616 472 653 praeter
495 610 680 653 superiores
705 620 741 642 ex
767 610 965 642 districtibus

232 663 377 706 singulis,
403 664 519 696 saltem
551 663 626 703 duo,
660 673 689 695 v.
716 673 762 704 g.,
788 673 826 695 ex
851 663 964 705 quovis

232 715 379 748 districtu
404 716 549 749 decanali
574 716 637 748 duo
661 715 797 758 parochi
822 715 861 748 ad
890 726 966 748 con·

232 773 360 801 ventum
385 768 632 808 dioecesanum,
666 778 704 800 ex
733 767 878 801 dioecesi
903 768 964 800 duo

232 820 436 854 decanalium
465 819 669 853 districtuum
702 819 891 862 superiores
926 820 965 852 ad

231 878 425 906 conventum
450 873 584 906 alicuius
603 873 766 906 districtus
782 872 966 905 archidioe-

232 925 351 965 cesani,
376 936 413 959 ex
431 925 579 959 districtu
595 925 884 959 archidioeeesano
902 925 965 958 duo

231 978 401 1022 praesides
426 978 611 1012 dioecesani
636 979 676 1011 ad
700 984 893 1011 conventum
911 988 966 1020 ge-

232 1032 377 1065 neralem
400 1031 669 1071 destinabuntur;
695 1032 768 1074 qui,
795 1031 966 1074 prudentia

232 1089 264 1118 et
287 1085 406 1128 pietate
431 1090 640 1127 praestantes,
662 1094 727 1117 non
752 1085 855 1117 solum
880 1090 966 1116 acto-

231 1148 315 1178 rum,
341 1148 452 1170 verum
482 1137 578 1171 etiam
607 1142 718 1177 status,
750 1137 783 1170 in
816 1147 879 1180 quo
903 1137 965 1170 sin-

233 1192 307 1234 gula
330 1192 401 1224 loca
431 1190 607 1223 subsistant
637 1195 693 1223 aut
724 1189 884 1229 deficiant,
920 1190 964 1222 uti

233 1250 265 1278 et
291 1244 545 1278 conversationis
569 1244 715 1287 ipsorum
741 1243 963 1286 superiorum,

233 1301 331 1330 testes
355 1303 387 1329 et
410 1296 522 1329 arbitri
546 1302 652 1329 erunt.

277 1359 405 1383 ccxxxv.
421 1348 497 1382 Cum
512 1348 597 1382 bona
613 1348 862 1387 communitatis,
879 1348 966 1380 iuxta

233 1402 380 1445 superius
406 1401 491 1434 dicta
515 1412 651 1434 numero
677 1411 752 1441 xxii,
777 1412 813 1434 ex
838 1403 901 1433 una
933 1401 965 1433 in

234 1454 327 1488 aliam
353 1454 527 1488 dioecesim
562 1465 620 1497 per
644 1464 677 1486 se
709 1454 875 1486 transferri
900 1464 964 1486 non

234 1507 372 1549 possint;
397 1506 471 1540 ideo
496 1508 585 1540 nulla
616 1516 712 1550 capsa
742 1506 840 1539 totius
872 1506 966 1538 huius

234 1559 371 1592 instituti
409 1560 590 1593 communis
628 1558 779 1592 constitui
818 1559 964 1602 poterit,

234 1612 319 1645 unde
343 1622 477 1655 praeses
498 1612 657 1654 generalis
674 1611 803 1644 nonnisi
827 1610 968 1654 particu-

235 1666 337 1699 larem
361 1675 488 1708 capsam
523 1675 600 1698 suae
632 1664 771 1697 familiae
804 1665 837 1696 in
872 1664 967 1697 domo

237 1720 296 1750 sua
313 1718 458 1751 habebit.
477 1717 555 1751 Casu
572 1723 688 1756 tamen,
707 1729 768 1761 quo
786 1728 844 1761 per
861 1723 969 1760 patro-

237 1770 270 1803 ni
294 1770 427 1804 alicuius
459 1770 707 1813 dispositionem
738 1770 796 1803 toti
820 1770 968 1802 instituto

238 1824 360 1868 aliquid
384 1824 636 1864 concederetur,
662 1824 688 1857 si
713 1824 745 1856 in
771 1834 808 1856 co
833 1822 968 1856 ordine¹

238 1878 278 1911 ad
292 1882 413 1910 certam
431 1877 607 1910 dioecesim
622 1878 671 1909 vel
689 1876 968 1915 archidioecesim,

239 1930 382 1973 supremi
416 1930 575 1972 praesidis
600 1929 661 1962 erit
697 1940 769 1962 cum
793 1939 850 1962 suo
875 1939 970 1962 oeco-

238 1993 338 2017 nomo
363 1993 473 2016 curam
498 1982 592 2016 huius
621 1982 741 2016 habere
776 1988 807 2015 et
839 1993 971 2026 operam

240 2035 328 2076 dare,
352 2042 387 2068 ut
410 2046 469 2079 pro
494 2035 701 2069 emeritorum
735 2036 841 2076 domo,
879 2035 973 2068 semi-

240 2089 334 2122 nario
359 2088 495 2122 instituti
519 2089 662 2132 proprio,
688 2099 747 2132 pro
763 2089 971 2122 missionibus

242 2141 281 2174 ad
306 2143 377 2174 loca
395 2140 634 2174 haereticorum
650 2151 708 2174 seu
726 2141 902 2175 infidelium
920 2141 974 2174 de-

242 2194 418 2235 stinandis,
445 2205 503 2237 pro
532 2194 602 2227 aliis
634 2195 858 2228 communibus
882 2195 974 2227 insti-

242 2247 302 2280 tuti
325 2246 572 2281 necessitatibus
601 2247 818 2288 sublevandis,
844 2248 893 2280 vel
917 2247 975 2280 ali-

244 2305 292 2333 ter
315 2299 355 2333 ad
378 2300 643 2333 satisfaciendum
677 2299 894 2333 benefactoris
920 2305 976 2332 aut

245 2352 375 2396 patroni
408 2351 581 2386 intentioni
606 2358 639 2385 et
668 2353 826 2386 voluntati
853 2353 977 2386 utiliter

247 2405 439 2449 applicetur.

292 2469 436 2493 ccxxxvi.
448 2459 494 2492 Ad
507 2469 721 2492 oeconomum
731 2459 875 2503 supremi
890 2470 978 2503 prae-

249 2511 337 2552 sidis,
364 2512 420 2555 qui
444 2522 551 2545 rerum
575 2511 800 2554 temporalium
821 2512 915 2545 huius
932 2513 976 2545 in-

287 2582 298 2607 ¹
320 2580 429 2608 Videtur
447 2581 588 2616 legendum
602 2582 664 2609 sine
678 2581 781 2610 ordine
801 2589 848 2617 pro
862 2582 887 2609 si
901 2582 933 2610 in
948 2590 979 2609 eo

251 2625 352 2654 ordine
371 2628 408 2659 (a.
423 2625 471 2659 τ.).

825 248 1036 273 tNNOCENTtt's
1059 250 1088 272 XI
1114 249 1163 273 Pr.

1007 297 1112 329 stituti
1137 297 1322 338 generalem
1339 301 1371 329 et
1387 295 1533 329 ultimam
1559 296 1742 339 dispositio-

1008 359 1082 381 nem
1113 349 1229 389 habet,
1255 360 1365 382 omnes
1398 359 1515 382 causae
1553 349 1740 391 graviores,

1007 401 1091 433 circa
1114 401 1351 444 praedictarum
1376 412 1484 434 rerum
1516 401 1740 435 ordinationes

1008 459 1229 494 occurrentes,
1254 465 1336 497 quae
1361 455 1461 498 ipsius
1486 453 1630 497 supremi
1654 463 1742 497 prae-

1007 506 1085 538 sidis
1109 506 1226 539 iudicio
1253 517 1289 539 ac
1317 507 1484 540 decisione
1516 507 1738 540 discutiendae

1007 569 1043 590 ac
1067 558 1334 592 determinandae
1359 559 1516 599 videntur,
1535 570 1571 592 ex
1590 559 1740 592 omnibus

1007 611 1087 644 locis
1112 612 1178 644 sive
1197 612 1449 654 particularibus
1466 612 1670 645 dioecesibus
1691 612 1742 645 de-

1007 663 1160 704 ferentur,
1175 664 1265 697 cuius
1278 664 1409 697 ultimae
1427 665 1643 708 dispositioni,
1659 674 1740 708 quae

1007 726 1025 748 a
1042 726 1194 759 supremo
1214 717 1365 760 praeside
1383 727 1513 760 semper
1530 718 1739 759 derivabitur,

1007 778 1120 801 omnes
1134 778 1194 812 per
1210 768 1429 802 obedientiam
1448 771 1670 812 acquiescent3
1692 781 1753 820 ge,

1007 822 1153 854 neralem
1171 832 1299 864 quoque
1317 823 1475 855 calculum
1488 828 1520 855 et
1535 823 1682 856 notitiam
1696 833 1752 867 re-¹¹

1007 883 1078 906 rum
1092 873 1317 917 temporalium
1333 874 1430 907 totius
1446 875 1582 907 instituti
1597 875 1751 916 habebit.v

1051 936 1205 960 CLxxxvn.
1232 926 1388 960 Finaliter
1411 927 1508 960 huius
1533 927 1671 960 instituti
1694 919 1751 963 d1-[

1006 979 1125 1012 recliva
1148 979 1370 1022 superioritaS,
1398 980 1437 1012 ab
1463 980 1573 1013 infimo
1599 980 1744 1013 eiusdem

1008 1032 1110 1073 gradu
1134 1041 1237 1075 usque
1262 1031 1301 1064 ad
1326 1043 1510 1075 supremum
1536 1032 1741 1076 praesidem,

1007 1084 1054 1117 illi
1080 1084 1323 1126 megestativae¹
1347 1086 1579 1128 superioritati,
1603 1097 1684 1128 quae
1710 1086 1743 1117 in

1008 1138 1078 1170 foro
1103 1138 1323 1172 ecclesiastico
1349 1145 1416 1179 est,
1443 1149 1508 1172 non
1540 1140 1644 1172 solum
1676 1149 1743 1172 non

1008 1190 1220 1233 praeiudicat,
1246 1191 1303 1224 sed
1327 1192 1432 1234 potius
1457 1191 1619 1224 subservit
1643 1202 1679 1224 ac
1700 1192 1743 1224 fa-

1008 1245 1161 1283 mulatur,
1187 1244 1358 1287 eidemque
1383 1244 1594 1277 subordinata
1613 1254 1744 1287 semper

1009 1297 1140 1337 obedit;
1166 1297 1242 1329 dum
1267 1308 1304 1330 ex
1330 1300 1393 1330 una
1417 1303 1509 1340 parte
1545 1303 1648 1329 totum
1679 1297 1744 1330 hoc

1008 1349 1156 1382 clericale
1181 1349 1376 1390 institutum,
1404 1359 1476 1382 cum
1500 1349 1650 1382 omnibus
1676 1348 1744 1382 suis

1008 1402 1169 1442 membris,
1193 1412 1227 1435 se
1245 1402 1278 1434 1ο
1303 1401 1431 1435 Summo
1458 1402 1604 1435 Pontifici
1628 1402 1744 1436 Roma-

1010 1465 1061 1495 no,
1085 1455 1203 1488 deinde
1235 1454 1267 1487 2⁰
1296 1454 1577 1488 reverendissimis
1603 1454 1742 1488 dominis

1008 1507 1193 1548 Ordinariis,
1212 1508 1326 1541 eadem
1345 1518 1407 1551 qua
1430 1508 1530 1551 prius,
1556 1508 1620 1540 imo
1646 1508 1743 1540 etiam

1009 1560 1130 1593 maiore
1155 1560 1370 1601 subiectione,
1388 1571 1447 1603 per
1467 1560 1688 1593 obedientiam
1712 1564 1745 1593 et

1009 1612 1199 1645 inviolatum
1229 1623 1305 1655 erga
1334 1612 1591 1645 iurisdictionem
1616 1612 1747 1646 ordina-

1011 1664 1090 1696 riam
1108 1670 1292 1707 respectum
1308 1664 1341 1696 in
1359 1664 1429 1697 soro
1448 1664 1667 1698 ecclesiastico
1688 1675 1746 1708 pe-

1011 1716 1095 1749 nitus
1119 1717 1292 1757 submittit,
1320 1728 1357 1750 ex
1382 1718 1484 1750 altera
1506 1722 1598 1760 parte
1625 1716 1668 1750 3⁰<
1689 1726 1748 1760 per

1012 1774 1180 1811 paternam
1212 1775 1244 1802 et
1268 1770 1513 1802 oeconomicam
1538 1770 1633 1802 huius
1657 1769 1748 1802 insti-

1013 1822 1071 1854 tuti
1096 1822 1307 1856 directionem
1332 1824 1436 1856 clerus
1461 1823 1634 1856 saecularis
1658 1821 1748 1855 suavi

1013 1881 1044 1907 et
1068 1875 1257 1909 charitativa
1287 1876 1336 1908 via
1368 1876 1462 1919 (cum
1497 1875 1748 1909 constitutiones

1014 1939 1071 1971 per
1095 1939 1130 1961 se
1156 1929 1242 1962 iuxta
1258 1929 1461 1962 sacerdotum
1478 1935 1581 1962 const.
1598 1938 1669 1962 val
1687 1927 1748 1961 sub

1014 1987 1148 2024 peceato
1164 1992 1231 2015 non
1247 1982 1405 2025 obligent)
1423 1993 1441 2015 a
1457 1984 1643 2025 corruptela
1660 1981 1750 2015 vitio·

1015 2044 1084 2066 runi
1099 2040 1131 2067 et
1143 2035 1336 2077 perniciosis
1350 2035 1527 2068 defectibus
1542 2035 1750 2074 clericorum,

1016 2087 1207 2130 praesertim
1231 2098 1327 2120 curae
1353 2088 1531 2120 animarum
1552 2087 1751 2131 praeposito-

1016 2150 1099 2180 rum,
1118 2149 1266 2182 magnam
1290 2145 1417 2183 partem
1442 2140 1575 2173 liberari
1601 2145 1632 2173 et
1655 2140 1688 2173 in
1713 2139 1751 2173 li-

1016 2193 1173 2225 bertatem
1197 2198 1327 2226 sanctae
1351 2193 1605 2227 conversationis
1631 2193 1663 2226 in
1688 2194 1752 2226 hoc

1017 2246 1156 2286 saeculo,
1173 2252 1366 2289 cooperante
1392 2246 1498 2279 divina
1515 2245 1625 2289 gratia,
1646 2245 1751 2289 redigi

1018 2299 1153 2342 poterit;
1172 2299 1259 2331 etsie
1275 2299 1307 2331 4⁰
1322 2300 1600 2333 reverendissimis
1614 2300 1752 2332 dominis

1018 2352 1196 2385 Ordinariis
1223 2357 1286 2385 tam
1310 2363 1327 2385 a
1351 2353 1575 2395 superioribus
1600 2363 1694 2397 quam
1711 2353 1754 2386 in·

1020 2405 1191 2438 ferioribus
1217 2405 1313 2438 totius
1333 2405 1427 2438 huius
1444 2405 1581 2439 instituti
1598 2405 1762 2439 membris,

1020 2458 1128 2491 debita
1152 2458 1346 2499 obedientia,
1371 2459 1552 2492 reverentia
1588 2464 1620 2492 et
1649 2459 1756 2492 subieq

1020 2511 1083 2544 ctio
1101 2511 1242 2553 perfecte
1263 2511 1489 2555 praestabitur.

1058 2583 1067 2608 1
1087 2581 1181 2609 Nescio
1192 2582 1256 2617 quid
1271 2582 1412 2617 legendum
1429 2591 1476 2618 pro
1492 2585 1701 2619 meyeseacivae,
1715 2584 1755 2618 vel

1022 2634 1055 2654 au
1070 2627 1194 2664 reclusit
1209 2626 1287 2655 lectio
1301 2634 1343 2667 tn,
1355 2629 1416 2664 τ.).,,

1632 239 1698 272 573
1743 248 1792 275 An.
1810 249 1838 275 c.
1862 250 1929 276 4654
