2111 3157
4 267 53 296 An.
68 266 99 295 C.
122 265 186 294 1587

45 1009 107 1030 rietes
121 1012 176 1033 tran-

0 1041 127 1064 iumpwrum.

19 2434 91 2456 Rasum
100 2434 175 2456 connu-

0 2460 84 2481 bium-2·
116 2467 174 2486 nrau-

0 2485 150 2513 wmorum„
185 2479 283 2513 Iulius
299 2479 386 2522 Papa
405 2478 455 2519 Ill,
471 2478 705 2522 praedecessor
728 2483 852 2519 noster,
871 2479 918 2512 in-

788 261 998 287 INNOCEN’rtt'S
1019 262 1049 285 xl
1075 261 1123 285 1¹1³.

191 312 433 347 confirmatione
457 312 648 355 apostolica,
668 312 718 344 vel
740 311 851 355 quavis
876 310 929 343 tir-

189 365 300 398 mitate
325 366 387 398 alia
411 365 581 404 roboratis,
604 365 732 397 statutis
748 369 779 397 et
796 374 930 397 eonsue-

190 417 369 458 tudinihus‚
386 417 561 461 privilegiis
586 427 726 460 quoque,
747 412 930 449 indultis'et

189 471 307 505 litteris
332 471 518 514 apostolicis
546 470 579 503 in
604 470 800 504 contrarium
839 481 930 513 prae-

188 523 362 557 missorum
388 523 634 566 quomodolibet
657 523 831 561 concessis,
857 533 930 555 eon-

188 577 321 610 firmatis
351 582 384 610 et
407 577 590 616 innovatis;
625 577 741 620 quibus
778 576 928 609 omnibus

189 635 222 663 et
241 629 388 672 singulis,
406 630 535 663 illorum
553 635 680 663 tenores
701 629 928 672 praesentibus

188 692 247 726 pro
274 684 372 726 plene
397 688 428 716 et
459 682 660 715 sufficienter
695 681 859 724 expressis
892 692 928 715 ac

188 735 228 768 ad
240 737 374 769 verbum
388 736 519 769 insertis
534 736 703 774 habentes
720 734 783 767 illis
800 731 878 767 alias
895 735 926 766 in

186 798 245 822 suo
269 789 387 822 robore
412 787 642 832 permansuris,
668 787 708 820 ad
733 787 927 829 praemisso-

186 851 257 874 rum
283 841 442 880 effectum,
472 841 534 874 hac
558 840 625 872 vice
653 840 830 878 dumtaxat,
857 851 926 883 spe-

185 895 312 928 cialiter
341 899 374 927 ct
405 904 558 937 expresse
593 893 812 936 derogamus;
840 899 926 926 cete-

184 949 296 992 risque
320 947 492 981 contrariis
517 948 781 991 quibuscumque.

230 1000 302 1044 3¹5.
339 1000 494 1034 Volumus
525 1006 631 1033 autem
666 1006 701 1032 ut
737 1001 923 1036 earumdem

185 1054 407 1098 praesentium
423 1053 605 1087 litterarum
623 1053 840 1096 transumptis,
867 1064 922 1086 seu

186 1106 354 1150 exempliS,
379 1106 475 1139 etiam
499 1105 677 1148 impressis,
704 1115 801 1137 manu
827 1106 923 1138 alicu—

184 1159 234 1192 ius
257 1158 376 1192 notarii
395 1159 517 1202 publici
542 1159 745 1202 subscripfis,
763 1164 793 1191 et
814 1159 922 1201 sigillo

182 1221 345 1255 personae
370 1211 402 1244 in
428 1211 648 1244 ecelesiastica
673 1211 829 1253 dignitate
847 1222 921 1244 con-

183 1263 313 1298 stitutae
351 1264 496 1304 munitis,
522 1264 636 1296 eadem
672 1274 803 1306 prorsus
841 1264 920 1296 tides

182 1317 305 1361 ubique
337 1317 482 1350 locorum
516 1323 578 1349 tam
608 1316 640 1348 in
670 1316 792 1349 iudicio
823 1327 920 1359 quam

182 1376 272 1403 extra
305 1370 387 1404 illud
422 1369 596 1408 habeatur,
631 1380 712 1412 quae
745 1370 920 1402 haberetur

180 1421 261 1465 ipsis
278 1422 504 1466 praesentibus
523 1422 549 1454 si
566 1422 668 1454 forent
688 1421 850 1455 exhibitae.
869 1423 919 1455 vel

182 1479 346 1508 ostensae.

224 1527 340 1561 Datum
364 1527 494 1566 Romae,
526 1528 610 1570 apud
636 1527 666 1560 S.
700 1528 826 1560 Mariam
856 1528 918 1560 Ma-

181 1580 302 1620 iorem,
330 1581 389 1612 sub
420 1581 542 1613 annulo
567 1580 756 1620 piscatoris,
787 1581 837 1613 die
868 1592 918 1614 xix

181 1633 292 1677 aprilis
303 1642 508 1672 nnetxxxvu,
525 1633 733 1676 pontificatus
748 1634 847 1666 nostri
868 1645 919 1667 an-

181 1694 223 1719 no
247 1695 290 1719 xi.

215 1745 277 1775 Dat.
294 1746 340 1774 die
358 1746 389 1774 19
408 1746 501 1782 aprilis
523 1746 601 1779 1687,
622 1747 720 1782 pontif.
742 1755 787 1775 an.
804 1754 839 1775 xi.

462 1897 642 1931 CLXXXVI.

182 1977 426 2020 Confirmantnr
465 1981 493 2010 et
524 1978 725 2010 innovantur
756 1978 916 2021 quaedam

223 2031 422 2073 Pontificum
442 2031 684 2063 constitutiones
710 2032 743 2063 in
768 2032 845 2064 urbe
858 2032 918 2065 Ro-

224 2094 279 2116 ma
294 2083 550 2126 franchitiarum
572 2093 686 2116 nomen
706 2083 873 2123 abolentes,
890 2089 917 2117 et

223 2146 306 2169 nova
328 2146 429 2179 poena
452 2136 487 2168 in
513 2137 782 2169 contravenientes
807 2138 918 2170 consti-

225 2188 360 2221 tuitur¹.

352 2267 547 2295 Innocentius
573 2267 745 2302 Episcopus,

365 2319 472 2339 servus
492 2319 645 2339 servorum
664 2312 726 2344 Dei,

300 2357 338 2384 ad
362 2360 536 2391 perpetuam
555 2357 600 2384 rei
620 2356 799 2385 memoriam.

228 2426 243 2470 ἓ
273 2425 305 2459 1.
332 2425 409 2459 Cum
441 2424 518 2458 alias
550 2424 650 2458 seticis
683 2426 916 2460 recordationis

222 2561 234 2586 ¹
257 2558 368 2586 Praeter
386 2557 429 2585 hie
449 2557 547 2585 relatas
567 2561 592 2585 et
613 2558 735 2585 laudatas
749 2559 916 2586 constitutio-

186 2611 245 2638 nes,
266 2607 338 2630 extat
362 2603 414 2630 alia
438 2602 481 2630 cd.
503 2609 654 2635 unctxxvu,
675 2602 718 2630 die
746 2604 777 2630 tt
796 2604 917 2635 augusti,

186 2651 262 2684 pont.
283 2653 309 2682 1,
329 2648 362 2675 de
381 2647 530 2676 srancbitiis
549 2647 576 2674 in
597 2647 704 2674 dohana
731 2647 825 2682 Urbis;
846 2653 872 2676 et
891 2649 918 2676 in

972 309 1082 342 srascri
1107 313 1192 352 ptam
1218 307 1467 342 consitutionem
1485 306 1630 346 ediderit,
1649 316 1703 339 cu-

972 361 1019 394 ius
1035 367 1129 394 tenor
1146 366 1209 394 est:

1021 427 1033 446 (t
1058 415 1168 448 Iulius
1192 415 1375 458 episcopus,
1399 424 1508 447 servus
1537 423 1703 446 servorum

971 468 1040 508 Dei,
1059 468 1101 500 ad
1123 473 1310 512 perpetuam
1335 469 1384 501 rei
1406 468 1607 501 memoriam.
1626 467 1703 501 Cum

972 520 1117 553 civitates
1143 527 1173 553 et
1198 521 1267 554 loca
1292 520 1426 560 οιῑπιίἃ,1
1449 521 1479 553 in
1498 521 1614 564 quibus
1633 531 1704 553 san-
1727 519 1730 524 ’

972 574 1148 606 ctissimum
1180 574 1298 607 Christi
1327 585 1446 608 nomen
1478 575 1617 614 colitur,
1648 574 1703 607 de-

971 632 1039 659 ceat
1063 637 1134 659 esse
1156 627 1343 660 facinorosis
1368 627 1552 660 hominibus
1577 627 1704 670 expiata

971 685 1065 721 atque
1092 685 1238 722 purgata,
1263 691 1358 713 nemo
1373 686 1421 714 est
1446 681 1500 724 qui
1526 691 1590 714 non
1615 680 1704 713 intel-

970 732 1059 774 ligat,
1077 743 1171 776 quam
1192 734 1327 766 maxime
1346 739 1496 776 oporteat
1513 734 1628 766 almam
1646 734 1704 767 Ur-

969 785 1041 817 bem
1062 790 1211 824 nostram,
1226 787 1451 828 apostolorum
1466 786 1548 819 Petri
1564 792 1595 819 et
1614 786 1702 820 Pauli

970 847 1005 869 ae
1024 843 1070 870 tot
1093 843 1266 881 martyrum
1288 839 1444 880 sanguine
1466 845 1701 879 consecratam,

970 890 1001 922 in
1019 900 1080 933 qua
1094 890 1241 923 Summus
1254 890 1398 923 Pontifex
1413 902 1484 924 cum
1499 902 1589 925 sacro
1604 893 1704 926 cardi·

968 942 1088 975 nalium
1107 943 1244 986 collegio
1268 944 1398 981 residet,
1426 949 1457 977 et
1481 944 1519 976 ad
1546 955 1640 988 quam
1665 955 1703 978 ex

968 995 1117 1028 omnibus
1141 996 1252 1028 mundi
1278 996 1435 1039 partibus,
1455 997 1552 1030 veluti
1571 998 1610 1031 ad
1632 1008 1704 1041 por-

969 1054 1033 1081 tum
1045 1049 1300 1088 saluberrimum,
1311 1055 1422 1092 gentes
1436 1050 1610 1091 confluunt,
1621 1062 1703 1094 quae

967 1100 1108 1144 denique
1133 1102 1311 1134 communis
1329 1102 1471 1135 omnium
1497 1108 1601 1146 patria
1626 1114 1704 1136 cen-

966 1159 1063 1193 setur,
1089 1164 1158 1187 esse
1183 1154 1262 1197 ipsis
1299 1155 1487 1188 facinorosis
1512 1155 1701 1189 hominibus

965 1216 1108 1239 vacuam.
1127 1207 1221 1246 Sane,
1238 1218 1310 1240 cum
1335 1219 1353 1241 a
1377 1208 1512 1241 diversis
1538 1208 1702 1242 Pontifici-

965 1260 1024 1293 bus
1037 1262 1343 1304 praedecessoribus
1362 1263 1483 1295 nostris
1504 1263 1613 1306 plures
1628 1273 1703 1296 con-

965 1314 1146 1347 stitutiones
1170 1315 1321 1347 adversus
1341 1315 1531 1356 homicidas,
1559 1315 1699 1356 sicarios,

964 1368 1116 1406 latrones,
1143 1368 1332 1410 sacrilegos,
1364 1374 1521 1411 raptores,
1555 1368 1700 1412 aliosque

964 1419 1162 1452 facinorosos
1196 1420 1360 1460 homines,
1385 1431 1562 1464 eorumque
1600 1421 1702 1454 saulo-

963 1482 1014 1505 res
1039 1477 1071 1505 et
1095 1478 1326 1516 receptatores,
1358 1473 1426 1506 sine
1452 1473 1569 1516 quibus
1595 1474 1700 1507 delin-

962 1529 1100 1567 quentes
1140 1525 1258 1558 diutius
1299 1526 1399 1558 latere
1443 1536 1508 1558 non
1550 1532 1698 1568 possunt,

962 1577 1065 1610 editae
1091 1578 1220 1617 suerint,
1248 1588 1330 1621 quae
1354 1580 1402 1612 rel
1429 1583 1613 1621 temporum
1638 1579 1699 1611 ini-

962 1631 1100 1673 quitate,
1137 1632 1187 1663 vel
1223 1631 1260 1663 ad
1298 1631 1424 1664 senium
1469 1637 1501 1664 et
1546 1642 1698 1665 occasum

961 1684 1122 1725 vergentis
1147 1684 1265 1716 saeculi
1291 1685 1496 1727 corruptela,
1522 1690 1576 1717 aut
1600 1686 1699 1728 magi-

961 1741 1119 1768 stratuum
1132 1736 1342 1779 negligentia,
1356 1737 1461 1769 minus
1473 1738 1699 1771 custodiuntur

961 1795 992 1821 et
1016 1789 1238 1829 observantur,
1258 1792 1293 1822 ac
1316 1790 1383 1822 sere
1401 1790 1432 1822 in
1451 1790 1698 1824 desuetudinem

961 1842 1126 1874 abierunt:
1171 1851 1290 1884 operae
1330 1842 1470 1885 pretium
1514 1843 1698 1875 censuimus

961 1895 1207 1927 constitutiones
1232 1895 1317 1938 ipsas
1343 1896 1525 1938 approbare
1550 1902 1580 1928 et
1605 1896 1698 1929 inno-

960 1958 1042 1987 vare,
1068 1952 1165 1990 prout
1199 1948 1271 1981 illas
1302 1953 1390 1981 motu
1422 1948 1556 1992 proprio
1593 1954 1625 1982 et
1660 1960 1696 1982 ex

960 2003 1046 2033 certa
1071 2000 1203 2033 scientia
1235 2011 1304 2033 cum
1330 2001 1481 2034 omnibus
1507 2007 1538 2034 et
1563 2001 1696 2044 singulis

961 2053 1105 2086 censuris
1130 2059 1161 2086 et
1184 2053 1298 2096 poenis
1322 2054 1354 2086 in
1380 2053 1426 2086 eis
1453 2055 1613 2087 contentis
1640 2055 1697 2088 ha-

962 2117 1030 2138 rum
1056 2106 1140 2138 serie
1177 2107 1392 2148 approbamus
1430 2112 1460 2139 et
1491 2107 1693 2141 innovamus.

961 2159 996 2191 Et
1021 2159 1167 2202 insuper,
1183 2158 1257 2201 quia
1283 2158 1378 2201 (sicut
1402 2159 1596 2203 accepimus)
1617 2171 1697 2204 quo-

961 2213 1106 2245 rumdam
1132 2223 1275 2254 eousque
1307 2213 1466 2255 processit
1494 2213 1637 2254 licentia,
1660 2219 1696 2246 ut

961 2276 1025 2298 non
1051 2267 1154 2298 solum
1178 2264 1356 2297 homicidas
1379 2270 1410 2297 et
1430 2266 1639 2306 facinorosos
1658 2277 1695 2300 ae

960 2319 1038 2352 alios
1062 2319 1255 2362 praedictos,
1282 2323 1393 2351 contra
1419 2319 1495 2352 iuris
1527 2324 1559 2352 et
1590 2330 1695 2353 sacra-

961 2383 1029 2405 rum
1054 2371 1318 2404 constitutionum
1349 2372 1586 2414 praedictarum
1621 2383 1696 2416 pro-

961 2426 1150 2459 hibitionem
1171 2430 1339 2467 receptare
1356 2425 1504 2466 audeant,
1522 2425 1579 2458 sed
1599 2426 1695 2460 etiam

960 2514 1108 2542 innocentii
1127 2513 1171 2540 ΧΗ
1192 2512 1297 2540 constit.
1319 2512 1361 2550 ed.
1384 2519 1499 2544 nncxcu,
1520 2514 1563 2540 die
1582 2514 1598 2541 8
1617 2515 1693 2549 maii,

961 2558 1053 2593 pontif.
1074 2564 1092 2591 1,
1112 2557 1200 2592 agitur
1219 2557 1252 2583 de
1271 2557 1431 2584 remissione
1457 2557 1613 2585 facinorosis
1632 2559 1695 2586 viris

960 2612 1012 2631 uon
1033 2601 1215 2629 concedenda.

996 2648 1007 2675 1
1029 2647 1081 2675 Ista
1101 2646 1154 2674 iam
1169 2646 1285 2674 habetur
1297 2645 1323 2673 in
1339 2649 1405 2674 tom.
1421 2652 1464 2682 vt,
1480 2654 1508 2682 p.
1532 2646 1583 2674 463
1597 2646 1703 2684 (ndu).-

1598 247 1661 282 759
1708 258 1760 287 An.
1776 258 1805 286 C.
1826 258 1892 287 tos7

1771 427 1897 451 constitutio

1713 453 1758 475 tulii
1773 454 1806 476 tu.
