2111 3157
0 204 42 243 in.
56 213 87 241 c,
110 213 175 240 mss

13 855 130 878 clausulae.

24 1064 86 1086 fides
110 1066 165 1086 tran·

0 1094 119 1119 innuptorum.

773 212 982 236 INNOCENTH'S
1003 213 1033 236 xl
1059 213 1107 236 PP.

181 261 258 294 alias
284 261 316 293 in
341 261 491 294 omnibus
517 266 548 294 et
572 271 630 304 per
655 261 761 293 omnia
787 271 911 293 earum-

181 314 253 347 dem
276 318 458 346 nostrarum
481 314 658 347 litterarum
686 314 785 345 forma
810 318 840 346 et
867 318 911 345 te-

180 377 270 406 nore,
297 366 428 399 omnino
453 367 596 399 volumus
620 366 838 409 persolvisse),
865 371 910 397 te-

180 429 258 452 nore
276 420 494 464 praesentium
517 420 716 452 extendimus
734 424 764 451 et
781 419 911 462 amplia-

179 482 264 511 mus,
281 472 348 504 sive
363 472 456 505 aliam
470 483 566 504 unam
579 472 737 515 integram
754 471 909 504 decimam

179 535 216 558 ac
239 530 376 568 quatuor
393 536 428 558 ex
447 525 589 568 quinque
615 525 759 567 partibus
778 525 908 557 alterins

179 577 323 611 decimae
353 578 549 617 huiusmodi,
575 578 669 610 modo
695 583 725 609 et
751 577 850 609 forma
876 577 906 609 in

179 631 302 663 eisdem
327 631 443 664 litteris
468 631 642 670 contentis,
669 630 908 673 pei·ei1:·ienclas‚

178 683 351 727 exigendas
371 711 379 724 ,
416 684 567 717 levandas
607 688 637 715 et
676 683 907 725 persolvendas

177 736 354 779 apostolica
374 736 561 769 auctoritate
588 735 772 767 earumdem
794 740 907 767 tenore

177 789 395 832 praesentium
421 788 591 821 indicimus
624 792 655 819 et
678 787 883 829 imponimus.

221 843 235 885 ἓ
259 842 290 875 3.
318 842 385 874 Non
409 840 609 874 obstantibus
651 840 797 871 omnibus
821 839 907 878 illis,

178 905 259 938 quae
285 895 317 927 in
342 894 494 937 ρι’ῑῑθΓιΊιίε
518 892 636 925 nostris
669 892 785 924 litteris
808 892 908 924 volui-

176 958 246 980 mus
270 957 334 980 non
358 946 507 986 obstare,
532 945 713 988 ceterisque
738 944 908 977 contrariis

176 1001 446 1044 quibuscumque.

220 1054 234 1097 g
258 1053 289 1086 4.
308 1053 461 1086 Volumus
476 1056 583 1084 autem
608 1057 642 1083 ut
665 1052 804 1094 ipsarum
822 1061 909 1094 prae-

176 1107 316 1140 sentium
360 1106 541 1139 litterarum
580 1104 810 1147 transumptis,
852 1115 907 1136 seu

176 1160 343 1203 exemplis,
370 1159 466 1191 etiam
498 1157 681 1200 impressis,
719 1168 814 1188 mauu
851 1157 908 1189 ali-

176 1213 265 1246 cuius
289 1212 403 1245 notarii
429 1211 548 1254 publici
574 1210 777 1252 subscriptis,
799 1215 829 1242 et
854 1210 908 1242 Pa-

177 1265 247 1298 lutii
274 1264 446 1297 cardinalis
475 1262 642 1295 camerarii
669 1262 825 1305 praedicti
851 1273 907 1295 seu

176 1317 309 1351 alterius
341 1317 380 1349 ab
405 1316 519 1349 eodem
545 1315 688 1358 deputati
713 1315 907 1354 collectoris,

176 1381 234 1404 seu
259 1369 394 1414 praelati
410 1367 631 1407 ecclesiastici,
648 1368 781 1410 eiusque
800 1368 907 1401 curiae

176 1423 284 1465 sigillo
311 1421 499 1464 obsignatis,
526 1420 637 1453 eadem
675 1430 804 1462 prorsus
830 1420 907 1451 tides

176 1476 210 1508 in
241 1474 360 1508 iudicio
390 1479 421 1506 et
445 1477 533 1505 extra
557 1472 636 1505 illud
654 1472 693 1504 ab
711 1472 860 1504 omnibus
877 1478 908 1504 et

176 1528 294 1571 ubique
320 1526 523 1565 adhibeatur,
548 1535 629 1568 quae
656 1525 732 1567 ipsis
757 1534 908 1567 praesen-

177 1582 262 1616 tibus
286 1580 499 1614 adhiberetur
515 1578 540 1611 si
560 1579 662 1612 forent
681 1578 843 1611 exhibitae
858 1579 907 1610 vel

177 1640 342 1668 ostensae.

219 1688 332 1720 Datum
357 1686 487 1725 Romae,
506 1685 591 1727 apud
610 1684 640 1717 S.
656 1684 785 1716 Mariam
811 1683 909 1715 Maio-

176 1751 255 1781 rem,
281 1740 339 1771 sub
364 1739 485 1771 annulo
503 1737 689 1777 Piscatoris,
709 1736 760 1769 dic
777 1747 836 1768 xxv
854 1747 909 1768 no-

176 1793 318 1828 vembris
338 1801 552 1831 MDCLxxxvni,
571 1790 781 1833 pontificatus
806 1789 908 1822 nostri

178 1858 262 1880 anno
284 1856 352 1879 xiii.

212 1907 271 1936 Dat.
292 1908 335 1934 die
350 1907 385 1934 25
402 1906 558 1934 novembris
581 1905 657 1939 1688,
680 1904 774 1940 pontif.
790 1912 835 1932 an.
852 1911 906 1932 xm,

494 2039 591 2073 CCIII.

180 2123 399 2165 Confirmalur
438 2120 598 2153 decretum
644 2117 912 2162 Conqreqationis

223 2176 444 2219 episcoporum
461 2177 488 2205 el
506 2172 709 2215 reqularitcnz
720 2172 757 2204 cle
768 2172 910 2214 primatu

223 2226 446 2270 colleqialinm
464 2226 497 2259 S.
517 2226 766 2258 Beneventurae
783 2224 820 2256 cle
835 2224 913 2256 Urbe

224 2281 311 2313 inter
328 2279 468 2322 reliquos
486 2276 669 2320 colleqz'ales
692 2276 914 2309 conventuales

227 2333 361 2367 Ordinis
385 2331 489 2364 sancti
513 2329 714 2363 Francisci¹.

216 2429 228 2456 1
253 2428 289 2455 De
317 2427 431 2461 collegio
459 2426 487 2453 S.
515 2425 717 2453 Bonaventurae
744 2423 802 2450 vide
827 2424 915 2451 Urba-

181 2473 207 2500 ni
229 2473 286 2500 VIII
308 2471 524 2499 constitutionem
545 2469 586 2496 ed.
616 2476 743 2501 uncxxtx,
763 2468 805 2494 die
825 2468 858 2494 26
874 2476 916 2494 se-

182 2516 329 2552 ptembris,
350 2515 448 2550 pontif.
467 2520 518 2545 vu,
540 2518 566 2540 et
585 2513 618 2539 de
642 2512 773 2546 regimine
793 2512 916 2538 coenobii

182 2560 242 2586 vide
257 2559 399 2586 Alexandri
419 2558 474 2585 VIII
493 2561 578 2584 const.
591 2557 634 2583 ed.
652 2562 751 2589 MDCXC,
772 2555 814 2582 die
833 2556 849 2582 6
869 2555 916 2581 de-

183 2604 310 2639 cembris,
331 2607 405 2639 pont.
421 2609 449 2630 11.
466 2602 496 2630 ln
513 2601 618 2629 constit.
634 2607 697 2628 vero
711 2599 861 2628 Innocentii
876 2599 918 2626 xll

1581 202 1643 235 927
1688 214 1739 238 An.
1756 212 1785 239 c,
1805 213 1871 240 163ss

1135 260 1328 288 Innocentius
1349 260 1428 293 Papo
1448 259 1496 291 x1,

1092 306 1127 332 ad
1148 306 1279 332 futuram
1297 305 1341 331 rei
1360 304 1541 332 memoriam.

995 368 1009 410 ἐ
1030 367 1059 399 I.
1080 367 1245 399 Emanavit
1269 377 1372 409 nuper
1389 377 1406 398 a
1423 365 1680 408 Congregatione
1717 382 1751 401 Lis
1767 382 1873 402 mmm.

952 420 1184 453 venerabilium
1206 420 1336 452 fratrum
1352 424 1536 452 nostrorum
1554 419 1676 452 S.R.E.
1691 412 1783 460 Eissi‘e'ff'*
1811 410 1872 429 ‘⁰¹¹⁰'

952 473 1164 505 cardinalium
1188 473 1327 515 negotiis
1345 478 1376 506 et
1392 472 1682 505 consultationibus

952 527 1180 570 cpiscoporum
1206 532 1236 559 et
1260 526 1458 568 regularium
1482 526 1680 570 praeposita,

952 580 982 611 in
1009 583 1104 613 causa
1130 580 1376 622 praecedentiae
1396 579 1477 611 inter
1494 580 1630 612 dilectos
1648 579 1683 610 fi-

952 633 1010 665 li0s
1029 633 1214 674 collegiales
1231 633 1358 665 Ordinis
1375 633 1507 664 fratrum
1524 633 1682 665 Minorum

951 686 1050 717 sancti
1076 685 1236 717 Francisci
1269 685 1537 717 Conventualium
1561 695 1682 717 nuncu-

951 744 1099 780 patorum
1125 749 1161 770 ex
1188 740 1251 770 una
1276 744 1307 770 et
1331 738 1515 779 collegiales
1533 738 1564 770 S.
1585 739 1682 771 Bona-

950 797 1102 824 venturae
1129 792 1167 823 de
1199 792 1280 824 Urbe
1313 792 1456 824 eiusdem
1486 791 1613 825 Ordinis
1643 803 1681 824 ex

951 845 1050 876 altera
1074 844 1218 886 partibus
1233 849 1387 882 vertente,
1412 844 1577 876 decretum
1593 849 1682 877 teno-

952 897 995 928 ris
1021 897 1076 939 qui
1102 896 1257 939 sequitur,
1282 895 1466 929 videlicet¹1
1496 908 1508 927 ι(
1534 896 1567 928 ln
1585 899 1679 929 eausa
1761 908 1871 940 onfrmnm

951 951 1081 982 romana
1098 949 1346 992 praecedentiae
1364 954 1507 981 vertente
1521 949 1604 982 inter
1621 936 1872 983 col-{tiffitfmfmw'

951 1003 1083 1044 legiales
1107 1002 1274 1044 religionis
1301 1002 1458 1034 Minox-nm
1483 1002 1682 1036 Conventua-

951 1055 1027 1087 lium
1040 1056 1139 1087 sancti
1151 1055 1310 1087 Francisci
1325 1065 1360 1087 ex
1376 1057 1437 1087 una
1450 1060 1481 1087 et
1494 1055 1680 1097 collegiales

952 1108 1013 1140 divi
1029 1108 1270 1140 Bonaventurae
1281 1107 1320 1139 de
1335 1107 1418 1139 Urbe
1433 1107 1577 1140 eiusdem
1596 1107 1682 1140 Ordi-

952 1163 1000 1196 nis
1018 1161 1164 1205 partibus
1178 1172 1213 1193 ex
1235 1161 1345 1200 altera,
1361 1170 1452 1192 sacra
1465 1160 1681 1203 Congregatio

952 1215 1302 1252 eminentissimorum‚
1337 1213 1682 1246 reverendissimorum

951 1269 981 1301 S.
1002 1268 1038 1300 R.
1059 1268 1093 1300 E.
1113 1265 1322 1299 cardinalium
1348 1264 1485 1307 negotiiS
1504 1270 1536 1297 et
1555 1267 1683 1299 consul-

952 1321 1124 1355 tationibus
1157 1320 1384 1363 episcoporum
1418 1324 1449 1351 et
1480 1319 1681 1361 regularium

950 1374 1144 1417 praeposita,
1166 1372 1311 1415 partibus
1328 1371 1587 1411 informantibus,
1604 1372 1683 1404 rese-

951 1433 1041 1460 rente
1067 1425 1320 1459 eminentissimo
1338 1425 1381 1456 De
1398 1424 1538 1466 Angelis,
1557 1424 1683 1457 censuit

951 1492 985 1513 ac
1005 1479 1177 1512 declaravit
1194 1477 1379 1520 collegiales
1400 1477 1499 1508 sancti
1517 1477 1683 1509 Bonaven-

951 1540 1039 1566 turae
1063 1531 1298 1576 praeferendos
1332 1541 1400 1563 esse
1433 1530 1585 1563 omnibus
1611 1530 1682 1562 aliis

951 1586 1184 1629 collegialibus,
1212 1585 1307 1617 etiam
1329 1584 1359 1616 S.
1390 1583 1550 1616 Francisei
1580 1584 1682 1616 Bono-

952 1640 1023 1672 niae
1051 1645 1080 1672 et
1106 1639 1248 1680 Pragae,
1275 1636 1424 1669 admissis
1457 1637 1495 1668 ad
1531 1636 1684 1680 magiste-

952 1694 1034 1725 rium
1058 1697 1133 1735 post
1157 1690 1384 1724 admissi0nem
1416 1691 1559 1732 ipsorum
1585 1690 1684 1722 colle-

952 1745 1084 1788 gialium
1109 1744 1138 1777 S.
1163 1743 1405 1776 Bonaventurae
1437 1743 1476 1775 ad
1500 1741 1683 1784 collegium.

952 1800 1081 1838 Romae,
1108 1808 1156 1830 xlv
1186 1796 1259 1829 maii
1290 1804 1506 1828 iinccxxxvm.
1532 1813 1576 1817 —
1599 1794 1622 1826 1.
1645 1793 1681 1826 G.

952 1851 1126 1886 cardinalis
1142 1850 1335 1889 Csnrmnuffi
1360 1848 1393 1881 B.
1409 1847 1619 1880 Paucmrmus
1635 1857 1683 1880 se-

952 1904 1109 1939 cretarius
1135 1914 1164 1933 n.

996 1958 1011 2000 g
1036 1956 1066 1989 ΕΞ.
1093 1955 1169 1989 Cum
1195 1959 1311 1993 autem,
1329 1954 1414 1986 sicut
1433 1963 1491 1996 pro
1508 1957 1600 1996 parte
1621 1952 1686 1985 col-

952 2009 1116 2053 legialium
1142 2006 1271 2049 collegii
1288 2006 1318 2039 S.
1338 2006 1579 2038 Bonaventurae
1596 2015 1685 2047 prae·

954 2064 1090 2096 satorum
1124 2059 1216 2093 nobis
1241 2058 1375 2092 subinde
1401 2058 1582 2101 expositum
1607 2057 1684 2097 suit,

954 2116 1016 2159 ipsi
1042 2115 1206 2147 decretum
1241 2111 1449 2149 huiusmodi,
1474 2121 1538 2153 quo
1564 2110 1685 2143 firmius

955 2168 1110 2202 subsistat
1135 2171 1166 2199 et
1196 2170 1341 2198 servetur
1373 2163 1527 2203 exactius,
1558 2168 1687 2206 aposto-

955 2222 1034 2254 licae
1064 2217 1317 2252 confirmationis
1347 2222 1477 2249 nostrae
1508 2215 1686 2259 patrocinio

956 2272 1146 2308 communiri
1181 2270 1353 2313 plurimum
1386 2268 1591 2301 desiderent:
1617 2279 1686 2309 nos,

956 2327 1044 2369 ipsos
1061 2329 1258 2367 exponentes
1275 2321 1467 2365 specialibus
1483 2321 1643 2353 favoribus
1657 2325 1689 2353 et

957 2378 1067 2422 gratiis
1083 2374 1238 2420 prosequi
1258 2375 1411 2414 volentes,
1430 2378 1461 2406 et
1485 2383 1599 2406 eorum
1624 2372 1689 2406 sin-

1742 1959 1875 1980 Confirmatio

1694 1986 1754 2007 relati
1770 1986 1858 2007 decreti.

958 2466 1027 2494 edita
1052 2471 1184 2495 MDCxClx,
1205 2462 1247 2488 die
1269 2462 1301 2488 16
1320 2461 1398 2493 maii,
1419 2464 1493 2496 pont.
1522 2466 1582 2493 vni,
1603 2460 1690 2495 agitur

958 2510 990 2537 de
1011 2509 1127 2544 primatu
1148 2507 1217 2533 inter
1236 2505 1392 2532 definitores
1411 2508 1437 2531 et
1456 2503 1633 2539 provinciales
1657 2503 1690 2530 ti-

959 2554 1101 2625 tffliquisdit.
1118 2595 1195 2623 Main.
1214 2594 1279 2630 legit
1295 2594 1345 2622 ult.
1363 2601 1410 2629 pro
1425 2593 1555 2620 videlicet
1569 2592 1608 2627 (n.
1625 2592 1675 2626 τ.).
