2111 3157
40 224 88 253 An.
108 202 137 253 c.
155 204 231 254 ieeo‘

30 2491 106 2513 oraine
128 2498 173 2514 ser.

0 2519 41 2536 'alu
47 2533 52 2539 ‚
67 2518 174 2540 insutioraefl

13 2546 152 2569 superioribus

815 231 972 256 lNNOCENT

225 275 256 305 in
278 276 376 316 aliquo
398 286 587 316 cognoverit,
610 280 723 308 siudcat
752 280 880 317 praelato
907 283 956 307 aut

224 326 388 356 senioribus
403 327 563 363 notificare,
577 327 610 356 ad
627 337 698 366 quos
714 326 877 357 huiusmodi
893 336 955 356 cor-

223 376 367 406 rectiones
388 380 519 415 spectare
540 375 735 405 decernimus.

261 434 301 455 111.
328 425 429 455 Frater
457 429 553 454 autem
584 424 702 453 fratrem
733 423 950 462 delinquentem

221 473 392 503 charitative
420 472 553 502 humanis
580 471 674 501 verbis
696 475 723 501 et
746 480 811 501 cum
834 471 951 500 humili-

221 526 278 551 tate
300 522 462 551 admoneat.

258 578 297 598 iv.
320 569 355 599 Et
377 574 408 599 ut
430 579 484 608 pax
510 573 538 598 et
568 568 693 597 charitas
720 567 797 596 iuter
818 576 870 596 nos
892 567 948 596 illi—

218 617 283 648 bata
304 621 447 654 servetur,
461 622 489 646 et
504 616 616 646 cunctis
638 615 872 653 transgrediendi
888 624 947 644 ma-
967 627 969 630 >

216 667 288 697 teria
310 666 504 706 praecidatur,
527 665 705 701 ordinamus,
725 663 811 703 quod,
834 663 859 692 si
881 663 945 701 quis

215 724 249 744 ex
265 714 383 752 nostris,
400 714 539 744 suadente
561 712 686 749 diabolo,
704 721 791 741 ausus
813 711 899 741 suerit
914 711 943 740 in

213 762 340 802 aliquem
361 763 405 792 uti
426 762 523 792 verbis
538 760 779 798 comminatoriis,
797 759 941 798 turpibus,

213 814 262 840 aut
282 810 444 847 iniuriosis,
469 809 546 840 dicat
568 817 649 838 suam
672 808 787 847 culpam
810 808 838 837 in
865 808 943 846 capi-

212 857 284 896 tulo,
307 858 496 897 comedatque
517 858 547 887 in
570 866 642 896 pane
665 860 693 885 et
715 857 788 895 aqua
811 855 840 885 in
863 857 941 884 terra

209 905 240 935 in
262 905 415 936 refectorio
437 914 501 934 cum
523 906 593 935 zona
614 904 648 934 ad
670 903 788 933 collum.

247 962 275 983 v.
299 953 328 984 Si
348 954 380 984 in
410 962 563 993 personam
590 952 750 992 superioris
772 950 936 990 deliquerit,

208 1003 283 1033 ultra
304 1002 394 1033 dictas
417 1011 533 1042 poenas,
553 1001 654 1031 diebus
675 1005 739 1030 octo
760 1004 873 1030 maneat
891 999 938 1028 de-

206 1051 360 1090 gradatus;
383 1051 407 1081 si
428 1051 458 1081 in
481 1050 653 1090 praelatum,
678 1058 728 1087 per
750 1057 887 1078 mensem.

246 1107 282 1128 v1.
306 1099 334 1129 Si
356 1099 421 1138 quis
443 1108 510 1128 vero
532 1098 713 1137 superiorum
733 1097 807 1126 infra
826 1096 936 1135 praela-

205 1151 278 1185 tum,
295 1147 379 1177 modo
394 1156 450 1186 quo
466 1155 564 1185 supra.
581 1146 610 1175 in
625 1145 790 1175 inferiorem
807 1144 935 1182 delique-

203 1196 253 1232 rit,
273 1195 381 1225 ieiunet
397 1195 486 1224 semel
502 1195 530 1224 in
547 1203 619 1233 pane
634 1198 661 1224 et
675 1194 752 1232 aqua
767 1193 797 1222 in
813 1194 934 1222 resecto-

203 1243 247 1272 rio
263 1243 416 1273 comedens
431 1243 460 1272 in
484 1244 562 1272 terra
579 1251 645 1272 cum
667 1243 736 1271 zona
758 1241 793 1270 ad
815 1240 930 1270 collum.

240 1299 289 1320 vn.
312 1291 347 1320 Et
368 1291 393 1320 si
419 1290 485 1330 quis
512 1290 613 1327 alium,
636 1289 774 1319 suadente
796 1288 929 1325 diabolo,

201 1339 391 1378 percusserit,
416 1338 695 1378 praeterquamquod
719 1342 761 1367 est
784 1337 846 1375 ipso
868 1337 931 1365 iure
950 1334 953 1348 ¹

199 1387 484 1424 excommunicatus,
508 1386 586 1416 illico
607 1386 694 1416 etiam
717 1385 827 1415 carceri
850 1394 930 1414 man-

977 231 1024 255 ius
1046 233 1075 256 xi
1102 234 1150 258 rr.

976 282 978 297 ¹
999 280 1059 311 sibi
1086 280 1220 313 invicem
1246 281 1287 314 ita
1305 282 1456 314 obediant
1484 283 1606 324 svau-es,
1625 285 1728 317 scien-

976 342 977 346 *
999 337 1044 364 tes
1062 344 1094 364 se
1113 343 1171 376 per
1196 335 1277 366 lianc
1302 335 1505 368 obedientiae
1526 336 1607 368 viam
1626 337 1725 371 ituros

996 385 1034 417 ad
1059 386 1170 419 Deum.
1198 387 1375 420 Praemisso
1408 398 1489 430 ergo
1522 389 1646 421 abbatis
1670 396 1725 422 aut

994 439 1252 481 praepositorum
1278 440 1333 482 qui
1358 440 1397 471 ab
1421 450 1458 473 eo
1484 440 1724 474 constituuntur

992 489 1130 533 imperio
1156 492 1227 533 (cui
1259 501 1324 524 non
1355 493 1570 534 permittimus
1600 493 1722 536 privata

991 541 1126 584 imperia
1149 544 1330 586 praeponi),
1350 545 1388 577 de
1414 550 1521 577 cetero
1546 556 1658 578 omnes
1678 546 1720 579 in-

990 594 1099 627 niores
1123 596 1287 638 prioribus
1312 596 1376 628 suis
1402 597 1489 629 omni
1514 598 1670 631 charitate
1688 605 1719 631 et

988 647 1205 680 sollicitudine
1225 649 1388 681 obediant,
1408 649 1497 687 Quod
1516 650 1541 682 si
1559 651 1628 693 quis
1646 662 1717 684 con-

988 699 1145 732 tentiosus
1170 701 1341 742 reperitur,
1370 701 1573 744 corripiatur.
1596 702 1626 735 Si
1644 703 1715 745 quis

986 756 1092 784 autem
1117 763 1176 795 pro
1201 753 1311 795 quavis
1335 753 1465 786 minima
1488 756 1584 787 eausa
1601 756 1639 786 ab
1661 756 1714 787 al]-

985 805 1058 836 bate
1083 806 1170 837 vela
1198 815 1401 848 quocumque
1426 806 1535 848 priore
1561 817 1618 840 suo
1644 818 1713 839 cor-

983 858 1137 900 ripiatur,
1165 859 1308 901 quolibet
1330 860 1439 899 modo,
1464 861 1513 892 vel
1540 860 1594 902 (a)
1623 862 1647 893 si
1669 863 1712 894 le-

984 911 1069 950 viter,
1089 911 1226 943 senserit
1242 911 1382 943 animum
1399 912 1515 954 prioris
1532 912 1711 946 cuiuscum-

981 973 1043 1005 que
1068 968 1179 996 contra
1205 974 1238 995 se
1263 964 1378 996 iratum
1410 965 1461 997 vel
1490 971 1707 1005 commotum,

980 1017 1121 1058 quamvis
1144 1016 1278 1056 modice,
1298 1028 1367 1050 mox
1386 1017 1456 1050 sine
1474 1020 1562 1050 mora
1589 1019 1708 1051 tamdiu

978 1074 1158 1111 prostratus
1183 1071 1214 1102 in
1240 1072 1323 1103 terra
1347 1076 1419 1103 ante
1444 1071 1544 1114 pedes
1570 1071 1637 1104 cius
1666 1071 1709 1103 ia-

955 1126 1067 1159 meat,
1103 1122 1322 1163 satisfaciens,
1356 1123 1536 1165 usquedum
1573 1123 1717 1156 benedi-‘

977 1173 1081 1206 ctione
1114 1180 1245 1207 sanetur
1276 1175 1330 1207 illa
1355 1175 1537 1208 commotio.
1565 1175 1653 1213 Quod
1679 1177 1706 1208 si

953 1232 954 1241 ¹
975 1226 1045 1268 quis
1071 1227 1302 1269 contempserit
1326 1228 1443 1267 facere,
1471 1234 1523 1260 aut
1547 1229 1705 1271 corporali

973 1278 1130 1311 vindictae
1145 1279 1316 1318 subiaceat,
1332 1284 1394 1319 aut,
1409 1280 1432 1311 si
1452 1286 1622 1313 contumax
1642 1281 1706 1313 sue-

973 1330 1025 1370 rit,
1052 1331 1090 1363 de
1116 1331 1309 1364 monasterio
1336 1332 1526 1374 expellatur.

1237 1400 1432 1422 onerarium.

198 1435 322 1474 cipetur,
346 1435 465 1465 arbitrio
488 1434 607 1474 praelati
632 1438 659 1464 et
682 1434 930 1471 visitatorum,et-

196 1483 254 1513 iam
276 1488 358 1513 extra
386 1484 560 1513 visitationis
583 1488 707 1522 tempus,
731 1492 783 1521 pro
804 1483 928 1512 circum·
947 1486 949 1491 ’

196 1532 323 1570 stantiis,
347 1532 486 1571 qualitate
504 1541 599 1568 casus,
616 1531 823 1560 extrahendus.
946 1519 951 1569 Ι

234 1589 294 1610 vni.
317 1580 436 1616 Quoties
457 1585 553 1610 autem
576 1580 671 1619 aliqua
694 1585 755 1609 orta
778 1579 864 1609 suerit
882 1580 927 1609 in-

195 1632 239 1658 ter
253 1633 368 1658 nostros
383 1630 442 1658 sive
458 1629 622 1667 superiores
637 1633 686 1658 aut
703 1629 843 1666 praelatos
858 1638 926 1657 con-

194 1677 299 1713 tentio,
327 1677 500 1706 adhibeatur
525 1677 684 1715 respective
710 1686 760 1716 prr
782 1678 925 1715 praelatos

192 1728 242 1753 aut
271 1725 429 1763 praesidem
454 1730 502 1755 aut
531 1725 694 1754 visitatores
719 1730 767 1755 aut
795 1725 923 1762 regimen

192 1773 285 1802 omnis
307 1782 394 1812 opera
417 1777 447 1802 ut
468 1773 567 1803 statim
596 1773 840 1809 rccoiicilientur3
871 1774 924 1802 ali-

192 1824 236 1850 ter
263 1821 287 1850 si
314 1822 524 1859 recusaverint,
548 1826 575 1851 tt
601 1821 741 1851 admoniti
756 1845 762 1857 ‚
786 1822 923 1851 obstinati

191 1871 381 1909 perstiterint,
396 1871 419 1899 si
432 1871 599 1909 superiores
614 1870 733 1907 suerint,
746 1871 823 1899 omni
838 1872 923 1909 'prae-

190 1920 278 1948 terea¹
295 1919 386 1956 gradu
406 1919 573 1957 prirentur,
590 1919 614 1948 si
631 1919 794 1955 inferiores,
812 1920 921 1948 ‹eir-eri

188 1966 392 2005 mancipentur
417 1966 452 1995 ad
482 1966 635 1996 arbitrium
658 1966 818 2004 regiminis.
842 1967 921 2001 Quod

187 2015 212 2044 si
234 2019 298 2054 post
324 2015 593 2044 reconci'iatioucm
621 2019 800 2053 compertum
835 2015 920 2044 suerit

186 2056 350 2093 simultates
371 2064 449 2093 inter
481 2072 511 2093 se
540 2072 658 2101 gerere,
686 2063 709 2092 si
734 2064 835 2102 privati
861 2064 920 2093 l'ue-

185 2111 261 2149 rint,
284 2112 319 2142 de
341 2112 404 2141 loco
425 2121 494 2141 suae
524 2111 711 2151 professionis
734 2116 797 2150 post
819 2121 919 2141 omnes
938 2138 939 2143 ,

938 2156 939 2169 l

184 2159 376 2197 deficiantur,
407 2160 430 2189 si
453 2160 634 2199 superiores,
658 2160 744 2189 etiam
774 2160 892 2198 praebui
909 2184 916 2197 ,

184 2208 274 2246 gradu
296 2213 324 2238 et
346 2208 597 2238 administratione
619 2208 844 2247 suspendantur,
868 2208 918 2237 ‹lo—

185 2266 237 2286 nec
258 2260 369 2286 constet
382 2265 448 2285 vere
468 2256 669 2285 reconciliatos
685 2265 761 2293 esse,
779 2260 806 2285 et
823 2256 916 2286 officia

184 2304 334 2334 charitatis
355 2304 411 2333 sibi
433 2304 557 2334 invicem
580 2304 728 2334 exhibere.

221 2370 329 2401 CAPUT.
352 2370 445 2401 LXXI.
467 2389 506 2394 —
529 2371 562 2401 Ut
583 2370 730 2399 obedientes
751 2371 805 2400 sint
827 2371 877 2401 sihi

424 2420 541 2450 inuicem
562 2420 673 2458 fratres.

225 2484 435 2518 Obedientiae
449 2485 570 2518 bonum
587 2494 652 2517 non
677 2485 782 2517 solum
807 2485 914 2518 abbati

184 2537 399 2571 exhibendum
424 2543 474 2570 est
497 2538 535 2570 ab
560 2537 717 2577 omnibus,
735 2538 793 2571 sed
818 2539 913 2572 etiam

219 2600 229 2626 2
252 2598 350 2626 Forsan
370 2598 510 2634 legendum
526 2601 682 2634 propterea
700 2599 738 2634 (n.
754 2599 804 2649 πὶ.

1012 1450 1055 1487 (α)
1078 1447 1153 1479 ι.”5ι“
1179 1450 1272 1479 leviter
1302 1451 1417 1480 senserit
1445 1452 1570 1480 auimzmt
1599 1452 1703 1490 prioris

969 1500 1070 1527 italum
1088 1498 1127 1527 ccl
1148 1503 1317 1528 commotum.
1342 1499 1421 1528 Ilanc
1443 1499 1533 1535 iram,
1559 1500 1604 1529 vel
1626 1509 1703 1529 com-

970 1547 1137 1582 motionem,
1161 1547 1286 1576 maxime
1308 1556 1342 1576 ex
1365 1547 1472 1577 iniusta
1495 1549 1593 1585 causa,
1610 1558 1702 1586 quan-

968 1600 1027 1624 tum
1052 1595 1113 1624 tieri
1137 1600 1239 1634 potest,
1263 1596 1428 1633 superiores
1453 1596 1572 1625 evitent.
1591 1597 1644 1631 Qui
1661 1602 1701 1626 ta-

968 1653 1031 1672 nien
1055 1644 1077 1672 si
1100 1643 1370 1679 commovebuntur,
1390 1653 1490 1673 eorum
1513 1645 1701 1675 inferioribus

966 1692 1124 1728 genuflexis
1140 1692 1382 1720 satislacienlibus
1398 1691 1605 1728 benignissime
1620 1693 1700 1730 igno-

965 1744 1057 1773 scant,
1081 1749 1113 1768 ac
1135 1740 1176 1768 eis
1199 1739 1381 1776 benedicant,
1405 1740 1479 1768 sicut
1502 1740 1600 1777 regula
1616 1741 1697 1770 dicit.

965 1787 1021 1816 Nec
1044 1791 1163 1816 utantur
1185 1788 1389 1825 superioritate
1411 1792 1438 1816 ct
1460 1788 1631 1818 auctoritate
1647 1791 1698 1818 sua

964 1836 997 1864 ad
1016 1836 1184 1873 vindictam,
1203 1835 1373 1874 pra‘eseitim
1390 1836 1511 1865 dicendo
1528 1836 1614 1865 verba
1631 1846 1698 1866 con-

965 1884 1114 1913 tumeliosa
1131 1888 1159 1912 et
1182 1885 1378 1922 provocantia,
1396 1884 1448 1913 sub
1469 1886 1561 1923 poena
1576 1894 1698 1924 suspen-

962 1933 1052 1961 sionis
1078 1943 1092 1961 a
1121 1932 1261 1961 decanatu
1285 1941 1335 1970 per
1357 1941 1498 1969 mensem,
1522 1936 1550 1962 et
1571 1933 1696 1972 amplius

962 1981 1120 2010 secuudum
1150 1981 1319 2019 qualitatem
1351 1989 1507 2017 excessum
1535 1982 1587 2010 sed
1616 1982 1695 2011 omni

961 2029 1103 2058 charitate
1125 2034 1153 2058 et
1174 2029 1397 2058 mansuetudine
1411 2034 1529 2059 utantur
1547 2030 1575 2059 in
1598 2039 1696 2069 repre-

939 2111 940 2114 *
962 2078 1150 2108 liensionibus
1172 2082 1199 2107 et
1221 2078 1460 2108 correctionibus.

939 2120 940 2124 ¹
1000 2136 1029 2156 n.
1054 2127 1081 2156 Si
1101 2132 1194 2156 tamen
1212 2136 1311 2156 cortun
1328 2136 1463 2156 excessus
1486 2128 1692 2165 poenitentiam

961 2174 1139 2209 merebitur,
1164 2175 1259 2204 nullus
1281 2184 1360 2211 cam,
1384 2175 1439 2203 nisi
1463 2176 1619 2214 praelatus,
1643 2180 1693 2205 aut

959 2224 1063 2262 aliquis
1080 2233 1112 2252 cx
1130 2223 1329 2262 superioribus
1345 2223 1379 2252 ad
1397 2233 1469 2262 quos
1491 2228 1612 2262 spectat,
1629 2233 1692 2253 eam

936 2295 938 2306 ⁴
959 2272 1196 2311 delinquentibus
1219 2272 1359 2310 imponat.

1135 2329 1203 2358 Car.
1220 2328 1326 2357 LXXII.
1342 2346 1375 2349 —
1389 2328 1428 2358 De
1443 2329 1512 2366 zelo,

1076 2386 1155 2415 quem
1184 2377 1277 2405 debent
1307 2377 1404 2406 habere
1435 2378 1571 2407 wionachi.

1001 2434 1089 2466 Sicut
1113 2439 1162 2466 est
1186 2435 1274 2466 zelus
1310 2434 1530 2467 amaritudinis
1562 2436 1665 2468 malus
1681 2463 1688 2475 ‚

958 2486 1011 2530 qui
1029 2491 1157 2530 separat
1177 2496 1193 2518 a
1210 2487 1285 2526 Deo,
1306 2492 1338 2518 et
1353 2487 1441 2519 ducit
1457 2488 1494 2520 ad
1513 2488 1687 2527 infernum,

957 2540 999 2572 ita
1017 2545 1063 2572 est
1081 2541 1170 2572 zelus
1188 2540 1303 2579 bonus,
1330 2541 1381 2583 qui
1408 2547 1535 2584 separat
1556 2552 1573 2573 a
1591 2541 1687 2581 vitiis,

957 2598 987 2625 et
1010 2592 1097 2625 ducit
1119 2593 1157 2626 ad
1175 2593 1273 2626 Deum
1291 2598 1321 2626 et
1339 2593 1377 2626 ad
1396 2593 1489 2625 vitam
1511 2598 1686 2626 aeternam.

1626 227 1690 261 3453
1736 238 1783 264 An.
1801 239 1828 267 c.
1851 239 1919 267 16⁸0

1738 298 1917 327 ‹›lis·‹liant.iisquo

1737 327 1796 345 »ratis
1814 333 1836 347 se
1851 328 1916 349 liunu-

1736 350 1794 372 nent.

1727 2440 1787 2461 Zulus
1803 2441 1885 2466 duplex,

1702 2466 1768 2487 bouus
1779 2470 1799 2487 et
1811 2469 1885 2491 malus,

1701 2496 1720 2513 et
1731 2494 1884 2518 p¹·im11s.11uoin

1700 2520 1759 2544 sequi
1775 2520 1884 2544 debe-nus,

1700 2545 1824 2571 explicatur.
