2111 3157
173 237 223 263 An.
241 237 270 266 C.
294 239 357 266 1077

403 230 446 264 lif)

365 289 616 323 verendissimus
635 296 728 334 pater
747 291 784 323 fr.
805 291 950 324 Andreas
979 292 1102 324 Guada-

365 343 441 386 lupe
468 344 712 376 commissarius
738 345 900 386 generalis
928 345 1100 386 indiarum,

365 396 442 429 visis
472 397 565 430 dictis
598 398 689 430 Brevi
716 404 748 431 et
773 398 916 438 decreto,
945 410 1005 442 per
1028 409 1101 432 suas

365 455 514 493 patentes
549 451 640 483 iussit
676 452 855 484 executioni
886 462 1015 495 quoque
1048 453 1103 486 de-

365 503 528 542 mandari,
554 504 841 547 autlieuticatoque
878 510 946 537 toto
970 505 1102 548 negotio

366 565 424 597 per
449 556 573 597 regium
599 555 763 588 ludiarum
788 557 970 597 consilium,
995 563 1100 590 actum

366 608 424 639 suit
453 608 594 651 desuper
629 608 661 640 in
694 609 880 642 definitorio
915 610 1101 652 provinciae

365 660 515 692 Limanae
541 662 725 703 praedictae
752 662 802 695 die
827 674 885 695 xxx
906 664 1102 706 septembris

364 723 516 753 MDCLKVt,
536 720 563 746 et
587 714 700 747 maiori
721 720 867 748 votorum
886 716 1040 759 suffragio
1057 728 1103 749 re-

365 767 503 798 solutum
531 767 587 799 fuit
611 768 699 810 quod
726 769 867 811 desuper
902 769 995 802 fieret
1027 781 1102 813 sup-

364 819 517 862 plicatio,
544 821 686 863 praeftxo
712 822 750 854 ad
778 822 808 854 id
830 832 889 865 per
913 824 1101 855 commissa-

365 872 448 904 rium
473 874 662 915 generalem
689 874 875 916 provinciae
898 875 1022 907 biennii
1043 881 1102 908 ter-

363 925 476 965 mino,
509 930 545 957 ut.
570 926 806 959 exhiberentur
841 927 1102 961 inconvenientia

363 978 522 1020 allegata:
549 979 753 1023 subindeque
780 980 811 1012 in
837 981 979 1023 capitulo
1004 992 1101 1024 gene—

363 1030 422 1063 rali
448 1030 678 1075 Valqlisoletano
708 1044 793 1066 anno
821 1044 948 1067 MDCLxx
982 1035 1100 1067 iterum

363 1082 502 1116 stabilita
522 1084 578 1116 fuit
595 1085 679 1118 dicta
697 1087 888 1119 alternative
903 1089 1102 1129 generaliter

362 1147 422 1179 pro
449 1137 626 1179 provinciis
650 1138 815 1171 Indiarum
835 1139 1099 1181 Occidentalium‚

363 1190 636 1223 reverendissimo
676 1191 839 1224 Indiarum
879 1193 1100 1227 commissario

363 1242 509 1283 generali
536 1242 610 1275 dato
635 1242 668 1274 in
694 1243 853 1276 mandatis
883 1249 919 1276 ut
946 1245 1035 1278 illam
1060 1246 1099 1279 ad

361 1295 588 1327 executionem
612 1295 730 1328 deduci
756 1302 948 1338 procuraret
975 1298 1009 1330 in
1033 1299 1098 1332 illis

360 1347 547 1389 provinciis,
574 1348 690 1390 quibus
715 1348 865 1381 effectum
888 1351 1003 1382 sortita
1034 1362 1099 1384 non

362 1399 483 1432 suerat:
509 1410 649 1442 cumque
675 1401 707 1433 in
733 1401 827 1433 dictis
847 1404 1023 1445 provinciis
1050 1405 1100 1436 Li-

359 1462 453 1484 ntana
472 1457 502 1484 et
527 1453 566 1485 de
592 1453 732 1486 Cliarcas
750 1460 886 1497 sequuta
903 1466 968 1488 non
987 1457 1099 1489 fuisset

360 1505 506 1538 executio
532 1516 591 1548 pro
624 1517 663 1539 eo
697 1508 784 1549 quod
815 1509 1001 1551 allegabant
1032 1521 1096 1543 nou

360 1558 501 1590 adfuisse
526 1560 818 1601 proponendorum
851 1561 1096 1604 supplicationis

360 1616 392 1643 et
407 1611 602 1643 motivorum
618 1614 905 1655 opportunitatem,
921 1615 952 1647 in
967 1627 1098 1659 congre-

360 1663 488 1705 gatione
507 1664 651 1705 generali
670 1664 824 1697 Toletanzi
840 1666 915 1698 anm
931 1678 1096 1702 MDCLxxtll

360 1716 479 1748 iussum
508 1717 564 1748 fuit
588 1716 771 1750 definitoria
791 1719 947 1752 dictarum
965 1722 1097 1763 provin-

359 1769 479 1801 ciarum
505 1780 578 1802 suas
612 1771 758 1813 proximo
785 1772 926 1815 capitulo
951 1776 1094 1815 generali

360 1822 611 1855 informationes
638 1824 806 1864 exhibere,
833 1828 991 1868 suspensa
1016 1827 1096 1860 inte-

357 1874 418 1906 rim
436 1874 594 1907 dictorum
613 1880 807 1908 statutorum
828 1878 1036 1912 executione:
1056 1881 1094 1913 ad

358 1927 449 1960 cuius
475 1928 627 1961 iussionis
653 1940 799 1962 normam
824 1930 856 1962 in
882 1932 1029 1973 proximo
1047 1943 1095 1965 ca-

357 1980 459 2023 pitulo
484 1982 629 2023 generali
653 1981 801 2015 Romano
826 1993 986 2018 ninctxxw
1005 1986 1094 2018 exhi-

356 2032 443 2066 bitae
479 2034 610 2066 fuerunt
645 2034 893 2068 informationes
932 2037 1093 2070 dictorum

357 2085 615 2118 delinitoriorum
645 2098 681 2119 ex
715 2089 778 2119 una
803 2093 833 2120 et
864 2090 967 2121 altera
993 2091 1094 2133 parti-

355 2139 415 2171 bus
441 2149 514 2171 cum
540 2139 765 2173 instrumentis
801 2141 992 2174 facutaltivis
1018 2142 1094 2176 reli-

357 2191 522 2234 giosorum
559 2192 593 2224 in
628 2193 784 2235 IIispania
818 2195 1090 2236 progenitorum,

356 2244 437 2277 aliae
463 2244 576 2277 itidem
601 2246 814 2288 allegationes
840 2252 870 2279 et
894 2247 1091 2280 informatio-

355 2307 429 2329 nes:
455 2301 488 2329 et
513 2297 588 2339 quia
618 2308 698 2340 opus
724 2304 793 2331 erat
824 2299 1015 2342 quibusdam
1040 2311 1093 2332 no-

354 2350 432 2382 titiis
453 2350 514 2382 hac
538 2350 570 2382 in
596 2351 684 2383 curia
704 2353 929 2393 Jitrocuraudis⁷
948 2353 1092 2385 definito-

354 2403 439 2434 rium
464 2404 616 2445 generale
643 2404 718 2435 fecit
742 2405 775 2436 in
804 2415 862 2437 nos
884 2406 1113 2447 compromis'

354 2465 444 2495 sum,
472 2460 569 2498 prout
593 2455 626 2487 in
657 2466 755 2498 supra
778 2457 900 2499 scripto
934 2458 1088 2490 decreto:

354 2509 563 2552 tandemque,
588 2519 627 2541 ne
653 2510 846 2542 resolutioni
872 2510 1017 2542 obstaret
1046 2522 1111 2543 sa-¹

354 2573 426 2596 crae
452 2562 720 2606 Congregationis
739 2564 950 2607 Regularium
972 2565 1090 2598 inliibi-
1110 2574 1111 2580 ¹

950 243 1129 267 ssttt.t,.-¹tatt⁷1tt
1153 244 1305 269 ROMANL'M

355 2615 400 2650 tio
418 2626 503 2650 anno
523 2626 674 2657 MDCLm',
699 2617 737 2650 ad
756 2617 902 2651 camdem
922 2628 1088 2651 rumimunt

1889 243 1937 270 An.
1955 243 1983 271 C.
2006 242 2072 271 ¹677

1146 293 1212 333 fuit,
1240 294 1320 326 facta
1344 294 1503 327 relatione
1524 294 1760 327 commissionis
1787 292 1881 325 nobis

1145 357 1242 390 super
1266 347 1327 380 hae
1343 349 1439 380 causa
1456 358 1473 380 a
1491 347 1632 390 capitulo
1650 346 1795 389 generali
1812 357 1883 389 pro·

1144 400 1231 432 ximo
1257 400 1447 443 delegatae,
1473 400 1684 442 institumque
1709 399 1768 432 suit
1791 409 1883 432 revo-

1145 452 1209 485 cari
1234 452 1355 485 dit-tum
1381 452 1589 485 inhibitivum
1614 453 1798 492 decretum,
1822 462 1881 484 no-

1145 506 1256 548 bisque
1271 506 1427 539 committi
1447 516 1592 538 causam:
1611 505 1697 538 unde
1711 505 1750 537 ab
1768 505 1881 537 eadem

1144 558 1401 601 Congrcgatioue
1426 559 1588 591 emanavit
1611 568 1752 601 sequens
1770 558 1866 590 decre
1893 584 1895 587 Α

1147 618 1236 643 tum:
1263 630 1283 635 —
1307 611 1403 644 Sacra
1426 611 1639 654 Congrcgatio
1661 611 1882 644 eminentissi—

1146 675 1272 697 morum
1297 664 1328 696 S.
1349 664 1385 696 R.
1406 664 1439 696 E.
1460 664 1675 697 cardinalium
1692 664 1833 706 negotiis
1850 669 1882 696 et

1145 716 1494 749 consultationionibus
1519 717 1747 760 episcoporum
1776 722 1808 749 et
1835 726 1881 748 re-

1145 770 1307 812 gularium
1332 771 1530 813 praeposita,
1557 770 1640 802 veris
1666 769 1881 802 existentibus

1145 823 1292 863 narratis,
1318 829 1350 855 et
1373 823 1502 865 praevia
1520 822 1734 865 suprascripti
1759 821 1883 854 decreti

1144 876 1183 908 ab
1209 875 1277 918 ipsa
1302 877 1393 908 sacra
1425 875 1684 918 Congregatione
1721 875 1760 908 de
1795 884 1881 907 anno

1143 939 1284 961 unctxtv
1316 929 1455 961 emanati
1492 928 1719 967 revocatione,
1756 927 1883 960 censuit

1144 981 1420 1018 committendum,
1442 987 1537 1024 prout
1557 981 1740 1025 praesentis
1759 980 1882 1014 decreti

1144 1040 1255 1067 tenore
1270 1034 1451 1073 committit,
1470 1034 1550 1077 patri
1569 1034 1717 1066 ministro
1736 1033 1881 1076 generali

1143 1087 1270 1120 Ordinis
1287 1091 1319 1120 et
1335 1087 1416 1130 patri
1436 1087 1654 1120 commissario
1672 1087 1815 1129 generali
1833 1086 1881 1118 ln-

1144 1140 1282 1179 diarum,
1303 1144 1348 1179 ut,
1374 1139 1568 1172 coniunctim
1590 1140 1814 1181 procedentes,
1840 1139 1880 1172 ad

1143 1192 1381 1235 praescriptum
1402 1191 1525 1224 decreti
1550 1192 1682 1234 capituli
1708 1191 1879 1234 generalis,

1142 1244 1227 1285 cirea
1252 1244 1298 1276 ius
1323 1244 1507 1287 praedictae
1533 1244 1743 1277 alternativae
1773 1244 1804 1276 id
1822 1249 1880 1276 sta-

1143 1302 1234 1329 tuant
1250 1302 1346 1339 atque
1364 1297 1550 1336 decernant,
1571 1297 1665 1339 quod,
1688 1307 1746 1339 pro
1765 1306 1879 1329 eorum

1141 1349 1275 1382 arbitrio
1308 1354 1339 1381 et
1369 1349 1556 1392 prudentia,
1584 1349 1684 1392 quieti
1720 1355 1752 1381 et
1784 1349 1880 1382 bene-

1141 1402 1212 1434 ficio
1238 1402 1403 1445 praefatae
1439 1402 1628 1445 provinciae
1662 1402 1812 1434 Limanae
1845 1402 1878 1434 in

1142 1456 1279 1488 Domino
1303 1454 1404 1497 magis
1424 1455 1577 1498 expedire
1597 1455 1794 1495 censebunt,
1813 1465 1879 1502 non

1140 1507 1347 1540 obstantibus
1372 1508 1648 1550 quibuscurnque3
1676 1507 1808 1547 Romae,
1835 1517 1877 1541 ΧΗ

1140 1560 1219 1592 iunii
1237 1570 1397 1593 tiochxvt
1426 1579 1454 1591 -.

1183 1613 1304 1651 Quibus
1329 1612 1478 1645 omnibus
1505 1623 1564 1655 per
1585 1623 1643 1645 nos¹
1665 1613 1819 1655 inspectis
1838 1624 1875 1646 cx
1909 1625 2071 1655 »immoramu-

1140 1665 1363 1699 instrumentis
1395 1665 1591 1698 authenticis
1628 1665 1723 1698 nobis
1749 1654 2068 1707 exhibi-{ff'ssini-l-l'ssfll'lli

1140 1720 1193 1760 tis,
1222 1719 1365 1761 visisque
1396 1718 1536 1760 partium
1569 1718 1645 1750 hinc
1673 1718 1748 1751 inde
1778 1704 2069 1751 insor-fflaevnffmta-

1138 1772 1322 1810 mantibus,
1360 1770 1612 1813 ponderatisque
1648 1772 1801 1814 utrinque
1833 1773 1877 1804 al-

1138 1826 1272 1868 legatis,
1297 1825 1433 1867 aliisque
1460 1824 1611 1856 omuibus
1647 1834 1706 1866 pro
1741 1824 1874 1857 firmiori

1138 1879 1336 1912 resolutione
1380 1877 1625 1910 considerandis
1641 1903 1648 1916 ‚
1686 1877 1876 1911 auctorita'e

1138 1932 1232 1965 nobis
1253 1932 1407 1963 concessa
1438 1941 1503 1962 nou
1530 1931 1631 1962 solum
1658 1940 1695 1962 ex
1728 1939 1878 1973 compro-

1137 1986 1233 2018 misso
1254 1984 1427 2027 ‘praedicto
1460 1983 1635 2015 delinitorii
1668 1982 1798 2026 capituli
1825 1993 1877 2025 ge-

1137 2038 1254 2080 geralis
1271 2064 1278 2077 ,
1313 2047 1422 2069 verum
1449 2036 1543 2068 etiam
1578 2046 1613 2067 cx
1640 2037 1741 2068 relato
1766 2046 1875 2069 sacrae

1136 2090 1404 2133 Congregationis
1422 2089 1626 2131 Regularium
1654 2090 1795 2128 decreto,
1821 2099 1875 2122 or-

1136 2145 1283 2178 dinamus
1309 2148 1341 2175 et
1371 2143 1557 2174 mandamus
1590 2142 1727 2174 stabiliri
1753 2147 1786 2174 et
1816 2142 1874 2174 ob-

1135 2196 1256 2230 servari
1294 2196 1326 2228 in
1359 2195 1443 2227 dit-ta
1468 2194 1633 2237 provincia
1660 2195 1710 2226 ΧΠ
1735 2195 1872 2237 Aposto-

1135 2251 1240 2282 lorum
1274 2248 1404 2280 Limana
1438 2248 1661 2279 atter-nativam
1692 2247 1871 2279 officiorum

1135 2304 1220 2335 inter
1246 2302 1331 2334 illlus
1357 2301 1528 2342 religiosos
1554 2301 1584 2332 in
1604 2300 1701 2332 ludiis
1719 2310 1871 2342 procrea-

1135 2361 1183 2387 tos
1208 2359 1239 2386 et
1273 2354 1305 2385 iu
1334 2353 1499 2395 Hispaniis
1526 2352 1738 2396 progenitos,
1767 2357 1798 2384 et
1830 2352 1869 2385 dc

1134 2409 1217 2440 fas-to
1235 2407 1322 2439 illam
1339 2406 1519 2438 stabilimus
1538 2407 1638 2437 forma
1655 2404 1823 2447 sequenti:

1176 2460 1264 2497 Quod
1302 2458 1511 2501 provincialis
1547 2469 1611 2490 uno
1641 2458 1782 2490 triennio
1808 2459 2059 2510 ⁰¹5·mslffi'ifflfiassfi'}

1132 2518 1224 2553 gatur
1248 2517 1279 2543 et
1310 2511 1350 2543 sit
1375 2522 1411 2543 ex
1439 2512 1502 2543 uua
1530 2515 1644 2553 parte,
1670 2510 1812 2550 adcout,
1838 2511 1864 2543 si
1877 2517 2002 2564 fflglsrurffl'im
2014 2517 2059 2538 offi-

1132 2564 1262 2604 obierit,
1286 2569 1340 2597 aut
1365 2564 1425 2596 alia
1447 2564 1485 2596 de
1504 2565 1597 2596 causa
1615 2563 1749 2596 durante
1769 2563 1866 2596 trien·
1960 2559 1964 2565 '

1131 2616 1184 2650 nio
1210 2616 1379 2657 vacaverit,
1405 2615 1554 2648 minister
1576 2615 1796 2659 provincialis,
1820 2615 1865 2649 vi·
