2111 3157
189 220 239 247 An.
256 219 284 247 c.
308 219 376 247 1680
421 211 485 246 372

381 269 498 303 laverit
532 275 568 304 ut
596 274 731 315 propter
769 269 894 303 animae
926 273 982 302 aut
1005 280 1121 313 corpo-

380 324 424 357 ris
449 326 589 358 salutem
613 325 749 358 mutatio
786 324 840 357 fiat
872 323 1008 357 alicuius
1044 323 1120 357 reli-

381 377 462 420 giosi
487 378 570 411 intra
606 389 727 411 annum
767 378 806 410 de
846 377 1046 410 monasterio
1079 377 1120 410 ad

380 431 623 471 monasterium,
648 431 822 474 disponere
848 441 947 474 super
963 431 1026 464 hoc
1045 441 1120 473 pos-

380 484 420 515 sit
445 494 548 526 usque
568 484 607 516 ad
625 488 750 527 tempus
772 483 906 527 capituli
924 488 977 516 aut
997 483 1116 516 dietae.

421 546 489 568 xni.
518 536 597 568 Item
633 535 823 578 praesidens
850 541 883 569 et
906 536 1115 576 visitatores,

378 589 428 620 vel
453 587 590 630 quilibet
623 598 733 620 eorum
758 588 790 620 in
820 594 892 621 actu
926 589 1117 622 visitationis

379 640 530 680 existens,
555 651 664 673 causas
689 647 721 674 et
744 642 816 674 lites
846 642 932 675 inter
954 648 1118 675 monaste-

377 692 424 724 ria
449 704 484 725 ac
509 704 665 736 personas
696 694 964 738 Congregationis
989 696 1116 735 audire,

378 751 410 777 et
428 746 613 786 summarie,
628 747 699 779 facti
717 749 786 780 sola
802 748 938 780 veritate
956 747 1114 790 inspecta,

378 798 571 839 terminarc;
591 799 651 832 nisi
669 800 715 832 rei
734 801 871 842 gravitas
897 805 1061 833 mereatur
1077 801 1116 833 ad

378 851 556 894 capitulum
572 853 620 885 vel
636 852 780 894 regimen
796 863 862 886 rem
876 853 1008 886 deferri.
1025 852 1116 891 Quod

377 915 455 936 vero
470 931 477 944 ,
505 905 626 937 iustitia
650 906 812 939 mediante
838 907 887 948 (ut
910 906 1114 949 praefertur),

375 957 568 991 iudicaverit
591 959 641 992 vel
668 960 911 1000 terminaverit,
939 959 1033 993 saciat
1060 959 1117 992 ob-

376 1012 510 1044 servari.
956 1014 960 1021 ¹
1068 1055 1073 1059 ἱ

419 1074 481 1096 xxv.
509 1064 588 1097 Item
620 1064 809 1108 praesidens
844 1065 931 1098 omni
968 1070 1114 1108 tempore

376 1116 545 1149 absolvere
584 1122 692 1159 potest
728 1117 900 1160 religiosos
935 1122 1066 1150 nostros
1098 1128 1116 1149 a

376 1168 503 1201 casibus
536 1169 569 1201 in
605 1169 764 1212 religione
804 1170 988 1203 reservatis.
1025 1169 1116 1207 Quod

375 1221 462 1254 idem
488 1223 656 1255 statuimus
682 1224 721 1256 de
745 1224 968 1258 visitatoribus
992 1224 1025 1256 in
1043 1229 1115 1256 actu

374 1275 566 1308 visitationis
593 1280 728 1317 tantum,
756 1276 880 1309 etiamsi
904 1277 1025 1310 suerint
1047 1276 1116 1309 visi-

374 1333 495 1361 tatores
520 1329 625 1361 solum
650 1334 734 1370 actu,
754 1340 820 1362 non
841 1330 958 1363 officio.

418 1391 467 1414 xv.
496 1381 599 1414 Possit
634 1382 729 1414 etiam
760 1382 951 1425 praesidens
985 1382 1018 1415 in
1043 1376 1115 1416 actu

374 1434 578 1476 visitationis,
604 1436 660 1468 ubi
685 1436 765 1468 ordo
790 1436 930 1469 iustitiae
956 1437 1112 1479 exigeret,

375 1488 573 1520 monachum
599 1489 740 1532 aliquem
767 1489 797 1521 in
823 1500 1028 1532 quocumque
1048 1500 1115 1522 mo-

375 1541 521 1574 nasterio
557 1541 824 1584 Congregationis
869 1542 1112 1585 delinquentem

377 1594 553 1636 corrigere,
574 1599 606 1627 et
623 1595 655 1626 in
673 1595 804 1627 domum
822 1595 989 1628 custodiae
1008 1596 1114 1628 detru-

377 1647 463 1687 dere,
484 1648 579 1680 etiam
606 1648 649 1690 (si
667 1658 749 1691 opus
767 1648 885 1691 suerit)
903 1648 1003 1681 invito
1022 1660 1115 1691 prae-

375 1700 451 1741 lato,
473 1706 504 1733 et
522 1701 606 1734 idem
630 1701 756 1744 possint
780 1700 961 1734 visitatores
985 1702 1017 1734 in
1043 1708 1114 1735 actu

375 1752 583 1786 visitationis.

418 1817 482 1839 xv1.
510 1806 643 1839 Demum
667 1807 857 1849 praesidens
878 1817 949 1838 cum
966 1807 1114 1839 omnibus

374 1859 606 1899 visitatoribus,
627 1871 708 1903 quos
735 1860 954 1903 appellatione
985 1861 1115 1902 regimi-

375 1912 425 1945 nis
451 1912 588 1955 intelligi
624 1914 792 1953 volumus,
819 1923 949 1946 omnem
983 1923 1115 1956 reprae-

376 1970 507 1998 sentent
536 1965 850 2008 Congregationem,
884 1971 916 1998 et
940 1976 975 1998 ca
998 1966 1114 2009 ‘exequi

375 2019 501 2061 possint
513 2030 595 2063 quae
609 2019 694 2052 infra
711 2030 779 2063 cap.
794 2030 829 2053 111
844 2019 1112 2052 determinantur.

419 2083 496 2106 xvn.
525 2073 734 2116 lIabeantque
766 2073 957 2116 praesidens
989 2078 1019 2105 et
1051 2073 1115 2104 sin-

377 2126 443 2167 guli
469 2126 650 2159 visitatores
681 2126 788 2168 sigilla
820 2126 947 2168 singula
971 2125 1115 2168 aequalis

379 2179 513 2212 omnino
539 2181 662 2212 sormae
688 2185 721 2212 et
741 2180 940 2222 quantitatis,
957 2179 1116 2211 eiusdem-

379 2242 440 2274 que
456 2233 637 2272 caracteris,
654 2233 777 2265 scilicet
794 2233 879 2271 Pam,
896 2232 1012 2275 quibus
1031 2238 1117 2263 utan-

379 2289 431 2317 tur
450 2285 480 2317 in
506 2285 623 2318 litteris
648 2286 898 2328 particularibus
921 2286 958 2318 ad
977 2285 1116 2317 officium

380 2348 471 2370 suum
498 2340 732 2381 spectantibus.
753 2339 817 2372 Nec
843 2338 934 2371 alteri
960 2338 1058 2371 cuivis
1082 2337 1119 2370 li-

380 2397 446 2423 ceat
474 2391 580 2434 sigillo
608 2392 703 2424 simili
729 2392 785 2425 uti.
1048 2398 1050 2403 '

424 2454 513 2476 xviii.
542 2444 674 2476 Litteras
701 2455 776 2477 vero
803 2445 917 2477 eodem
945 2445 1051 2486 sigillo
1078 2444 1117 2476 si-

382 2502 503 2539 gnatas,
524 2497 643 2529 nemini
667 2497 704 2529 dc
722 2497 977 2539 Cougregatione
996 2499 1115 2536 nostra,

383 2549 504 2582 etiamsi
531 2549 721 2592 praesidens
746 2556 795 2582 aut
822 2551 1040 2589 convisitator,
1067 2551 1115 2582 vel

381 2604 545 2644 praelatus
564 2608 656 2641 esset,
675 2603 799 2644 apvrim
819 2603 1037 2643 concedimus,
1055 2602 1117 2634 nisi
1138 2613 1139 2630 ὲ

968 220 1147 246 BULLARIUM
1169 219 1322 246 ROMANUM

1162 269 1241 303 solis
1266 269 1306 302 iis
1332 268 1371 302 ad
1397 278 1479 313 quos
1506 267 1697 311 diriguntur,
1713 268 1765 304 vel
1784 265 1825 304 de
1842 278 1897 304 eo-

1161 333 1233 355 rum
1262 322 1413 356 licentia:
1439 327 1664 366 praeterquam
1687 322 1720 355 in
1745 333 1820 356 casu
1842 333 1899 356 ur-

1162 376 1370 420 gentissimae
1395 376 1605 417 necessitatis,
1634 381 1671 409 ut
1694 376 1727 409 in
1755 376 1896 411 declar&

1162 429 1256 471 torio,
1283 440 1353 473 cap.
1380 439 1439 470 Liv,
1466 440 1499 462 n.
1522 440 1562 470 1v,
1583 439 1613 470 v,
1629 439 1673 463 v1.

1203 493 1265 517 xlx.
1290 483 1337 516 Ad
1362 483 1452 526 ipsos
1477 482 1573 515 etiam
1597 482 1782 526 praesidem
1806 487 1838 516 et
1855 482 1896 517 vi-

1161 536 1309 570 sitatores
1335 537 1486 580 pertinet,
1512 547 1585 570 cum
1610 546 1690 579 opus
1714 535 1823 577 suerit,
1843 537 1895 571 vel

1160 595 1295 633 propter
1319 590 1506 623 scandalum
1532 589 1725 631 evitandum,
1749 589 1896 622 ordinata

1159 654 1218 686 per
1231 643 1410 686 capitulum
1429 643 1467 676 de
1484 643 1628 676 omnium
1653 652 1815 674 consensu
1832 653 1896 675 sus-

1159 696 1304 738 pendere
1329 705 1434 738 usque
1461 695 1499 727 ad
1519 700 1644 738 tempus
1663 695 1824 737 generalis
1844 705 1895 729 ca-

1159 748 1278 791 pituli:
1310 758 1377 780 non
1416 752 1522 780 tamen
1555 758 1592 780 ex
1625 752 1693 780 toto
1725 757 1894 783 revocare.

1159 800 1285 834 Possint
1316 801 1411 833 etiam
1427 828 1434 841 ,
1460 800 1515 833 ubi
1550 801 1727 834 necessitas
1751 806 1893 844 urgeret,

1159 854 1289 897 aliquod
1303 853 1484 886 universale
1498 853 1530 886 in
1544 853 1804 896 Congregatione
1822 865 1894 888 con·

1159 906 1294 939 stituere
1317 916 1418 949 usque
1444 906 1482 939 ad
1504 910 1630 949 tempus
1656 906 1787 949 capituli
1808 907 1894 940 dum-

1159 965 1245 993 taxat
1268 960 1473 993 servandum.

1202 1023 1253 1046 xx.
1275 1012 1429 1046 Ordinata
1445 1012 1617 1055 etiam-per
1632 1012 1816 1055 praedictos
1832 1023 1893 1056 pro

1158 1066 1246 1098 bono
1267 1065 1536 1108 Congregationis
1552 1066 1698 1098 volumus
1720 1066 1892 1106 observari,

1159 1118 1256 1151 etiam
1280 1123 1353 1161 post
1378 1129 1492 1152 eorum
1516 1118 1629 1158 officia,
1654 1119 1714 1151 nisi
1739 1129 1895 1152 revocen-

1158 1176 1210 1203 tur
1234 1181 1252 1204 a
1275 1171 1536 1211 successoribus,
1564 1176 1597 1204 et
1627 1171 1746 1204 suerint
1777 1182 1895 1215 appro-

1157 1224 1242 1264 bata,
1259 1229 1358 1267 prout
1382 1234 1480 1267 supra
1503 1224 1697 1266 dispositum
1717 1229 1767 1256 est
1782 1224 1816 1255 in
1831 1224 1894 1266 pri-

1158 1279 1209 1310 ma
1231 1283 1334 1320 parte,
1360 1288 1432 1320 cap.
1458 1287 1543 1317 xxix,
1564 1287 1596 1308 n.
1615 1286 1659 1309 v1.

1201 1340 1265 1364 xxl.
1292 1329 1330 1362 Et
1354 1330 1428 1373 quia
1449 1340 1545 1372 saepe
1566 1339 1701 1362 munera
1721 1334 1895 1362 excaecant

1158 1385 1267 1417 oculos
1293 1384 1478 1426 sapientum
1515 1388 1548 1415 et
1571 1383 1761 1416 subvertunt
1795 1382 1895 1415 corda

1158 1435 1325 1473 iustorum,
1350 1435 1530 1476 statuimus,
1550 1435 1634 1468 iuxta
1659 1445 1824 1467 sacrorum
1849 1445 1895 1467 ca-

1158 1499 1281 1521 nonum
1298 1488 1493 1528 sanctiones,
1510 1488 1597 1531 quod
1614 1498 1673 1521 nec
1690 1487 1895 1530 praesidens,

1159 1552 1219 1574 nec
1244 1542 1455 1581 definitores,
1486 1552 1547 1574 nec
1581 1541 1766 1573 visitatores
1799 1540 1895 1573 etiam

1159 1595 1358 1634 monialium,
1385 1595 1520 1627 durante
1539 1604 1649 1627 eorum
1676 1593 1790 1634 officio,
1816 1593 1897 1626 acci-

1159 1658 1236 1691 pere
1249 1648 1316 1681 ullo
1331 1648 1426 1680 modo
1444 1647 1571 1690 possint
1587 1656 1810 1690 quaecumque
1828 1656 1896 1679 mu-

1159 1712 1237 1734 nera
1262 1712 1279 1734 a
1295 1701 1466 1734 monachis
1482 1700 1602 1733 nostris
1625 1701 1675 1733 vel
1699 1700 1895 1733 monialibus

1159 1756 1210 1788 vel
1240 1755 1279 1787 ab
1304 1755 1375 1787 aliis
1401 1754 1658 1797 quibuscumque
1683 1752 1831 1796 personis
1857 1753 1896 1786 de

1159 1807 1430 1849 Congregatione.
1458 1806 1549 1844 Quod
1570 1807 1594 1839 si
1616 1812 1727 1839 eontra
1750 1805 1897 1845 fecerint,

1158 1857 1328 1899 priventur
1352 1856 1430 1898 ipsis
1455 1855 1565 1894 rebus,
1589 1861 1620 1887 et
1639 1855 1772 1897 insuper
1795 1853 1898 1897 gravi-

1159 1914 1208 1942 ter
1232 1909 1422 1952 puniantur,
1443 1908 1622 1941 secundum
1641 1907 1828 1950 qualitatem
1845 1907 1899 1939 de-

1158 1963 1227 1996 licti
1253 1968 1285 1995 et
1308 1973 1478 2005 personae.

1202 2027 1224 2050 1.
1250 2017 1297 2049 Ad
1312 2016 1460 2049 evitanda
1477 2015 1679 2048 visitatorum
1696 2013 1899 2048 incommoda

1159 2075 1191 2103 et
1216 2069 1454 2103 coenobiorum
1479 2068 1658 2111 dispendia,
1684 2066 1897 2106 decernimus,

1159 2124 1363 2157 visitationes
1398 2121 1673 2155 monasteriorum
1712 2125 1899 2153 nostrorum

1161 2176 1260 2210 tertio
1286 2187 1414 2220 quoque
1439 2186 1524 2209 anno
1550 2174 1769 2218 peragendas,
1799 2173 1900 2216 depu-

1161 2236 1268 2263 tantes
1290 2236 1414 2272 tempus
1432 2229 1667 2272 praedictarum
1683 2226 1900 2260 visitationum

1161 2283 1194 2315 in
1221 2294 1351 2316 accessu
1384 2283 1422 2315 ad
1449 2282 1567 2315 dietam
1592 2287 1624 2315 et
1647 2291 1777 2314 recessu
1802 2280 1840 2312 ab
1862 2279 1901 2312 ea

1162 2337 1251 2369 iuvta
1275 2336 1539 2369 constitutionem
1560 2333 1753 2368 sanctissimi
1778 2331 1901 2366 domini

1165 2390 1267 2422 nostri
1303 2389 1481 2422 Innocentii
1517 2389 1621 2431 Papae
1657 2387 1695 2420 xt
1715 2414 1722 2428 ,
1754 2387 1812 2419 sub
1849 2385 1901 2418 die

1165 2453 1194 2475 ix
1220 2443 1412 2485 septembris
1437 2452 1590 2482 iiDCLxXX,
1609 2441 1694 2473 intra
1718 2439 1807 2483 quod
1826 2438 1902 2472 visi-

1166 2501 1294 2534 tatores,
1312 2496 1373 2528 nisi
1395 2506 1431 2529 ex
1450 2496 1557 2538 aliqua
1575 2494 1759 2527 infirmitate
1772 2493 1822 2525 vel
1838 2491 1902 2525 alio

1164 2549 1310 2591 legitimo
1336 2549 1458 2582 suerint
1487 2548 1721 2591 impedimento
1753 2545 1900 2586 detenti,

1165 2607 1334 2635 teneantur
1344 2613 1436 2635 suum
1450 2602 1591 2635 officium
1605 2599 1798 2645 explevisse.
1811 2598 1904 2638 Quod

1904 204 1956 250 im.
1971 220 2000 250 c.
2018 222 2089 253 1680

1946 2018 2015 2040 enm·
2029 2016 2054 2041 n.

1935 2046 2042 2069 Quomodo
2070 2046 2091 2066 et

1909 2073 2000 2098 qualiter
2046 2072 2092 2093 fieri

1909 2099 2002 2120 debeant
2019 2098 2091 2120 visita·

1910 2125 1985 2149 tiones,
