2111 3157
14 227 64 251 Αη.
81 225 110 251 e.
134 215 199 250 ιι-’τυ

785 223 995 249 tanENTtES
1016 224 1045 247 xi
1071 212 1119 247 nn.

203 272 307 304 dictae
326 271 439 305 domus
464 273 630 306 sacerdote
651 273 814 305 dumtaxat
840 272 935 304 missa

204 326 425 358 defuncturum
443 327 660 358 celebrabitur
679 337 737 368 pro
755 326 860 358 anima
881 336 935 358 cu—

202 380 395 421 iuscumque
435 379 539 411 fidelis
578 379 720 412 defuncti
762 378 933 411 confratris

203 431 256 464 SS.
285 431 421 464 Rosarii.

250 494 296 517 tu.
323 485 469 517 Clemens
487 485 510 517 X
528 485 688 523 concedit,
706 495 816 517 omnes
835 484 936 516 indul-

204 537 337 579 genitas,
363 537 504 579 capitulo
521 548 549 575 x,
577 548 665 569 num.
685 548 724 576 vr,
748 539 934 575 recensitas,

203 599 297 632 posse
316 589 469 632 applicari
488 600 545 631 per
562 590 692 622 modum
710 589 852 631 sull'ragii
874 589 936 620 ani-

202 643 317 674 mabus
343 642 579 674 defunctorum.

246 704 288 727 1v.
316 694 484 726 Praeterea
509 695 714 726 lnnocentius
739 695 776 726 XI
802 704 937 726 conres-

203 745 245 777 sit
268 751 299 778 et
322 746 456 778 indulsit
479 747 510 778 in
537 752 728 789 perpetuum
756 752 787 777 ut
824 756 936 778 omnes

203 802 236 830 et
260 798 405 840 singulae
432 798 652 840 indulgentiae
671 798 887 830 confratribus
906 803 937 829 ct

203 850 432 882 consororibus
461 850 585 882 Rosarii
611 860 784 882 concessae
809 850 938 892 possint

203 902 243 935 ab
259 902 376 935 iisdem
396 914 455 946 per
471 903 601 936 modum
620 902 761 944 suffragii
780 902 934 945 applicari

202 955 369 987 animabus
405 956 547 988 fidelium
585 955 819 993 defunctorum,
854 965 934 996 (tuac

202 1007 268 1040 Deo
286 1007 317 1039 in
336 1008 492 1041 charitate
513 1008 704 1041 coniunctae
723 1008 760 1040 ab
784 1008 843 1040 bac
863 1009 934 1040 lure
956 989 959 1030 l

201 1060 422 1102 migraverint.

200 1122 310 1156 Forma,
336 1127 363 1151 ut
386 1127 488 1159 vocant,
511 1123 695 1157 absolutionis,
713 1133 758 1152 seu
775 1123 868 1151 ruallus
884 1123 936 1151 im-

238 1171 399 1209 pertiendae
419 1171 603 1209 indulymiae
624 1172 809 1210 confratribus
828 1171 936 1200 Rosarii

241 1221 268 1249 in
292 1220 408 1249 articulo
430 1221 533 1249 mortis.

245 1271 414 1311 Confiteor,
432 1277 493 1304 etc.
510 1273 610 1304 Pater
625 1271 830 1314 spiritualis:
849 1272 934 1304 Mise-

201 1330 322 1359 reatur.
344 1329 406 1356 etc.
426 1324 669 1365 indulgentiam,
696 1329 757 1356 etc.
781 1324 936 1357 Dominus

201 1383 314 1409 noster
343 1376 432 1408 lesus
463 1376 608 1408 Cbristus
644 1376 741 1409 Filius
770 1376 824 1408 Dei
860 1376 932 1414 viri,

202 1429 256 1471 qui
282 1429 378 1461 beato
405 1429 496 1461 Petro
521 1430 675 1472 Apostolo
697 1439 753 1461 suo
775 1429 861 1461 dedit
882 1439 935 1471 po-

202 1486 351 1514 testatem
390 1481 509 1523 ligandi
547 1487 642 1524 atque
678 1481 832 1520 solvendi,
876 1491 935 1524 per

161 1539 167 1543 ”
202 1543 292 1566 suam
318 1534 496 1577 piissimam
518 1534 774 1567 misericordiam
799 1533 935 1576 recipiat

201 1586 443 1619 confessionem
469 1592 566 1622 tuam,
585 1593 615 1619 et
636 1587 777 1620 remittat
794 1587 850 1619 tibi
871 1597 935 1619 om-

201 1638 255 1670 nia
277 1644 422 1681 peccata,
449 1650 672 1682 quaecumque
698 1645 730 1672 et
754 1616 957 1682 quomodo-¹

201 1701 341 1734 cumque
367 1692 399 1723 in
425 1696 492 1724 toto
516 1692 598 1724 vitae
631 1692 768 1725 decursu
801 1692 935 1724 commi-

201 1743 281 1783 sisti,
307 1745 347 1777 de
372 1745 488 1787 quibus
514 1745 610 1777 corde¹
635 1745 792 1777 contritus
819 1750 850 1777 et
877 1754 933 1776 ore

201 1797 366 1829 confessus
392 1808 435 1836 es,
461 1799 635 1830 restituens
661 1798 717 1830 tibi
735 1799 849 1830 stolam
869 1798 935 1841 pri-

200 1859 294 1888 mam,
315 1860 410 1892 quam
432 1850 463 1882 in
489 1851 680 1893 baptismate
706 1851 866 1894 recepisti,
892 1856 933 1889 et,

201 1912 260 1944 per
285 1902 517 1945 indulgentiam
549 1905 727 1946 plenariam
761 1915 778 1936 a
802 1904 933 1937 Summo

201 1954 356 1987 pontifice
391 1955 582 1989 Innocentio
618 1957 679 1989 Vttt
719 1957 934 1989 confratribus

201 2007 253 2040 SS.
281 2007 406 2040 Rosarii
432 2009 463 2040 in
490 2010 623 2042 articulo
647 2011 759 2043 mortis
785 2010 935 2043 constitu-

202 2060 242 2092 tis
274 2070 469 2100 concessam,
504 2062 622 2096 liberet
647 2069 676 2096 te
706 2074 723 2095 a
754 2063 935 2105 praesentis

201 2122 238 2144 ac
256 2113 381 2146 futurae
397 2113 491 2146 vitae¹
507 2115 633 2156 poenis,
651 2115 802 2157 dignetur
819 2127 935 2158 purga-

202 2165 276 2196 torii
300 2165 460 2198 cruciatus
486 2167 662 2207 remittere,
687 2173 797 2210 portas
816 2168 933 2201 inferni

202 2218 361 2257 claudere,
380 2219 519 2261 paradisi
538 2218 665 2252 ianuam
684 2221 822 2263 aperire,
841 2226 935 2263 teque

202 2270 241 2301 ad
271 2271 387 2312 gaudia
423 2271 622 2314 sempiterna
661 2274 839 2315 perducere
876 2285 936 2316 per

202 2324 416 2356 sacratissima
433 2334 507 2356 suae
527 2325 620 2364 xitae,
643 2326 804 2368 passionis
821 2332 853 2359 et
872 2328 935 2368 elo-

201 2375 387 2409 riticationis
423 2379 574 2420 mysteria
599 2378 651 2410 SS.
680 2378 812 2411 Rosario
850 2390 936 2412 com-

201 2432 374 2471 prehensa.
409 2428 464 2468 Qui
502 2442 573 2463 cum
612 2431 703 2464 Patre
748 2437 780 2464 et
815 2432 934 2475 Spiritu

202 2481 318 2514 Sancto
355 2482 437 2515 Deus
468 2493 550 2515 unus
587 2484 662 2515 vivit
697 2490 729 2516 et
761 2491 873 2527 regnat
903 2486 935 2518 in

202 2537 331 2568 saecula
356 2538 568 2569 saeculorum.
597 2538 709 2571 Amen.

238 2598 249 2624 1
268 2597 333 2624 Male
350 2598 412 2624 edit.
431 2598 513 2625 Maia.
530 2598 593 2632 legit
607 2600 666 2626 vica
683 2607 729 2634 pro
746 2599 818 2627 vitae
833 2601 874 2635 (n.
886 2603 935 2632 τ.).

1605 211 1668 244 0205
1716 221 1764 246 Αη.
1783 220 1810 245 c.
1831 221 1898 245 1⁶75)

1021 272 1080 304 Dic
1103 282 1133 304 xi
1157 271 1421 307 iuliiimcmix.
1448 279 1539 302 sacra
1575 269 1709 308 Conqre-
1774 283 1899 314 imum„

976 327 1065 367 (latio
1089 326 1307 356 summarium
1339 325 1395 356 linc
1423 310 1900 365 §intulyenu‘mum22‘15315.ss‘'‘²³‘”'

978 389 997 411 α
1020 389 1051 411 sc
1074 379 1272 421 rerogymtum
1299 377 1501 420 approbarit.

1169 432 1204 463 A.
1232 431 1403 463 cardinalis
1429 430 1619 462 Hononssus.

1065 485 1147 517 Loco
1171 487 1193 524 †
1218 484 1333 526 Sigilli.

1022 538 1168 570 Micnsiz't
1186 539 1333 570 Asc-Etis
1353 537 1492 574 Rmmrs,
1510 546 1616 568 sacrae
1630 535 1711 568 Con-

979 590 1176 632 gregationis
1187 590 1463 631 indulgentiarum
1479 598 1709 631 sacrarumque

980 642 1189 685 reliquiarum
1215 642 1407 674 secretarius
1434 653 1463 673 n.

1022 695 1037 737 ἓ
1063 694 1092 726 02.
1119 694 1195 726 Cum
1221 700 1337 731 autem,
1355 694 1436 725 sicut
1453 693 1566 726 eadem
1587 692 1710 735 exposi-
1731 703 1904 723 connexorum

981 747 1024 779 tio
1050 747 1280 787 subiungebat,
1307 747 1409 778 dictus
1434 745 1593 777 Antonius
1613 731 1905 786 magi-E!}?.tisss²s'“‘c''0¹l'13'li

980 806 1046 832 ster
1085 799 1249 841 generalis
1275 798 1484 830 summarium
1517 786 1772 836 lmiusmodi,'“'⁸'

980 863 1043 895 quo
1069 852 1190 883 firmius
1220 851 1384 890 subsistat,
1415 850 1613 892 apostolicae
1640 859 1713 882 con-

979 905 1170 937 firmationis
1196 910 1323 937 nostrae
1356 904 1537 946 patrocinio
1569 913 1713 935 commu-

956 958 1051 996 Jniri,
1078 964 1109 990 et
1132 959 1211 990 alies
1246 963 1429 999 opportune
1462 956 1493 988 in
1526 956 1712 999 praemissis

979 1021 996 1042 a
1021 1010 1112 1043 nobis
1137 1010 1313 1053 provideri,
1340 1020 1375 1041 ac
1393 1014 1426 1040 ut
1443 1009 1524 1040 infra
1551 1008 1712 1049 indulgeri

978 1063 1152 1106 plurimum
1177 1062 1348 1095 desideret:
1367 1072 1434 1098 nos,
1459 1061 1560 1104 ipsius
1582 1060 1713 1092 Antonii

979 1116 1123 1157 magistri
1145 1114 1305 1156 generalis
1323 1115 1403 1146 votis
1420 1113 1479 1145 hac
1497 1113 1528 1144 in
1547 1123 1588 1151 rc,
1611 1122 1714 1153 quan-

981 1174 1044 1200 tum
1063 1178 1134 1200 cum
1148 1168 1283 1200 Domino
1298 1176 1476 1209 possumus,
1495 1164 1714 1197 favorabiliter

979 1231 1121 1252 annuere
1155 1221 1307 1258 volentes,
1340 1228 1476 1260 eumque
1507 1228 1524 1249 a
1549 1216 1713 1259 quibusvis

979 1272 1330 1310 excommunicationis,
1348 1270 1574 1313 suspensionis
1605 1275 1637 1301 et
1670 1268 1714 1300 in-

979 1325 1116 1363 terdicti,
1132 1325 1268 1366 aliisque
1286 1322 1511 1355 ecclesiasticis
1531 1321 1713 1359 sententiis,

978 1377 1121 1409 censuris
1139 1383 1171 1408 et,
1187 1376 1310 1418 poenis,
1329 1387 1346 1407 a
1360 1376 1428 1407 iure
1448 1375 1495 1407 vel
1514 1374 1552 1406 ab
1571 1373 1714 1412 homine,

983 1430 1092 1472 quavis
1117 1430 1287 1462 occasione
1312 1429 1360 1460 vel
1385 1429 1479 1459 causa
1497 1426 1578 1466 latis,
1601 1426 1627 1458 si
1645 1425 1716 1468 qui-

978 1483 1036 1514 bus
1056 1481 1300 1524 quomodolibet
1331 1480 1504 1512 innodatus
1529 1479 1644 1518 existit,
1675 1478 1714 1510 ad

977 1535 1124 1568 ellectum
1151 1534 1369 1577 praesentiuin
1402 1533 1567 1565 dumtaxat
1600 1541 1715 1563 conse-

977 1588 1154 1630 quendum,
1192 1588 1306 1619 harum
1338 1586 1422 1619 serie
1455 1586 1658 1617 absolventes
1683 1590 1716 1616 et

977 1640 1160 1672 absolutum
1184 1640 1251 1672 fore
1284 1643 1475 1679 censenteS,
1506 1636 1715 1680 supplicatio-

978 1693 1072 1726 nibus
1108 1693 1176 1726 eius
1213 1693 1345 1725 nomine
1384 1692 1480 1723 nobis
1516 1700 1615 1733 super
1652 1690 1716 1721 boc

978 1747 1144 1779 humiliter
1168 1746 1326 1789 porrectis
1350 1744 1507 1782 inclinati,
1533 1742 1702 1786 praeinser

979 1805 1044 1831 tum
1069 1798 1277 1831 summarium
1299 1797 1576 1839 indulgentiarum
1598 1800 1627 1827 et
1645 1805 1716 1837 gra-

978 1852 1093 1884 tiarum
1130 1851 1357 1894 spiritualium,
1389 1850 1560 1892 omniaque
1587 1854 1618 1881 et
1652 1847 1716 1880 sin-

978 1906 1051 1947 gula
1076 1905 1107 1937 in
1134 1915 1171 1936 eo
1203 1909 1366 1943 contenta,
1408 1902 1601 1935 auctoritate
1636 1898 1715 1942 apo-

978 1958 1098 1997 stolica,
1113 1963 1226 1989 tenore
1242 1956 1476 1999 praesentium,
1494 1954 1714 1997 approbamus

979 2016 1010 2043 et
1024 2011 1261 2049 confirmamus,
1276 2010 1389 2052 illique
1415 2006 1612 2041 inviolabilis
1638 2016 1716 2048 apo-

979 2064 1112 2096 stolicae
1137 2062 1296 2095 firmitatis
1322 2064 1423 2094 robur
1459 2060 1641 2098 adhelmus,
1678 2068 1715 2090 ac

978 2127 1090 2150 omnes
1116 2122 1146 2149 et
1183 2117 1327 2157 singulos
1360 2115 1440 2147 iuris
1465 2120 1497 2146 et
1522 2112 1595 2145 facti
1628 2111 1716 2144 defc-

979 2174 1056 2208 ctus,
1076 2169 1102 2201 si
1123 2168 1176 2211 qui
1194 2169 1333 2210 desuper
1352 2166 1599 2210 quomodolibet
1615 2164 1716 2197 inter-

978 2221 1137 2260 venerint,
1157 2222 1355 2263 supplemus.

1022 2275 1036 2317 ἓ
1060 2274 1091 2307 3.
1119 2274 1290 2306 Praeterea
1316 2273 1458 2316 praefato
1483 2271 1622 2304 Antonio
1647 2281 1715 2303 rno-
1727 2276 1910 2326 miuifissssaegffi‘lss

980 2327 1082 2359 derno
1108 2333 1139 2359 et
1163 2337 1222 2369 pro
1257 2332 1405 2368 tempore
1432 2325 1579 2357 existenti
1615 2323 1714 2366 magi·
1727 2319 1908 2353 salinarium

979 2387 1044 2412 stro
1064 2380 1207 2422 generati
1226 2379 1302 2411 dicti
1321 2379 1449 2411 Ordinis
1467 2379 1601 2410 fratrum
1618 2377 1714 2409 Prae—
1727 2362 1789 2402 iiim*
1812 2358 1909 2379 ‘mem'

979 2433 1169 2471 dicatorum,
1195 2441 1299 2474 eoque
1326 2442 1342 2463 a
1367 2431 1511 2463 Romana
1534 2431 1627 2463 Curia
1660 2411 1911 2482 al)-¹si¹{¹;{‘¹ei‡'t3⁷'3¹¹=r⁴fftjrij

978 2492 1078 2524 sente,
1104 2484 1221 2516 vicario
1247 2484 1391 2526 generali
1414 2483 1558 2516 eiusdem
1585 2483 1712 2515 Ordinis
1726 2490 1810 2509 unates·

979 2538 1090 2571 itidem
1115 2547 1172 2580 pro
1211 2542 1356 2579 tempore
1394 2536 1554 2572 existenti,
1587 2536 1715 2568 confra-

980 2591 1146 2624 ternitates
1170 2590 1228 2624 sub
1255 2589 1347 2623 titulo
1373 2589 1424 2622 SS.
1454 2588 1577 2622 Rosarii
1605 2589 1716 2622 huius-
