2111 3157
55 180 103 207 An.
120 179 148 207 c.
170 171 237 206 1678

78 343 153 364 Procas
164 344 233 364 nrt-lii-

51 370 169 396 presbytori
213 373 233 391 et
259 385 264 390 .

52 396 147 422 capituli.

93 1650 232 1671 Confirmatur

49 1677 181 1703 praedictum
197 1677 232 1697 de-

49 1707 138 1724 erutum.

1668 170 1706 187 515

823 178 1032 204 INNOCENTIUS
1054 177 1085 204 ΧΪ
1110 179 1158 203 Pr.
1667 188 1708 205 υ.)

243 227 283 259 vii
308 228 501 261 secretariae
529 227 679 262 basilicae
705 227 735 261 S.
763 227 849 260 Petri
875 228 974 269 depu-

245 284 327 312 tatus
352 292 383 312 ».

286 331 300 374 ἓ
325 331 355 364 Εὶ.
382 332 459 365 Cum
484 338 598 371 autem,
617 332 699 365 sicut
715 332 826 365 eadem
851 330 975 373 exposi-

245 391 287 418 tio
319 386 554 428 subiungebat,
582 386 718 418 dilectus
749 385 832 418 filins
864 390 975 417 noster

245 437 376 470 Carolus
401 438 595 470 Barberinus
620 437 651 470 S.
681 438 718 469 R.
745 437 780 469 E.
802 436 973 469 cardinalis

244 490 376 523 Carolus
401 495 616 532 nuncupatus,
636 489 737 521 dictae
755 489 906 521 basilicae
924 499 974 521 ar-

243 543 475 585 chipresbyter,
494 552 557 574 non
583 543 687 574 solum
715 542 847 574 decreto
866 541 974 573 liuius-

242 595 329 627 modi
354 594 572 632 consenserit,
597 594 653 626 sed
679 594 774 626 etiam
802 594 894 626 dietis
924 604 974 625 ex-

241 647 438 690 ponentibus
478 646 705 688 significaverit
746 651 871 688 gratum
912 646 972 677 sibi

243 699 311 731 sore
330 698 354 731 Si
372 699 466 731 etiam
491 699 592 741 ipsius
618 699 749 731 nomine
775 697 974 731 confirmatio

243 751 385 784 eiusdem
411 751 529 783 decreti
561 762 577 783 a
603 751 696 784 nobis
727 757 758 784 et
783 751 841 783 hae
865 754 974 783 saneta

243 803 324 836 Sede
349 803 569 836 obtineretur:
596 804 691 836 nobis
716 809 889 846 propterea
914 803 973 846 ipsi

243 861 454 899 exponentes,
472 856 566 888 etiam
584 856 726 888 eiusdem
744 855 847 888 Caroli
872 856 974 888 cardi-

242 908 325 941 nalis
350 913 382 941 et
405 908 676 951 archipresbyteri
712 908 852 947 nomine,
873 908 975 940 linini-

243 960 316 994 liter
339 961 513 1004 supplicari
539 961 685 993 fecerunt
710 966 745 993 ut
769 972 828 1004 pro
854 961 973 993 decreti

243 1013 427 1046 huiusmodi
446 1013 477 1045 in
492 1013 589 1045 divini
605 1013 725 1045 servitii
743 1013 974 1046 incrementum

243 1065 403 1108 vergentis
429 1067 585 1107 perpetua
609 1064 771 1105 firmitate,
799 1071 829 1098 et
853 1076 893 1098 ne
918 1076 975 1097 un-

242 1129 337 1161 quam
363 1118 402 1150 ab
427 1117 502 1150 ullis
533 1117 759 1160 caltiitulariuin
791 1123 852 1150 tam
882 1129 976 1161 prae-

242 1171 383 1203 sentium
400 1181 494 1212 quain
512 1170 691 1202 futurorum
707 1170 792 1202 illius
809 1170 976 1203 observan-

242 1223 296 1262 tia,
317 1223 376 1255 sub
394 1227 560 1265 praetextu
580 1223 666 1265 quod
684 1222 730 1255 illi
746 1232 809 1254 non
824 1222 975 1264 ligentur,

241 1285 297 1307 seu
322 1275 408 1317 quod
435 1274 480 1307 illi
506 1285 571 1306 non
596 1274 834 1314 consenserim,
861 1280 912 1305 aut
938 1285 973 1306 ex

241 1327 305 1360 alio
336 1337 538 1370 quocumque
573 1327 665 1360 titulo
691 1332 722 1359 et
746 1327 849 1369 capite
878 1327 972 1359 etiam

241 1379 438 1412 validitatem
471 1384 502 1411 et
526 1379 680 1411 iustitiam
715 1379 816 1423 ipsius
853 1379 973 1411 decreti

241 1437 477 1470 concernente,
509 1431 542 1463 in
576 1431 828 1464 controversiam
867 1431 972 1463 vocari

240 1484 352 1527 possit,
369 1489 551 1527 opportune
569 1483 628 1515 sibi
647 1483 679 1515 in
696 1484 884 1527 praemissis
902 1494 974 1526 pro-

241 1536 349 1569 videre
378 1542 410 1569 et
427 1542 460 1568 ut
479 1536 560 1569 infra
581 1537 750 1579 indulgere
770 1537 808 1569 de
826 1537 973 1580 benigni-

243 1594 307 1622 tate
331 1589 509 1631 apostolica
533 1589 752 1631 dignaremur.

286 1644 301 1685 ᾗ
325 1642 357 1675 3.
384 1642 446 1675 Nos
471 1642 580 1684 igitur,
606 1641 752 1675 Carolum
778 1642 971 1675 cardinalem

243 1700 274 1728 et
287 1694 606 1738 archipresbyterum
618 1704 653 1727 ac
669 1700 866 1737 exponentes
884 1706 974 1738 prae-

241 1748 321 1781 fatos
347 1746 495 1790 specialis
528 1747 633 1779 favore
664 1747 787 1789 gratiae
817 1749 970 1791 prosequi

239 1802 394 1840 volentes,
419 1801 628 1844 ipsorumque
654 1802 884 1843 exponentium
909 1802 973 1834 sin-

240 1854 366 1895 gulares
399 1863 553 1896 personas
587 1863 604 1884 a
637 1853 797 1895 quibusvis
839 1865 968 1887 excom-

240 1905 477 1945 municationis,
499 1906 719 1947 suspensionis
740 1912 771 1938 et
795 1906 970 1947 interdicti,

239 1957 374 2001 aliisque
392 1957 617 1990 ecclesiasticis
630 1959 808 1999 sententiis,
827 1960 971 1992 censuris

241 2016 272 2043 et
295 2010 418 2053 poenis,
437 2021 454 2042 a
478 2010 546 2042 iure
566 2011 614 2043 vel
635 2011 673 2043 ab
691 2011 832 2052 homine,
861 2013 972 2055 quavis

239 2062 409 2095 occasione
429 2063 479 2095 vel
497 2065 591 2095 eausa
615 2063 696 2103 latis,
715 2064 739 2096 si
762 2064 879 2106 quibus
898 2076 972 2108 qno-

238 2115 418 2148 modolibet
451 2114 624 2148 innodatae
650 2116 807 2157 existunt,
834 2117 872 2150 ad
898 2117 972 2150 effe-

237 2174 323 2201 ctum
343 2168 563 2211 praesentium
582 2169 745 2202 dumtaxat
769 2180 972 2213 consequen·

239 2221 325 2261 dum,
351 2221 464 2253 harum
484 2221 570 2253 serie
596 2221 796 2256 absolventes
825 2228 855 2255 et
884 2224 971 2257 abso-

237 2275 320 2307 lutas
345 2274 413 2307 fore
439 2278 620 2313 censentes,
638 2275 822 2308 huiusmodi
848 2277 971 2319 suppli-

238 2326 418 2359 cationibus
443 2326 596 2366 inclinati,
617 2328 779 2360 decretum
793 2328 970 2371 capitulare

237 2380 487 2423 praeinsertum,
503 2381 694 2414 auctoritate
719 2382 904 2424 apostolica,
927 2387 971 2416 te-

238 2442 319 2465 nore
349 2433 579 2476 praesentium,
605 2433 830 2467 confirmamus
859 2440 891 2468 et
918 2446 971 2479 ap-

1017 227 1162 269 singulos
1197 227 1273 260 iuris
1297 236 1329 260 et
1354 231 1425 260 facti
1451 227 1616 269 desectus,
1649 231 1746 263 etiam

1017 279 1254 319 substantiales,
1276 280 1301 312 si
1328 280 1379 323 qui
1406 281 1545 323 desuper
1568 283 1747 324 quomodo-

1017 331 1350 371 libetintervsenerint,
1366 343 1421 365 seu
1440 333 1651 367 intervenisse
1673 335 1746 375 diei,

1017 385 1142 416 censeri
1167 386 1215 417 vel
1242 386 1410 427 praetendi
1437 392 1586 428 possent,
1617 389 1748 430 supple-

1017 446 1096 475 mus,
1114 436 1285 479 ipsumque
1303 438 1466 470 decretum
1481 449 1498 471 a
1511 439 1661 481 praefatis
1681 450 1748 473 mo-

1017 489 1123 521 dernis
1154 495 1185 521 et
1208 500 1267 532 pro
1294 496 1435 534 tempore
1463 492 1673 525 existentibus
1698 503 1748 525 ar-

1016 541 1263 584 chipresbytero
1288 553 1323 574 ae
1347 543 1490 586 capitulo
1523 550 1554 576 et
1584 546 1746 578 canonicis

1017 594 1167 626 basilicae
1192 595 1382 636 praedictae,
1410 606 1584 639 eorumque
1600 598 1746 640 singulis,

1017 646 1055 678 ad
1075 657 1154 689 quos
1179 652 1302 689 spectat
1326 653 1357 679 et
1374 649 1530 690 spectabit
1548 650 1580 681 in
1600 651 1746 691 futurum,

1017 699 1248 732 inviolabiliter
1287 700 1449 733 observari
1486 702 1623 741 debere,
1657 714 1748 745 prae-

1017 757 1124 784 sentes
1148 762 1224 784 vero
1249 752 1371 785 litteras
1399 764 1528 796 semper
1551 754 1670 795 sirmas,
1699 767 1749 788 va-

1018 804 1097 836 lidas
1123 809 1155 836 et
1179 804 1322 837 efficaces
1340 806 1478 838 existere
1505 811 1535 838 et
1560 807 1641 847 sore,
1661 818 1749 840 suos-

1017 866 1078 898 que
1103 857 1267 898 plenarios
1293 862 1325 889 et
1356 857 1497 899 integros
1525 857 1655 891 effeetus
1680 870 1748 892 sor-

1019 908 1069 940 tiri
1095 913 1126 941 et
1152 909 1301 942 obtinere
1324 937 1331 949 ,
1358 921 1393 943 ac
1428 911 1468 942 ab
1501 911 1578 951 illis,
1605 913 1643 944 ad
1669 923 1748 955 quos

1016 965 1139 1002 spectat
1176 966 1208 993 et
1232 972 1290 1004 pro
1329 968 1473 1005 tempore
1506 965 1688 1006 spectabit,
1716 965 1748 996 in

1018 1013 1165 1045 omnibus
1198 1019 1229 1046 et
1255 1025 1315 1056 per
1340 1015 1448 1047 omnia
1473 1016 1658 1058 plenissime
1683 1018 1750 1049 suf-

1019 1066 1134 1108 ragari‚
1154 1065 1263 1109 sicque
1295 1066 1328 1099 in
1357 1067 1541 1110 praemissis
1574 1079 1632 1111 per
1657 1080 1751 1112 quos-

1017 1129 1151 1161 cumque
1167 1119 1288 1152 iudiees
1308 1120 1491 1153 ordinarios
1516 1126 1547 1153 et
1569 1122 1749 1164 delegatos,

1018 1171 1111 1203 etiam
1137 1182 1303 1203 causarum
1334 1173 1444 1215 palatii
1470 1174 1641 1216 apostolici
1667 1175 1751 1207 audi-

1019 1229 1125 1264 tores,
1155 1224 1290 1256 iudicari
1323 1231 1355 1257 et
1386 1225 1511 1258 definiri
1541 1226 1680 1266 debere,
1714 1238 1751 1260 ac

1018 1276 1141 1308 irritum
1166 1282 1198 1309 et
1223 1277 1318 1309 inane
1351 1278 1376 1310 si
1406 1288 1496 1310 secus
1525 1289 1621 1321 super
1653 1280 1702 1312 liis
1733 1291 1750 1312 a

1018 1339 1201 1371 quoquam,
1227 1329 1336 1372 quavis
1359 1330 1573 1370 auctoritate,
1609 1331 1750 1364 scienter

1017 1382 1064 1414 vel
1093 1382 1292 1424 ignoranter,
1312 1383 1487 1426 eontigerit
1511 1384 1674 1426 attentari,
1695 1386 1751 1418 de-

1016 1435 1189 1467 cernimus.

1059 1487 1073 1530 g
1097 1487 1127 1519 4.
1154 1487 1222 1520 Non
1239 1489 1442 1523 obstantibus
1463 1491 1750 1525 constitutionibus

1016 1544 1047 1572 et
1072 1539 1331 1574 ordinationibus
1351 1543 1546 1584 apostolicis,
1571 1554 1617 1584 ae,
1638 1550 1751 1587 quate-

1016 1603 1074 1625 nus
1101 1603 1182 1635 opus
1213 1593 1275 1633 sit,
1302 1594 1405 1627 dietae
1430 1595 1606 1637 basilicae,
1640 1598 1750 1630 aliisve

1016 1646 1188 1688 quibusvis,
1198 1646 1293 1679 etiam
1303 1647 1492 1688 iuramento,
1505 1649 1751 1684 confirmatione

1016 1699 1202 1741 apostolica,
1223 1701 1271 1732 vel
1297 1700 1407 1743 quavis
1434 1701 1583 1735 firmitate
1613 1704 1674 1736 alia
1698 1715 1751 1737 ro-

1015 1751 1144 1791 boratis,
1162 1752 1290 1784 statutis
1312 1758 1343 1785 et
1363 1755 1661 1795 consuetudinibus,
1685 1757 1751 1799 pri-

1016 1803 1140 1845 vilegiis
1163 1814 1303 1847 quoque,
1325 1804 1457 1839 indultis
1482 1812 1513 1839 et
1537 1807 1652 1840 litteris
1672 1820 1751 1852 apo-

1015 1856 1135 1888 stolicis
1148 1856 1180 1888 in
1194 1857 1392 1890 eontrarium
1405 1860 1658 1901 praemissorum
1674 1872 1752 1904 quo-

1016 1908 1195 1941 modolibet
1221 1911 1404 1951 concessis,
1429 1911 1624 1946 confirmatis
1649 1919 1680 1946 et
1704 1915 1750 1946 in-

1017 1960 1157 2000 novatis,
1185 1961 1300 2003 quibus
1323 1963 1472 1996 omnibus
1498 1969 1529 1996 et
1544 1965 1688 2007 singulis,
1710 1966 1749 1998 il-

1016 2014 1119 2045 lorum
1158 2017 1288 2047 tenores
1317 2017 1540 2058 praesentibus
1567 2028 1625 2060 pro
1651 2019 1750 2061 plene

1015 2070 1046 2098 et
1070 2065 1268 2099 sufficienter
1292 2065 1455 2111 expressis
1480 2080 1517 2102 ac
1541 2069 1669 2103 insertis
1695 2072 1750 2104 lia-

1015 2118 1137 2159 benteS‚
1156 2119 1219 2152 illis
1236 2120 1313 2152 alias
1327 2121 1359 2152 in
1381 2132 1438 2153 suo
1460 2122 1577 2154 robore
1603 2132 1750 2165 perman-

1014 2172 1106 2211 suris,
1139 2173 1179 2205 ad
1211 2173 1462 2215 praemissorum
1495 2175 1653 2217 effectum,
1687 2178 1749 2210 hae

1014 2225 1081 2257 vice
1114 2225 1292 2265 dumtaxat,
1322 2226 1507 2268 specialiter
1539 2233 1571 2260 et
1598 2239 1747 2271 expresse

1013 2276 1220 2319 derogamus,
1256 2278 1440 2322 ceterisque
1473 2281 1645 2314 contrariis
1678 2281 1749 2325 qui-

1012 2330 1224 2372 buseumque.

1055 2382 1168 2415 Datum
1194 2383 1325 2424 Romae,
1356 2385 1441 2428 apud
1468 2385 1500 2419 S.
1528 2386 1666 2427 Petrum,
1687 2388 1746 2421 sub

1013 2438 1133 2469 annulo
1169 2436 1366 2479 piscatoris,
1406 2439 1458 2472 die
1497 2450 1557 2473 xxv
1592 2440 1747 2474 februarii

238 2485 422 2527 probamus,
437 2486 549 2529 illique
566 2485 759 2519 inviolabilis
773 2489 969 2530 apostolicae
1012 2498 1212 2530 MDCLxxvni,
1234 2491 1440 2533 pontificatus
1468 2493 1572 2525 nostri
1597 2505 1682 2527 anno
1708 2504 1744 2527 11.

239 2537 396 2570 firmitatis
420 2538 521 2570 robur
545 2538 711 2571 adiicimus
725 2566 732 2576 ,
754 2550 789 2572 ac
810 2550 920 2574 omnes
938 2546 969 2574 et

1047 2550 1106 2577 Dat.
1123 2550 1167 2578 die
1181 2551 1216 2579 25
1230 2552 1360 2581 februarii
1381 2554 1460 2589 1678,
1482 2555 1577 2590 pontif.
1593 2563 1662 2582 anno
1682 2561 1711 2584 11.

1755 184 1804 209 Au.
1820 184 1847 209 C.
1873 184 1938 211 1078

1811 1503 1944 1524 (instantium

1761 1533 1857 1550 minotio.
