2111 3157
151 194 197 220 Aa.
217 194 245 220 c.
270 193 336 220 ¹570
382 185 447 218 2:³⁶2

199 2091 267 2110 noun
283 2095 328 2116 pro-

174 2124 184 2135 'l

341 244 435 276 etiam
455 242 715 286 praedecessoris
730 242 841 281 nostri,
856 240 972 283 gratias
984 250 1075 283 prae-

341 298 435 329 fatam
453 297 618 329 Cameram
646 300 880 328 concernentes
905 294 937 325 in
961 294 1074 326 eadem

339 350 471 383 camera
489 349 621 383 omniuo
642 348 810 390 registrari
832 347 950 380 debere
969 347 1075 390 dispo-

340 403 499 441 nentibus,
519 401 653 444 aliisque
674 400 960 433 constitutionibus
979 404 1011 432 et
1028 410 1076 432 or-

339 454 559 486 dinationibus
585 453 781 495 apostolicis
808 453 904 485 etiam
929 452 1074 485 concilia-

340 507 438 545 ribus,
467 507 606 548 desuper
630 505 875 548 quomodolibet
898 505 930 537 in
956 515 1074 547 genere

339 560 388 591 vel
415 558 447 590 in
472 558 580 601 specie
606 558 711 597 editis,
736 558 832 590 etiam
853 563 951 596 motu,
971 558 1075 590 scien-

339 611 381 643 tia
406 616 434 643 et
462 610 629 653 potestatis
660 610 862 652 plenitudine
899 610 1073 649 similibus,

338 674 373 695 ac
399 664 655 706 cpiibuscumque
682 664 777 696 etiam
799 663 1002 706 quantumvis
1031 664 1074 695 es-

337 716 535 748 sicacissimis
560 716 711 748 clausulis
742 721 773 748 et
805 716 943 748 decretis
977 715 1071 748 etiam

337 769 539 805 irritantibus
566 769 750 809 roboratis,
779 779 814 801 ac
840 769 917 801 alias
941 768 974 800 in
999 779 1073 800 con-

337 816 469 855 tran-‘xum
480 822 733 865 praemissorum
746 822 1072 865 quomodolibetcon-

337 875 447 915 cessis,
462 874 659 908 confirmatis
679 880 710 907 et
727 875 897 915 innovatis,
913 880 944 906 et
962 875 1071 917 quavis

336 927 568 960 concessione¹
596 927 784 959 huiusmodi
812 938 849 959 ex
874 929 967 959 causa
992 927 1073 959 rese-

335 980 453 1013 ctionis
472 981 675 1019 damnorum,
690 981 738 1012 vel
757 980 818 1012 alia
837 980 956 1022 quavis,
977 980 1070 1011 etiam

335 1035 474 1065 onerosa
493 1038 524 1065 et
537 1032 782 1075 correspectiva,
798 1032 897 1064 sactae
913 1033 992 1071 sint3
1008 1033 1072 1075 qui*

335 1086 393 1117 bus
418 1085 589 1124 omnibns,
616 1085 738 1117 etiamsi
769 1095 827 1127 pro
853 1084 983 1117 illorum
1009 1085 1072 1116 sus-

336 1138 456 1170 licienti
488 1137 696 1179 derogatione
733 1138 770 1170 de
799 1137 863 1170 illis
894 1148 1071 1180 eorumque

335 1190 410 1222 totis
437 1190 606 1222 tenoribus
630 1189 796 1232 specialis,
822 1189 990 1232 specifica,
1019 1200 1072 1222 ex-

335 1253 449 1284 pressa
471 1247 503 1274 et
527 1241 702 1280 individua,
721 1252 756 1273 ac
774 1242 812 1274 de
831 1242 927 1274 verbo
949 1242 986 1274 ad
1003 1253 1073 1273 ver-

335 1295 424 1333 bum,
444 1305 508 1327 non
529 1299 635 1326 autem
653 1304 712 1336 per
729 1295 889 1327 clausulas
904 1296 1072 1336 generales

335 1347 421 1379 idem
445 1346 673 1389 importantes,
705 1346 827 1378 mentio
853 1357 906 1379 seu
940 1346 1072 1389 quaevis

335 1401 397 1432 alia
424 1400 582 1442 exquisita
608 1400 709 1432 forma
734 1400 772 1432 ad
805 1400 836 1432 id
868 1400 1071 1432 observanda

337 1454 427 1490 soret,
447 1458 578 1485 tenores
603 1452 799 1492 huiusmodi,
818 1462 853 1484 ac
873 1452 897 1484 si
918 1452 955 1484 de
975 1453 1072 1484 verbo

336 1506 373 1537 ad
390 1505 521 1537 verbum
539 1504 621 1537 nihil
639 1504 766 1547 penitus
782 1504 903 1537 omisso
922 1510 954 1537 et
971 1505 1072 1537 forma

336 1558 368 1589 iu
394 1558 457 1590 illis
484 1557 598 1589 tradita
624 1557 792 1589 observata
817 1557 931 1589 inserti
957 1558 1070 1596 forent,

336 1610 565 1653 praesentibus
600 1620 660 1653 pro
691 1611 786 1652 plene
816 1615 848 1642 et
877 1609 1073 1642 sufficienter

337 1662 500 1705 expressis
533 1673 568 1694 ac
600 1663 638 1695 de
671 1662 770 1694 verbo
804 1663 842 1694 ad
868 1663 999 1695 verbum
1025 1663 1072 1695 in-

335 1715 429 1755 sertis
455 1715 621 1754 habentes,
636 1715 699 1747 illis
720 1715 798 1747 alias
822 1715 854 1747 in
873 1726 930 1748 suo
954 1715 1072 1748 robore

335 1766 572 1810 permansuris,
596 1768 656 1799 hac
684 1767 751 1799 vire
777 1768 960 1805 dumtaxat,
985 1773 1073 1800 motu

338 1825 370 1851 et
390 1820 558 1862 potestatis
582 1819 784 1861 plenitudine
801 1820 962 1862 praefatis,
983 1821 1075 1854 dero-

340 1883 452 1914 gamus
485 1877 517 1904 et
551 1873 742 1914 derogatum
774 1883 843 1905 esse
872 1874 1018 1905 volumus
1045 1879 1075 1906 et

339 1925 562 1963 decernimus·,
589 1925 772 1967 ceterisque
804 1925 973 1958 contrariis
999 1927 1071 1968 qui-

338 1978 556 2021 buscumque:
583 1988 653 2010 cum
680 1978 836 2010 clausulis
861 1979 1072 2020 opportunis,

620 2031 698 2062 Fiat
723 2035 811 2062 motu
834 2031 969 2073 proprio
995 2032 1028 2063 B.

384 2084 398 2126 ξ
429 2083 460 2116 5.
487 2083 524 2115 Et
548 2083 635 2125 quod
667 2083 869 2125 singulorum
895 2083 1075 2115 officiorum

340 2136 580 2178 praedictorum
604 2135 864 2173 concessionum,
886 2135 1076 2177 assignatio-

339 2199 414 2220 num
441 2193 473 2220 et
498 2188 710 2220 donationum
735 2193 877 2225 tenore&
903 2187 998 2219 etiam
1023 2198 1076 2220 ve-

339 2241 459 2279 riores,
483 2250 519 2272 ac
551 2250 659 2272 earum
691 2240 782 2272 datae
812 2239 994 2271 habeantur
1017 2251 1075 2283 pro

341 2293 523 2335 expressis,
547 2303 603 2325 seu
630 2293 661 2324 in
689 2298 755 2325 toto
776 2293 824 2324 vel
850 2293 882 2324 in
909 2297 999 2334 parte
1026 2303 1077 2324 ex-

341 2345 436 2388 primi
457 2345 579 2387 possint
604 2345 634 2377 in
654 2345 780 2377 litteris.
801 2345 837 2377 Et
855 2345 893 2377 de
912 2345 1077 2388 perpetuis

342 2398 640 2435 dismembrationc,
667 2398 881 2440 separatione,
900 2398 1075 2438 voluntate,

343 2455 472 2487 statuto,
494 2450 708 2487 ordinatione,
733 2450 937 2491 singulorum
964 2450 1077 2482 decre-

344 2508 450 2535 torum
476 2502 698 2544 derogatione,
721 2502 857 2545 aliisque
879 2503 1076 2545 praemissis,

381 2564 393 2592 1
412 2563 501 2591 Potius
517 2564 576 2599 lege
590 2567 616 2591 el
630 2565 761 2598 quamuis
776 2566 967 2591 concessiones
982 2566 1075 2597 (n.·r.).

918 192 1098 217 BULLARIUM
1120 192 1272 217 ROMANUM

1116 250 1197 283 quae
1223 240 1275 273 hic
1299 250 1360 283 pro
1385 241 1583 274 sufficienter
1608 246 1638 274 ct
1662 243 1700 275 ad
1725 248 1849 286 partem

1117 292 1263 336 repetitis
1283 293 1474 333 habeantur,
1495 299 1529 326 ut
1547 305 1654 337 supra,
1679 295 1710 327 in
1735 295 1850 328 litteris

1117 351 1147 378 et
1171 356 1244 378 cum
1269 346 1411 378 clausule
1436 346 1474 379 ad
1499 352 1690 389 perpetuam
1714 348 1760 380 rei
1785 360 1851 382 m..-

1857 194 1905 220 Αη.
1923 193 1950 221 C.
1974 193 2041 222 1679

1118 398 1253 430 moriam
1274 398 1428 430 latissime
1446 399 1672 432 extendendis.
1695 400 1849 433 Volumus
1880 420 1885 430 ,

1117 457 1223 483 autem
1238 451 1323 494 quod
1341 452 1408 484 sola
1426 452 1605 494 praesentis
1618 453 1719 485 nostri
1736 453 1851 485 Motu:-

1117 505 1240 548 proprii
1265 505 1429 547 signatura
1455 505 1595 545 sufficiat,
1616 511 1647 539 et
1672 507 1792 549 ubique
1816 509 1851 537 ri-

1117 559 1189 591 (lem
1215 559 1310 591 saciat
1343 558 1375 590 in
1404 559 1522 591 iudicio
1558 564 1590 591 et
1615 564 1725 599 extra,
1753 559 1849 591 etiam

1117 612 1229 651 regula
1253 610 1413 643 contraria
1440 616 1471 643 ct
1495 611 1613 643 ceteris
1646 611 1851 654 quibuscum-

1117 674 1187 706 que,
1210 668 1244 695 ut
1268 673 1373 706 supra,
1399 674 1464 696 non
1491 664 1705 704 obstantibus,
1732 673 1797 703 seu,
1824 663 1848 695 si

1117 716 1300 757 videbitur,
1326 716 1453 749 litterae
1480 716 1674 759 apostolieae
1709 716 1852 758 desuper

1116 779 1186 802 cum
1207 768 1461 812 praemissorum
1483 768 1625 801 omnium
1651 773 1680 801 et
1706 768 1851 810 singulo-

1116 833 1197 861 rum,
1210 822 1305 854 ctiam
1321 821 1633 859 denominationum,
1649 821 1849 863 qualitatum,

1116 874 1402 917 nuncupationum,
1421 874 1624 916 aliorumque
1650 873 1851 906 necessario-

1116 939 1184 960 rum
1217 927 1328 960 maiori
1359 932 1390 959 et
1420 927 1536 959 veriori
1562 927 1767 969 expressione
1791 936 1851 969 per

1117 981 1213 1013 Breve
1248 985 1392 1013 nostrum
1424 989 1479 1011 scu
1517 979 1654 1011 officium
1687 980 1726 1012 de
1755 979 1852 1012 Cui-ia

1116 1020 1258 1075 eipediri
1277 1032 1421 1074 possint3
1444 1032 1653 1074 eiusdemque
1672 1032 1851 1074 Motuspro-

1115 1085 1186 1127 prii,
1205 1095 1260 1116 seu
1279 1085 1459 1116 litterarum
1478 1084 1618 1126 desuper
1635 1084 1852 1117 conficienda-

1115 1149 1183 1170 rum
1199 1137 1363 1180 exemptis,
1380 1137 1474 1168 etiam
1489 1136 1672 1179 impressis,
1683 1147 1779 1168 manu
1794 1136 1851 1169 ali-

1114 1189 1204 1221 cuius
1228 1189 1346 1221 notarii
1371 1188 1492 1231 publici
1523 1188 1728 1230 subscriptis,
1754 1193 1784 1221 et
1810 1188 1852 1220 si-

1113 1242 1191 1283 gillo
1210 1252 1368 1284 personae
1393 1242 1426 1272 in
1452 1240 1607 1281 dignitate
1632 1240 1851 1273 ecclesiastica

1113 1294 1306 1326 constitutae
1328 1293 1515 1334 obsignatis,
1544 1302 1602 1323 seu
1627 1292 1774 1331 munitiS,
1800 1302 1851 1323 ea-

1114 1346 1187 1378 dem
1217 1356 1352 1390 prorsus
1377 1345 1456 1377 fides
1482 1345 1514 1377 in
1539 1344 1659 1377 iudicio
1686 1343 1736 1377 vel
1762 1350 1852 1378 extra

1113 1400 1232 1442 ubique
1258 1400 1402 1431 locopum
1430 1398 1633 1436 adhibeatur,
1651 1408 1734 1440 quae
1758 1397 1852 1430 adhi-

1114 1452 1247 1484 beretur
1271 1452 1374 1484 eidem
1402 1451 1556 1489 cedulae,
1582 1461 1638 1483 seu
1666 1450 1798 1490 litteris,
1824 1449 1850 1482 si

1114 1505 1221 1538 forent
1244 1505 1406 1537 exhibitae
1432 1505 1481 1536 vel
1507 1509 1672 1536 ostensae.

1158 1559 1271 1590 Datum
1299 1559 1435 1597 Romae,
1463 1558 1549 1600 apud
1576 1557 1605 1589 S.
1635 1557 1774 1597 Petrum,
1801 1567 1851 1590 XIX

1115 1611 1269 1643 kalendas
1290 1610 1438 1649 ianuarii,
1466 1620 1552 1642 anno
1578 1619 1621 1642 iv.

1149 1672 1211 1698 Dat.
1232 1671 1275 1698 die
1294 1672 1323 1698 14
1343 1671 1494 1697 decembris
1516 1670 1594 1704 1679,
1614 1669 1710 1706 pontif.
1727 1677 1798 1697 anno
1814 1675 1850 1696 tv.

1428 1787 1546 1819 LXXX.

1117 1857 1337 1898 Confirmalur
1373 1857 1591 1888 sunmwrimn
1625 1856 1852 1899 inclulqentia-

1160 1920 1230 1940 rum
1257 1910 1563 1951 consralerm'lalum
1588 1909 1644 1942 SS.
1678 1908 1853 1941 Trinitatis

1160 1962 1399 2005 Redwmpliouis
1433 1962 1657 2004 Cuplirornm,
1685 1963 1752 1993 iam
1776 1965 1853 1994 αηίθ

1160 2025 1180 2046 a
1196 2014 1226 2046 S.
1250 2014 1504 2056 Congyregsulione
1528 2015 1728 2056 recoynilmn
1753 2021 1781 2047 el
1796 2025 1854 2057 up-

1158 2066 1230 2109 prol
1242 2070 1331 2098 ,tium
1343 2065 1363 2098 ¹.

1303 2136 1498 2163 Innocentius
1520 2137 1599 2169 Papa
1618 2137 1668 2169 XI,

1237 2181 1273 2208 ad
1292 2185 1470 2214 perpetuam
1489 2182 1534 2208 rei
1554 2182 1726 2208 memoriam

1162 2241 1217 2284 gl.
1231 2241 1352 2284 Exponi
1367 2241 1458 2274 nohis
1474 2252 1578 2284 nuper
1592 2242 1666 2274 fecit
1677 2241 1814 2274 dilectus
1824 2241 1854 2274 fi-

1117 2293 1178 2326 lius
1193 2294 1311 2337 Ioseph
1331 2294 1465 2334 Monier,
1483 2301 1674 2337 procurator
1691 2295 1853 2337 generalis

1155 2390 1164 2415 1
1190 2389 1280 2420 Quoad
1302 2389 1348 2416 has
1369 2389 1602 2416 confraternitates
1622 2389 1746 2416 omnibus
1767 2390 1855 2417 indul-

1891 2244 2004 2266 Nonnullae
2018 2246 2048 2266 ln-

1865 2272 1984 2295 t’uitgeutuao
1999 2277 2047 2292 con·

1866 2305 1938 2319 utnon
1964 2300 2048 2320 luerunt

1119 2434 1217 2467 gentiis
1249 2434 1411 2468 generaliter
1444 2439 1574 2460 revocatis
1603 2434 1661 2460 illas
1691 2435 1858 2461 confirmavit.

1122 2479 1217 2504 Paulus
1239 2478 1268 2509 V,
1286 2483 1309 2503 et
1326 2479 1390 2504 alias
1406 2479 1438 2504 de
1454 2486 1523 2504 novo
1540 2479 1670 2504 concessit
1686 2480 1810 2505 Clemens
1825 2479 1855 2512 X,

1120 2521 1230 2547 Constit.
1253 2522 1335 2549 Asici„-
1356 2530 1415 2555 nos,
1437 2529 1516 2548 Cant
1536 2522 1586 2556 (at.
1608 2523 1676 2557 132),
1698 2527 1857 2557 tom.xv1u,

1123 2574 1182 2602 pag.
1203 2566 1265 2592 408.
