2111 3157
128 186 176 212 Λη.
201 185 228 212 c.
249 186 314 214 1679
362 179 424 212 178

152 932 307 953 contrariom-n

125 959 242 984 dri-ugano.

180 1831 194 1850 F
205 1831 242 1850 ‹ti—z
258 1833 311 1852 tran-

127 1861 263 1884 temptorum.

321 237 444 270 litteras
477 249 603 282 semper
633 238 749 277 firmas
785 237 904 270 validas
935 242 967 270 et
990 237 1057 270 esti-

321 300 412 323 caces
438 292 573 324 existere
592 297 623 324 et
641 292 718 331 sore,
737 301 875 333 suosque
893 291 1056 333 plenarios

321 348 353 375 et
377 344 521 386 integros
548 343 678 376 ett‘ectus
704 343 811 375 sortiri
837 348 869 375 et
893 343 1054 383 obtinere,

321 408 356 428 ac
374 397 447 436 illis,
469 398 507 429 ad
534 408 615 438 quos
641 401 767 438 spectat
784 401 815 428 et
831 406 891 438 pro
911 401 1054 439 tempore

321 450 589 492 quandocumque
615 449 785 492 spectabit,
804 449 837 481 in
857 449 1006 481 omnibus
1025 454 1056 482 ct

321 513 379 544 per
403 502 509 534 onmia
533 502 720 544 plenissime
738 500 919 543 suffragari,
947 501 1055 545 sicque

321 555 353 586 in
378 555 562 597 praemissis
597 565 657 597 per
682 564 901 597 quoscumque
932 554 1055 587 iudices

320 607 500 639 ordinarios
521 612 552 639 et
573 608 750 649 delegatos,
770 608 865 639 etiam
885 617 1054 639 causarum

320 661 429 702 palatii
455 660 622 702 apostolici
649 660 822 700 auditores,
856 660 989 692 iudicari
1024 666 1055 693 et

319 712 447 745 definiri
474 713 610 751 debere,
637 723 672 745 ae
697 712 824 744 irritum
850 717 881 745 et
905 712 1001 745 inane
1028 713 1052 745 si

319 776 411 798 sccus
437 776 535 809 super
560 766 610 798 liis
635 776 651 797 a
677 776 852 809 quoquam,
871 766 982 808 quavis
1001 777 1054 798 au-

319 819 476 859 ctoritate,
502 820 644 852 scienter
665 819 712 851 vcl
738 819 936 861 Ignoranter,
955 819 1055 851 conti-

320 872 402 913 gerit
426 873 589 905 attentari.

363 926 376 968 §
401 925 432 957 lt.
460 925 529 957 Non
555 925 758 957 obstantibus
791 924 993 968 praemissis,
1020 935 1055 957 ac

319 978 602 1010 constitutionibus
627 983 659 1010 et
687 977 949 1010 ordinationibus
981 988 1056 1020 apo-

319 1032 455 1070 stolicis,
486 1041 616 1063 necnon
643 1031 747 1063 dictae
772 1030 1053 1072 Congregationis,

320 1084 414 1116 etiam
439 1084 631 1123 iuramento,
658 1083 902 1116 confirmatione
928 1090 1056 1126 aposto-

320 1137 389 1175 lica,
415 1148 472 1169 seu
499 1136 609 1179 quavis
635 1136 785 1168 firmitate
803 1135 865 1168 alia
885 1136 1053 1175 roboratis,

319 1190 445 1221 statutis
475 1195 507 1222 et
539 1188 842 1227 consuetudinilnis,
875 1187 1054 1231 privilegiis

319 1253 457 1285 quoque,
493 1242 628 1275 indultis
660 1247 692 1274 et
715 1241 833 1274 litteris
866 1241 1054 1284 apostolicis

319 1295 351 1327 in
377 1295 576 1328 contrarium
602 1293 853 1337 praemissorum
881 1294 1055 1336 quomodo-

319 1348 400 1381 libet
418 1348 592 1387 concessis,
612 1347 808 1380 confirmatis
826 1352 858 1379 et
874 1347 1052 1387 innovatis,

320 1402 438 1444 quibus
474 1401 626 1434 omnibus
660 1405 691 1432 et
727 1400 882 1442 singulis,
924 1400 1054 1433 illorum

319 1460 450 1487 tenores
476 1454 703 1497 praesentibus
729 1464 788 1496 pro
815 1454 910 1495 plene
936 1459 967 1486 et
992 1455 1056 1486 sus-

319 1507 467 1540 licienter
493 1507 650 1549 expressis
675 1516 711 1538 ac
736 1507 774 1539 de
802 1507 900 1539 verbo
927 1507 966 1539 ad
988 1518 1054 1540 ver-

319 1561 396 1592 bum
414 1560 545 1592 insertis
568 1559 736 1599 habentes,
755 1559 820 1591 illis
841 1560 920 1592 alias
936 1559 969 1592 in
995 1570 1055 1593 suo

320 1613 435 1645 robore
472 1612 704 1655 permansuris,
739 1612 777 1644 ad
803 1612 1054 1655 praemissorum

321 1666 480 1705 ellectum,
507 1666 565 1698 hac
591 1665 657 1698 vice
680 1666 855 1705 dumtaxat,
873 1666 1058 1708 specialiter

321 1724 352 1751 ct
377 1729 527 1762 expresse
545 1719 755 1760 derogamus,
778 1718 961 1761 ceterisque
981 1730 1058 1752 con-

321 1772 428 1804 trariis
454 1772 725 1814 quibuscumque.

367 1826 382 1868 §
414 1825 444 1858 5.
480 1826 631 1858 Volumus
663 1830 769 1857 autem
805 1829 838 1857 ut
875 1826 1058 1859 earumdem

323 1878 542 1922 praesentium
560 1878 740 1911 litterarum
760 1880 982 1921 transumptis,
1001 1890 1057 1912 scu

323 1932 488 1974 exemplis,
516 1932 610 1963 etiam
638 1931 814 1974 impressis,
841 1943 938 1964 manu
964 1933 1058 1965 alicu-

322 1986 370 2018 ius
398 1984 514 2017 notarii
540 1984 663 2027 publici
682 1984 885 2027 subscriptis,
904 1990 935 2017 et
951 1985 1058 2028 sigillo

322 2050 479 2081 personae
506 2038 538 2069 in
564 2037 785 2070 ecclesiastica
807 2038 963 2079 dignitato
985 2049 1059 2071 con-

322 2091 449 2124 stitutae
465 2090 610 2129 munitis,
623 2090 735 2121 cadem
749 2100 885 2132 prorsus
901 2090 980 2122 tides
996 2091 1059 2123 ubi-

323 2154 384 2187 quc
411 2145 556 2177 locorum
582 2144 752 2183 habeatur,
776 2154 858 2186 quae
884 2144 1060 2176 haberetur

322 2197 401 2239 ipsis
435 2195 663 2238 praesentibus
701 2195 727 2227 si
756 2195 865 2228 forent
896 2196 1059 2229 exhibitae

323 2251 372 2282 vel
399 2254 563 2281 ostensae.

367 2303 483 2335 Initum
502 2302 640 2342 Itomae,
661 2302 745 2345 apud
775 2301 805 2335 S.
834 2302 976 2343 Petrum,
1001 2303 1059 2335 sub

323 2356 441 2387 annulo
459 2355 649 2394 Piscatoris,
670 2355 720 2387 dic
744 2366 761 2388 v
786 2355 864 2388 iunii
889 2366 1059 2395 inDCLxxtx,

323 2407 527 2452 pontificatus
546 2407 644 2439 nostri
666 2418 750 2440 anno
772 2419 819 2441 ΠΙ.

362 2469 417 2496 Dat.
440 2469 482 2497 die
503 2469 518 2496 5
537 2469 603 2496 iunii
628 2470 705 2503 1679,
726 2469 821 2505 pontis,
842 2477 912 2497 anno
932 2476 970 2497 111.

902 188 1082 213 mmmmm!
1105 189 1257 215 ROMANUM

1416 240 1518 273 thn.

1101 309 1320 352 Confirmalur
1343 310 1503 343 decretum
1527 310 1710 343 (ordinalis
1733 315 1837 354 prole-

1143 364 1249 403 ctoris,
1277 374 1340 407 quo
1369 368 1504 402 vetatur,
1530 364 1588 395 sub
1619 365 1837 397 excommuni-

1143 416 1280 449 cationis
1302 417 1413 459 poetici,
1431 427 1470 448 nc
1493 417 1610 459 fratres
1629 415 1707 448 laici
1734 417 1836 449 Tertii

1144 469 1277 502 Ordinis
1300 470 1405 502 sancti
1429 469 1599 501 Francfsci
1616 469 1650 501 in
1666 469 1837 511 provincia

1143 522 1276 555 Siciliae
1287 522 1480 566 praecedant
1494 522 1624 554 clericos
1645 522 1743 554 eliam
1765 532 1835 565 pro-

1141 576 1276 617 fessione
1298 575 1517 618 posteriores¹.

1275 655 1469 683 Innocentius
1490 657 1568 689 Papa
1588 657 1636 702 Ἐξ,

1237 700 1274 726 ad
1294 700 1427 726 futuram
1452 700 1496 727 rei
1516 700 1696 727 memoriam.

1143 770 1156 813 ἓ
1174 769 1202 802 l.
1220 770 1328 812 Nuper
1341 781 1400 812 pro
1418 775 1509 813 parte
1532 771 1641 803 dilecti
1659 770 1714 804 filii
1734 771 1836 804 Bona-

1098 828 1249 855 venturae
1264 822 1362 861 Rossi,
1378 823 1595 865 procuratoris
1610 828 1641 856 et
1654 824 1836 857 commissa-

1100 875 1135 907 rii
1153 875 1313 917 generalis
1327 876 1458 908 Fratrum
1472 875 1569 908 Tertii
1584 876 1714 908 Ordinis
1731 876 1835 909 sancti

1098 928 1280 967 Francisci,
1319 928 1569 970 Congregationi
1601 929 1834 962 venerabilium

1101 982 1231 1013 fratrum
1255 986 1442 1013 nostrorum
1468 981 1499 1013 S.
1517 981 1550 1013 R.
1568 981 1603 1014 E.
1624 982 1835 1015 cardinalium

1099 1034 1238 1075 negotiis
1253 1039 1283 1066 et
1297 1033 1588 1066 consultationibus
1604 1034 1835 1078 episcoporum

1100 1086 1339 1128 etregularium
1350 1087 1833 1130 praepositaeexposito‚quod,

1100 1150 1170 1172 cum
1196 1139 1226 1170 in
1253 1139 1420 1181 provincia
1444 1139 1570 1172 Siciliae
1596 1140 1672 1172 dicti
1708 1140 1836 1173 Ordinis

1099 1192 1272 1224 inoleverit
1308 1191 1427 1224 abusus
1464 1192 1614 1234 antiquus
1649 1197 1684 1224 ut
1719 1193 1834 1225 fratres

1100 1244 1170 1277 laici
1196 1244 1302 1287 quoad
1328 1243 1592 1286 praecedentiam
1624 1255 1697 1276 cum
1724 1244 1832 1277 l'ratri-

1098 1297 1157 1329 bus
1182 1296 1309 1329 clericis
1336 1298 1432 1330 etiam
1457 1297 1601 1330 diaconis
1633 1297 1720 1329 iuxta
1753 1298 1836 1330 anti-

1100 1350 1254 1392 quitatem
1273 1350 1486 1393 professionis
1508 1355 1750 1390 concurrerent,
1769 1362 1835 1384 non

1099 1403 1169 1435 sine
1187 1403 1356 1436 manifesta
1373 1403 1558 1436 indecentia
1574 1407 1605 1435 et
1623 1403 1835 1446 depressione

1099 1456 1295 1488 conditionis
1333 1456 1570 1489 ecclesiasticae
1608 1461 1638 1488 et
1671 1466 1836 1490 sacrorum

1100 1508 1261 1548 ordinum,
1297 1508 1365 1550 ipse
1398 1509 1624 1541 Bonaventura
1657 1509 1835 1552 plurimum

1099 1560 1250 1603 cupiebat
1274 1560 1416 1593 ordinari
1443 1566 1477 1593 ut
1498 1561 1609 1594 fratres
1634 1562 1705 1595 laici
1731 1563 1835 1596 dictae

1100 1612 1286 1656 provinciae
1317 1612 1349 1644 in
1381 1618 1545 1655 posterum
1577 1615 1756 1657 professori
1792 1616 1838 1648 Io-

1101 1676 1171 1698 cum
1189 1665 1328 1705 clericis,
1344 1665 1439 1698 etiarn
1453 1666 1702 1709 posterioribus,
1717 1668 1835 1701 cedere

1102 1720 1268 1759 deberent,
1295 1719 1439 1762 alioquin
1459 1720 1497 1752 ad
1515 1720 1754 1763 professionem
1771 1731 1835 1753 non

1102 1773 1358 1814 admitterentur,
1381 1774 1652 1815 quemadmodum
1670 1775 1754 1817 apud
1776 1774 1837 1807 sra-

1104 1832 1168 1859 tres
1206 1826 1344 1859 Minores
1380 1826 1578 1869 Capuccinos
1614 1832 1835 1870 nuncupatos,

1103 1879 1304 1922 aliorumque
1321 1879 1475 1912 Ordinum
1490 1879 1672 1922 religiosos,
1687 1891 1723 1913 ac
1740 1880 1836 1913 etiam

1103 1932 1135 1964 in
1160 1931 1230 1964 aliis
1256 1931 1431 1974 provinciis
1461 1932 1559 1965 Tertii
1585 1932 1712 1965 Ordinis
1744 1944 1837 1976 prae-

1104 1985 1179 2018 dicti
1210 1984 1400 2018 obscrvare²
1421 1985 1599 2026 dicebatur,
1618 1986 1730 2019 eadem
1755 1986 1837 2019 Con-

1103 2038 1250 2080 gregatio
1277 2038 1491 2071 cardinalium
1524 2049 1582 2082 per
1607 2049 1699 2071 suum
1724 2040 1838 2073 decre-

1105 2098 1170 2125 tum
1197 2093 1247 2125 dic
1271 2103 1348 2126 xxm
1373 2093 1479 2125 martii
1505 2093 1653 2136 proxime
1671 2094 1837 2137 praeteriti

1103 2151 1297 2185 cmanatum,
1322 2148 1441 2178 attenta
1467 2146 1625 2179 relatione
1645 2146 1836 2179 venerahilis

1104 2198 1207 2230 trau-is
1223 2199 1323 2231 nostri
1343 2198 1501 2231 Francisci
1520 2199 1666 2242 episcopi
1685 2198 1838 2231 Ostiensis

1104 2251 1249 2283 eiusdem
1281 2251 1311 2283 S.
1340 2251 1376 2283 R.
1403 2252 1437 2284 E.
1467 2251 1639 2284 cardinalis
1671 2251 1837 2284 Barberini

1104 2305 1290 2347 nuncupati,
1316 2305 1450 2347 praefati
1477 2304 1605 2337 Ordinis
1623 2304 1707 2347 apud
1730 2314 1789 2337 nos
1807 2309 1839 2336 ct

1141 2402 1150 2427 1
1187 2400 1223 2426 De
1243 2401 1431 2435 praecedentia
1452 2402 1522 2427 iuter
1548 2401 1644 2428 fratres
1669 2401 1751 2428 laicos
1775 2410 1839 2437 pro-

1103 2444 1186 2471 fessos
1206 2448 1233 2470 et
1252 2445 1363 2471 clericos
1388 2445 1501 2471 novitios
1527 2445 1751 2480 Capuccinorum,
1778 2446 1838 2472 vide

1104 2489 1166 2523 quid
1186 2492 1314 2515 statutum
1335 2489 1384 2515 fuit
1404 2490 1436 2515 ab
1453 2489 1559 2516 Urbano
1576 2489 1631 2516 VIII
1648 2490 1839 2517 constitutione

1104 2541 1171 2568 quae
1183 2533 1276 2567 int-ipit
1287 2533 1385 2567 Nuper
1400 2542 1451 2567 pro
1464 2537 1560 2568 parte,
1575 2537 1713 2570 (tom.x1v‚
1729 2542 1752 2570 p.
1765 2534 1838 2569 220).

1138 2576 1154 2602 2
1174 2577 1268 2612 Aptius
1287 2576 1346 2612 tege
1365 2578 1512 2604 observari
1533 2583 1567 2609 tr«.
1585 2579 1633 2611 T.).

1844 192 1892 220 An.
1909 193 1938 221 C.
1960 194 2028 223 16'9

1871 782 1959 808 Species
1971 781 2027 805 sacti.
