2111 3157
45 187 95 214 An.
110 185 137 212 c.
160 185 226 212 1653
813 189 1022 213 txxocnxrtts
1043 190 1074 213 111
1099 176 1152 213 rr.
1629 179 1693 211 [93
1739 191 1791 215 An.
1812 181 1839 216 C.
1859 188 1924 216 11183

229 233 323 266 ctiam
351 234 596 276 1111011110111111111
623 241 687 277 051,
714 236 739 269 51
765 236 836 275 1110,
862 247 982 292 quem
1002 236 1204 270 incommoda
1229 242 1260 270 et
1292 236 1476 279 vagationes
1503 246 1646 275 tratrum,
1679 236 1733 278 qui

228 286 377 320 minister
400 290 560 330 geneialis
591 291 751 332 elegisset,
785 290 846 323 iam
873 294 981 323 esset
979 274 1050 322 vel
1084 292 1177 322 causa
1202 291 1251 323 vel
1287 295 1453 333 praetextu
1485 288 1731 346 appellationis,

227 339 403 380 defunctus,
428 346 503 374 tunc
535 342 620 375 enim
652 343 869 376 definitorium
903 353 959 398 po·
1001 342 1145 374 maximis
1189 353 1261 375 cum
1297 342 1450 386 periculis
1489 351 1525 373 ac
1562 340 1730 383 expensis

225 392 300 425 terit
323 394 461 426 alterum
486 404 522 426 ex
549 394 672 427 dnobus
697 394 830 438 reliquis
854 394 891 426 ad
916 394 958 425 vi-
977 412 979 437 t
1000 394 1195 436 longissimis
1219 405 1253 428 se
1271 394 1439 427 itineiibus
1457 398 1633 437 exponunt
1652 392 1732 431 Oua-

224 445 406 479 sitationem
426 447 600 489 praefatam
617 457 753 480 vocare:
780 457 852 479 casu
870 457 954 487 v,eto
976 439 979 488 f
998 451 1143 501 proptet,
1168 447 1383 489 praesentium
1401 452 1579 479 nosttatum
1604 446 1728 484 ν1111110,

224 508 303 540 quo,
323 495 492 541 postquam
519 499 734 531 definitmium
757 499 954 531 visitatorem
975 525 977 565 1
999 497 1030 529 111
1055 501 1248 542 unaquaque
1283 500 1519 542 thaedictarum
1551 499 1728 542 proxincia-

223 550 445 590 advocavetit‚
470 550 661 594 perveniant
690 556 837 594 patentes
860 551 954 583 mini·
974 575 976 608 Ι
998 560 1069 582 rum
1095 551 1283 594 deputamus
1309 557 1340 584 01
1365 552 1535 594 deputatos
1572 561 1640 584 esse
1674 561 1729 583 10·

221 603 278 635 5111
303 578 479 645 generatis,
505 603 530 635 si
555 603 617 636 iam
642 603 718 642 ille,
743 603 795 645 qni
821 608 952 637 vocatus
972 638 975 661 Ι
997 602 1101 634 lunius
1126 609 1191 636 tres
1215 609 1324 646 patres
1351 604 1515 645 digniores
1540 609 1627 636 extra
1652 603 1728 644 detif

220 655 279 687 suit
304 666 321 688 a
345 655 544 694 definitorio,
563 655 763 698 provinciam
790 655 883 687 suerit
907 656 953 687 in·
972 666 974 690 5
994 653 1221 697 nitorium‚qui
1241 656 1493 698 appellationum
1514 656 1634 688 iudices
1652 655 1725 693 sint,

219 717 372 749 gressus,
407 712 624 750 prosequatur
658 717 773 739 munus
805 718 895 739 suum
921 713 950 739 et
995 711 1027 738 et
1051 707 1089 739 ad
1119 718 1199 750 quos
1225 709 1427 750 appellantes
1453 719 1469 740 3
1494 709 1652 740 sententia
1678 708 1725 740 5111

218 759 394 802 capitulum
418 760 583 799 celebret,
610 765 644 792 ut
667 770 789 802 supra·,
820 760 844 792 51
873 770 950 793 vero
970 799 972 803 ¹
994 758 1168 792 delinitorii
1208 760 1294 792 licite
1347 771 1383 792 ac
1417 761 1518 793 libere
1556 771 1724 794 recurrere

218 811 362 844 nondum
397 811 430 844 in
464 812 665 855 provinciam
696 812 882 849 intraverit,
916 823 972 860 0-1,
994 811 1125 853 possint,
1152 813 1250 854 petita
1282 813 1370 855 prius
1395 823 1412 845 a
1436 813 1567 856 proprio
1599 809 1735 855 provin-¹

217 864 329 898 mnino
345 864 513 905 abstineat,
532 870 564 898 et
579 866 751 908 deputatus
769 876 786 898 a
802 865 949 900 ministro
969 866 972 906 Ῑ
993 865 1064 896 ciali
1090 865 1260 904 facultate,
1288 866 1330 898 ita
1365 870 1480 905 tamen,
1514 871 1548 897 ut
1577 865 1636 905 illi,
1669 865 1732 908 qui'

217 918 362 959 generali
386 917 525 951 officium
550 929 640 952 suum
666 924 824 959 assumat,
862 919 950 951 dum-
969 909 972 963 {
992 923 1065 949 sunt
1090 927 1126 949 ex
1152 917 1317 959 provincia
1343 918 1442 950 sancti
1468 918 1614 955 Antonii,
1642 918 1735 951 iudi-⁴

215 971 312 1004 modo
351 976 477 1015 tempus
513 977 665 1015 suppetat
698 978 734 1004 ut
771 972 872 1015 possit
910 973 948 1005 ad
968 981 971 1008 ;
992 975 1064 1002 cent
1088 980 1201 1002 causas
1226 970 1410 1013 provinciae
1435 970 1723 1013 Conceptionis,et

214 1025 412 1067 provinciam
429 1025 617 1058 visitandam
632 1025 788 1058 accedere
805 1025 946 1068 quinque
967 1052 969 1068 ,Ἴ
991 1032 1006 1053 0
1032 1028 1154 1054 contra.
1178 1022 1233 1055 llle
1259 1028 1374 1062 autem,
1400 1023 1454 1065 qui
1479 1028 1605 1055 ceteros
1630 1034 1720 1066 prae-

214 1077 348 1120 integris
362 1078 525 1111 mensibus
538 1083 610 1111 ante
625 1078 947 1121 capitulumthuia
989 1076 1082 1115 cedit,
1109 1076 1169 1108 erit
1192 1076 1319 1109 illorum
1344 1086 1474 1121 praeses
1498 1082 1533 1108 ut
1557 1076 1629 1109 illos
1646 1085 1722 1108 con-

213 1130 253 1163 ad
277 1130 493 1173 navigandum
517 1140 554 1163 ex
574 1133 636 1163 una
661 1130 693 1163 in
717 1132 849 1164 alteram
870 1136 967 1174 pro-3
991 1135 1079 1161 voret.
1102 1133 1131 1162 et
1157 1135 1333 1172 congreget
1359 1130 1486 1173 quando
1507 1140 1588 1172 opus
1606 1129 1719 1167 suerit·,

212 1183 350 1216 vinciam
382 1183 575 1226 quibusdam
605 1185 828 1218 tantummodo
859 1194 945 1217 men·
988 1175 1053 1214 uno
1073 1193 1148 1215 vero
1167 1192 1202 1215 ex
1221 1182 1289 1214 istis
1310 1192 1370 1225 per
1387 1187 1522 1215 mortem
1543 1183 1591 1215 vel
1624 1182 1719 1215 aliam

213 1236 301 1270 sibus
326 1236 413 1270 venti
438 1236 562 1279 spirant
585 1237 731 1277 secundi,
752 1238 826 1270 huic
847 1238 943 1270 etiam
964 1267 965 1280 ,
987 1235 1160 1277 legitimam
1186 1245 1311 1267 cansam
1351 1234 1533 1275 deficiente,
1560 1236 1640 1268 alius
1665 1245 1720 1278 pa-

212 1295 277 1322 tum
295 1289 532 1332 provinciarum
553 1294 619 1322 tum
647 1290 845 1324 visitatorum
864 1302 944 1325 com.
963 1281 965 1301 ³
987 1293 1035 1320 ter
1068 1288 1244 1320 seeundum
1290 1287 1437 1320 ordinem
1472 1288 1719 1330 praecedentiae

210 1342 356 1375 moditati
379 1342 549 1375 consulere
583 1343 738 1384 volentes,
776 1343 943 1377 statuimus
963 1349 965 1379 5
986 1339 1187 1383 intelligatur
1210 1340 1280 1382 ipso
1303 1342 1383 1372 lacto
1404 1340 1607 1381 substitutus3
1631 1341 1720 1373 dura·
1762 1334 1769 1338 ’

210 1400 337 1438 tempus
360 1393 540 1438 praefigere
565 1404 625 1438 pro
650 1395 862 1438 capitulorum
889 1407 942 1429 ce·
962 1392 965 1409 ⁸
986 1393 1129 1436 buntque
1145 1393 1176 1425 in
1195 1394 1311 1426 eodem
1330 1393 1434 1426 officio
1455 1403 1514 1436 per
1534 1393 1718 1432 triennium,

209 1447 404 1488 lebratione,
431 1448 517 1490 quod
555 1447 684 1491 quidem
720 1449 810 1482 nullo
844 1450 942 1483 modo
962 1478 964 1485 ,
987 1446 1018 1479 id
1043 1450 1092 1478 est
1117 1446 1156 1479 de
1180 1446 1319 1488 capitulo
1345 1446 1384 1478 ad
1406 1446 1597 1488 capitulum,
1620 1451 1651 1478 01
1671 1457 1721 1477 su-

209 1500 379 1543 prorogari
403 1500 521 1541 debeat
543 1501 665 1544 absque
690 1501 822 1544 speciali
843 1507 874 1534 et
894 1512 943 1535 ex·
962 1496 964 1509 ³
985 1509 1043 1541 per
1081 1499 1318 1542 appellationes
1358 1499 1518 1542 praefatas
1558 1499 1719 1531 definitive

209 1554 319 1595 pressa
341 1552 478 1586 ministri
504 1553 665 1596 generalis
691 1553 855 1587 facultate.
886 1554 943 1588 Ca·
962 1567 964 1573 ·
986 1557 1018 1585 et
1043 1552 1241 1585 terminative
1274 1551 1356 1584 intra
1388 1551 1539 1586 Ordinem
1573 1556 1719 1583 nostrum

207 1605 347 1649 pitulum
382 1605 480 1648 igitur
516 1605 701 1648 provinciae
741 1606 772 1639 S.
810 1607 941 1641 Antonii
985 1604 1173 1638 auctoritate
1201 1606 1309 1636 nostra
1341 1604 1520 1636 secundum
1552 1604 1719 1645 religionis

207 1666 274 1690 non
300 1656 465 1692 differatur
487 1659 572 1691 ultra
596 1658 680 1691 diem
705 1659 828 1692 sabbati
850 1669 943 1703 prae-
984 1657 1106 1700 praxim
1131 1662 1163 1689 et
1186 1657 1273 1699 leges
1292 1655 1479 1688 iudicabunt
1495 1661 1527 1688 et
1544 1656 1721 1689 sententia-

207 1710 353 1745 cedentis
394 1710 512 1744 festum
555 1711 656 1744 sancti
697 1712 798 1754 patris
838 1713 941 1746 nostri
984 1709 1075 1742 bunt.
1091 1708 1204 1742 Omnia
1220 1718 1295 1741 vero
1314 1708 1508 1751 supradicta,
1527 1707 1721 1741 scilicetno-

207 1762 379 1796 Francisei.
404 1763 443 1796 Et
466 1764 641 1806 capitulum
658 1764 841 1807 provinciae
867 1765 942 1799 Con·
985 1762 1118 1795 minatio
1139 1762 1346 1802 visitatorum,
1366 1761 1595 1794 nominationis
1620 1767 1721 1794 trans-

207 1816 364 1859 ceptionis
399 1825 465 1850 non
490 1817 749 1859 transgrediatur
773 1818 940 1851 sabbatum
985 1815 1093 1848 missio
1118 1815 1157 1848 ad
1182 1814 1364 1848 ministrum
1394 1815 1600 1856 generalem,
1635 1814 1720 1847 eius-

206 1868 428 1902 immediatum
466 1874 538 1912 post
582 1869 696 1902 festum
735 1871 941 1905 Ascensionis
984 1879 1046 1911 que
1067 1867 1245 1911 responsio,
1267 1877 1323 1900 seu
1341 1871 1496 1910 patentes,
1515 1872 1547 1900 et
1563 1866 1720 1900 iudicium

204 1921 345 1955 Domini.
367 1921 513 1965 Denique
537 1922 719 1956 visitatores
745 1933 809 1956 non
836 1924 942 1967 ingre·
984 1921 1259 1964 appellationum,
1285 1920 1450 1963 ingressus
1487 1920 1527 1953 ad
1564 1920 1719 1958 osticium,

206 1975 335 2008 diantur
358 1974 542 2018 provincias
566 1975 751 2016 visitandas,
772 1975 831 2008 nisi
853 1977 942 2019 quin·
984 1974 1158 2007 secundum
1182 1979 1307 2016 tempus
1344 1984 1408 2016 quo
1444 1973 1659 2016 contigerint,
1687 1973 1717 2005 111

207 2038 269 2071 que
294 2028 462 2061 mensibus
487 2033 560 2061 ante
585 2029 717 2071 capituli
748 2030 941 2063 celebratio·
984 2027 1068 2062 libro
1093 2024 1222 2059 actuum
1247 2025 1431 2068 provinciae
1448 2024 1589 2058 fideliter
1605 2031 1720 2057 noten-

205 2091 288 2121 nem,
303 2086 335 2114 et
358 2086 432 2124 post
455 2081 543 2114 illam
567 2081 674 2114 statim
711 2082 751 2115 ad
775 2082 939 2125 propriam
984 2085 1046 2112 tur.
1073 2079 1292 2122 Praecipimus
1318 2078 1445 2111 tandem
1464 2078 1497 2110 in
1513 2077 1629 2110 virtute
1650 2088 1720 2110 5311-

205 2133 313 2166 redire
338 2133 490 2174 debeant;
509 2134 596 2176 quod
621 2134 647 2167 si
672 2134 779 2168 facere
801 2146 865 2168 non
884 2145 941 2178 po·
983 2139 1052 2166 ctae
1087 2132 1292 2166 obedientiae
1328 2131 1477 2165 omnihus
1517 2136 1550 2164 et
1584 2131 1718 2173 singulis

206 2187 339 2227 tuerint,
355 2191 432 2230 post
447 2186 558 2229 viginti
580 2198 597 2220 3
624 2188 679 2221 1311
704 2188 938 2230 celebratione,
983 2185 1220 2229 provinciarum
1244 2185 1484 2228 praedictarum
1510 2184 1656 2227 patribus
1689 2191 1720 2217 et

205 2239 352 2273 ministro
377 2239 568 2283 provinciali
588 2240 692 2273 electo
711 2240 816 2283 sigilla
833 2242 940 2274 omnia
982 2238 1136 2271 fratribus
1162 2237 1387 2280 superioribus
1413 2242 1446 2269 01
1469 2237 1616 2276 subditis,
1641 2247 1719 2280 qna-

205 2292 412 2333 renuncient‚
432 2298 464 2325 et
480 2292 667 2336 provinciae
693 2294 849 2336 gubernio
875 2295 940 2327 nul·
984 2297 1075 2325 tenus
1100 2291 1254 2335 praefatis
1272 2290 1391 2323 nostris
1413 2289 1673 2322 ordinationibus
1689 2295 1720 2322 et

205 2345 330 2379 latenus
346 2356 381 2378 se
397 2345 610 2385 immisceant,
629 2355 700 2378 cum
714 2346 937 2389 talitempore‚
983 2345 1122 2378 decretis
1136 2371 1143 2385 ,
1170 2353 1229 2387 pro
1253 2343 1357 2382 bono,
1376 2353 1455 2386 pace
1481 2348 1512 2376 et
1537 2343 1644 2386 quiete
1664 2353 1719 2376 00-

205 2408 241 2431 ex
267 2399 392 2431 statutis
415 2398 544 2438 Qrdinis
579 2399 793 2441 generalibus,
826 2410 938 2433 eorum
981 2399 1132 2431 rumdem
1157 2397 1256 2437 sactis,
1282 2397 1467 2430 nullatenus
1492 2407 1525 2429 se
1551 2406 1717 2439 opponere

205 2451 376 2484 auctoritas
401 2451 533 2484 omnino
558 2451 671 2494 spiret.
699 2451 792 2483 Aliud
810 2462 937 2495 qnoque
957 2477 959 2493 ,
981 2452 1135 2491 audeant,
1155 2450 1210 2483 sed
1231 2452 1285 2490 ea,
1303 2461 1366 2493 qua
1389 2460 1447 2492 par
1477 2454 1543 2490 est,
1562 2450 1719 2493 prompti-

205 2504 324 2537 eisdem
362 2505 536 2548 provinciis
582 2505 765 2547 provisione
805 2504 937 2547 dignum
982 2505 1090 2537 tudine
1122 2508 1257 2547 pareant
1288 2509 1320 2536 et
1351 2503 1515 2536 obediant.
1542 2503 1652 2536 Datum
1685 2503 1717 2535 in

203 2557 298 2590 nobis
322 2558 424 2591 visum
456 2563 522 2599 est,
556 2567 671 2601 nempe
707 2563 742 2590 ut
777 2558 937 2591 evitentur
980 2563 1138 2591 conventu
1164 2562 1275 2590 nostro
1295 2556 1326 2590 S.
1345 2555 1505 2589 Francisci
1527 2555 1641 2588 Matriti
1665 2556 1716 2589 die
