2111 3157
120 158 170 186 An.
192 158 219 186 C.
238 159 305 187 1684
351 151 415 186 576

315 210 423 253 imago
449 210 569 245 Christi
594 210 756 250 crucifixi,
782 220 854 243 cum
885 209 947 244 alia
976 220 1053 253 qua-

315 263 389 296 dam
408 263 613 296 beatissimae
637 262 777 305 Virginis
806 261 959 304 imagine,
987 272 1054 295 vas-

316 317 422 350 culum
446 327 507 360 pro
533 316 659 358 frigida,
686 315 822 348 mantile
841 320 871 348 et
889 316 1053 348 vasculum

315 379 377 413 pro
403 371 484 412 aqua
508 369 649 402 lustrali.

358 434 387 456 x.
416 423 514 456 Porro
547 422 580 454 in
606 431 805 466 unoquoque
842 423 914 456 loco
949 426 1056 456 orato-

317 476 400 509 rium
440 475 652 508 domesticum
678 475 832 508 constitui
868 475 988 515 debet,
1024 475 1056 508 in

319 539 381 573 quo
407 534 580 563 consuetae
604 538 718 571 preces
749 529 897 562 ordinate
932 529 1058 572 persol-

318 588 443 615 vantur.
472 583 506 615 ln
533 583 595 615 hoc
619 582 762 615 oratorio
792 583 893 615 altare
924 581 1056 625 aliquod

316 635 526 670 beatissimae
558 636 697 678 Virginis
729 635 845 668 Mariae
878 645 949 668 cum
982 635 1059 667 ima-

319 688 392 731 gine
418 687 568 721 Crucitixi
593 694 625 721 et
657 688 728 721 aliis
754 687 953 721 ornamentis
984 686 1057 726 fiat,

320 742 437 786 quibus
463 751 555 774 mens
590 741 630 774 ad
663 741 819 774 maiorem
852 740 1059 774 devotionem

318 805 378 839 per
401 795 457 828 Dei
483 794 617 838 gratiam
641 794 772 828 excitari
798 795 913 827 valeat.
936 792 1060 827 Subsel-

319 848 363 881 lia
388 858 520 892 quoque
545 847 632 888 fiant,
654 847 773 891 quibus
800 847 941 879 humana
966 846 1062 888 fragi-

320 901 394 935 litas
426 901 623 934 inssectendo
650 905 703 933 aut
727 900 871 933 sedendo
903 899 1062 932 sufficien-

321 960 372 988 ter
395 955 595 988 sublevetur.

365 1018 409 1041 xi.
436 1007 654 1040 Retectorium
679 1006 835 1040 mundum
856 1006 896 1038 sit
913 1010 946 1039 et
970 1014 1063 1038 exor-

322 1065 418 1094 netur
442 1059 504 1102 piis
531 1059 736 1101 imaginibus,
761 1059 846 1091 inter
871 1068 949 1102 quas
974 1067 1064 1101 prae-

323 1113 417 1156 cipua
441 1113 559 1146 Ultima
583 1112 687 1145 Coena
712 1111 839 1145 Domini
866 1112 991 1144 existat.
1018 1111 1065 1144 Sit

324 1165 446 1199 ibidem
470 1165 625 1198 cathedra
650 1175 708 1208 pro
740 1164 879 1198 lectione
904 1164 943 1197 ad
976 1174 1064 1196 men-

326 1229 404 1258 sam,
442 1218 589 1252 cubicula
627 1217 830 1251 intirmorum
860 1228 877 1249 a
901 1216 1063 1251 communi

327 1270 520 1305 dormitorio
545 1275 692 1314 separata
715 1270 802 1304 iuxta
821 1269 995 1304 oratorium
1016 1269 1066 1303 do-

327 1325 494 1358 mesticum
519 1325 765 1364 constituantur,
797 1333 834 1356 ex
864 1323 982 1368 quibus
1018 1323 1067 1355 in-

328 1378 413 1410 firmi
436 1387 563 1410 sacrum
583 1382 616 1410 et
632 1377 831 1410 confratrum
849 1386 979 1410 suorum
996 1383 1067 1408 con·

329 1436 435 1465 suetas
458 1441 573 1475 preces
606 1430 720 1463 audire
751 1430 889 1475 possint,
914 1429 947 1462 in
972 1438 1068 1472 quem

329 1483 427 1517 finem
461 1484 603 1527 parietes
641 1492 700 1528 per
740 1482 864 1516 ferreos
903 1483 1067 1518 cancellos

330 1542 541 1582 prospectum
565 1537 726 1580 aperiant.

375 1600 431 1624 ΧΠ.
464 1589 660 1623 Dormitoria
686 1589 849 1633 denique,
875 1590 917 1623 ob
952 1590 1069 1623 multas

332 1644 543 1677 rationabiles
557 1654 667 1677 causas
685 1648 716 1676 et
733 1643 990 1683 commoditateS,
1004 1642 1073 1676 ubi·

334 1708 397 1741 que
421 1698 569 1730 locorum
586 1723 593 1736 ,
619 1702 773 1740 quantum
800 1695 869 1729 fieri
899 1702 1028 1744 potest,
1055 1707 1072 1729 a

336 1749 544 1783 conclavibus
557 1749 771 1792 singulorum,
787 1749 818 1782 in
833 1749 951 1792 quibus
967 1750 1005 1782 de
1020 1749 1072 1782 die

336 1803 495 1843 habitant,
513 1807 663 1846 separata
684 1807 790 1835 erunt.
813 1802 847 1836 In
866 1803 976 1845 quavis
993 1803 1075 1836 eius-

337 1856 424 1890 modi
443 1857 538 1890 domo
564 1856 606 1889 sit
631 1856 837 1899 horologium
863 1857 1074 1890 domesticum

338 1921 408 1944 cum
436 1909 590 1942 turricula
607 1913 639 1942 et
654 1911 811 1953 campana
828 1920 927 1953 supra
945 1911 1076 1943 domum

903 162 1001 186 BELLA
1008 162 1083 185 ntt'n
1106 162 1258 187 ROMANt'M

1139 219 1202 243 xxv.
1229 211 1310 244 Cura
1343 211 1506 245 bonorum
1543 213 1769 256 temporalium
1802 213 1836 247 in

1096 264 1274 308 praedictis
1299 264 1448 298 domibus
1471 265 1510 298 ad
1538 275 1732 300 oeconomos
1765 277 1841 311 spe-

1097 317 1207 357 ctabit,
1241 327 1381 360 quornm
1414 328 1499 350 unus
1532 318 1565 351 in
1597 318 1708 362 'quavis
1732 319 1839 352 archi-

1098 370 1251 411 dioecesi,
1269 371 1316 404 uti
1338 371 1434 404 etiam
1457 371 1607 411 dioecesi,
1628 382 1730 415 penes
1747 383 1839 415 praea

1098 424 1200 457 sidem
1217 423 1385 457 residebit.
1408 423 1508 457 lidem
1528 424 1699 457 oeconomi
1719 424 1753 457 in
1769 424 1840 458 sun-

1099 477 1229 511 datione
1255 476 1415 510 eiusmodi
1441 478 1610 510 domorum
1636 478 1769 521 provide
1795 483 1841 512 at·

1101 531 1235 565 tendant
1259 536 1294 563 ut
1317 530 1403 563 bona
1426 531 1618 574 temporalia
1642 531 1752 564 dehita
1779 532 1841 564 hu-

1100 584 1195 616 mana
1213 583 1384 617 severitate
1407 588 1645 616 conserventur
1661 588 1693 617 ct
1709 584 1748 617 ad
1765 594 1841 618 usus

1101 636 1304 670 necessarios
1329 636 1563 679 expendantur.

1144 700 1194 724 xv.
1221 690 1332 729 Quoad
1357 691 1464 732 legata
1497 690 1625 733 aliaque
1652 701 1669 723 a
1696 690 1843 733 patronis

1103 743 1212 777 oblata
1229 744 1419 777 eorumdem
1437 753 1527 777 mens
1545 744 1750 777 observanda
1765 745 1842 784 e1·it;

1103 797 1188 830 unde
1214 806 1260 837 ea,
1287 807 1369 841 quae
1394 797 1542 840 praecise
1559 798 1598 830 ad
1618 797 1731 830 domos
1756 807 1845 830 eme-

1103 850 1239 883 ritorum
1253 851 1382 890 dantur,
1397 850 1436 883 ad
1452 850 1595 889 easdem,
1610 855 1642 882 et
1657 860 1723 882 non
1738 849 1843 889 aliter,

1105 903 1331 946 applicentur·,
1351 913 1432 946 quae
1456 913 1531 935 vero
1557 901 1780 935 indifferenter
1803 902 1844 935 ad

1106 956 1219 989 domos
1244 955 1423 988 iuventutis
1448 956 1508 988 sub
1540 955 1652 988 eadem
1684 955 1846 988 conditio-

1106 1019 1146 1042 ne
1172 1008 1385 1051 assignantur,
1407 1018 1467 1051 pro
1485 1007 1599 1041 iisdem
1621 1007 1843 1051 applicentur;

1107 1072 1189 1105 quae
1211 1072 1288 1094 vero
1313 1060 1540 1094 indifferenter
1561 1060 1601 1094 ad
1616 1061 1740 1093 bonum
1765 1060 1847 1094 cleri

1107 1114 1182 1147 huic
1207 1113 1353 1146 instituto
1371 1113 1585 1156 assignantur,
1604 1113 1690 1146 iuxta
1707 1113 1843 1156 pruden-

1108 1173 1171 1202 tem
1209 1167 1415 1212 superiorum
1455 1166 1705 1211 dispositionem
1744 1166 1849 1211 appli-

1108 1222 1211 1255 canda
1231 1227 1338 1254 erunt.

1151 1284 1216 1308 xvt.
1243 1273 1318 1307 Tam
1342 1273 1375 1306 in
1401 1272 1591 1306 fundatione
1610 1273 1782 1306 domorum
1801 1272 1850 1306 in-

1110 1327 1294 1361 stituendae
1312 1326 1483 1360 iuventutis
1509 1336 1545 1359 ex
1570 1325 1686 1359 mediis
1711 1335 1851 1360 commu-

1110 1380 1229 1420 nitatis,
1248 1391 1343 1424 quam
1365 1379 1586 1419 emeritorum,
1613 1388 1768 1422 expresse
1793 1379 1852 1411 do-

1111 1435 1246 1467 minium
1272 1439 1303 1467 et
1326 1433 1430 1466 omnis
1456 1432 1628 1476 dispositio
1660 1431 1737 1464 huic
1760 1431 1852 1465 insti-

1112 1492 1179 1520 tuto
1205 1487 1359 1530 illiusque
1394 1485 1620 1530 superioribus
1655 1490 1852 1525 reservetur,

1111 1547 1147 1574 ut
1171 1541 1300 1584 quando
1332 1539 1464 1583 quidem
1494 1539 1526 1572 in
1558 1537 1724 1571 beneflciis
1749 1539 1853 1572 conti-

1114 1605 1211 1627 nuam
1236 1594 1473 1628 successionem
1501 1592 1585 1635 (nisi
1610 1592 1692 1625 sorte
1715 1603 1753 1625 ex
1779 1602 1854 1636 spe-

1115 1647 1188 1681 ciali
1215 1647 1318 1690 gratia
1341 1646 1577 1690 patronorum)
1608 1655 1675 1678 non
1700 1645 1853 1686 habeant,

1115 1702 1229 1734 saltem
1253 1700 1287 1733 in
1307 1699 1484 1743 praedictis
1502 1698 1651 1732 domibus
1669 1698 1855 1732 institutum

1116 1754 1277 1787 stabiliter
1302 1752 1483 1786 subsistere
1508 1751 1623 1796 possit,
1648 1755 1685 1784 ut
1717 1751 1856 1795 proinde

1116 1807 1230 1840 merito
1254 1805 1393 1838 instituti
1418 1805 1516 1838 huius
1541 1804 1652 1838 clerici
1684 1808 1717 1837 et
1748 1814 1857 1837 sacer-

1118 1861 1210 1893 dotes
1243 1859 1276 1891 in
1309 1857 1524 1902 dispositione
1558 1856 1643 1890 circa
1677 1857 1765 1890 bona
1800 1867 1858 1890 sua

1119 1912 1311 1955 temporalia
1327 1911 1535 1954 praecipuam
1561 1911 1677 1943 harum
1703 1910 1859 1944 domuum

1837 163 1885 191 An.
1907 163 1925 190 c
1953 147 2024 193 inst

339 1974 399 2008 pro
416 1963 516 2006 signis
530 1963 569 1995 ad
585 1962 739 1995 exercitia
751 1962 933 2006 spiritualia
947 1964 1075 1998 dandis.

149 2022 332 2071 dffi,‚',¹}‚'³,2²²jg'³,⁰,
386 2027 454 2051 x111.
482 2016 641 2049 Fundatio
659 2026 718 2060 pro
743 2016 841 2050 domo
867 2018 1077 2051 emeritorum

150 2071 377 2103 v110r11=·1.dequein
413 2069 524 2113 quavis
560 2069 801 2104 arcliidioecesi
836 2071 886 2104 vel
919 2071 1078 2114 ampliore

1120 1965 1228 1998 debite
1265 1964 1505 1997 fundandarum
1540 1963 1699 1996 rationem
1735 1963 1859 1996 habere

1121 2019 1271 2053 debeant.
1298 2018 1395 2050 Facta
1419 2022 1527 2050 autem
1553 2017 1653 2050 semel
1679 2016 1860 2050 sufficiente

1122 2072 1360 2117 praedictarum
1387 2071 1558 2104 domorum
1575 2070 1606 2102 in
1624 2069 1732 2113 aliqua
1756 2068 1861 2103 archi-

1124 2125 1267 2159 dioecesi
1284 2125 1335 2157 vel
1353 2123 1493 2157 dioecesi
1512 2123 1712 2163 fundatione,
1726 2133 1765 2156 ea
1780 2132 1861 2166 quae

1125 2187 1297 2221 superesse
1322 2176 1503 2218 contigerit,
1523 2176 1555 2208 in
1576 2175 1655 2209 alios
1681 2175 1751 2218 pios
1773 2186 1860 2216 usus,

151 2105 252 2123 bonorum
283 2104 333 2123 tem·

151 2129 256 2179 {1331ssOE
272 2123 487 2181 pssftfidioessesi
523 2123 636 2155 haberi
669 2124 792 2166 poterit
831 2133 869 2157 ex
906 2125 1080 2158 collatione

153 2186 247 2202 mmmm
270 2177 506 2210 eona-bonorum
541 2176 626 2210 iuxtn
662 2177 926 2211 constitutionem
950 2188 1001 2212 xtx
1025 2189 1078 2211 sa-

154 2212 218 2229 nune.

349 2230 527 2269 cerdotum‚
552 2230 599 2262 uti
616 2234 648 2263 et
671 2240 733 2273 ope
752 2230 879 2274 piisque
896 2231 1011 2273 legatis
1027 2241 1083 2274 pa-

352 2286 528 2315 tronorum.
549 2282 755 2326 Regulariter
772 2283 939 2316 observari
956 2283 1082 2326 poterit,

354 2339 388 2367 ut
412 2335 517 2368 media
549 2346 623 2378 pars
654 2336 899 2379 praedictorum
924 2336 1085 2370 bonorum

355 2388 536 2431 applicetur
561 2390 598 2421 ad
621 2389 732 2422 domos
752 2389 975 2429 emeritorum,
993 2395 1025 2422 et
1042 2391 1087 2423 al-

357 2446 425 2473 tera
450 2441 554 2474 media
585 2453 659 2484 pars
694 2444 732 2476 ad
764 2444 877 2476 domos
902 2443 1088 2481 iuventutis,

357 2494 402 2525 ita
427 2499 533 2525 tamen
559 2501 591 2527 ut
615 2496 685 2528 aliis
711 2497 903 2530 necessariis
939 2497 1088 2540 expensis

359 2546 513 2579 faciendis
539 2549 660 2592 puriter
681 2551 824 2583 satistiat.

1126 2237 1157 2264 et
1174 2235 1238 2262 tam
1255 2229 1396 2262 clericali
1417 2228 1491 2261 liuic
1507 2228 1654 2262 instituto
1673 2238 1769 2271 quam
1785 2228 1863 2271 ipsi·

1127 2288 1192 2317 met
1217 2282 1451 2316 archidioecesi
1476 2283 1528 2315 vel
1554 2281 1715 2321 dioecesi,
1742 2281 1774 2313 in
1799 2291 1865 2324 qua

1126 2341 1307 2375 versantur,
1333 2335 1495 2378 proficuos
1528 2345 1603 2367 usus
1630 2334 1862 2377 expendantur,

1128 2395 1162 2421 ut
1182 2394 1213 2421 et
1237 2399 1313 2421 cura
1338 2388 1517 2421 animarum
1535 2387 1650 2420 melius
1671 2392 1812 2429 geratur,
1834 2390 1861 2419 et

1130 2453 1177 2481 ea,
1192 2452 1272 2485 quae
1287 2441 1469 2474 institutum
1483 2441 1545 2473 hoc
1562 2439 1764 2483 praescribit,
1782 2449 1866 2472 com·

1132 2495 1257 2527 modius
1285 2495 1316 2527 in
1342 2494 1465 2537 praxim
1491 2493 1690 2536 redigantur,
1712 2497 1811 2536 prout
1834 2491 1866 2525 in

1133 2549 1267 2583 Domino
1292 2549 1395 2582 visum
1417 2547 1525 2581 suerit.
