2111 3157
131 203 180 229 An.
202 202 316 231 01684

175 584 307 613 Otistantium

125 615 221 631 remotio.

142 1808 230 1835 specius
245 1807 301 1829 sacti,

359 195 426 230 ⁴59ss

912 208 1093 232 BULLARIUM
1116 209 1267 235 ROMAM'M

322 255 434 297 palatii
448 254 621 298 aposteliei
636 255 854 297 aiiditore230
868 256 897 289 S.
910 257 1062 290 R.E.ca1·-
1105 259 1258 292 lemnium
1277 260 1424 300 erexerit,
1436 261 1548 305 illique
1563 263 1840 309 subinde,nempe

323 307 458 347 dinales,
479 308 574 341 etiam
597 310 635 342 de
654 309 754 342 latere
773 310 908 352 legatos,
925 310 1060 343 iudicari

1106 312 1156 344 die
1179 323 1219 346 xv
1243 313 1383 346 octobris
1415 325 1548 349 itocxxti
1575 318 1841 352 communicatio-

322 366 353 393 et
379 361 507 394 definiri
533 361 668 402 debere,
696 373 731 395 ac
757 362 883 395 irritum
910 368 942 396 et
965 363 1060 396 inane
1105 375 1177 397 nem
1205 367 1349 399 omnium
1386 368 1630 411 privilegiorum
1666 370 1839 405 Ordinibus

321 413 346 445 si
371 423 463 446 secus
492 424 591 456 super
623 414 672 447 liis
703 425 720 447 a
749 425 925 458 quoquam,
950 416 1059 459 quavis

320 466 520 506 auctoritate,
540 467 682 500 scienter
697 469 745 501 vel
766 468 968 511 ignoranter,
984 480 1061 502 con-

321 519 431 561 tigerit
448 520 616 552 attentari.

362 572 377 615 g
401 572 433 605 4.
460 572 529 606 Non
546 573 750 607 obstantibus
777 575 925 609 omnibus
946 581 977 609 et
992 576 1059 609 sin-

319 626 402 668 gulis
425 626 502 667 illis,
527 637 608 670 quae
634 627 731 661 iidem
755 629 914 669 Clemens,
940 629 1056 663 Paulus

319 684 350 712 et
374 679 583 713 Innocentius
607 681 880 724 praedecessores
905 683 937 715 in
964 683 1057 716 dictis

318 732 382 765 suis
410 732 526 766 litteris
552 734 762 776 praeinsertis
786 736 961 768 voluerunt
990 746 1055 768 non

318 786 447 820 obstare
463 800 478 827 ,¹
497 787 682 832 ceterisque
718 789 889 822 contrariis
922 789 1058 832 quibus-

317 850 469 884 cumque.

360 893 473 926 Datum
491 894 621 935 Romae,
643 895 729 938 apud
754 895 784 928 S.
805 895 935 928 Mariam
960 896 1056 928 Maio-

316 957 397 987 rem,
426 948 484 981 sub
513 950 635 982 annulo
662 949 846 990 piscatoris,
875 950 926 982 die
958 960 995 983 xx
1013 950 1056 982 se-

315 1000 438 1032 bruarii
477 1011 676 1042 uncrxxxw,
708 1002 917 1045 pontificatus
953 1002 1053 1035 nostri

316 1062 400 1086 anno
425 1063 495 1086 vul.

349 1113 407 1141 Dat.
426 1114 469 1142 die
489 1115 523 1143 20
542 1115 671 1143 februarii
695 1116 772 1151 1681,
795 1116 890 1152 pontif.
909 1124 979 1144 anno
996 1123 1053 1144 vili.

602 1261 759 1295 cxxxvi.

315 1338 534 1381 Confirmatio·
543 1339 703 1373 decretum
713 1341 980 1383 Congyreqalz'om's
991 1342 1054 1384 epl—

357 1402 525 1435 scoporum
546 1397 574 1425 el
591 1393 797 1435 regyularium
822 1405 885 1436 quo
909 1393 1053 1426 declara-

359 1450 412 1478 ίαν
431 1446 566 1479 Clericos
582 1446 755 1489 Reyzdures
773 1447 959 1490 Paupermn
984 1448 1053 1480 Ma-

360 1499 419 1531 lri's
444 1499 503 1532 Dei
528 1510 591 1532 esse
615 1505 775 1543 exetiiplos
792 1512 812 1533 a
828 1501 1054 1534 iurisdictione

360 1551 622 1591 Ordinariorum,
638 1558 666 1585 et
678 1553 820 1595 [lctudere
834 1553 975 1586 omnibus
988 1555 1054 1598 pri-

360 1604 454 1648 leqiis
478 1605 739 1638 lllendz'ccznli'um
754 1606 773 1639 ¹.

499 1686 696 1713 Innocentius
718 1688 797 1721 Papa
817 1687 865 1720 XI,

454 1731 490 1757 ad
510 1730 641 1758 futuram
662 1731 705 1758 rei
727 1733 909 1759 memoriam.

355 1801 412 1845 ,ξ’Ῑ.
427 1801 544 1845 Nuper,
556 1813 614 1845 pro
624 1808 713 1845 parte
724 1803 832 1835 dilecti
849 1803 904 1836 lilii
921 1815 1052 1847 praepo-

313 1855 363 1887 siti
387 1856 550 1897 generalis
572 1856 837 1898 Congrcgationis
854 1857 1050 1890 Clericorum

313 1909 494 1952 pauperum
513 1909 618 1941 Matris
632 1910 685 1942 Dei
700 1910 892 1943 Scliolarum
909 1911 1048 1951 Piarum,

314 1962 565 2005 Congregationi
591 1963 826 1996 venerabilium
848 1964 978 1997 fratrum
998 1976 1051 1998 no-

314 2022 457 2048 strorum
482 2016 513 2048 S.
542 2016 576 2048 R.
602 2015 635 2048 E.
661 2016 873 2049 cardinalium
910 2018 1049 2060 negotiis

314 2075 345 2101 et
370 2069 659 2102 consultationibus
686 2069 915 2113 cpiscoporum
942 2076 974 2103 et
1002 2081 1051 2103 re—

314 2122 471 2164 gularium
490 2123 694 2165 praepositae
716 2123 979 2180 exposithuod
998 2124 1050 2168 (li-

315 2179 364 2206 cet
380 2174 508 2214 dudum,
528 2175 679 2208 videlicet
697 2176 748 2208 die
774 2187 851 2209 xviii
869 2177 1051 2209 novembris

314 2235 430 2259 Mncxxi
447 2254 454 2266 ,
478 2227 580 2260 felicis
606 2229 841 2261 recordationis
879 2229 1051 2272 Gregorius
1072 2269 1073 2281 ἵ

315 2279 399 2322 Papa
436 2280 486 2311 XV
521 2281 755 2323 praedecessor
791 2287 900 2314 noster
936 2282 1051 2315 dictam

315 2330 605 2373 Congrcgationem
639 2333 837 2367 Clericorum
863 2334 895 2366 in
921 2335 1051 2377 religio-

1105 417 1362 452 illendicantibus
1386 430 1624 462 concessorum,
1641 433 1706 455 non
1731 424 1839 457 solum

1103 471 1142 503 ad
1162 481 1273 504 eorum
1290 472 1400 511 instar,
1418 474 1472 506 scd
1490 475 1585 508 etiam
1608 476 1838 518 parisormiter,

1103 529 1134 556 et.
1158 535 1258 568 aeque
1283 526 1510 570 principaliter
1533 539 1605 561 cum
1631 529 1838 573 amplissimis

1102 577 1254 610 clausulis
1279 580 1483 620 concesserit,
1500 587 1597 624 prout
1622 582 1652 614 in
1678 582 1763 616 binis
1788 583 1838 616 lit-

1103 630 1177 663 teris
1201 631 1302 673 ipsius
1326 632 1474 675 Gregorii
1496 635 1758 677 praedecessoris
1784 636 1840 669 de-

1100 693 1198 726 super
1215 685 1374 728 expeditis
1389 687 1514 728 plenius
1527 687 1645 720 dieitur
1661 689 1834 729 contineri;

1100 740 1131 767 et
1157 742 1229 779 post
1254 737 1381 780 aliquos
1400 745 1502 771 status
1520 740 1734 783 mutationisss
1756 752 1836 785 quas

1100 790 1213 822 eadem
1248 791 1463 834 Congregatio
1488 792 1684 828 Clericorum
1710 806 1836 829 sueces-

1100 842 1164 876 sive
1189 854 1282 886 passa
1303 845 1419 886 suerat,
1441 848 1633 881 recolendae
1659 849 1834 883 memoriae

1099 895 1245 930 Clemens
1259 898 1343 941 Papa
1359 899 1391 938 X,
1411 899 1505 932 etiam
1525 902 1760 943 praedeeessor
1777 913 1835 936 no-

1098 955 1181 989 ster,
1210 950 1312 994 ipsam
1337 952 1630 995 Congrcgationem
1653 955 1692 987 ad
1718 961 1834 990 statum

1099 1004 1282 1044 regularem
1322 1010 1354 1036 et
1394 1005 1522 1038 titulum
1560 1007 1729 1049 religionis
1761 1019 1835 1042 cum

1098 1055 1271 1089 emissione
1298 1057 1392 1089 trium
1411 1063 1559 1091 votorum
1577 1060 1783 1101 solemnium,
1802 1066 1835 1095 et

1098 1108 1135 1140 ad
1163 1108 1346 1142 fruitionem
1378 1111 1524 1144 omnium
1562 1118 1595 1145 et
1629 1113 1834 1155 singulorum

1097 1161 1355 1204 privilegiorum,
1372 1164 1619 1205 immunitatum,
1636 1167 1832 1208 facultatum,

1098 1221 1353 1258 exemptionum,
1374 1218 1573 1261 aliarumque
1599 1219 1773 1261 gratiarum
1802 1227 1834 1254 et

1097 1268 1296 1302 indultorum
1316 1270 1489 1304 Ordinibus
1507 1272 1761 1306 Mendicantibus
1779 1274 1834 1307 liu-

1096 1321 1235 1354 iusmodi
1270 1323 1519 1365 quomodolibet
1543 1336 1772 1359 concessorum
1799 1327 1834 1360 ln

1098 1374 1246 1406 omnibus
1272 1381 1303 1407 et
1327 1386 1384 1418 per
1402 1377 1509 1409 omnia
1532 1378 1571 1410 ad
1589 1378 1708 1411 limites
1726 1389 1834 1423 supra-

1098 1427 1254 1460 dictarum
1283 1429 1434 1462 binarum
1471 1430 1617 1474 Gregorii
1650 1433 1834 1475 praedeces-

1097 1482 1181 1513 soris
1203 1481 1392 1523 litterarum,
1412 1490 1442 1517 ct
1459 1484 1689 1518 iuxtaillarurn
1703 1486 1832 1527 seriem,

1097 1534 1345 1577 dispositionem
1384 1542 1416 1569 et
1441 1543 1586 1571 tenorem
1606 1566 1613 1579 ‚
1640 1540 1832 1573 auctoritate

1096 1589 1321 1630 apostostolica
1339 1589 1515 1623 restituerit
1529 1597 1560 1624 et
1573 1592 1832 1637 reintegraverit)

1097 1641 1307 1675 nihilominus
1328 1654 1345 1675 a
1360 1644 1525 1677 nonnullis
1538 1634 1749 1688 sparg‘ebatur
1765 1646 1834 1690 opi-

1096 1694 1165 1734 nio,
1193 1696 1280 1738 quod
1307 1707 1371 1729 non
1396 1697 1470 1730 ideo
1496 1697 1580 1731 dieta
1605 1698 1833 1742 Congregatio,

1096 1748 1229 1792 eiusque
1254 1749 1362 1782 clerici
1393 1751 1557 1792 regulares
1583 1752 1621 1784 ab
1647 1751 1832 1786 Ordinario-

1095 1813 1164 1834 rum
1190 1803 1411 1836 iurisdictione
1442 1805 1582 1847 exempti
1616 1811 1746 1847 essent,
1772 1806 1830 1839 sub

1094 1862 1261 1899 praetextu
1287 1857 1373 1899 quod
1400 1858 1583 1891 huiusmodi
1616 1859 1830 1902 exemptionis

1094 1910 1263 1942 concessio
1284 1910 1315 1942 in
1335 1910 1428 1942 dictis
1452 1911 1630 1954 privilegiis
1655 1912 1832 1946 individua-

1094 1963 1166 1996 liter
1191 1973 1345 2006 expressa
1370 1974 1434 1996 non
1468 1969 1575 2004 esset;
1604 1969 1636 1997 et
1660 1965 1693 1998 in
1718 1967 1830 2000 eadem

1094 2016 1293 2059 expositione
1319 2016 1514 2057 subiuncto,
1542 2018 1627 2061 quod
1657 2029 1693 2052 ex
1719 2019 1831 2052 huius-

1094 2070 1181 2103 modi
1213 2070 1369 2112 opinione
1402 2072 1501 2103 multa
1533 2072 1751 2105 nascebantur
1774 2072 1826 2106 in-

1094 2123 1280 2163 commoda;
1303 2124 1459 2166 ideoque,
1481 2134 1553 2157 eum
1579 2125 1741 2158 notorium
1766 2125 1829 2166 sit,

1094 2177 1245 2209 omnibus
1281 2178 1510 2219 regularibus,
1548 2177 1664 2221 quibus
1699 2178 1830 2221 privile-

1094 2231 1144 2273 gia
1158 2230 1313 2264 Ordinum
1328 2231 1578 2264 Mendieantium
1592 2231 1830 2265 communicata

1094 2290 1180 2325 sunt,
1200 2284 1439 2327 exemptionem
1458 2285 1497 2317 ab
1518 2283 1760 2317 Ordinariorum
1781 2285 1830 2318 iu-

1095 2336 1283 2369 risdictione
1310 2337 1496 2370 huiusmodi
1522 2342 1731 2380 competere,
1757 2338 1828 2381 ipse

315 2393 389 2417 nem
416 2395 486 2417 cum
512 2386 685 2419 emissione
713 2387 808 2420 trium
833 2394 979 2421 votorum
1005 2399 1053 2421 so·
1072 2389 1074 2432 ξ
1095 2391 1298 2433 praepositus
1331 2391 1493 2433 generalis
1525 2392 1563 2424 de
1589 2394 1772 2434 opportuna
1795 2391 1829 2424 in

353 2475 364 2500 1
383 2473 420 2501 De
437 2475 603 2511 exemptione
623 2477 656 2503 ab
676 2477 833 2513 Ordinariis,
856 2478 915 2505 vide
934 2477 1053 2505 Clemen-

317 2518 351 2545 tis
366 2518 383 2545 Χ
401 2524 485 2549 const.
501 2521 544 2547 ed.
557 2530 599 2548 aa.
616 2528 733 2555 mricnxx,
751 2523 868 2549 octobris
886 2523 928 2557 18,
944 2527 1017 2558 pont.
1034 2530 1051 2556 1,

318 2567 345 2590 et
360 2564 393 2590 de
407 2564 465 2590 aliis
482 2566 624 2601 privilegiis
636 2567 694 2593 vide
707 2567 784 2594 liuius
797 2567 894 2595 Pontis.
908 2572 994 2595 const.
1008 2567 1050 2595 ed.

316 2612 478 2644 UDCLxxxVI,
496 2611 657 2645 septembris
673 2613 698 2645 3,
715 2616 789 2648 pont.
808 2622 831 2640 x.

1095 2444 1281 2486 praemissis
1306 2444 1524 2477 declaratione
1549 2444 1711 2488 provideri
1729 2445 1831 2488 pluri-

1072 2504 1179 2531 lmum
1205 2498 1373 2540 cupiebat:
1399 2497 1558 2530 emanavit
1593 2497 1631 2529 ad
1661 2497 1730 2530 eius
1756 2508 1830 2541 sup-

1096 2550 1301 2592 plicationem
1339 2551 1378 2583 ab
1415 2551 1527 2583 eadem
1570 2550 1828 2593 Congrcgatione

1129 2612 1246 2641 ‘ll'01ius
1258 2614 1316 2648 lege
1329 2614 1444 2649 (dissitas
1454 2617 1544 2641 status
1556 2614 1727 2642 imitationes
1735 2614 1829 2649 (thr.)-

1848 217 1896 245 An.
1918 217 1946 245 C.
1963 217 2013 246 168
