2111 3157
0 241 32 261 n.
46 233 75 261 C.
98 233 165 261 1680

751 237 962 261 muocaarms
983 239 1015 262 xi
1040 239 1089 262 ΡΡ.
1576 226 1640 260 357
1686 235 1735 262 An.
1752 234 1780 262 c.
1802 234 1870 261 1680

215 293 246 317 v.
274 283 304 317 Si
330 290 435 317 autem
466 295 549 318 unus
583 285 632 318 vel
666 285 729 318 duo
761 285 904 328 ipsorum

173 336 358 370 auditorum
376 348 485 370 causas
505 337 627 381 aliquas
649 337 688 370 ad
705 347 739 370 se
758 342 905 380 spectan-

174 393 222 421 tes
241 394 314 422 ante
333 389 451 422 dictum
477 389 659 422 auditorum
683 389 822 422 tribunal
847 389 904 420 ha-

173 440 305 474 buerint
319 442 409 485 (ipsis
426 452 561 485 quorum
577 441 726 474 intererit
738 441 902 483 exclusis),

174 494 294 538 reliqui
319 495 483 527 auditores
502 496 565 528 una
585 505 656 528 cum
674 504 785 527 eorum
800 493 903 526 scriba

174 557 228 579 eas
246 547 376 580 audiant
392 552 423 580 et
440 547 605 580 definiant.

217 609 262 632 vi.
288 598 436 632 Ceterum
472 604 603 632 caveant
627 599 799 641 diligenter
828 598 903 631 dicti

174 652 346 691 auditores,
372 662 412 684 ne
433 652 606 695 quidquam
630 652 731 695 (quod
751 652 847 694 absit)
866 661 902 684 ex

173 705 409 747 complacentia
422 704 533 747 quovis
550 704 647 738 modo
664 704 780 736 iniuste
799 704 903 737 facere

173 759 223 791 vel
249 759 464 792 determinare
489 764 708 802 praesumant,
734 759 806 799 sed,
831 769 904 791 cau-

173 821 280 843 sarum
305 812 533 844 controversiis
557 812 685 851 auditis,
712 811 833 844 iustitia
857 811 904 844 di-

173 863 319 905 rigente,
343 863 506 904 iudicent,
529 870 623 907 prout
648 863 707 897 sibi
736 870 903 897 consenta-

173 925 270 948 neum
294 915 394 948 visum
412 916 520 948 suerit.

216 979 270 1001 v11.
298 968 345 1000 Ab
366 978 476 1001 eorum
496 975 599 1002 tamen
621 971 789 1003 sententiis
810 970 903 1003 liceat

174 1025 346 1063 aggravato
371 1021 409 1052 ad
435 1021 623 1054 definitores
641 1024 819 1065 appellare,
841 1033 903 1065 qua

174 1073 390 1116 appellatione
423 1073 624 1116 interposita,
646 1075 677 1106 in
708 1086 819 1107 causas
843 1075 902 1118 ipsi

174 1137 207 1159 se
225 1127 362 1169 amplius
378 1137 444 1160 non
462 1127 686 1161 intromittant.
704 1128 761 1166 Oui
775 1129 904 1171 quidem

174 1179 360 1212 definitores
374 1190 439 1212 non
450 1179 541 1213 facile
556 1181 730 1214 sententias
744 1187 903 1221 revocent,

174 1231 234 1263 nisi
249 1231 379 1273 cognita
398 1234 491 1264 causa
508 1238 539 1265 et
556 1233 672 1265 auditis
686 1234 902 1266 auditoribus.

216 1294 286 1316 vni.
313 1284 552 1324 Verumtamen,
579 1295 618 1317 ne
644 1286 716 1318 lites
741 1285 905 1318 immorta-

174 1336 220 1368 les
245 1335 322 1368 fiant
341 1341 371 1368 et
393 1336 423 1368 in
442 1337 573 1379 longum
600 1338 696 1370 nimis
713 1339 905 1381 protrahan—

174 1394 235 1429 tur,
253 1389 322 1432 ipsa
346 1389 519 1431 appellatio
539 1400 638 1433 usque
664 1391 702 1423 ad
728 1391 903 1434 capitulum

172 1440 317 1484 proxime
343 1441 482 1473 futurum
508 1441 672 1483 inclusive,
697 1445 746 1476 vel
772 1443 901 1483 dietam,

174 1493 215 1526 ob
238 1493 412 1526 faciliorem
439 1495 587 1527 solvendi
620 1496 810 1535 facultatem,
826 1507 905 1539 pen-

175 1546 251 1579 dere
268 1547 391 1589 possit;
415 1558 478 1590 quo
498 1549 688 1590 tempore‚si
703 1551 905 1592 appellantes

173 1600 232 1642 ipsi
258 1601 409 1643 prosequi
431 1601 642 1642 neglexerint,
661 1602 818 1634 sententia
836 1602 905 1645 ipsa

173 1657 316 1685 transeat
333 1652 364 1684 in
381 1663 448 1684 reni
468 1653 656 1685 iudicatam:
674 1654 718 1686 ita
735 1655 829 1696 quod,
845 1654 904 1686 nisi

173 1705 376 1737 condemnati
398 1710 471 1737 aute
488 1706 681 1738 electionem
699 1706 905 1738 definitorum

172 1757 396 1795 satisfecerint,
417 1757 447 1789 in
467 1758 571 1789 futura
588 1763 663 1790 tunc
678 1759 825 1801 proxima
842 1761 906 1791 elc-

172 1810 278 1842 ctione
303 1809 506 1842 definitorum
541 1820 616 1842 voce
651 1817 782 1843 careant
806 1812 905 1844 activa

173 1867 204 1894 et
238 1861 374 1904 passiva,
413 1862 584 1894 dummodo
622 1867 769 1906 tempore
797 1863 904 1896 debito

173 1914 332 1947 sententia
353 1914 432 1956 ipsis
456 1913 602 1946 intimata
620 1914 727 1947 suerit.

216 1978 258 2001 tx.
295 1967 476 2000 Sententias
515 1972 622 1999 autem
662 1968 904 2010 praedictorum

173 2021 363 2061 auditorum,
385 2032 421 2053 ac
438 2031 548 2053 eorum
568 2026 636 2053 acta
657 2021 689 2053 in
709 2021 836 2065 scriptis
855 2033 906 2055 re-

173 2074 273 2114 dacta,
298 2073 387 2106 finito
414 2084 524 2106 eorum
549 2073 665 2113 officio,
685 2075 830 2107 volumus
856 2085 906 2107 re-

173 2125 284 2168 gimini
305 2124 498 2167 consignari,
534 2136 605 2158 cum
639 2125 708 2158 aliis
738 2126 905 2169 scripturis

173 2179 409 2211 conservanda.

216 2241 247 2263 x.
274 2230 311 2263 Et
334 2236 369 2262 ut
392 2230 536 2273 ipsorum
558 2235 686 2273 patrum
712 2230 903 2269 auditorum,

175 2283 228 2327 qui
244 2284 437 2316 honorabile
456 2284 633 2315 membrum
653 2283 822 2316 definitorii
836 2295 904 2316 esse

175 2341 354 2376 censentur,
374 2337 533 2368 elucescat
549 2336 734 2375 auctoritas,
761 2347 819 2379 pro
841 2347 906 2378 gra·

175 2388 272 2420 vitate
295 2388 381 2421 illius
406 2388 586 2426 tribunalis,
610 2389 714 2420 locum
741 2389 786 2420 eis
811 2399 906 2431 supe-

176 2439 297 2472 rIOrem
310 2445 385 2483 post
401 2440 552 2472 vicarium
571 2440 769 2481 assignamus
788 2440 820 2472 in
839 2446 905 2473 toto

177 2493 327 2534 capitulo,
344 2493 388 2524 ita
404 2499 455 2532 ut,
481 2493 513 2524 in
539 2492 685 2524 absentia
708 2491 827 2532 vicarii,
854 2503 905 2534 gc-

947 285 1102 326 lebratur,
1129 286 1222 318 etiam
1248 285 1463 329 particularia,
1485 289 1573 317 iuxta
1596 283 1678 316 ordi-

945 348 1019 370 nem
1045 339 1256 381 professionis
1280 338 1342 371 sibi
1366 338 1504 371 invicem
1528 337 1678 370 deferen-

945 396 1000 431 tes,
1026 391 1119 434 signa
1142 391 1279 425 saciant:
1305 391 1445 424 officium
1465 401 1540 424 vero
1565 401 1676 424 eorum

944 453 1044 486 usque
1069 444 1108 477 ad
1129 444 1369 477 absolutionem
1390 444 1522 487 capituli
1547 444 1652 477 duret.

988 505 1010 529 1.
1038 495 1117 533 Quia
1141 501 1307 529 crescente
1338 497 1371 529 in
1401 496 1468 529 dics
1494 495 1678 539 Congrcga-
1713 509 1781 530 cim
1796 508 1849 529 xvi.

945 549 1042 589 tione,
1068 549 1200 592 negotia
1221 560 1348 592 quoque
1381 549 1591 592 multiplicari
1614 561 1678 583 ma·
1689 536 1871 591 riob‘c'affi‘i'ti‘ifs‘ssi

944 601 1095 634 nifestum
1120 607 1190 641 est,
1217 602 1296 635 adeo
1332 607 1366 634 ut
1396 612 1455 635 nec
1481 602 1676 643 definitores,
1687 588 1789 643 Essssssllk'
1826 588 1871 633 151¹!

944 664 1003 687 nec
1020 664 1186 687 causarum
1204 654 1367 687 auditores
1388 654 1480 687 facile
1498 655 1605 687 omnia
1625 666 1678 688 ex·
1688 640 1871 693 ssssiffliffmw

944 706 1055 749 pedire
1072 706 1214 749 possint:
1230 706 1315 746 ideo,
1333 711 1368 738 ut
1382 717 1420 739 eo
1439 706 1562 739 facilius
1579 717 1678 740 onera

945 759 1077 802 capituli
1102 763 1282 802 portentur,
1308 770 1372 803 quo
1390 759 1423 791 in
1443 760 1553 802 plures
1572 759 1679 792 distri-

944 812 1022 844 buta
1039 811 1165 852 fuerint,
1185 811 1321 854 eligatur
1336 812 1516 844 monachus
1541 811 1622 845 sidus
1647 817 1679 845 et

945 864 1032 897 omni
1058 864 1242 907 suspicione
1268 875 1392 906 carens,
1418 869 1513 908 atque
1539 864 1571 897 in
1596 875 1680 898 eom-

944 923 1095 960 putorum
1119 923 1185 950 arte
1209 917 1342 960 peritus,
1360 917 1413 960 qui
1432 922 1577 960 tempore
1595 916 1680 960 capi-

946 970 1003 1002 tuli
1020 970 1061 1002 sit
1077 969 1344 1012 Congregationis
1364 969 1595 1012 depositarius;
1615 969 1678 1002 hoc

946 1022 1059 1056 ordine
1085 1033 1102 1055 a
1126 1022 1349 1055 definitoribus
1373 1022 1557 1064 eligendus:
1580 1021 1678 1060 Quili-

945 1075 1000 1108 bet
1020 1075 1171 1108 definitor
1194 1075 1225 1107 in
1251 1085 1358 1108 aurem
1375 1074 1474 1117 patris
1491 1074 1679 1117 praesiden-

946 1128 986 1160 tis
1007 1138 1106 1160 unum
1124 1127 1292 1167 nominet;
1320 1127 1436 1160 deinde
1463 1127 1621 1160 nominati
1645 1138 1680 1161 o-

946 1191 1037 1213 mnes
1063 1179 1219 1222 suffragiis
1237 1185 1470 1223 supponantur,
1490 1184 1521 1212 et
1539 1180 1591 1223 qui
1610 1181 1679 1223 plu-

946 1243 999 1266 res
1020 1231 1173 1265 habuerit
1196 1242 1305 1272 voces,
1326 1232 1366 1264 sit
1389 1232 1624 1274 depositarius;
1652 1233 1678 1266 si

946 1295 1023 1317 vero
1048 1285 1159 1327 plures
1184 1284 1215 1315 in
1240 1294 1321 1316 voce
1344 1295 1436 1327 pares
1463 1284 1592 1324 fuerint,
1625 1285 1679 1328 qui

947 1337 1099 1380 superior
1127 1341 1177 1368 est
1201 1336 1405 1379 professione
1421 1363 1429 1377 ,
1463 1337 1677 1380 praeferatur.

946 1390 1025 1423 lIuic
1049 1389 1247 1432 depositario
1265 1389 1398 1431 praelati
1424 1390 1585 1433 marsupia
1609 1401 1680 1423 cum

947 1443 1012 1475 suis
1032 1442 1178 1485 pecuniis
1197 1442 1236 1474 ad
1253 1442 1448 1474 monasteria
1466 1447 1587 1475 tantum
1608 1454 1680 1486 per—

947 1495 1133 1535 tinentibus,
1152 1504 1229 1537 quas
1254 1494 1314 1536 ipsi
1338 1504 1451 1527 secumx
1472 1505 1529 1527 seu
1552 1495 1606 1528 alii
1632 1506 1681 1529 eo-

946 1559 1017 1580 rum
1043 1547 1174 1580 nomine
1199 1546 1385 1587 detulerint,
1403 1557 1530 1580 necnon
1555 1548 1680 1581 litteras

947 1600 1070 1640 cambii,
1097 1600 1124 1633 si
1150 1610 1227 1643 quas
1251 1599 1381 1639 liabent,
1403 1600 1605 1642 consignent.
1623 1601 1681 1634 Pe-

948 1653 1057 1687 cunias
1084 1658 1188 1686 tamen
1214 1652 1252 1685 ad
1271 1652 1469 1685 monasteria
1493 1663 1559 1685 non
1583 1653 1681 1696 perti-

947 1712 1073 1745 nenteS,
1099 1706 1123 1737 si
1149 1715 1228 1748 quas
1252 1715 1352 1747 penes
1377 1715 1409 1737 se
1441 1710 1494 1737 aut
1515 1705 1576 1738 alio
1601 1717 1681 1748 quo-

948 1758 992 1789 vis
1017 1759 1089 1790 loco
1107 1757 1204 1799 aliqui
1222 1757 1404 1796 habuerint,
1423 1757 1454 1789 in
1475 1758 1602 1800 signum
1620 1759 1681 1790 liu-

947 1810 1090 1843 militatis
1109 1815 1140 1842 et
1157 1810 1357 1842 reverentiae
1375 1810 1456 1852 patri
1481 1809 1680 1853 praesidenti

947 1862 1165 1894 manifestent.
1192 1861 1264 1904 Ipse
1288 1872 1364 1894 vero
1389 1862 1607 1905 depositarius
1632 1872 1681 1895 su-

948 1926 1006 1958 per
1020 1913 1140 1947 libellis
1155 1913 1327 1947 cuiuslibet
1344 1915 1540 1955 monasterii,
1555 1926 1572 1948 a
1588 1925 1682 1958 prae-

948 1968 1012 2000 lato
1036 1966 1171 2009 singulis
1196 1966 1345 2009 capitulis
1370 1967 1571 2007 deferendis,
1597 1977 1679 2011 quae

948 2019 1118 2052 scribenda
1142 2024 1216 2051 sunt
1240 2019 1369 2059 scribat,
1386 2019 1533 2052 videlicet
1558 2019 1680 2062 debita,

947 2072 1070 2105 credita
1094 2071 1181 2105 illius
1204 2071 1392 2104 monasterii
1412 2082 1484 2104 cum
1501 2071 1681 2115 Congrege-

949 2125 1047 2164 tionc,
1074 2130 1261 2157 annatarum
1282 2124 1406 2157 scilicet
1421 2129 1453 2157 et
1471 2129 1612 2157 taxarum
1629 2135 1681 2157 su-

947 2178 1176 2220 pradictarum,
1191 2182 1223 2210 et
1240 2177 1266 2209 si
1285 2187 1364 2219 quas
1381 2182 1514 2219 propter
1531 2187 1585 2209 eas
1605 2182 1681 2210 tem·

948 2241 1026 2273 pore
1051 2229 1182 2273 capituli
1218 2235 1271 2261 aut
1297 2229 1382 2261 intra
1414 2229 1589 2262 triennium
1623 2230 1682 2262 im-

947 2282 1022 2325 poni
1049 2281 1244 2324 contigerit,
1269 2287 1301 2314 et
1324 2281 1475 2314 similiter
1509 2282 1617 2314 debita
1649 2286 1683 2314 et.

948 2335 1067 2367 credita
1091 2333 1190 2377 patris
1214 2333 1439 2376 praesidentis
1463 2334 1678 2375 visitatorum,

948 2387 1165 2430 procuratoris
1186 2387 1346 2428 generalis
1367 2392 1398 2419 et
1415 2386 1550 2420 aliorum
1569 2397 1605 2420 ex
1623 2399 1680 2431 pa-

949 2439 1051 2471 tribus
1069 2444 1099 2471 et
1120 2439 1300 2479 monachis,
1320 2438 1372 2482 qui
1390 2439 1523 2472 nomine
1540 2439 1681 2483 Congre-

949 2491 1086 2534 gationis
1119 2491 1240 2534 aliquid
1273 2492 1465 2535 receperint,
1491 2498 1588 2536 prout
1621 2503 1680 2536 per

176 2543 298 2576 neralia
314 2571 321 2584 ,
355 2544 386 2576 in
419 2545 565 2577 absentia
588 2554 664 2577 vero
688 2544 831 2576 omnium
857 2555 906 2577 su-
926 2567 928 2572 .
948 2544 1112 2577 auditores
1130 2554 1295 2577 causarum
1310 2544 1482 2588 diligenter
1499 2545 1680 2579 examinata

178 2595 339 2639 periorum
357 2596 556 2637 monasterii,
582 2596 637 2628 ubi
655 2596 832 2639 capitulum
856 2607 907 2630 ce-
949 2601 981 2629 et
997 2597 1173 2640 approbata
1191 2597 1321 2631 fuerint.
