2111 3157
57 230 104 258 An.
120 228 147 255 C.
172 228 237 256 1686

247 287 317 309 rum
342 277 494 310 localium
525 276 702 320 permissu;
730 280 760 308 et
785 275 869 318 quod
896 275 976 307 tales

246 335 474 372 procuratores
499 330 619 361 nullam
637 329 760 372 possint
786 332 896 360 mutuo
919 331 977 358 tra-

247 382 322 415 dere
339 382 545 425 pecuniarum
559 382 782 424 quantitatem,
802 390 902 423 penes
921 389 976 412 eos

247 433 444 474 existentem,
470 434 590 467 nemini
616 434 653 465 ad
680 433 813 465 multim
836 431 882 463 vel
908 441 978 474 par-

244 497 318 519 vum
344 492 478 530 tempus,
495 487 681 530 privationis
707 485 800 518 officii
820 486 926 528 poena
946 488 978 516 et

245 540 365 572 activae
390 545 422 572 et
444 539 588 583 passivae
609 539 695 571 vocis
713 539 750 570 ad
769 542 906 580 quatuor
922 547 977 569 an-

243 602 315 632 nos,
353 592 524 624 dummodo
564 592 723 634 quantitas
760 594 903 622 mutuata
938 589 978 620 sit

245 655 344 688 supra
363 644 479 687 ,viginti
504 644 622 684 realia;
649 653 776 675 necnon
810 644 978 674 teneantur

243 697 340 730 iidem
365 703 593 740 procuratores
631 697 784 729 adnotare
820 694 853 726 in
891 695 976 726 libro

242 750 425 793 particulari
450 750 618 782 memorias
643 748 754 785 litium,
781 756 862 789 quae
887 746 976 779 sinito

243 802 347 835 officio
373 803 420 835 vel
447 802 683 844 consignentur
715 799 892 833 successori
917 800 976 840 ⁴vel

242 855 470 897 relinquantur
494 856 527 886 in
553 854 710 887 archivio.

76 918 106 939 no
129 917 231 947 magmas
285 918 314 940 x.
341 906 430 945 Quod
455 907 610 949 religiosi,
635 906 688 949 qui
707 905 918 947 migraverint
936 914 974 937 ex

48 947 304 1001 ξῖἷῖιῗιςρξῖἷᾙῖῗιιηο
329 959 367 991 ad
393 960 490 992 alium
513 960 617 991 locum
635 959 671 991 ad
690 957 825 999 negocia
846 967 975 989 suorum

48 997 111 1018 mm*
217 1014 219 1017 ⁴
240 1012 522 1051 monasteriorum,
545 1012 582 1044 ad
607 1011 799 1044 visitandum
825 1015 976 1052 parentes

240 1065 289 1097 vel
314 1065 586 1107 consanguineos,
614 1064 661 1096 vel
686 1063 725 1096 ad
757 1063 834 1095 alias
861 1063 976 1105 quasli-

241 1118 297 1151 bet
321 1127 384 1157 res,
410 1117 620 1150 admittantur
645 1117 676 1149 in
702 1116 895 1149 monasterio
921 1115 977 1148 Or-

242 1170 335 1210 dinis,
372 1170 427 1202 ubi
466 1170 686 1213 pervenerint,
727 1169 901 1201 dummodo
937 1168 976 1200 sit

241 1233 311 1255 cum
336 1222 467 1256 licentia
491 1233 622 1255 suorum
648 1222 863 1264 superiorum,
882 1227 913 1253 et
930 1222 975 1253 eis

241 1275 437 1309 concedatur
462 1275 640 1318 hospitium
674 1280 705 1306 ct
736 1274 836 1307 victus
870 1274 974 1316 spatio

240 1328 336 1361 trium
354 1328 489 1367 dierum,
507 1334 548 1366 et,
566 1328 590 1360 si
611 1329 684 1371 plus
703 1327 858 1360 dictorum
877 1327 973 1359 trium

241 1381 367 1415 dierum
392 1381 641 1424 permanserint,
662 1382 784 1413 solvere
804 1385 975 1413 teneantur

239 1444 298 1476 pro
325 1434 473 1476 quolibet
497 1433 547 1465 die
574 1433 632 1465 tria
658 1432 758 1465 realia
778 1434 873 1465 causa
898 1432 972 1465 dicti

239 1485 372 1529 hospitii
398 1491 430 1518 et
454 1486 566 1525 victus,
594 1496 687 1528 quam
706 1495 861 1518 summam
880 1496 974 1528 supe-

239 1539 305 1572 rior
329 1543 359 1571 et
385 1538 547 1581 hospitale
572 1549 589 1570 a
614 1538 729 1581 quibus
746 1538 916 1570 mittuntur
935 1543 973 1570 te-

239 1597 376 1625 neantur
408 1593 542 1632 solvere,
577 1591 751 1624 dummodo
776 1592 817 1623 sit
841 1592 878 1624 ad
904 1601 972 1624 rem

240 1650 270 1678 et
295 1645 430 1687 negocia
456 1645 527 1677 talis
553 1644 752 1683 monasterii,
778 1649 809 1676 et
834 1644 887 1687 qui
912 1644 972 1676 hac

239 1698 278 1731 de
304 1699 405 1736 causa,
437 1698 486 1730 vel
522 1697 632 1740 quavis
668 1697 730 1730 alia
766 1707 831 1730 non
856 1697 971 1729 iverint

239 1751 277 1784 ad
303 1751 463 1784 edendum
496 1755 528 1783 et
563 1750 790 1783 dormiendum
823 1750 854 1782 in
880 1750 972 1783 dictis

238 1803 444 1837 monasteriis
480 1803 649 1843 locorum,
681 1803 735 1835 ubi
760 1803 970 1846 perveniunt,

237 1856 423 1899 superiores
454 1866 565 1888 eorum
604 1856 721 1888 saciant
755 1866 810 1888 eos
836 1856 971 1899 capi,et

238 1910 269 1942 in
295 1909 480 1942 carceribus
504 1908 667 1949 custodiri,
694 1919 730 1942 ex
752 1919 816 1952 quo
841 1920 969 1943 carcere

238 1962 378 1996 amoveri
423 1973 488 1995 non
533 1963 658 2005 possint
699 1963 823 2005 absque
857 1964 970 1996 ordine

237 2015 338 2059 patris
358 2015 518 2058 generalis
538 2017 587 2049 vel
608 2016 816 2059 provincialis
834 2028 840 2057 ;
868 2021 899 2049 et
924 2027 970 2048 su.

236 2069 419 2113 perioribus
452 2068 646 2111 prohibetur
680 2075 821 2112 potestas
857 2081 971 2104 conce-

239 2121 336 2155 dendi
369 2121 532 2154 licentiam
560 2121 623 2153 suis
652 2122 824 2164 religiosis,
843 2128 877 2155 ut
897 2128 970 2156 eant

239 2174 270 2207 in
295 2174 357 2207 alia
381 2175 462 2213 loca,
486 2174 540 2206 ubi
558 2185 623 2207 non
641 2175 722 2209 adsit
742 2177 970 2209 monasterium

240 2226 376 2266 Ordinis,
415 2229 499 2260 ultra
538 2233 662 2270 tempus
699 2228 794 2263 trium
831 2229 969 2269 dierum,

236 2286 451 2323 permanente
477 2282 582 2322 poena
608 2281 899 2322 transgressoribus
917 2282 972 2314 iin-

237 2332 313 2376 poni
339 2332 444 2365 debita
470 2332 603 2365 arbitrio
629 2333 727 2375 patris
753 2334 925 2375 generalis.

279 2397 322 2420 xi.
354 2385 454 2425 Quod,
481 2386 639 2418 existente
671 2386 856 2420 delinitorio
877 2387 970 2421 simul

237 2450 310 2473 cum
344 2444 437 2483 patre
473 2439 615 2480 generali
648 2439 681 2471 in
713 2439 879 2482 hospitali,
916 2441 969 2473 ubi

235 2493 428 2532 inveniatur,
443 2497 528 2531 tunc,
543 2493 617 2535 quia
634 2498 855 2535 repraesentat
873 2498 969 2527 totam

236 2546 438 2589 religionem,
458 2545 576 2578 habeat
600 2546 705 2578 locum
725 2547 969 2589 praecedentiae

236 2599 397 2643 superiori
430 2599 546 2639 locali,
573 2599 723 2632 omnibus
749 2600 969 2634 definitoribus

347 2661 424 2689 Ball.
447 2661 528 2688 Rom.
551 2676 582 2681 —-
607 2662 664 2690 Vol.
687 2662 761 2690 XIX.
906 2664 938 2690 89

58 2392 88 2414 Do
98 2393 225 2418 superiorum

45 2423 142 2446 primatu.

829 226 1039 251 INNOCENTH'S
1062 227 1091 250 xl
1117 226 1164 249 Pr.

1652 212 1715 246 7055
1760 222 1807 249 An.
1825 221 1852 249 c,
1876 221 1942 249 1085

1019 272 1282 317 permanentibus
1310 272 1493 305 immediate
1517 276 1592 314 post
1625 277 1750 315 patrem

1019 327 1204 368 generalem
1237 325 1413 358 secundum
1446 324 1659 358 maioritatem
1698 336 1751 358 eo-

1019 390 1089 411 rum
1115 379 1302 418 officiorum,
1329 384 1360 412 et
1384 378 1487 411 dictus
1512 378 1670 421 superior,
1695 379 1750 422 qui

1019 433 1123 464 solum
1149 437 1199 464 est
1223 437 1320 475 caput
1350 432 1418 464 eius
1450 431 1600 469 familiae,
1633 432 1752 465 habeat

1019 485 1124 516 locum
1143 484 1360 517 immediatum
1382 485 1532 517 dexterae
1550 495 1661 517 manus
1679 490 1752 528 post

1020 537 1256 577 definitorium‚
1285 542 1348 571 tam
1380 537 1412 569 in
1437 538 1628 577 refectorio,
1655 549 1751 582 quam

1019 589 1050 620 in
1077 589 1147 621 aliis
1171 590 1309 632 publicis
1340 591 1389 623 vel
1425 590 1556 632 privatis
1593 590 1691 631 locis,
1718 591 1751 624 in

1020 642 1136 684 quibus
1161 642 1244 674 adsit
1275 643 1379 675 dictus
1404 648 1494 685 pater
1525 644 1687 685 generalis
1720 648 1753 677 et

1019 693 1088 725 eius
1107 693 1416 733 definitorium,cum
1433 696 1663 729 communitate
1681 696 1751 729 talis

1019 747 1223 785 monasterii;
1244 747 1540 786 animadvertendo,
1560 749 1646 792 quod
1666 749 1751 782 dicto

1018 800 1101 842 patri
1133 801 1277 841 generali
1307 807 1338 833 et
1368 801 1434 833 eius
1471 801 1655 835 definitorio
1691 803 1753 835 hae

1019 852 1057 884 de
1082 853 1175 884 causa
1196 862 1260 884 non
1279 854 1434 895 competit
1455 854 1598 895 regimen
1625 855 1751 896 domus,

1018 904 1073 936 sed
1099 909 1223 936 tantum
1249 905 1419 947 superiori.
1443 905 1479 938 Et
1502 906 1587 938 idem
1612 907 1674 939 erit
1697 908 1753 941 oh-

1018 956 1211 988 servandum
1237 957 1269 988 in
1292 957 1452 998 domibus,
1478 958 1532 990 ubi
1559 959 1665 991 adsint
1697 971 1752 1003 pa-

1019 1015 1081 1042 tres
1107 1009 1328 1052 provinciales,
1362 1011 1415 1053 qui
1453 1018 1688 1046 concurrentes
1719 1013 1753 1046 in

1018 1063 1096 1095 actis
1120 1063 1394 1103 conventualibus,
1421 1063 1481 1107 ipsi
1507 1065 1674 1099 habebunt
1692 1067 1753 1110 pri⁴

1018 1126 1105 1148 mum
1144 1117 1250 1149 locum
1293 1121 1324 1149 et
1362 1118 1635 1160 praecedentiam,
1674 1120 1755 1153 sicut

1018 1168 1143 1201 ratione
1169 1179 1281 1202 eorum
1307 1169 1402 1202 officii
1428 1171 1554 1210 attinet,
1582 1176 1615 1204 et
1639 1172 1677 1205 ad
1699 1183 1753 1206 eo-

1017 1233 1085 1254 rum
1109 1232 1238 1254 manum
1264 1222 1429 1256 dexteram
1455 1224 1589 1258 habebit
1613 1225 1681 1259 eius
1708 1227 1739 1259 lo

1017 1287 1089 1308 cum
1115 1276 1265 1319 superior
1301 1277 1425 1317 domus,
1449 1282 1481 1311 et
1512 1279 1551 1311 ad
1586 1279 1753 1313 sinistram

1017 1329 1083 1361 eius
1108 1329 1308 1369 secretarius,
1335 1334 1366 1362 et
1391 1335 1464 1372 post
1487 1330 1546 1364 hos
1564 1331 1750 1373 consiliarii,

1017 1381 1093 1419 et,si
1105 1386 1197 1424 pater
1214 1382 1421 1425 provincialis
1439 1384 1532 1417 simul
1552 1385 1646 1418 suerit
1663 1386 1753 1429 prior

1017 1434 1181 1467 cuiusdam
1220 1436 1424 1475 monasterii,
1465 1437 1600 1471 habebit
1642 1439 1752 1472 locum

1017 1487 1164 1519 dexterae
1189 1497 1301 1520 manus
1326 1488 1393 1520 eius
1413 1490 1614 1529 secretarius,
1639 1501 1657 1523 a
1680 1492 1752 1524 sini-

1016 1541 1081 1571 stra
1105 1539 1308 1573 consiliarius
1339 1541 1541 1584 professione
1573 1544 1749 1587 antiquior.

1015 1591 1065 1631 Et,
1088 1592 1222 1624 absente
1240 1598 1330 1635 patre
1349 1594 1494 1635 generali
1519 1594 1558 1627 ab
1585 1596 1753 1639 hospitali,

1014 1644 1067 1676 ubi
1105 1644 1226 1677 residet
1258 1655 1328 1677 cum
1354 1645 1422 1678 eius
1452 1646 1646 1686 definitorio,
1688 1655 1752 1682 tam

1016 1697 1186 1730 occasione
1216 1697 1425 1738 visitationis,
1460 1709 1554 1742 quam
1591 1701 1749 1744 aliquovis

1015 1755 1191 1792 praetextu,
1233 1750 1286 1783 alii
1327 1756 1434 1793 patres
1472 1752 1657 1793 delinitorii‚
1695 1755 1749 1798 qui

1014 1802 1263 1846 permanserint,
1289 1803 1429 1836 debeant
1454 1805 1612 1838 abstineri
1634 1817 1651 1839 a
1674 1818 1752 1841 con<

1014 1866 1106 1889 cursu
1132 1860 1274 1889 actorum
1299 1857 1538 1890 communitatis
1565 1869 1636 1893 cum
1661 1861 1750 1897 ¹dicto

1014 1910 1192 1953 superiori;
1234 1910 1400 1953 quoniam,
1428 1911 1560 1945 absente
1593 1916 1749 1956 generali,

1014 1964 1067 2007 qui
1094 1969 1143 1997 est
1168 1969 1272 2007 caput,
1288 1974 1352 1997 non
1372 1970 1519 1997 remanet
1536 1976 1652 2010 corpus
1672 1968 1751 2001 defi-

1013 2016 1132 2056 nitorii,
1147 2027 1207 2050 nec
1221 2022 1355 2060 possunt
1368 2018 1535 2051 celebrare
1551 2024 1620 2052 acta
1640 2021 1749 2055 talium

1013 2070 1233 2110 definitorum,
1260 2075 1300 2110 et,
1319 2070 1344 2102 si
1363 2076 1479 2114 sponte
1498 2072 1597 2105 velint
1613 2083 1750 2107 concur-

1013 2133 1084 2156 rere
1110 2123 1202 2156 dictis
1223 2123 1382 2156 exercitiis
1401 2128 1432 2155 et
1452 2124 1529 2156 actis
1551 2132 1749 2160 conventua-

1014 2177 1107 2215 libus,
1134 2176 1179 2209 eis
1205 2175 1324 2208 debeat
1348 2177 1545 2218 praecedere
1572 2178 1673 2211 dictus
1697 2190 1750 2212 su-

1013 2230 1125 2273 perior
1148 2229 1268 2268 localis,
1293 2229 1376 2262 sicut
1399 2234 1494 2272 caput
1519 2230 1585 2263 eius
1607 2242 1749 2266 commu-

1015 2283 1142 2322 nitatis;
1170 2288 1200 2315 et
1224 2282 1309 2315 idern
1335 2282 1534 2322 observatur,
1553 2284 1583 2316 in
1602 2285 1749 2319 absentia

1013 2335 1200 2378 superioris,
1226 2346 1244 2367 a
1268 2335 1451 2369 consiliario
1476 2337 1667 2380 antiquiori,
1697 2339 1747 2372 cui

1015 2389 1156 2431 regimen
1190 2389 1303 2421 domus
1340 2388 1456 2421 attinet
1492 2389 1615 2433 absque
1648 2390 1747 2425 inter-

1013 2447 1108 2475 ventu
1134 2441 1292 2474 dictorum
1319 2446 1443 2483 patrum
1469 2441 1657 2477 definitorii.

1055 2505 1110 2528 ΧΠ.
1138 2494 1226 2533 Quod
1251 2500 1369 2538 patreS,
1396 2495 1450 2538 qui
1486 2495 1614 2529 fuerunt
1650 2508 1748 2540 gene·
1768 2504 1942 2551 ‚bneoxaanm-

1012 2549 1094 2581 rales
1120 2548 1295 2590 religionis,
1310 2549 1393 2581 ultra
1420 2548 1544 2582 titulum
1570 2532 1819 2592 p1·im0r·1m'¹⁰⁵'

1013 2601 1226 2635 discretorum
1246 2628 1254 2644 ‚
1287 2606 1319 2635 et
1358 2602 1597 2646 praerogativas
1630 2604 1747 2648 quibus
