2111 3157
215 240 264 266 Αη.
281 238 309 265 c,
335 237 401 265 reso
445 228 509 263 336

239 301 319 324 Quibus
342 306 396 328 41011.

212 330 250 348 lius
274 333 395 354 praedmgus

212 362 258 376 ‘¹³²⁰
276 356 361 381 debeat.

449 287 622 321 Ordinatus
647 291 753 319 antem
779 285 878 318 abbas
903 283 1025 327 cogitet
1058 294 1142 317 sem-

406 352 465 385 per
489 342 583 384 quale
609 350 691 373 onus
716 339 878 382 suscepit,
905 343 938 371 et
961 337 1012 370 eui
1036 337 1143 370 reddi-

407 399 495 426 turus
532 398 581 425 est
614 392 775 425 rationem
811 390 1015 424 villicationis
1047 400 1141 431 suae·‚

405 448 549 489 sciatque
574 446 636 478 sibi
661 451 815 488 oportere
850 445 1005 488 prodesse
1041 443 1143 485 magis

407 510 503 543 quam
527 508 690 541 praeesse.
717 498 852 540 Oportet
875 507 953 539 ergo
973 507 1047 530 eum
1073 505 1143 528 esse

407 553 538 585 doctum
562 551 594 583 in
626 551 699 594 lege
731 550 848 591 divina,
876 555 912 582 ut
946 549 1025 582 sciat
1056 549 1143 582 unde

405 604 551 647 proferat
564 614 648 637 nova
665 608 822 643 etvetera‚
837 608 971 643 castum,
987 602 1143 643 sobrium,

405 657 662 698 misericordem,
699 662 732 690 et
761 666 890 700 semper
922 657 1145 699 superexaltet

405 710 660 743 miscricordiam
679 710 812 750 iudicio,
831 715 865 742 ut
882 710 967 742 idem
984 710 1051 752 ipse
1073 720 1144 741 con-

406 769 579 807 aequatum
605 764 711 797 oderit
745 764 836 803 vitia,
874 763 988 806 diligat
1011 763 1141 795 fratres,

407 817 442 850 In
467 817 536 860 ipsa
570 822 677 850 autem
717 816 922 850 correctione
962 816 1144 859 prudenter

408 876 490 913 agat,
517 876 548 903 et
573 881 613 903 ne
638 870 716 914 quid
741 870 855 910 nimis;
882 880 931 908 ne,
950 869 1025 902 dum
1050 869 1144 901 nimis

408 924 544 956 eradere
570 924 658 966 cupit
682 923 862 965 eruginem,
888 922 1052 964 frangatur
1075 931 1142 961 vas3

408 987 564 1020 suamque
589 976 796 1019 fragilitatem
820 985 950 1017 semper
973 979 1143 1016 suspectus

407 1030 461 1070 sit,
486 1029 735 1071 memineritque
768 1029 926 1061 calamum
958 1032 1144 1070 quassatum

407 1092 473 1114 non
498 1082 745 1115 conterendum.
772 1082 807 1114 ln
839 1081 956 1123 quibus
980 1089 1046 1112 non
1072 1079 1144 1112 dici-

408 1145 477 1167 mus
500 1141 535 1167 ut
558 1135 725 1178 permittat
749 1134 865 1166 nutriri
885 1133 969 1173 vitia,
988 1133 1045 1165 sed
1074 1143 1144 1175 pru-

408 1189 526 1221 denter
558 1194 685 1221 etcum
721 1188 880 1221 charitate
917 1197 955 1220 ea
986 1191 1142 1229 amputet,

407 1246 507 1283 prout
545 1241 662 1273 viderit
697 1241 812 1284 cuique
856 1239 1028 1282 expedire,
1065 1239 1144 1271 sieut

407 1293 472 1326 iam
512 1294 661 1333 diximus,
702 1299 734 1327 et
768 1294 896 1326 studeat
932 1294 1004 1336 plus
1044 1292 1143 1324 amari

408 1358 503 1390 quam
536 1347 667 1387 timeri;
702 1358 767 1380 non
800 1347 841 1379 sit
876 1346 1082 1379 turbulentus
1114 1351 1145 1378 et

408 1401 537 1441 anxius,
569 1411 634 1434 non
668 1401 708 1433 sit
738 1400 856 1433 nimius
889 1404 921 1432 ct
946 1399 1142 1438 obstinatus,

408 1464 473 1487 non
498 1454 538 1487 sit
561 1456 728 1497 zelotypus
765 1459 796 1486 et
819 1453 914 1486 nimis
939 1452 1142 1495 suspiciosus,

409 1507 484 1550 quia
508 1518 673 1551 nunquam
699 1507 892 1550 requiescet.
919 1506 953 1538 In
986 1506 1063 1549 ipsis
1088 1506 1144 1538 im-

407 1560 509 1603 periis
535 1561 601 1593 suis
634 1560 675 1593 sit
705 1560 860 1603 providus
893 1565 926 1595 et
959 1559 1145 1592 considera-

408 1618 477 1653 tus,
503 1613 570 1646 sive
596 1614 772 1647 secundum
797 1613 913 1653 Deum,
940 1612 1005 1645 sire
1031 1623 1145 1645 secun-

409 1667 487 1698 dum
504 1667 667 1699 saeeulum
685 1666 765 1705 sint;
789 1676 888 1709 opera
905 1676 986 1708 quac
1005 1665 1145 1707 iniungit

408 1720 572 1753 discernat
596 1724 627 1752 et
650 1724 828 1762 temperet3
858 1720 1004 1761 cogitans
1026 1718 1145 1751 discre-

410 1767 539 1808 tionem‘
555 1774 656 1807 sancti
680 1773 785 1806 Iacobi
805 1773 962 1805 dicentis:
981 1773 1017 1805 Si
1035 1784 1144 1815 (lv-esses

406 1839 490 1861 meos
508 1828 584 1871 plus
608 1826 842 1859 inambulando
865 1827 965 1868 fecero
984 1826 1142 1867 laborare,

407 1884 589 1917 morientur
617 1882 725 1914 cunclt'
755 1891 819 1912 uno
850 1880 912 1912 die.
950 1880 1033 1912 Ilaec
1066 1890 1143 1921 ergo

407 1938 534 1981 aliaque
574 1934 760 1969 testimonia
795 1933 1001 1966 discretionis
1035 1933 1144 1965 matris

405 1991 559 2023 virtutum
575 1998 718 2028 sumens,
739 1987 783 2020 sic
800 1987 907 2020 omnia
926 1992 1092 2029 temperet,
1111 1992 1146 2019 ut

406 2044 447 2077 sit
479 2043 567 2087 quod
601 2046 633 2075 et
666 2042 766 2074 fortes
797 2041 928 2083 cupiant
964 2045 996 2072 et
1027 2039 1143 2072 infirmi

406 2107 472 2129 non
497 2095 682 2137 refugiant3
710 2100 741 2126 et
766 2094 962 2137 praecipue,
989 2098 1024 2125 ut
1052 2103 1145 2136 prac—

406 2155 532 2182 sentem
556 2150 705 2190 regulam
729 2147 761 2179 in
787 2147 937 2180 omnibus
962 2151 1142 2186 conservet,

406 2208 450 2242 ut,
468 2204 544 2235 dum
561 2203 645 2234 bene
663 2200 903 2239 ministraverit,
922 2199 1031 2231 audiat
1050 2210 1067 2231 a
1088 2199 1146 2232 Do-

407 2256 506 2293 mino,
531 2256 618 2297 qnod
644 2264 756 2286 servus
780 2254 885 2286 bonus
919 2253 973 2295 qui
1002 2252 1146 2294 erogarit

407 2308 548 2340 triticum
570 2308 733 2340 conservis
755 2307 819 2339 suis·
838 2307 869 2338 in
896 2312 1043 2348 ternpore
1069 2316 1144 2337 suo:

406 2361 511 2394 Amen
536 2361 606 2393 (lieo
631 2361 728 2399 vobis,
750 2360 805 2399 ait,
824 2369 919 2402 saper
936 2359 1044 2391 omnia
1063 2359 1146 2390 bana

407 2424 467 2447 sua
485 2414 655 2446 constituet
675 2424 757 2445 eum.

679 2484 874 2505 DlittLAttA'rw.

449 2530 486 2565 (11)
510 2538 529 2557 1.
556 2527 585 2556 111
609 2527 710 2555 abluitis
732 2527 912 2554 «ualitudinum
938 2524 1026 2554 Hodie
1045 2534 1147 2553 sccun-
1167 2550 1168 2564 ἓ

407 2576 475 2606 dum
501 2575 649 2615 privilegia
674 2578 769 2603 nostra
794 2574 942 2610 eliguntur
965 2582 1015 2611 per
1037 2572 1148 2610 capitu·

407 2627 467 2656 luni
497 2624 653 2663 generale,
685 2628 733 2652 aut
768 2632 817 2662 per
846 2622 938 2651 dieta<
972 2609 1168 2660 >capitanei

992 235 1171 260 BIJLLARIUM
1195 233 1347 259 ROMANFM

1185 285 1250 322 post
1271 281 1431 321 capitulum
1461 280 1665 319 celebrandas;
1690 281 1720 312 in
1743 281 1849 322 quibus
1877 282 1923 312 in-

1185 330 1349 360 terveniant
1372 330 1570 361 tantummodo
1592 330 1712 370 praelati
1729 331 1859 370 regimen
1873 331 1922 362 ha-

1184 379 1297 409 bentes.

1224 438 1254 458 11.
1279 429 1313 458 Et
1334 437 1420 459 nemo
1442 428 1579 468 deinceps
1601 428 1631 458 in
1654 427 1788 459 abbatem
1816 429 1851 460 de
1878 438 1922 461 re-

1185 477 1294 516 gimine
1310 477 1377 516 eligi
1393 477 1495 517 possit,
1511 476 1568 506 nisi
1583 477 1675 516 prius,
1692 485 1744 516 per
1759 477 1922 517 quinquen-

1186 526 1266 556 nium
1282 527 1439 566 expletum,
1457 525 1543 555 suerit
1563 525 1644 565 prior
1657 525 1831 564 claustralis,
1848 531 1875 557 et
1890 527 1921 559 in

1186 574 1373 605 observantia
1393 574 1521 613 regulari
1542 574 1708 605 immediate
1734 575 1920 615 exercitatus,

1185 627 1301 663 praeter
1312 623 1520 654 cancellarium
1536 627 1564 653 et
1576 623 1750 662 capsarium‚
1766 623 1922 655 dummodo

1187 672 1299 710 priores
1322 672 1473 702 extiterint
1495 676 1523 701 et
1545 676 1659 711 tempus
1675 681 1691 701 a
1707 671 1924 703 constitutioni-

1186 720 1239 749 bus
1261 720 1421 759 praessxum
1453 719 1620 750 imbuerint.
1652 719 1710 749 Nec
1741 720 1829 750 etiam
1857 720 1922 760 quis

1186 768 1253 806 eligi
1277 768 1366 807 possit
1389 768 1418 797 in
1442 767 1576 798 abbatem
1591 777 1657 797 cum
1675 768 1735 798 solo
1751 768 1847 806 titulo,
1864 769 1923 799 nisi

1186 817 1267 856 prius
1289 817 1377 846 fuerit
1400 816 1490 846 abbas
1518 825 1582 846 cum
1605 816 1759 855 regimine,
1789 816 1835 846 vel
1866 817 1924 847 sal-

1187 869 1243 894 tem
1262 865 1341 904 prior
1356 865 1531 902 claustralis,
1544 865 1594 904 qui
1610 873 1661 904 per
1676 865 1823 904 expletum
1839 866 1923 905 quiss-

1186 913 1345 952 quennium
1367 914 1397 942 in
1420 913 1564 952 prioratus
1594 912 1738 951 regimine
1766 922 1796 943 se
1824 913 1923 943 lauda-

1187 962 1285 992 biliter
1307 962 1438 1000 gesserit.
1468 961 1519 991 Illa
1541 961 1686 1000 siquidem
1712 961 1839 1000 dignitas
1860 962 1924 992 tali-

1186 1010 1240 1040 bus
1261 1009 1395 1046 debetur,
1418 1014 1566 1049 tamquam
1580 1009 1615 1039 de
1631 1009 1858 1048 Congregatione
1874 1009 1924 1040 be-

1187 1059 1348 1089 nemeritis.
1382 1059 1474 1088 Locus
1496 1067 1564 1088 vero
1595 1058 1672 1089 inter
1700 1058 1830 1096 abbates,
1863 1062 1922 1089 tam

1188 1108 1223 1138 de
1245 1108 1400 1147 regimine,
1424 1117 1510 1147 quam
1532 1116 1598 1137 eum
1620 1107 1681 1137 solo
1700 1107 1794 1144 titulo,
1811 1107 1922 1138 nemini

1187 1157 1377 1196 imposterum
1399 1156 1584 1186 concedatur.
1609 1155 1638 1185 Si
1660 1155 1724 1195 quis
1743 1159 1839 1186 autem
1855 1165 1924 1186 con-

1188 1209 1231 1235 tra
1263 1205 1425 1244 praesentis
1453 1203 1667 1234 constitutionis
1698 1203 1819 1234 sormam
1855 1213 1922 1244 pro-

1188 1260 1282 1285 motus
1304 1254 1401 1291 suerit,
1425 1263 1458 1284 eo
1479 1254 1542 1293 ipso
1571 1253 1736 1284 huiusmodi
1765 1253 1924 1293 promotio-

1187 1312 1238 1333 nes
1262 1303 1356 1333 uullas
1378 1307 1406 1333 et
1427 1302 1570 1332 invalidas
1592 1302 1785 1332 declaramus.
1808 1302 1925 1332 Praela-

1189 1356 1282 1382 torum
1305 1361 1374 1382 vero
1396 1352 1551 1381 electiones
1573 1351 1644 1381 fiant
1675 1351 1834 1381 seeundum
1862 1360 1924 1381 me-

1188 1403 1255 1440 rita,
1280 1412 1336 1432 non
1359 1402 1394 1432 ad
1416 1402 1545 1431 savorem
1568 1400 1745 1440 principum,
1768 1400 1847 1430 iuxta
1866 1400 1924 1430 for-

1189 1461 1264 1481 mam
1286 1451 1384 1481 Brevis
1406 1450 1557 1490 apostolici
1575 1449 1707 1488 Gregorii
1724 1449 1798 1486 XIII,
1815 1449 1849 1479 de
1865 1458 1922 1488 quo

1188 1502 1217 1531 in
1240 1501 1336 1540 prima
1357 1503 1438 1539 parte
1460 1498 1685 1535 ordinationum,
1702 1502 1730 1527 et
1749 1497 1866 1537 praevia
1882 1497 1924 1527 vi·

1188 1550 1338 1579 sitatorum
1360 1547 1579 1587 approbatione.
1606 1546 1660 1581 Qui
1682 1545 1801 1575 abbates
1823 1555 1857 1575 ex
1878 1545 1922 1575 in-

1188 1598 1267 1627 dulto
1288 1597 1369 1628 Sedis
1391 1595 1574 1635 Apostolieae
1598 1595 1706 1625 habent
1736 1595 1833 1624 omnia
1864 1594 1924 1634 pri-

1190 1646 1292 1685 vilegia
1314 1649 1341 1675 et
1363 1644 1488 1682 insignia
1511 1647 1539 1673 et
1560 1643 1803 1680 iurisdictionem,
1836 1652 1922 1682 quam

1188 1695 1307 1725 abbates
1340 1693 1471 1734 perpetui
1494 1696 1522 1723 et
1549 1692 1697 1722 benedicti
1729 1692 1835 1722 habere
1857 1702 1925 1722 con-

1188 1748 1355 1775 sueverunt.
1380 1743 1460 1779 Quod
1488 1742 1564 1771 enim
1587 1741 1680 1771 nostri
1701 1751 1779 1771 nunc
1806 1745 1835 1771 et
1855 1741 1923 1771 olim

1188 1804 1245 1823 nou
1267 1792 1480 1822 benedicuntur
1501 1790 1680 1825 solemniter,
1704 1789 1849 1820 indultum
1869 1790 1924 1820 fuit

1188 1842 1222 1871 ad
1246 1842 1370 1871 savorem
1403 1838 1652 1877 Coiigregatioriis,
1685 1847 1743 1867 non
1775 1838 1804 1867 in
1836 1838 1924 1868 detri-

1189 1895 1318 1920 mentum
1341 1888 1501 1927 dignitatis‚
1526 1891 1557 1917 ut
1589 1896 1622 1916 ex
1655 1886 1806 1926 priVilcgio
1833 1887 1925 1925 Euge-

1188 1940 1228 1969 nti
1251 1939 1296 1968 lv.

1227 1997 1266 2017 ni.
1304 1985 1429 2016 Membra
1468 1983 1711 2014 monasteriorum
1744 1992 1862 2013 suorum
1895 1988 1924 2014 et

1188 2035 1329 2066 beneficia
1352 2034 1407 2064 sibi
1430 2033 1559 2063 subiecta
1583 2033 1700 2062 visitare
1719 2036 1882 2062 teneantur.

1228 2093 1265 2113 iv.
1284 2083 1474 2113 Prohibemus
1497 2081 1632 2121 praelatis
1646 2081 1717 2120 ipsis
1729 2090 1876 2110 accessum
1889 2081 1924 2111 ad

1188 2133 1302 2163 Curiam
1333 2132 1503 2168 itomanam,
1527 2130 1583 2159 nisi
1613 2130 1647 2159 de
1669 2138 1812 2158 consensu
1835 2129 1924 2168 patris

1189 2180 1382 2221 praesidentis
1415 2184 1442 2209 et
1476 2179 1628 2216 utriusque
1665 2177 1824 2207 visitatoris
1856 2186 1924 2207 snae

1189 2229 1365 2269 provinciae,
1390 2236 1501 2257 necnon
1526 2227 1638 2256 abluitis
1659 2226 1688 2256 S.
1712 2226 1793 2256 Pauli
1816 2230 1844 2255 et
1860 2235 1925 2265 pro-

1188 2279 1330 2309 curatoris
1354 2278 1382 2307 in
1405 2277 1501 2308 Curia.
1924 2267 1926 2269 ’

1230 2337 1255 2357 r.
1281 2327 1449 2357 Proibernus
1471 2326 1556 2355 etiam
1580 2324 1621 2354 eis
1644 2322 1843 2353 executionem
1859 2322 1926 2353 ulti-

1189 2386 1300 2406 marum
1325 2376 1516 2412 voluntatum,
1540 2377 1571 2403 ut
1596 2372 1732 2402 videlicet
1753 2381 1847 2410 neque
1869 2372 1924 2411 ipsi

1189 2426 1217 2455 id
1240 2434 1385 2462 exercere,
1410 2433 1503 2462 neque
1522 2422 1677 2451 monachos
1692 2429 1759 2450 suos
1774 2420 1808 2450 ad
1826 2420 1926 2450 liuius-

1190 2474 1265 2503 modi
1290 2473 1441 2502 habilitare
1464 2472 1588 2507 valeant,
1612 2469 1675 2499 sine
1697 2468 1813 2498 licentia
1836 2468 1926 2508 patris

1191 2522 1393 2561 praesidentis,
1426 2525 1476 2550 ant
1498 2519 1689 2555 visitatorum,
1712 2517 1770 2547 nisi
1801 2517 1830 2546 in
1858 2526 1926 2546 casn

1190 2571 1311 2599 alicuius
1329 2569 1507 2599 imminentis
1519 2566 1711 2597 necessitatis.
1729 2565 1842 2596 Evitcnt
1858 2574 1926 2604 quo·

1190 2629 1244 2659 quc
1268 2618 1431 2658 >superfluos
1454 2621 1481 2647 et
1503 2625 1591 2646 vanos
1613 2618 1768 2655 apparatus
1787 2614 1814 2643 ln
1831 2618 1928 2644 'came-

1931 232 1981 261 An.
1998 231 2026 261 C.
2045 232 2109 263 1680
