2111 3157
0 232 24 251 n.
41 221 69 250 C.
91 222 158 250 ¹680

742 223 952 248 INNOCENTIUS
972 224 1003 247 XI
1029 225 1077 247 PP.

166 271 256 301 solani
278 271 415 301 innuunt.
440 271 475 301 At
502 271 666 311 praecipere
693 272 769 310 quod
799 272 897 300 lectio-

166 327 237 356 nes,
264 319 389 358 capitula
420 324 470 349 aut
497 320 654 358 antiphona
686 320 894 353 decantentur,

167 366 316 396 monachis
337 376 420 403 vero,
443 367 477 396 ad
500 367 620 397 eliorum
643 367 688 396 vel
710 367 744 396 ad
768 375 895 395 inensam

166 411 361 449 venientibus,
384 412 504 449 eisdem,
524 416 586 450 post
602 412 740 441 lectiones
762 411 896 440 recitatas

166 464 215 490 aut
236 464 299 499 post
319 460 389 489 alias
411 459 583 496 functiones,
605 460 765 498 genuflexis
780 460 895 497 signum

166 508 234 538 dare
255 512 286 538 ut
308 512 444 546 surgant,
468 512 517 537 aut
533 507 699 537 errantibus
714 508 850 536 mandare
866 512 895 537 ut

166 557 377 594 genuflectant,
411 560 491 586 actus
526 560 593 586 sunt
620 560 649 585 et
674 557 755 593 signa
781 556 895 585 iurisdi-

166 604 283 634 ctionis.
305 604 355 633 Illa
372 603 406 633 ad
423 603 554 633 titulares
569 604 733 641 superiores
749 607 893 641 spectant:
915 614 916 627 ι

166 652 237 681 baec
258 652 289 681 in
310 651 474 690 superiores
493 651 644 688 regiminis
659 651 776 680 cadunt.
800 651 896 681 Mona-

166 699 230 735 cho,
252 699 282 728 in
301 698 426 737 capitulo
445 702 511 728 ante
527 698 749 737 completorium
771 699 893 735 lecturo,

165 747 280 785 signum
301 745 433 777 lectionis
455 746 635 776 inchoandae
660 746 740 776 dabit
761 747 895 785 superior

166 795 308 831 titularis3
332 795 506 824 terminandi
532 804 599 824 vero
620 795 734 832 signum
763 795 895 834 superior

164 842 315 881 regiminis
336 843 430 872 saciat.
454 843 489 872 Et
510 843 679 882 priusquam
708 843 840 882 superior
861 843 896 872 ti-

165 891 265 920 tularis
287 891 402 920 inchoet
428 891 460 920 Te
482 890 567 920 Deum
593 891 752 929 laudamus,
774 901 789 920 a
811 900 895 930 supe-

164 939 234 969 riori
256 939 407 977 regiminis
428 939 633 976 sciscitabitur,
657 949 724 969 num
745 944 842 976 cantu,
858 949 893 969 an
915 959 916 965 η

165 986 273 1026 absque
295 991 380 1017 cantu
395 987 574 1018 recitandum
591 988 645 1024 sit3
668 988 744 1027 quod
760 988 835 1017 idem
851 988 895 1017 in-

166 1035 321 1073 telligimus
350 1035 514 1065 faciendum
537 1035 638 1065 diebus
652 1060 659 1073 ,
690 1036 797 1075 quibus
818 1045 895 1065 com-

165 1082 319 1122 pletorium
351 1087 436 1113 cantu
463 1084 688 1122 persolvendum
710 1084 781 1119 erit,
811 1088 838 1113 et
864 1084 893 1114 in

166 1131 229 1161 aliis
250 1131 394 1162 similibus
415 1131 540 1162 casibus.

204 1192 260 1214 xiv.
281 1183 421 1214 Abbatem
437 1184 647 1221 Cassinensem‚
664 1189 781 1225 propter
802 1186 895 1224 digni-

165 1237 253 1263 tatem
269 1233 324 1262 loci
339 1242 372 1263 ac
384 1234 589 1271 reverentiam,
606 1235 710 1264 merito
726 1235 893 1272 statuimus,

164 1280 200 1310 ab
222 1280 275 1310 hac
289 1281 476 1319 generalitate
491 1282 681 1320 excipientes,
701 1282 776 1321 quod
791 1283 820 1312 in
837 1287 895 1312 toto

164 1337 254 1367 regno
274 1328 461 1368 Neapolitano
484 1329 635 1368 praecedat
664 1339 763 1359 omnes
786 1330 896 1369 praela-

165 1382 220 1414 tOS,
236 1377 323 1407 etiam
344 1377 412 1415 loci,
428 1382 457 1407 et
471 1377 646 1415 visitatores,
664 1383 784 1417 excepto
800 1383 896 1408 tamen

171 1424 338 1455 1isitationis
352 1429 499 1464 ternpore,
523 1429 580 1454 tam
596 1425 625 1455 in
643 1434 695 1455 suo
710 1426 895 1461 monasterio,

978 279 1056 300 xvni.
1085 271 1228 301 Licentias
1258 277 1355 301 autem
1386 271 1588 310 particulares,
1619 276 1669 301 aut

916 348 918 351 ,
937 319 1179 357 dispensationes,
1202 329 1275 358 quae
1304 320 1378 349 ultra
1401 319 1574 349 visitationis
1598 324 1668 349 teni-

939 376 991 404 pus
1012 371 1080 396 sunt
1100 367 1255 397 duraturae
1273 391 1280 404 ,
1312 367 1479 407 praesidens
1501 377 1551 397 seu
1573 367 1670 397 visita-

939 418 1014 443 tores
1032 414 1126 443 nullas
1147 415 1316 452 concedant,
1333 424 1368 444 ne
1385 415 1455 444 forte
1470 414 1668 444 confusionem

937 462 1032 500 potius
1058 471 1143 501 quam
1177 472 1275 501 pacem
1306 463 1336 492 in
1364 463 1548 492 monasteriis
1579 463 1666 493 relin-

915 516 917 539 ῑ
937 514 1036 548 quant.
1060 510 1114 539 Sed
1136 511 1200 540 illas
1218 511 1441 549 particularibus
1458 511 1602 550 praelatis,
1618 511 1666 550 qui

936 558 1097 587 animarum
1119 558 1175 587 sibi
1198 558 1416 588 commissarum
1438 559 1593 588 clariorem:
1619 560 1669 589 ha-

937 605 1005 634 bent
1027 605 1158 635 notitiam
1176 629 1183 643 ,
1207 606 1389 644 relinquant,
1413 607 1469 635 nisi
1496 607 1532 636 in=
1554 607 1669 637 casibus

936 662 1008 691 quos
1030 653 1064 682 ad
1086 662 1116 682 se
1138 653 1349 683 rationabiliter
1378 655 1524 692 pertinere
1547 655 1666 693 patebit.

976 710 1034 730 x1x.
1058 701 1091 731 Et
1119 706 1187 731 tunc
1217 702 1248 731 in
1280 702 1396 740 scriptis
1427 703 1496 731 dent
1525 704 1668 741 praefatas

937 749 1068 778 licentias
1089 758 1155 778 cum
1177 749 1359 788 appositione
1386 749 1467 788 parvi
1490 750 1577 787 sigilli
1597 750 1670 780 Con-

936 797 1121 834 gregationis,
1144 797 1227 826 aliter
1248 797 1290 826 eis
1312 806 1369 827 non
1391 797 1564 827 adhibeatur
1585 798 1667 837 sides,

937 854 989 874 nec
1010 845 1082 884 ipsis
1104 845 1146 874 uti
1167 845 1280 875 valeant
1301 845 1351 884 qui
1373 854 1422 875 eas
1440 846 1615 884 receperint.

976 893 1013 931 (c)
1036 901 1084 921 xx.
1107 892 1216 922 Priores
1237 894 1359 922 iuniores
1373 903 1434 922 snos
1449 893 1552 923 fratres
1570 899 1668 923 vocent.

937 941 975 970 Ex
992 942 1088 970 nostra
1104 942 1226 980 antiqua
1247 941 1469 979 consuetudine,
1485 941 1519 971 ad
1536 942 1669 972 differen-

915 1011 916 1019 t
936 989 1005 1019 tiam
1027 989 1271 1026 Mendicantium,
1295 990 1451 1019 monachos
1480 993 1594 1019 nostros
1622 1000 1653 1030 ap

938 1037 1078 1076 pellamus
1099 1039 1226 1072 domnos,
1250 1038 1301 1067 sed*
1321 1038 1425 1067 affectu
1447 1038 1553 1068 fratres
1576 1038 1667 1069 iuni„-

937 1095 982 1115 res
1003 1086 1132 1116 seniores
1153 1095 1220 1116 suos
1243 1090 1339 1125 patres
1360 1090 1475 1124 vocant,
1498 1085 1587 1116 abbas
1602 1096 1670 1116 iero

937 1134 1070 1164 dominus
1091 1138 1119 1164 et
1140 1134 1228 1164 abbas
1249 1134 1420 1173 appelletur.

977 1184 1015 1219 (d)
1039 1191 1098 1212 xxi.
1121 1183 1339 1212 Benedictionem
1358 1185 1440 1221 petat.
1474 1182 1552 1212 Hanc
1581 1183 1668 1213 bene-

916 1255 917 1258 ,
937 1231 1071 1261 dictionis
1092 1231 1259 1270 petitionem
1281 1231 1472 1268 intelligimus
1500 1231 1583 1269 signo
1612 1241 1670 1261 ma-

916 1278 981 1317 ‘gis
1008 1288 1093 1318 quam
1126 1278 1231 1315 verbo3
1267 1278 1331 1308 ideo
1363 1287 1415 1317 per
1450 1279 1670 1310 inclinationem

939 1327 1041 1365 capitis
1063 1327 1123 1356 siat.

987 1399 1082 1430 CAPUT
1104 1398 1197 1429 LXIV.
1220 1416 1259 1423 —-
1280 1398 1319 1430 De
1348 1400 1495 1430 'rdinando
1515 1400 1617 1430 abbate.

1566 214 1631 248 335
1681 224 1724 250 in.
1742 224 1770 251 c.
1795 224 1861 251 1680

165 1482 251 1513 quam
272 1473 303 1503 in
324 1473 399 1503 aliis.
421 1473 508 1503 Extra
531 1482 651 1511 regnum
676 1474 897 1513 Neapolitanum
917 1486 920 1507 t

165 1521 317 1560 praecedat
339 1530 439 1552 omnes
461 1522 613 1561 praelatos,
627 1523 755 1562 exceptis
770 1523 898 1553 visitato·
916 1513 920 1566 f

167 1569 245 1600 ribus
266 1574 294 1600 et
317 1570 444 1609 praelato
465 1570 532 1600 loci.

204 1627 252 1647 xv.
286 1618 368 1648 Prior
398 1627 512 1657 quoque
536 1618 716 1648 Cassinensis
747 1618 776 1648 in
809 1611 919 1657 regno*

165 1666 353 1705 Neapolitano
381 1666 532 1705 praecedat
559 1675 659 1696 omnes
690 1666 760 1696 alios
788 1667 919 1705 priores*

166 1715 232 1745 loci.
255 1715 341 1746 Extra
363 1720 478 1753 autem,
502 1720 597 1745 teneat
624 1715 719 1745 locum
745 1724 812 1745 suae
835 1725 898 1755 pro-

983 1474 1030 1517 (α)
1056 1475 1089 1507 ln
1112 1473 1239 1506 abbatis
1263 1474 1473 1507 ordinatione
1504 1475 1562 1507 illa
1589 1485 1674 1508 sem-
1717 1486 1810 1511 sugamr
1827 1488 1865 1507 ab.

939 1537 997 1569 per
1020 1527 1244 1559 consideretur
1267 1526 1362 1566 ratio,
1391 1531 1428 1558 ut⁴
1461 1526 1515 1559 hic
1553 1511 1746 1560 consti-{Elim
1762 1519 1865 1563 ⁰2¹2?ssssss

917 1601 919 1606 .
940 1584 1047 1611 tnatur
1063 1606 1070 1619 ‚
1096 1589 1191 1621 quem
1216 1578 1276 1611 sibi
1302 1579 1406 1611 omnis
1437 1588 1576 1612 concors
1599 1566 1867 1619 con-fiffilfffflpa‘sst'sffl

939 1631 1106 1673 gregatio,
1132 1631 1309 1663 secundum
1335 1631 1486 1664 timorem
1507 1631 1580 1672 Dei,
1607 1617 1865 1690 six⁷e{÷{{{23}g›ga'ik.ss¹j

1834 1677 1853 1689 ‚u

940 1685 1035 1716 etiam
1060 1694 1134 1727 pars
1150 1710 1157 1723 ‚
1192 1682 1335 1726 quamvis
1362 1693 1469 1726 parva,
1495 1694 1715 1727 congrega-vn
1740 1696 1866 1724 narsi-nat·-

940 1736 1052 1776 tionis‚
1078 1735 1200 1768 saniori
1229 1735 1368 1768 consilio
1402 1736 1553 1778 elegerit.v
1584 1722 1834 1769 Vitae¹‘b¹¹³'¹⁰¹⁰¹⁵'

167 1764 311 1794 fessionis.

204 1820 263 1842 xvi.
285 1811 412 1842 Abbates
444 1820 513 1842 vero
538 1811 567 1842 S.
592 1811 672 1841 Pauli
703 1811 738 1841 de
765 1811 842 1841 Urbe
869 1818 897 1842 et.

165 1859 214 1890 SS.
237 1859 387 1890 Trinitatis
407 1860 508 1896 flavae,
530 1864 647 1898 propter
668 1860 849 1898 spiritualem
870 1864 897 1889 et

167 1908 355 1946 temporalem
376 1908 608 1937 iurisdictionem
629 1916 715 1946 quam
744 1908 774 1937 in
795 1908 898 1937 castris

166 1955 222 1986 sibi
243 1956 380 1986 subiectis
401 1960 549 1992 exercent,
565 1957 595 1986 in
612 1956 788 1986 monasterio
809 1960 837 1986 et
858 1956 898 1986 lo-

167 2004 209 2034 cis
227 2004 287 2034 suis
316 2009 429 2035 tantum
455 2013 544 2043 super
572 2004 748 2042 visitatores,
777 2008 898 2043 excepto

168 2053 340 2084 visitationis
362 2057 504 2092 tempore,
528 2052 624 2082 locum
646 2056 745 2082 tenere
766 2053 899 2083 decerni-

167 2111 242 2132 mus.
265 2101 438 2131 Procurator
459 2101 602 2139 generalis
617 2101 647 2131 in
662 2101 746 2131 Curia
767 2101 899 2131 Romana

167 2159 281 2190 semper
302 2154 330 2180 et
352 2149 458 2188 ubique
480 2153 576 2179 teneat
597 2149 692 2179 locum
724 2158 811 2189 super
839 2159 897 2179 om-

167 2205 219 2227 nes
240 2197 375 2234 abbates;
397 2196 526 2236 exceptis
554 2196 762 2234 visitatoribus,
790 2196 899 2226 abbati-

167 2244 221 2275 bus
242 2245 345 2275 Montis
366 2244 487 2281 Cassini‚
516 2243 565 2274 SS.
588 2244 738 2274 Trinitatis
758 2244 848 2275 Cavae
870 2249 898 2275 et

167 2292 196 2323 S.
219 2293 300 2323 Pauli
323 2293 358 2323 de
381 2292 466 2329 Urbe,
489 2296 517 2322 et
537 2291 690 2322 abbatibus
712 2292 778 2322 loci.

207 2349 275 2371 xvn.
298 2340 437 2371 Ordinata
460 2349 511 2379 per
532 2340 697 2370 visitatores
711 2344 739 2370 et
755 2340 898 2379 praelatos

169 2388 411 2419 monasteriorum
440 2388 470 2418 in
498 2387 679 2418 monasteriis
705 2388 766 2417 suis
792 2388 899 2419 durant

169 2440 233 2475 post
263 2445 362 2466 eorum
389 2436 528 2473 osticium,
557 2435 614 2465 nisi
645 2444 661 2465 a
682 2436 899 2466 successoribus

169 2484 277 2514 suerint
298 2488 448 2519 revocata,
472 2493 526 2514 nec
548 2493 580 2514 ea
610 2484 742 2514 volumus
769 2485 899 2515 revocari

171 2532 226 2561 nisi
248 2532 331 2561 iustis
352 2532 387 2562 de
408 2532 519 2572 causis,
538 2537 566 2563 et
586 2537 814 2570 transgressores
834 2541 897 2570 gra·

173 2581 243 2612 viter
263 2580 432 2621 puniantur.

918 1815 919 1818 ,
940 1795 1045 1822 autem
1068 1789 1184 1821 merito
1209 1794 1241 1821 et
1256 1788 1434 1832 sapientiae
1453 1789 1600 1823 doctrina
1618 1790 1675 1823 eli-

941 1847 1047 1885 gatur,
1073 1842 1128 1885 qni
1154 1842 1354 1875 ordinandus
1380 1847 1442 1875 est:
1476 1843 1603 1875 etiamsi
1627 1844 1675 1877 ul-

941 1894 1036 1926 timus
1062 1894 1158 1926 suerit
1188 1893 1221 1926 in
1245 1894 1361 1927 ordine
1392 1894 1691 1937 congregationis.'

939 1946 1030 1984 Quod
1054 1947 1081 1979 si
1106 1947 1202 1979 etiam
1226 1946 1330 1979 omnis
1356 1947 1567 1989 congregatio
1587 1947 1673 1980 vitiis

941 1999 1005 2031 suis
1031 1999 1137 2042 (quod
1171 1998 1302 2041 quidem
1327 1998 1433 2039 absit)
1465 1999 1675 2032 consentien-

941 2056 1004 2083 tem
1028 2061 1203 2093 personam
1228 2050 1296 2093 pari
1322 2050 1459 2083 consilio
1477 2051 1623 2093 elegerit,
1643 2055 1676 2083 et

940 2104 1017 2136 vitia
1040 2104 1112 2147 ipsa
1143 2103 1347 2146 aliquatenus
1379 2103 1425 2145 (b)
1461 2103 1494 2135 in
1526 2103 1674 2136 notitiam

940 2156 1086 2199 episcopi
1119 2156 1179 2198 (ad
1208 2155 1298 2188 cuius
1328 2154 1503 2187 dioecesim
1528 2155 1675 2198 pertinet

940 2210 1031 2241 locus
1056 2208 1157 2251 ipse),
1176 2208 1225 2240 vel
1246 2206 1427 2246 abbatibus,
1451 2211 1505 2238 aut
1524 2207 1673 2240 christia-

940 2261 990 2293 nis
1013 2260 1127 2293 vicinis
1153 2259 1346 2299 claruerint;
1372 2259 1570 2301 prohibeant
1599 2270 1672 2302 pra-

939 2323 1050 2345 vorum
1075 2313 1259 2356 praevalere
1284 2321 1487 2352 consensum,
1506 2317 1538 2345 et
1562 2313 1671 2346 domui

939 2365 995 2398 Dei
1020 2365 1153 2407 dignum
1174 2364 1374 2398 constituant
1397 2364 1670 2408 dispensatorem:

940 2418 1078 2452 scientes
1103 2428 1161 2461 pro
1185 2418 1249 2451 hoc
1272 2428 1307 2451 se
1332 2422 1521 2461 recepturos
1544 2429 1671 2453 merce-

940 2472 1013 2505 dem
1036 2472 1163 2511 honam,
1190 2472 1216 2504 si
1240 2471 1321 2504 illud
1345 2476 1432 2504 caste
1458 2477 1491 2504 et
1512 2472 1583 2504 zelo
1614 2471 1670 2505 Dei

940 2524 1073 2563 saciant,
1098 2523 1181 2557 sieut
1205 2534 1222 2558 e
1247 2529 1412 2560 contrario
1436 2529 1624 2575 pec-catum,
1643 2525 1683 2574 si

940 2576 1118 2621 negligant.
