2111 3157
10 203 67 244 Ἀιι.
83 213 112 243 c.
134 212 200 242 1687

33 1428 149 1450 clausulae.

33 1585 108 1606 narum
120 1585 188 1612 publi-

7 1614 68 1633 catto.

787 211 998 238 lNNOCENTtUS
1018 212 1049 236 xi
1073 212 1122 236 Μ’.

206 262 400 296 auctoritate
428 262 477 296 vel
502 262 728 306 superioritate
759 268 813 296 aut
836 261 940 294 officio
961 258 963 271 '

208 314 355 358 fungens,
373 315 475 349 libros
493 316 672 356 musicales,
687 314 940 358 quinterniones,

206 368 335 401 chartas
360 374 392 401 et
416 368 477 401 alia
506 369 581 401 folia
606 378 847 411 quaecumque,
872 367 939 399 sive

206 421 362 463 impressa
386 422 452 454 sive
479 421 708 464 manuscripta,
734 426 798 453 tam
831 420 940 452 bacte-

206 483 264 505 nus
288 473 320 505 in
345 474 488 506 archivio
513 484 564 506 seu
591 474 734 506 custodia
754 473 938 506 huiusmodi

205 535 263 568 pro
289 525 420 558 servitio
447 525 549 559 dictae
578 526 745 568 cappellae
769 526 937 564 collocata,

205 578 341 617 donata,
368 588 424 611 seu
457 579 535 610 alias
567 578 748 619 assignata,
774 587 869 619 quam
906 577 938 608 in

203 635 367 672 posterum
393 630 498 662 forsan
525 630 722 667 collocanda,
743 629 890 661 donanda
909 634 939 661 et

204 681 407 724 assignanda,
423 682 481 714 suh
507 681 616 724 quovis
641 681 788 723 quaesito
810 682 936 718 colore,

203 740 379 776 praetextu,
404 734 547 777 ingenio,
565 737 670 774 causa,
693 734 816 766 ratione
836 738 867 765 et.
886 745 938 766 oc·
959 743 960 746 ¹

204 787 349 827 casione,
375 792 601 830 praeterquam
627 787 664 819 ad
690 786 837 818 etl'eetum
863 787 936 819 illos

201 848 257 872 seu
283 840 338 872 itta
362 840 401 872 ad
434 839 652 882 supradictam
677 840 857 881 cappellam
879 850 937 882 pro
958 865 959 871 ,

201 901 263 924 usu
289 897 454 924 cantorum
470 892 687 934 praefatorum
708 892 882 930 deferendi,
901 903 936 923 ex
958 904 959 924 ι

202 945 343 978 archivio
368 955 423 978 seu
449 947 592 978 custodia
626 946 807 978 huiusmodi
839 953 936 978 extra-

202 998 280 1031 here
305 1004 336 1031 et
360 1004 536 1041 asportare,
556 1010 612 1030 seu
630 1005 663 1031 ut
685 999 892 1031 extrahamur
906 1004 937 1030 ct

201 1056 408 1094 asportentur
439 1052 627 1094 permittere
665 1058 714 1084 aut
751 1053 935 1084 consentire

201 1104 319 1137 audeat
343 1114 397 1136 seu
418 1110 611 1147 praesumat,
634 1105 694 1137 suh
720 1106 936 1138 excommuni-

200 1156 336 1190 cationis
367 1158 449 1190 latae
483 1158 662 1190 sententiae
689 1169 746 1201 per
777 1159 935 1191 contrafa-

200 1206 321 1242 cientes
347 1220 385 1242 eo
411 1211 480 1253 ipso
501 1211 622 1253 absque
640 1211 700 1243 alia
718 1212 934 1245 declaratione

200 1261 404 1295 incurrendis
434 1262 580 1305 poenis¹,
600 1264 777 1306 apostolica
798 1265 936 1297 auetori-

199 1320 274 1355 tate,
289 1320 399 1348 tenore
421 1316 650 1358 praesentium,
668 1317 886 1349 interdicimus
904 1323 935 1351 et

199 1369 423 1411 prohibemus.

243 1421 258 1464 ἓ
282 1421 313 1454 2.
340 1421 410 1454 Non
430 1423 633 1456 obstantibus
651 1424 934 1457 constitutionibus

198 1480 231 1508 et
253 1475 512 1508 ordinationibus
537 1477 733 1519 apostolicis,
750 1477 933 1521 ceterisque

199 1527 372 1561 contrariis
399 1528 669 1571 quibuscumque.

242 1581 257 1621 ᾗ
282 1580 313 1613 3.
341 1580 491 1613 Volumus
512 1587 626 1621 autem,
645 1588 690 1621 ut,
713 1584 858 1625 praefato
876 1595 935 1616 usu

198 1632 299 1672 finito,
326 1632 398 1665 libri
423 1633 579 1676 praedicti
601 1634 631 1666 in
651 1635 792 1668 archivio
810 1646 865 1668 sen
884 1647 936 1668 cu-

198 1685 302 1717 stodia
327 1685 515 1718 huiusmodi
538 1686 596 1717 sul)
614 1687 726 1729 poenis
740 1688 933 1730 supradietis

196 1737 284 1770 illico
304 1743 522 1780 reponantur;
544 1743 642 1780 utque
663 1740 842 1781 praesentis
863 1751 936 1783 pro-

196 1789 366 1822 hibitionis
399 1791 580 1833 exemplum
614 1791 709 1824 valvis
744 1793 878 1825 archivii
904 1799 934 1826 et

196 1843 362 1875 custodiae
382 1843 579 1883 huiusmodi,
595 1854 650 1876 scu
673 1845 735 1878 alio
758 1845 933 1889 conspicuo

195 1896 279 1935 loco,
304 1896 359 1928 ubi
385 1896 424 1929 ab
450 1897 599 1929 omnibus
624 1899 713 1931 cerni
732 1899 843 1941 possit,
862 1911 933 1933 con-

197 1948 286 1981 tinuo
313 1949 440 1982 affixum
467 1956 644 1983 remaneat.

241 2002 353 2035 Datum
378 2002 506 2041 Romae,
526 2003 610 2045 apud
627 2003 658 2035 S.
686 2003 813 2038 Mariam
839 2006 934 2039 Maio-

196 2065 278 2096 rem,
305 2055 363 2088 sub
380 2057 501 2088 annulo
515 2056 700 2098 piscatoris,
719 2058 771 2090 die
788 2069 826 2091 xv
844 2065 934 2092 octo-

195 2108 263 2142 bris
287 2118 498 2148 MDCLxxxvn,
524 2109 728 2151 pontificatus
754 2112 856 2144 nostri
882 2123 933 2145 an-

197 2172 240 2195 no
263 2173 309 2196 xi.

232 2223 290 2251 Dat.
307 2222 350 2250 die
367 2224 399 2251 15
415 2223 532 2252 octobris
550 2224 626 2257 ¹687,
643 2225 736 2259 pontif.
759 2232 829 2253 auno
844 2233 890 2253 xn.

520 2353 602 2386 CXC.

201 2422 394 2457 Conceditur
414 2423 521 2466 priori
543 2423 688 2466 qenai-ati
704 2422 836 2458 Ordinis
856 2426 934 2459 Car-

244 2476 418 2510 thusiensz's
440 2477 580 2519 facultas
605 2477 790 2510 absolvendi
814 2478 849 2511 in
864 2480 933 2522 foro

237 2545 247 2573 1
270 2545 316 2574 Vel
338 2547 517 2575 incurrenda
535 2549 631 2582 poenit
654 2547 816 2584 tegendum,
842 2550 882 2578 vel
906 2550 931 2578 in

200 2589 423 2631 praecedentibus
442 2591 543 2627 aliquid
563 2591 639 2620 deest
655 2593 697 2628 (n.
714 2593 765 2628 τ.).

1027 259 1238 292 conscientiae
1261 260 1358 292 etiam
1381 268 1439 302 per
1462 257 1544 292 alios
1568 267 1639 289 suos
1656 267 1718 289 mo-

1026 313 1145 345 nachos
1169 323 1189 345 a
1214 313 1340 345 casibus
1364 312 1532 344 reservatis
1555 311 1591 343 in
1616 310 1719 343 Bullct

1026 365 1152 398 Coenae
1178 365 1303 398 Domini
1329 374 1455 408 quoque
1479 362 1670 396 contentis⁴.

1166 429 1363 456 Innocentius
1387 428 1466 461 Papa
1484 428 1533 459 xl.

1110 472 1145 499 ad
1161 476 1335 506 perpetuam
1351 472 1395 498 rei
1411 472 1591 498 memoriam.

1025 525 1171 568 Supremi
1198 525 1394 568 apostolatus
1419 524 1560 558 officium
1588 525 1718 559 humiti-

983 578 1037 610 tati
1063 584 1192 611 nostrae
1218 578 1369 610 divinitus
1387 578 1588 610 commissum
1610 584 1717 622 postu-

959 634 961 652 2
981 631 1034 669 lat,
1050 636 1092 670 ut,
1112 630 1336 672 religiosarum
1355 641 1574 672 personarum,
1593 641 1717 663 carum-

959 692 1043 724 gque
1076 683 1263 725 praesertim
1301 694 1380 725 quae
1411 683 1440 714 in
1475 694 1552 725 agro
1589 689 1715 716 sanetae

981 734 1171 773 solitudinis,
1191 735 1239 766 eui
1261 736 1424 767 benedixit
1447 736 1607 775 Dominus,
1629 745 1717 767 nnm-

959 795 960 804 ¹
981 786 1072 818 danis
1097 787 1231 819 abiectis
1256 787 1427 827 illecebris,
1446 788 1596 819 devotum
1615 798 1650 820 ae
1668 799 1717 820 se-

981 839 1090 871 dulum
1120 839 1272 871 exhibent
1311 839 1474 872 Altissimo
1508 840 1713 877 stimulatum,

981 896 1144 934 paternam
1169 902 1276 923 curam
1303 898 1461 934 gerentes,
1483 893 1521 925 ad
1547 892 1603 925 ea²
1620 903 1717 935 pecu-

957 963 959 978 ι
981 944 1068 976 liaris
1094 945 1236 976 muneris
1262 945 1361 977 nostri
1379 951 1484 987 partes
1502 945 1714 983 intendamus,

980 1007 1060 1039 quae
1085 997 1242 1040 spirituali
1267 1008 1375 1030 earum
1397 997 1610 1030 consolationi
1632 998 1717 1040 quie-

980 1050 1064 1093 tique
1090 1051 1260 1092 religiosae
1279 1051 1495 1084 conducibilia
1513 1052 1580 1084 fore
1603 1052 1634 1084 in
1654 1051 1715 1084 Do-

979 1102 1066 1135 mino
1092 1103 1296 1136 arbitramur.

1022 1157 1036 1198 g*
1062 1156 1092 1188 1.
1120 1156 1240 1199 Exponi
1267 1157 1427 1200 siquidem
1448 1157 1542 1189 nohis
1559 1158 1717 1200 nuperfe·

979 1209 1020 1241 cit
1044 1210 1177 1242 dilectus
1202 1208 1284 1242 filius
1309 1210 1484 1242 modernus
1509 1210 1602 1253 prior
1619 1221 1716 1252 gene-

979 1263 1054 1294 ralis
1078 1262 1206 1295 Ordinis
1232 1262 1479 1302 Carthusiensis,
1505 1263 1589 1305 quod
1614 1262 1647 1295 in
1669 1263 1716 1296 di-

979 1321 1029 1347 cto
1055 1315 1171 1348 Ordine
1197 1326 1325 1357 semper
1359 1315 1443 1347 bona
1469 1315 1532 1347 fide
1557 1315 1714 1348 creditum

980 1369 1075 1400 fuerit
1100 1369 1243 1411 priorem
1269 1370 1455 1409 generalem
1480 1379 1539 1411 pro
1568 1374 1713 1411 tempore

979 1422 1168 1453 existentem
1188 1421 1292 1463 ipsius
1312 1421 1453 1459 Ordinis,
1472 1432 1507 1453 ex
1534 1421 1713 1464 privilegiis

978 1475 1119 1517 plurium
1145 1475 1347 1506 summorum
1367 1474 1571 1515 Pontificum,
1593 1475 1712 1508 habere

980 1529 1163 1560 taeultatem
1189 1527 1379 1559 absolvendi
1406 1538 1561 1570 personas
1586 1528 1631 1560 sui
1658 1528 1713 1561 Or-

978 1581 1061 1612 dinis
1086 1592 1101 1612 a
1122 1581 1376 1623 quilmseumque
1402 1580 1597 1619 excessibus,
1617 1581 1711 1613 etiam

978 1634 1009 1664 in
1028 1633 1143 1665 litteris
1161 1632 1349 1675 apostolicis
1363 1643 1445 1675 quae
1463 1633 1563 1665 indie
1585 1633 1710 1666 Coenae

978 1685 1100 1718 Domini
1136 1685 1308 1727 quotannis
1340 1685 1401 1726 legi
1428 1696 1483 1717 seu
1514 1686 1710 1728 promulgari

977 1736 1237 1776 ‹·onsuerertnit³‚
1260 1747 1394 1780 eumque
1421 1738 1504 1770 lianc
1529 1738 1710 1771 facultatem

977 1790 1046 1822 aliis
1079 1790 1292 1831 subdelegare
1327 1800 1443 1832 posse,
1482 1791 1633 1834 quodque
1667 1791 1710 1824 ita

977 1843 1143 1885 hueusque
1170 1842 1202 1874 in
1228 1843 1341 1876 codem
1366 1843 1484 1876 Ordine
1504 1845 1708 1877 observatum

977 1895 1082 1928 fucrit.
1100 1896 1226 1936 Verum,
1242 1896 1317 1939 quia
1334 1896 1550 1939 Congregatio
1568 1905 1710 1941 particu-

977 1951 1051 1982 laris
1072 1950 1300 1981 nonnullorum
1318 1950 1555 1983 venerabilium
1575 1952 1708 1983 fratrum

976 2003 1006 2034 S.
1027 2002 1062 2033 tt.
1086 2001 1118 2033 E.
1140 2002 1349 2035 cardinalium
1371 2014 1387 2034 a
1413 2003 1504 2036 nobis
1525 2004 1710 2047 specialiter

976 2055 1202 2097 deputatorum
1216 2055 1340 2088 censuit
1360 2054 1478 2088 dictum
1495 2056 1638 2099 priorem
1655 2067 1709 2099 ge-

976 2108 1116 2139 neralem
1133 2117 1192 2150 pro
1215 2112 1362 2150 tempore
1388 2108 1577 2142 existentem
1600 2109 1710 2142 huius-

976 2160 1058 2193 modi
1087 2161 1235 2194 facultate
1259 2161 1304 2193 uti
1330 2172 1393 2194 non
1420 2172 1524 2205 posse,
1550 2168 1582 2195 et
1606 2163 1646 2195 ab
1671 2165 1708 2196 ea

976 2224 1075 2257 super
1088 2214 1149 2246 hoc
1167 2214 1326 2247 emanavit
1340 2214 1503 2249 decretum
1519 2217 1639 2249 tenoris
1653 2216 1708 2260 qui

976 2267 1131 2310 sequitur,
1151 2265 1320 2299 videlicet:
1351 2279 1363 2297 α
1386 2268 1492 2301 Monet
1515 2280 1605 2302 sacra
1628 2270 1710 2304 Con-

977 2319 1120 2362 gregatio
1146 2324 1208 2351 tam
1234 2321 1536 2354 reverendissimum
1562 2328 1707 2366 patrem,

977 2383 1068 2415 quam
1100 2372 1241 2416 reliquos
1266 2374 1451 2417 superiores
1476 2380 1508 2407 et
1530 2377 1708 2410 monachos

1009 2462 1021 2488 1
1043 2461 1077 2488 De
1092 2462 1145 2489 alio
1161 2462 1298 2497 privilegio
1319 2463 1398 2490 liuius
1417 2464 1522 2492 Ordinis
1541 2466 1600 2493 vide
1621 2470 1706 2495 const.

975 2506 1018 2532 ed.
1039 2512 1187 2540 mochxxu,
1208 2507 1251 2533 ‹lie
1271 2514 1295 2534 xt
1314 2508 1489 2543 septembris,
1510 2511 1603 2545 pontif.
1625 2517 1679 2538 vttt.

1009 2550 1024 2575 2
1045 2549 1109 2576 Male
1129 2550 1193 2577 edit.
1214 2550 1291 2578 Main.
1313 2552 1378 2586 legit
1398 2553 1436 2579 ad
1454 2561 1500 2580 eas
1520 2553 1558 2587 (a.
1573 2555 1621 2586 T.).

1009 2594 1025 2621 3
1045 2593 1144 2622 Forsan
1164 2595 1241 2623 deest
1260 2605 1307 2624 vox
1328 2598 1479 2626 reservatis
1497 2599 1536 2634 (a.
1553 2598 1600 2636 NJ.

1612 199 1677 234 773
1724 209 1775 236 An.
1791 208 1820 236 c.
1840 209 1909 237 ¹687

1754 533 1872 555 Exordium.

1752 1162 1839 1189 Species
1850 1162 1907 1183 facti.
