2111 3157
159 247 210 273 An,
233 245 349 275 c.1ssS
395 236 460 270 9²24

355 294 545 339 privilegiis,
562 292 807 338 praerogativis,
820 289 1092 333 exemptionibus,

356 348 529 388 favoribus,
555 347 666 390 gratiis
687 352 717 378 et
735 343 1013 386 indultis‚quibus
1038 341 1091 375 alii

355 402 466 445 palatii
488 406 520 433 et
545 400 635 432 aulae
661 398 797 430 comites
825 407 860 429 ac
884 395 1020 428 militiae
1038 405 1094 427 au-

355 461 445 487 ratae
467 452 652 486 huiusmodi
679 451 806 494 equites
824 450 862 482 de
887 449 957 481 iure
974 453 1006 480 et
1023 457 1094 480 con-

356 506 526 539 suetudine
549 511 604 538 aut
631 504 709 538 alias
736 501 983 546 quomodolibet
1001 505 1094 533 utun-

356 566 416 601 tur,
442 560 609 598 fruuntur,
637 558 804 601 potiuntur
828 561 860 588 et
884 555 1033 598 gaudent,
1059 563 1095 586 ac

354 614 413 652 uti,
432 612 501 651 frui,
521 612 618 655 potiri
638 616 669 644 et
687 610 826 653 gaudere
844 612 1001 652 poterunt
1020 616 1095 649 quo-

355 665 537 698 modolibet
562 664 592 696 in
613 664 764 703 futurum,
782 662 851 706 pari
870 661 967 694 modo
993 659 1094 702 (citra

356 725 462 752 tamen
495 718 663 750 facultates
688 727 705 749 a
730 715 872 749 Concilio
904 711 1093 745 Tridentino

356 772 523 815 sublatas)
549 771 614 811 uti,
644 770 724 811 srui,
751 769 850 813 potiri
876 773 907 800 et
932 765 1091 810 gaudere;

356 835 485 858 necnon
511 824 595 865 illos,
614 834 696 867 quos
725 821 856 866 praevio
881 818 1030 853 examine
1053 818 1092 850 ad

357 878 388 911 id
411 878 548 912 idoneos
575 882 607 910 et
631 876 743 910 fideles
765 885 833 908 esse
851 872 1042 917 repererint,
1061 870 1094 902 in

356 930 500 965 notarios
528 938 559 964 et
584 930 775 963 tabelliones
806 928 952 971 publicos
983 935 1020 958 ac
1047 925 1095 956 iu-

356 986 444 1018 dices
458 984 640 1018 ordinarios
658 988 745 1016 extra
763 982 938 1015 Romanam
956 978 1094 1015 Curiam,

355 1044 492 1081 recepto
517 1038 607 1081 prius
626 1038 664 1069 ab
683 1036 729 1069 eis
748 1040 860 1068 nostro
878 1039 909 1066 et
932 1032 1094 1065 Romanae

355 1091 519 1125 Ecclesiae
546 1090 677 1123 nomine
702 1087 866 1123 fidelitatis
891 1085 1019 1119 debitae
1043 1094 1095 1116 so—

355 1144 414 1177 lito
440 1144 630 1182 iuramento,
659 1152 769 1175 creare
794 1147 825 1174 et
848 1139 1029 1175 instituere,
1061 1146 1096 1168 ae

356 1197 396 1229 de
422 1198 598 1230 notariatus
625 1201 655 1229 et
681 1195 911 1228 tabellionatus
940 1202 977 1224 ac
1013 1189 1096 1222 iudi-

356 1256 445 1282 catus
469 1250 581 1283 officiis
606 1248 814 1288 huiusmodi,
842 1252 878 1279 ut
904 1244 1005 1278 moris
1029 1248 1093 1283 est,

357 1304 530 1344 investire,
552 1308 725 1347 praeterea
741 1304 963 1346 quoscumque
975 1298 1096 1330 utrius-

357 1368 419 1400 que
445 1368 540 1390 sexus
565 1357 697 1398 nothos,
718 1354 857 1399 spurios,
883 1351 1047 1386 naturales
1066 1355 1097 1383 et

357 1421 535 1451 manseres,
555 1410 734 1452 copulative
756 1409 806 1440 vel
833 1405 1035 1443 disiunctive‚
1058 1414 1093 1436 ex

357 1472 565 1506 quocumque
579 1462 692 1495 illicito
711 1468 742 1494 et
758 1462 908 1494 damnato
926 1458 1010 1491 coitu
1026 1467 1097 1499 pro-

357 1522 493 1558 creatos,
512 1522 575 1549 tam
600 1520 791 1559 praesentes
817 1523 910 1556 quam
932 1513 1094 1550 absentes,

358 1570 539 1603 virentibus
565 1579 622 1602 seu
647 1568 784 1602 mortuis
816 1576 927 1599 eorum
959 1564 1099 1608 parenti-

358 1623 419 1656 bus
441 1623 535 1666 (itaut
552 1623 589 1655 ad
612 1622 800 1655 eorumdem
825 1623 1006 1663 parentum,
1026 1627 1098 1649 nec-

359 1687 425 1709 non
451 1685 726 1719 quorutncumque
757 1672 1095 1715 consanguineorum,

361 1729 505 1763 affinium
538 1734 569 1761 et
599 1727 827 1766 attinentium,
853 1731 1042 1768 agnatorum
1068 1728 1099 1755 et

361 1788 586 1826 cognatorum,
613 1793 649 1814 ac
674 1779 948 1818 transversalium,
973 1782 1099 1810 cetero-

360 1847 498 1880 rumque
523 1835 759 1879 proximiorum
785 1843 936 1872 suorum,
967 1836 998 1864 et
1022 1840 1099 1873 quo-

360 1890 483 1923 rumvis
508 1890 645 1922 aliorum
671 1887 893 1921 successiones
914 1886 948 1918 in
973 1884 1099 1927 quibus-

363 1954 500 1987 cumque
525 1943 622 1976 rebus
641 1941 779 1975 etbonis
801 1940 974 1973 mobilibus
995 1944 1026 1972 et
1046 1939 1101 1970 im-

363 1997 540 2031 mobilibus
564 2007 600 2029 ae
626 1994 879 2034 semoventibus,
897 2001 1026 2025 necnon
1056 1992 1101 2023 iu-

362 2051 452 2084 ribus
483 2056 514 2083 et
539 2049 740 2087 actionibus,
766 2047 862 2080 etiam
895 2045 1101 2079 allodialibus

364 2111 396 2138 et
419 2103 584 2148 precariis,
601 2108 632 2135 et
655 2102 734 2135 alias
760 2099 1008 2144 quomodolibet
1026 2110 1102 2142 qua-

362 2157 491 2190 lificatis
521 2161 552 2189 et
585 2154 779 2198 nuncupatis
813 2164 877 2186 non
912 2158 1018 2185 tamen
1051 2163 1102 2185 ee-

364 2210 563 2249 clesiasticis,
582 2214 644 2242 tam
664 2220 699 2241 ex
720 2212 926 2245 testamento,
949 2216 1044 2249 quam
1063 2205 1101 2238 ab

364 2265 517 2296 intestato
543 2263 730 2301 succedere,
759 2267 791 2293 et
815 2261 852 2293 ad
878 2260 933 2293 illa
957 2259 1104 2292 haeredi-

364 2316 451 2356 tatis,
471 2314 718 2353 fideicommissi,
732 2313 981 2353 substitutionis,
997 2311 1102 2354 legati,

367 2368 552 2402 donationis
574 2368 659 2401 inter
683 2368 768 2401 vivos
795 2372 826 2399 et
850 2368 946 2399 causa
970 2365 1102 2404 mortis,

368 2432 404 2454 ae
430 2422 543 2464 quovis
568 2422 631 2454 alio
662 2421 776 2460 titulo,
804 2421 872 2453 sine
904 2418 1105 2463 praeiudicio

367 2475 565 2508 venientium
591 2474 630 2507 ab
655 2474 823 2513 intestato,
849 2473 1028 2512 devenire,
1052 2472 1105 2504 ad—

368 2528 451 2560 mitti
477 2534 508 2560 et
532 2527 646 2570 recipi,
669 2527 788 2569 illaque
813 2525 968 2568 consequi
995 2531 1026 2557 et
1051 2525 1107 2556 ha-

369 2582 464 2620 bere,
499 2590 534 2612 ac
558 2580 597 2612 de
630 2580 753 2613 eisdem
787 2580 902 2619 bonis,
931 2578 1052 2610 iuribus
1078 2583 1108 2610 et

370 2633 551 2668 actionibus
577 2632 766 2676 disponere,
792 2643 827 2665 ac
852 2632 884 2664 in
906 2632 969 2665 illis
997 2632 1110 2665 haere-

943 238 1124 266 BULLArstmt
1148 238 1300 264 nomnen

1136 288 1192 321 des
1211 293 1244 321 et
1266 297 1469 321 successores
1493 286 1664 321 instituere
1689 292 1721 320 et
1739 287 1871 328 habere,

1136 351 1263 375 necnon
1288 342 1327 375 ad
1353 342 1493 375 honores
1507 368 1514 382 ,
1541 342 1715 384 dignitates
1730 368 1737 381 ,
1755 346 1873 379 status,

1136 395 1254 437 gradus
1290 400 1322 428 et
1345 395 1451 428 officia
1474 394 1651 427 saecularia
1684 394 1818 438 publica
1841 398 1874 427 et

1136 448 1260 491 privata
1296 458 1517 492 quaecumque
1553 447 1656 490 recipi
1689 447 1813 491 pariter
1843 451 1875 481 et

1137 501 1274 542 admitti,
1288 502 1408 545 illaque
1427 511 1541 544 gerere
1556 506 1586 533 et
1603 510 1753 534 exercere
1771 500 1873 533 libere

1137 559 1170 586 et
1185 554 1272 587 licite
1293 554 1422 597 possint
1439 559 1471 586 et
1490 555 1626 593 valeant,
1644 564 1681 586 ac
1697 553 1722 585 si
1741 553 1780 586 de
1796 563 1873 586 vero

1138 613 1170 639 et
1186 607 1331 651 legitimo
1349 606 1555 640 matrimonio
1565 606 1725 650 procreati
1739 607 1873 649 essent),

1137 662 1263 693 servata
1288 665 1393 693 tamen
1426 660 1528 692 forma
1559 658 1741 692 litterarum
1769 658 1873 691 felicis

1138 713 1373 747 recordationis
1397 713 1442 746 Pii
1468 713 1572 756 Papae
1593 713 1628 745 IV
1646 713 1873 755 praedecesso-

1139 766 1181 798 ris
1198 766 1300 799 nostri
1326 766 1466 808 desuper
1490 765 1659 805 editarum,
1682 764 1872 807 legitimare,

1137 829 1173 852 ac
1198 829 1326 853 omnem
1363 820 1403 851 ab
1437 819 1483 852 eis
1514 818 1684 861 geniturae
1715 818 1873 850 maculam

1137 872 1280 912 abolere,
1298 881 1417 915 eosque
1435 872 1473 905 ad
1497 872 1659 915 primaeva
1683 876 1714 903 et
1730 870 1874 913 legitima

1137 931 1272 958 naturae
1293 925 1362 958 iura
1387 925 1560 958 restituere
1585 930 1616 957 et
1639 923 1815 963 reducere;
1837 932 1874 955 ac

1138 978 1270 1021 insuper
1294 988 1513 1022 quoscumque
1532 976 1670 1010 emensis
1695 976 1872 1009 studiorum

1138 1030 1306 1064 curriculis
1330 1031 1363 1063 in
1388 1031 1458 1063 iure
1483 1030 1639 1063 canonico
1657 1034 1687 1061 et
1705 1028 1801 1069 civili,
1818 1038 1873 1061 seu

1138 1085 1243 1117 altero
1269 1094 1393 1124 eorum,
1412 1093 1473 1126 per
1497 1083 1688 1125 diligentem
1713 1081 1874 1115 examina-

1140 1137 1259 1169 tionem
1292 1137 1427 1170 scientia
1458 1141 1490 1168 et
1514 1135 1658 1169 moribus
1690 1134 1816 1168 habiles
1841 1138 1874 1167 et

1138 1190 1276 1223 idoneos
1296 1200 1367 1223 esse
1392 1189 1588 1228 invenerint,
1607 1189 1640 1221 in
1661 1193 1800 1231 utroque
1817 1197 1873 1220 seu

1138 1244 1241 1277 altero
1264 1243 1381 1276 iurium
1407 1242 1606 1282 huiusmodi,
1623 1242 1706 1275 acin
1731 1242 1874 1285 philoso-

1138 1298 1219 1340 phia
1243 1306 1299 1330 seu
1324 1296 1484 1330 medicina
1501 1306 1560 1340 per
1576 1295 1767 1339 diligentem
1791 1294 1874 1328 simi-

1140 1352 1214 1384 liter
1239 1350 1509 1384 examinationem
1543 1349 1679 1382 duorum
1703 1349 1754 1381 vel
1777 1347 1874 1380 trium

1141 1415 1197 1447 per
1225 1414 1281 1437 eos
1307 1403 1532 1446 eligendorum
1553 1402 1722 1435 doctorum
1738 1411 1795 1434 seu
1813 1411 1876 1433 ma-

1139 1458 1315 1500 gistrorum
1335 1458 1384 1489 vel
1410 1455 1648 1489 licentiatorum
1682 1454 1752 1487 eius
1778 1454 1876 1487 sacul-

1142 1510 1220 1550 tatis,
1237 1510 1270 1542 in
1291 1519 1387 1552 quam
1413 1507 1626 1552 promovendi
1640 1512 1744 1548 erunt,
1765 1517 1877 1540 eoram

1141 1563 1186 1596 eis
1210 1563 1407 1602 habendam,
1429 1572 1464 1595 ac
1492 1561 1621 1594 fidelem
1647 1560 1876 1603 magistrorum

1140 1626 1196 1649 seu
1221 1616 1390 1649 doctorum
1418 1615 1468 1647 vel
1486 1614 1723 1647 licentiatorum
1748 1623 1877 1647 eorum-

1141 1669 1213 1702 dem
1231 1668 1476 1702 attestationem
1498 1667 1607 1701 medio
1631 1667 1811 1700 iuramento
1831 1666 1877 1700 eis

1142 1723 1331 1762 faciendam,
1357 1722 1479 1765 peritos
1496 1731 1531 1754 ac
1548 1720 1684 1753 seientia
1708 1721 1829 1763 pariter
1846 1724 1879 1753 et

1141 1776 1283 1810 moribus
1301 1776 1339 1810 ad
1358 1776 1419 1817 hoc
1442 1775 1568 1808 habiles
1588 1774 1790 1817 idoneosque
1808 1783 1877 1807 esse

1141 1829 1333 1872 repererint,
1352 1829 1391 1862 de
1415 1827 1602 1861 eorumdem
1627 1827 1795 1860 doctorum
1820 1836 1879 1859 seu

1142 1883 1374 1925 magistrorum
1401 1882 1451 1914 vel
1476 1880 1715 1914 licentiatorum
1740 1878 1878 1912 consilio

1143 1943 1174 1969 et
1197 1946 1344 1976 assensu,
1372 1945 1408 1968 a:
1433 1944 1546 1967 eorum
1570 1933 1653 1966 votis
1679 1932 1813 1972 iuratis,
1846 1931 1879 1964 in

1142 1989 1355 2033 philosophia
1378 1993 1432 2021 aut
1448 1987 1608 2021 medicina
1635 1985 1823 2019 huiusmodi
1841 1984 1879 2017 ad

1144 2044 1405 2076 baccalaureatus
1424 2042 1520 2074 etiam
1545 2039 1685 2078 formati,
1699 2037 1883 2072 licentiatu-

1144 2107 1207 2137 rae,
1227 2096 1412 2129 doctoratus
1431 2105 1465 2127 ac
1479 2092 1656 2136 magisterii
1670 2092 1796 2135 gradus,
1809 2101 1882 2124 cum

1144 2150 1239 2183 solita
1262 2148 1439 2191 insignium
1469 2147 1501 2180 in
1523 2146 1639 2179 talibus
1664 2144 1746 2178 tradi
1770 2144 1884 2178 solito-

1145 2212 1214 2235 rum
1239 2201 1452 2240 exhibitione,
1465 2200 1590 2233 servata
1608 2203 1714 2231 tamen
1730 2197 1763 2229 in
1782 2195 1883 2230 omni-

1146 2256 1204 2287 bus
1230 2256 1333 2288 forma
1357 2260 1389 2287 et
1413 2252 1627 2297 dispositione
1644 2249 1834 2284 Viennensis
1851 2253 1884 2282 et

1146 2308 1324 2342 Tridentini
1343 2307 1567 2346 conciliorum,
1584 2304 1700 2349 quibus
1718 2304 1751 2337 in
1775 2303 1884 2346 aliquo

1148 2365 1308 2406 derogare
1332 2373 1399 2396 non
1424 2360 1623 2394 intendimus
1639 2386 1646 2400 ,
1674 2366 1883 2402 promovere,

1148 2422 1180 2449 et
1205 2416 1250 2449 sie
1276 2414 1455 2459 promotis,
1483 2412 1569 2456 quod
1594 2410 1742 2445 omnibus
1766 2413 1799 2443 et
1822 2407 1887 2441 sin-

1149 2469 1230 2513 gulis
1255 2467 1447 2512 privilegiis,
1471 2464 1686 2504 libertatibus,
1712 2461 1888 2505 exemptio-

1150 2523 1254 2562 nibus,
1275 2521 1448 2559 savoribus,
1465 2519 1579 2562 gratiis
1598 2523 1630 2551 et
1654 2515 1800 2556 indultis,
1818 2514 1889 2558 qui—

1149 2577 1208 2609 hus
1229 2575 1283 2608 alii
1308 2573 1523 2612 baccalaurei‚
1547 2570 1714 2611 licentiati,
1740 2569 1889 2603 doctores

1151 2634 1182 2663 et
1206 2627 1369 2672 magistri,
1395 2627 1427 2659 in
1453 2631 1590 2668 utroque
1623 2634 1681 2657 seu
1712 2623 1815 2657 altero
1840 2621 1886 2655 iu·

1876 239 1928 266 An.

1949 239 1968 260 Γ

1954 258 1979 266 ..a-

1999 239 2063 269 tcss
