2111 3157
0 182 23 202 n.
39 173 67 200 C.
91 171 157 200 ¹678

163 220 185 255 Γ
197 220 363 253 immunita
387 219 615 259 ecclesiastica,
633 217 699 252 cosi
716 221 895 264 personale,

163 284 252 307 come
288 275 375 307 reale
400 284 416 306 e
441 274 555 313 locale,
577 283 593 306 e
611 273 895 315 particolarmente

163 325 193 358 di
218 325 323 368 quest'
338 325 458 365 ultima,
476 335 541 358 non
566 325 593 357 si
618 334 716 372 possa
741 324 774 356 in
799 324 895 356 modo

162 378 277 411 alcuno
301 383 386 411 sotto
411 377 623 421 qualsivoglia
647 381 791 419 pretesto
816 376 896 408 rice-

161 440 237 463 vere
276 431 315 464 ed
350 430 476 472 esigere
507 429 667 468 mercede,
706 437 821 460 ovvero
856 438 894 460 e-

161 483 368 522 molumento,
399 492 450 515 ma
473 481 496 515 il
526 486 610 514 tutto
641 480 666 513 si
693 480 798 513 debba
830 480 894 513 fare

161 535 276 577 qratis.

0 599 152 630 werram-119
205 587 220 629 ἓ
243 586 274 620 9.
301 587 343 620 Le
368 596 462 630 pene,
488 587 520 620 le
544 586 643 619 multe
669 596 686 618 e
714 586 744 618 le
766 595 895 627 compo-

0 630 275 672 ¹“”¹²¹'⁰⁵'''⁰''¹'sizioni
300 639 325 672 si
350 639 538 682 applichino
563 649 622 681 per
646 638 760 672 intiero
777 638 815 671 ad
836 648 893 670 uso

162 692 212 725 dei
236 692 349 734 luoghi
374 691 429 734 pii,
454 702 550 724 senza
576 691 635 724 che
661 692 682 724 il
707 701 843 723 vescovo
875 702 892 723 o

161 744 278 777 vicario
314 755 330 776 e
356 743 426 776 suoi
452 743 579 775 officiali
599 743 826 776 direttamente
853 743 893 775 ne

161 796 423 829 indirettamente
460 805 500 828 ne
535 795 674 828 abbiano
714 795 890 838 participa-

161 849 252 882 zione
271 849 394 881 alcuna.

204 901 218 944 5
242 900 294 933 10.
321 901 345 933 11
370 899 511 933 sussidio
537 899 703 932 caritativo
729 900 762 932 in
786 900 893 943 quelle

161 953 282 987 diocesi
308 954 395 986 nelle
421 952 506 995 quali
538 952 584 984 sia
612 952 709 985 solito
745 952 891 995 esigersi,

160 1017 177 1039 e
203 1016 268 1039 non
303 1004 497 1045 altrimenti,
529 1005 555 1037 si
593 1004 680 1047 esiga
715 1005 893 1037 solamente

158 1069 217 1102 per
239 1068 303 1090 una
327 1059 413 1090 volta
448 1058 502 1090 nel
526 1058 632 1100 primo
664 1057 809 1099 ingresso
842 1058 892 1090 del

158 1121 297 1144 vescovo
330 1111 473 1143 secondo
497 1112 528 1144 la
553 1116 638 1143 tassa
662 1111 758 1143 solita
789 1109 894 1142 antica

160 1163 280 1196 d'anni
307 1168 462 1207 quaranta
497 1162 649 1202 indictio,
676 1163 701 1195 si
733 1163 793 1195 che
830 1173 892 1195 non

160 1215 326 1248 s'attenda
343 1215 364 1248 il
382 1214 477 1248 solito
495 1215 550 1257 piu
571 1215 728 1247 moderno
747 1215 786 1246 da
806 1214 893 1247 detto

159 1273 268 1311 tempo
294 1267 326 1299 in
353 1266 415 1309 gisi,
442 1267 482 1299 ne
508 1267 534 1298 si
559 1277 657 1309 possa
687 1267 742 1309 piu
769 1266 893 1308 esigere

160 1325 245 1354 sotto
271 1319 485 1363 qualsivoglia
501 1324 657 1363 pretesto,
671 1319 773 1351 anche
792 1319 822 1351 di
842 1329 895 1352 vo-

160 1372 300 1406 lontario
319 1371 484 1405 donativo.

0 1433 68 1479 5⁸⁶¹?
87 1433 148 1462 *aqua
205 1425 220 1468 ς
245 1425 297 1457 11.
324 1424 448 1462 Quanto
473 1424 536 1457 alla
560 1423 659 1463 visita,
681 1423 706 1456 si
728 1423 894 1457 osscrvino

0 1465 118 1507 wemmam
138 1466 437 1511 ‘’inviolabilmente
456 1477 476 1509 il
495 1477 626 1510 decreto
644 1477 696 1509 del
714 1487 805 1509 sacro
819 1476 895 1510 Con·

161 1530 234 1563 cilio
260 1529 291 1563 di
316 1530 433 1562 Trento
465 1540 481 1562 e
507 1530 536 1562 le
562 1529 792 1562 dichiarazioni
812 1530 895 1562 della

161 1592 252 1615 sacra
275 1581 554 1624 Congregazione3
578 1591 593 1613 e
615 1580 894 1623 particolarmente

162 1635 201 1668 da
226 1635 335 1678 quelli,
362 1634 370 1666 i
396 1634 481 1677 quali
501 1644 705 1666 concorrono
723 1634 784 1666 alle
802 1644 894 1676 spese

162 1688 213 1721 dei
239 1688 361 1728 cibari,
388 1688 427 1720 ne
454 1687 703 1719 mediatamente
729 1687 768 1719 ne
788 1686 896 1718 imme-

161 1741 359 1773 diatamente
394 1740 419 1772 si
445 1749 588 1783 possano
618 1739 761 1772 riecvere
794 1738 894 1780 regali

162 1803 179 1825 e
204 1791 356 1833 donativi,
380 1793 483 1824 anche
503 1791 532 1824 di
559 1801 634 1824 cose
655 1790 893 1829 commestibili;

163 1845 201 1878 ed
227 1854 345 1877 ancora
368 1854 431 1876 non
457 1844 482 1876 si
509 1854 604 1886 possa
629 1844 754 1886 esigere
777 1844 896 1876 emolu

162 1907 257 1930 meno
282 1898 396 1930 alcuno
428 1906 486 1940 per
511 1896 553 1938 gli
586 1896 640 1929 atti
673 1896 760 1929 della
791 1896 893 1935 visita,

164 1949 283 1983 decreti
313 1959 329 1981 e
347 1954 533 1992 presentate
551 1948 582 1981 di
600 1948 760 1988 soritium,
779 1959 895 1981 ovvero

163 2012 221 2045 per
244 2002 274 2034 la
299 2000 459 2033 revisione
485 2000 534 2032 dei
561 2000 682 2033 decreti
701 2001 786 2033 delle
806 2001 896 2033 visite

165 2053 380 2092 antecedenti,
417 2063 434 2085 e
467 2053 555 2085 della
593 2053 662 2085 loro
697 2063 896 2092 osservanza‚

164 2110 287 2138 mentre
305 2105 345 2138 da
362 2105 459 2148 quelli
484 2104 494 2136 i
519 2104 604 2147 quali
630 2114 712 2137 sono
738 2105 855 2138 visitati
873 2106 897 2138 si

165 2157 314 2190 ricevono
332 2158 362 2190 le
383 2167 474 2200 spese
496 2157 548 2189 del
566 2156 656 2189 vitto.

0 2216 155 2262 txssrsnbanmra
208 2209 265 2242 Die
284 2220 292 2243 1
311 2209 450 2243 octobris
469 2219 663 2249 iinctxxvm,
679 2209 758 2242 sacta
775 2220 832 2253 per
849 2220 899 2243 me

0 2248 155 2314 ἲῖἷπέιῖἐιεῗιῗῗῖἶ
167 2262 409 2304 infrascriptum
425 2261 561 2293 istarum
590 2263 821 2296 resolutionum
844 2273 899 2295 seu

0 2301 422 2366 siffriipuaaffffideclarationum
446 2313 602 2346 relatione
623 2308 821 2348 sanctissimo
847 2315 902 2348 do-

1 2352 86 2367 mun
168 2366 257 2399 mino
290 2371 402 2399 nostro
436 2365 626 2398 Innocentio
660 2366 708 2406 XI,
741 2367 901 2401 mediante

169 2419 296 2452 illarum
331 2419 454 2451 lectura
489 2418 528 2450 de
559 2419 658 2451 verbo
690 2419 728 2451 ad
752 2421 898 2461 verbum,

171 2470 326 2503 Sanctitas
362 2471 425 2502 Sua
460 2470 621 2510 laudavit,
652 2472 843 2514 approbavit
866 2484 902 2505 ac

173 2523 290 2562 servari
316 2524 498 2563 mandavit,
531 2533 706 2569 earumque
731 2525 923 2571 observan-¹

0 912 35 933 Per
54 911 67 941 il
87 911 150 941 sussi-

0 945 5 959 1
19 940 138 959 cantatu-o.

759 170 972 195 INNOCENTIUS
993 171 1026 194 XI
1050 171 1100 194 PP.

1567 158 1625 190 111

940 219 1014 251 tiam
1038 224 1069 252 et
1100 217 1354 262 publicationem
1389 215 1527 250 iniunxit
1559 225 1668 248 sacrae

938 271 1183 313 Congregationi
1201 271 1348 304 Concilii.

980 323 1116 356 lomes
1124 324 1276 356 Bsrmsrs
1293 333 1333 355 33
1347 323 1441 361 LUCA,
1453 321 1588 365 praefati
1603 330 1670 354 san-

938 376 1070 408 ctissimi
1104 376 1226 408 domini
1258 376 1360 408 nostri
1397 374 1577 407 innocentii
1613 374 1670 406 Pa-

938 438 997 470 pae
1022 427 1061 460 XI
1085 427 1213 461 auditor
1238 432 1270 461 et
1294 427 1487 461 secretarius
1504 426 1670 460 memoria-

938 480 1029 512 lium.

980 532 1040 564 Die
1068 542 1124 564 vm
1149 532 1283 565 octobris
1314 542 1496 566 ntuetxxvlu
1525 532 1556 565 S.
1591 532 1670 566 Con-

1676 167 1724 193 An.
1743 166 1769 193 C.
1796 165 1861 193 1678

1752 542 1863 562 Decretum

1681 569 1704 590 S.
1717 568 1863 594 thum-gano-

936 583 1082 625 9reyati0
1099 584 1421 616 eminentissimorum
1439 585 1470 617 S.
1492 584 1529 617 R.
1544 585 1580 617 E.
1602 595 1670 616 car·
1681 596 1712 616 uis
1728 595 1825 616 eoncun.

937 634 1100 667 dinalium
1113 635 1249 669 Concilii
1260 636 1443 668 Tridentini
1451 637 1669 678 interpretum,

936 687 1134 720 inhaerendo
1166 688 1330 720 mandatis
1360 688 1549 720 sanctitatis
1574 689 1668 728 Suae,

937 741 1058 772 censuit
1076 741 1289 782 praemissam
1317 745 1426 773 tauram
1449 751 1503 772 seu
1528 740 1671 772 declara—

938 793 1037 824 tiones
1063 793 1147 835 typis
1171 792 1298 825 dandas
1322 804 1396 831 esse,
1419 797 1446 825 et
1464 803 1522 836 per
1547 793 1672 825 litteras

936 845 1110 878 circulares
1143 846 1185 878 ad
1209 857 1421 889 quoscumque
1446 846 1587 878 locorum
1614 846 1671 879 Or-

936 898 1082 930 dinarios
1109 899 1383 937 transmittendas,
1400 903 1435 931 ut
1453 909 1504 930 cas
1529 899 1563 930 in
1589 898 1672 932 Can-

937 950 1069 982 cellaria
1094 951 1129 982 in
1148 950 1212 982 loco
1229 951 1377 983 omnibus
1392 954 1519 993 patente
1537 951 1673 982 retineri

936 1002 1082 1044 faciant,
1115 1002 1304 1046 easdemque
1335 1002 1535 1035 adamussim
1567 1002 1672 1035 obser-

936 1056 1010 1087 vent
1031 1059 1059 1087 et
1082 1055 1206 1098 saciant
1229 1056 1404 1088 observari.

1111 1108 1163 1140 Fr.
1191 1109 1279 1141 card.
1306 1108 1456 1142 COLUMNA
1483 1108 1585 1151 praes.

980 1160 1063 1192 Loco
1089 1162 1111 1200 †
1136 1160 1251 1202 sigilli.

937 1211 967 1244 S.
995 1212 1138 1255 archiep.
1159 1213 1358 1246 BRANCACIUS
1376 1213 1476 1256 episc.
1496 1212 1671 1246 vum—bien.

1200 1266 1406 1298 secretarius.

972 1327 1032 1354 Dat.
1050 1326 1093 1354 die
1111 1328 1120 1354 1
1140 1326 1258 1354 octobris
1277 1328 1352 1360 1678,
1369 1327 1462 1363 pontif.
1480 1336 1549 1355 anuo
1565 1334 1583 1355 11
1599 1329 1620 1357 ¹.

1256 1451 1356 1484 XLIV.

938 1521 1220 1554 Dismmnbranlur
1244 1532 1281 1553 ez
1304 1521 1584 1564 archiepiscopatu
1610 1522 1675 1556 Bi-

985 1575 1138 1607 turicensi
1162 1585 1216 1606 sex
1239 1575 1395 1613 ecelesiae,
1421 1585 1459 1608 eo:
1482 1576 1602 1618 quibus
1623 1586 1675 1607 no-

983 1638 1039 1658 vus
1063 1628 1271 1659 constituitur
1295 1627 1588 1671 archiepiscopatus
1613 1628 1674 1662 At-

982 1679 1109 1712 biensis.

1111 1750 1305 1778 Innocentius
1326 1750 1498 1784 Episcopus,

1130 1801 1235 1820 servus
1252 1801 1404 1821 servorum
1419 1795 1482 1827 Dei,

1061 1837 1096 1863 ad
1117 1840 1294 1870 perpetuam
1314 1839 1356 1864 rei
1373 1838 1552 1865 memoriam.

982 1897 1199 1940 Triumphans
1225 1898 1336 1931 Pastor
1353 1903 1512 1940 aeternus,
1532 1900 1675 1942 gloriosa

940 1950 1080 1982 dictante
1106 1956 1291 1983 sanctorum
1326 1950 1502 1984 directione
1535 1958 1673 1995 patrum,

940 2009 973 2035 ut
997 2012 1088 2034 suum
1122 2003 1260 2035 salvaret
1284 2004 1454 2046 populum,
1481 2004 1616 2037 decretis
1642 2006 1675 2038 111

941 2060 1048 2087 monte
1075 2054 1257 2098 colloquiis,
1276 2055 1309 2088 in
1327 2055 1511 2089 eruditione
1528 2063 1675 2091 sanctua-

942 2108 978 2140 rii
1004 2108 1089 2140 inter
1120 2108 1181 2140 alia
1214 2108 1395 2141 ministeria
1422 2110 1570 2152 permisit.
1590 2112 1674 2154 quod

943 2160 1023 2202 ignis
1049 2160 1081 2192 in
1106 2160 1204 2192 altare
1230 2161 1405 2193 sacerdotis
1438 2163 1674 2204 confoveretur,

942 2218 982 2251 et,
1005 2217 1040 2244 ut
1063 2213 1130 2244 sine
1153 2212 1393 2245 intermissione
1415 2214 1676 2256 combureretur,

944 2264 1029 2306 ligna
1044 2264 1089 2297 eis
1104 2265 1272 2304 subiicere,
1295 2270 1330 2297 ut
1346 2265 1433 2298 illius
1450 2277 1514 2299 non
1533 2274 1676 2302 cessaret

943 2317 1157 2350 ministerium
1182 2317 1370 2350 studiosum.
1408 2319 1516 2357 Altare
1553 2321 1675 2365 quippe

943 2369 998 2401 Dei
1029 2379 1085 2401 cor
1115 2368 1220 2401 fidelis
1252 2369 1391 2402 habetur
1415 2371 1609 2413 cuiuslibet,
1642 2373 1675 2406 in

944 2432 1006 2464 quo
1025 2421 1124 2464 ipsius
1149 2421 1233 2464 ignis
1259 2422 1355 2455 ardor
1380 2423 1603 2458 indesinenter
1624 2437 1676 2459 ex-

943 2474 1073 2517 petitur,
1100 2485 1163 2517 quo
1187 2475 1273 2507 velut
1296 2475 1582 2512 ssamma;a1·dentis
1603 2480 1678 2513 clia-

979 2536 990 2563 1
1012 2535 1054 2562 Ab
1074 2536 1205 2564 electione
1225 2545 1293 2564 anno
1314 2544 1342 2565 111
1361 2542 1399 2576 (R.
1415 2541 1463 2574 T.).

1713 1907 1834 1930 Exordium.
