2111 3157
182 212 228 239 An.
251 212 279 240 c.
306 211 371 240 iaso
418 204 480 237 ⁵200

369 310 555 341 monasteriis
577 314 604 339 et
626 309 696 339 locis
719 308 826 338 nostris
848 307 987 338 solemnis
1004 306 1109 336 habea-

370 365 429 395 tur,
447 359 519 389 itaut
535 367 646 393 omnes,
664 361 721 387 tam
740 356 887 386 commissi
903 364 989 395 quam
1008 355 1106 385 famuli

371 418 402 438 nc
420 408 595 442 laborantes,
619 406 653 435 ab
676 405 814 445 operibus
837 404 953 444 penitus
975 413 1006 434 se
1020 403 1109 433 absti-

370 461 469 493 neant,
493 455 613 494 perinde
636 465 668 484 ac
690 454 765 484 siah
788 453 917 484 Ecclesia
933 453 968 483 de
992 461 1109 492 praece-

370 510 419 544 pto
441 504 615 533 constitutus
637 507 724 533 esset.
752 502 887 533 Officium
913 505 1011 531 autem
1033 501 1109 530 eius-

371 555 436 583 ‹leui
451 554 479 583 S.
498 553 529 582 P.
546 553 580 582 N.
598 551 745 582 Benedicti
762 554 907 590 postremo
923 550 1108 589 impressum,

371 607 397 631 et
411 612 426 631 a
444 604 524 631 sacra
539 602 657 632 Rituum
670 601 900 639 Congregatione
916 600 1108 638 recognitum,

371 651 511 680 recitetur
542 650 577 680 ab
607 651 742 680 omnibus
768 654 826 679 tam
858 649 888 678 in
910 649 999 678 choro
1024 656 1111 686 quam

372 703 464 735 extra,
489 698 618 737 qualibet
639 699 723 728 tertia
746 697 817 727 seria
839 707 896 726 non
918 696 1057 734 impedita
1072 695 1110 724 se-

373 752 417 776 sto
439 747 589 777 duodecim
614 747 784 783 lectionum,
809 745 928 783 vigiliis,
947 744 1113 781 Quadrage-

373 796 459 833 sima,
483 795 627 833 Adventu,
641 799 668 825 et
684 795 739 824 nisi
752 797 887 824 occurrat
901 793 963 822 dies
975 791 1068 821 votiva
1083 791 1112 820 in

373 848 473 874 nostro
496 845 605 874 missali
627 845 702 874 infra
725 848 867 881 octavam,
891 841 1052 880 eodemque
1067 840 1113 870 die

375 893 463 923 missa
485 894 627 932 impressa
649 893 829 922 decantetur.

414 950 510 980 CAPUT
527 950 585 981 XV.
601 968 639 973 —-
655 950 778 981 Alleluia
793 949 888 988 qulbus
910 947 1075 987 temporibus

685 1000 802 1029 dicatur.

195 1061 366 1113 ssss'ffi‘ffg’cfssggk
422 1061 445 1092 Λ
471 1065 581 1092 sancto
608 1059 729 1091 Pascha
752 1067 854 1100 usque
880 1056 919 1089 ad
944 1055 1116 1088 Pentecos-

191 1115 320 1161 ''gisjssfl'vbffl
331 1114 366 1135 Λῖ-
378 1118 440 1145 tem
466 1113 536 1145 sine
562 1110 801 1144 intermissione
826 1109 951 1142 dicatur
966 1106 1114 1140 Alleluia

378 1171 442 1197 tam
467 1165 501 1197 in
525 1164 657 1207 psalmis
679 1173 772 1206 quam
789 1162 823 1194 in
841 1159 1071 1203 responsoriis.
1092 1159 1116 1190 Α

378 1218 573 1250 Pentecoste
600 1218 647 1258 (a)
672 1225 775 1258 usque
800 1214 839 1247 ad
865 1219 962 1256 caput
978 1211 1117 1250 Quadra—

378 1270 520 1313 gesimae
546 1269 697 1302 omnibus
715 1267 864 1300 noctibus
881 1276 953 1298 cnm
971 1276 1024 1298 sex
1043 1275 1118 1307 pos-

378 1323 554 1356 terioribus
579 1321 714 1365 psalmis
739 1325 864 1352 tantum
882 1319 922 1351 ad
939 1323 1116 1350 nocturnos

380 1376 518 1409 dicatur.
545 1374 636 1408 Omni
661 1383 736 1406 vero
755 1372 917 1406 dominica
933 1376 1022 1403 extra
1037 1369 1118 1408 Qua-

380 1428 619 1470 dragesimam,
645 1425 789 1464 cantica,
814 1423 980 1460 matutini,
1006 1422 1118 1464 prima,

380 1481 486 1519 tertia,
513 1484 610 1519 sexta,
635 1488 786 1520 nonaque
805 1487 877 1510 cum
900 1474 1049 1508 Alleluia
1073 1474 1120 1506 di-

381 1538 507 1566 cantur.
534 1532 676 1575 Vespera
699 1540 777 1563 vero
808 1539 879 1561 cum
915 1526 1117 1570 antiphonis.

382 1584 603 1628 Responsoria
615 1593 690 1616 vero
703 1592 868 1625 nunquam
884 1580 1032 1613 dieantur
1049 1589 1120 1612 cnm

382 1637 533 1672 Alleluia
557 1636 619 1669 nisi
651 1647 668 1669 a
692 1635 814 1668 Pascha
846 1644 949 1676 usque
976 1632 1015 1665 ad
1040 1632 1121 1665 Pen-

383 1695 553 1724 tecostem.

181 1088 194 1161 Τ-*Ὶ

656 1749 850 1771 DECLARATIO.

424 1797 466 1835 (a)
498 1796 585 1834 Usque
614 1795 648 1824 ad
677 1798 758 1833 capnt
787 1792 1027 1830 Quadt·a9esimae.
1060 1792 1123 1821 Ser-

385 1849 490 1875 ventur
511 1843 646 1874 rubricae
668 1842 759 1872 nostri
781 1840 940 1878 breviarii,
965 1844 996 1869 ut
1017 1839 1124 1870 dicitur

385 1903 473 1933 supra
495 1893 530 1922 ad
556 1896 643 1931 caput
664 1900 724 1920 xm.

445 1950 541 1980 CAPUT
563 1949 634 1979 XVI.
658 1965 694 1970 —
719 1946 844 1982 Qualiter
866 1947 959 1976 divina
983 1955 1065 1985 opera

608 2007 658 2037 per
679 1997 751 2027 diem
771 1999 899 2034 figentem:

193 2063 377 2109 hjjsststcjffmffffg
430 2057 471 2091 Ut
485 2056 527 2089 ait
543 2056 723 2099 Propheta:
741 2053 861 2096 Septies
875 2053 910 2085 in
927 2051 978 2084 die
996 2051 1126 2084 laudem

194 2119 213 2133 “¹
230 2122 270 2135 ⁰¹¹³
292 2111 461 2143 ω’ϋῐυνπῑιζεὶ
479 2110 549 2143 tibi.
566 2108 624 2146 Qui
642 2106 846 2150 septenarius
861 2110 1003 2138 sacratus
1016 2115 1127 2137 nume-

194 2148 227 2162 Μ’
389 2174 444 2195 rus
468 2174 485 2195 a
509 2161 604 2194 nobis
629 2161 674 2192 sic
693 2158 893 2202 implebitur,
918 2157 944 2190 si
968 2157 1124 2197 matutini,

389 2217 523 2260 primae,
542 2214 668 2253 tertiae,
685 2217 805 2251 sextae,
823 2221 941 2252 nonae,
959 2220 1125 2253 vesperae,

391 2267 661 2311 completoriique
697 2271 845 2308 tempore
874 2268 1005 2296 nostrae
1031 2262 1128 2295 servi-

392 2321 470 2353 tutis
502 2319 606 2352 officia
636 2318 878 2362 persolvamus,
906 2316 981 2359 quia
1013 2316 1052 2348 de
1077 2315 1127 2347 his

393 2373 483 2406 horis
505 2371 584 2404 dixit
600 2370 777 2413 Propheta:
795 2366 917 2412 Septies
938 2368 974 2400 in
994 2367 1045 2400 die
1063 2367 1130 2400 lau-

394 2427 465 2458 dem
489 2424 561 2456 <lixi
586 2422 654 2455 tibi.
680 2423 763 2464 Ergo
786 2422 837 2454 his
857 2420 1060 2464 temporibus
1079 2431 1130 2453 re-

396 2479 536 2510 seramus
568 2475 681 2508 laudes
711 2473 854 2507 Creatori
887 2478 1001 2506 nostro
1032 2483 1132 2516 super

396 2529 516 2562 iudicia
540 2527 680 2560 iustitiae
705 2537 793 2567 suae,
820 2526 852 2559 id
876 2531 926 2558 est
955 2525 1130 2565 matutinis,

398 2582 510 2626 prima,
537 2580 639 2621 tertia,
657 2581 752 2620 sexta,
774 2581 869 2620 nona,
886 2579 1031 2622 vespera,
1050 2587 1133 2611 com-

956 210 1135 235 BL'LLAliIL‘M
1160 209 1310 235 ROMXNL'M

410 272 438 291 11.
463 262 564 292 Festus
587 271 654 291 vero
677 260 738 290 dics
759 259 787 289 S.
806 259 838 289 P.
855 259 888 289 N.
913 258 1061 289 Benedicti
1078 258 1106 287 in
1128 261 1130 272 ¹

1891 207 1938 234 Au.
1960 206 1988 234 C.
2014 207 2077 235 naso

1150 258 1300 300 pletorio,
1326 261 1358 290 et
1373 260 1467 290 nocte
1492 265 1658 299 surgamus
1679 256 1717 289 ad
1735 254 1888 289 confiten-

1150 310 1225 342 dum
1251 310 1290 342 ei.

1150 371 1247 402 CAPUT
1262 371 1346 402 xvu.
1371 389 1405 393 -—
1425 371 1493 407 Quot
1506 370 1609 410 psalmi
1620 380 1673 410 per
1687 371 1793 400 easdem
1809 371 1888 401 horas

1416 420 1525 450 [licendi
1545 423 1618 449 sunt.

1194 474 1257 507 lam
1282 475 1321 508 de
1346 474 1513 508 nocturnis
1530 474 1579 506 vel
1599 473 1768 506 matutinis
1785 473 1890 516 diges-
1926 479 2081 518 Eodem‘modo

1152 527 1248 560 simus
1274 527 1421 560 ordinem
1446 525 1655 569 psalmodiae,
1678 535 1764 558 nunc
1781 525 1821 558 de
1842 536 1891 558 se·
1901 511 2083 579 qfigriiiiissniisw'ruass.

1153 579 1327 622 quentibus
1364 578 1454 612 horis
1487 577 1664 610 videamus.
1706 577 1753 619 (a)
1784 562 2084 632 ΡΥΞΠώὲἕέἒὶῗὲηὲἕῗὲἐῗ

1155 632 1234 664 hora
1252 632 1399 664 dicantur
1416 630 1533 674 psalmi
1552 636 1627 670 tres,
1645 630 1843 673 singillatim,
1861 635 2083 666 etmomtpturmus

1154 695 1220 717 non
1245 684 1302 717 sub
1327 687 1392 717 una
1418 684 1542 718 Gloria.
1570 684 1714 727 Hymnus
1746 683 1892 716 eiusdem
1902 664 1986 717 '5⁴:333'
2007 668 2030 685 m
2049 671 2084 685 ω’

1155 737 1253 770 horae
1278 742 1352 780 post
1374 747 1502 770 versum
1526 736 1612 769 Deus
1631 736 1668 768 in
1691 735 1894 768 adiutorium

1155 800 1261 821 meum
1285 789 1431 828 intende,
1458 794 1633 831 antequam
1664 788 1781 831 psalmi
1815 787 1894 821 inci-

1155 842 1296 884 piantur.
1328 842 1406 875 Post
1436 841 1655 883 expletionem
1689 850 1766 874 vero
1797 840 1895 874 trium

1156 897 1356 938 psalmorum
1382 894 1537 928 recitetur
1560 893 1658 927 lectio
1681 903 1756 934 una,
1782 903 1894 926 versus

1157 953 1189 982 et
1212 949 1315 991 Kyrie
1339 948 1467 988 eleison,
1489 953 1521 981 et
1546 947 1663 980 missae
1687 946 1762 980 sint.
1788 946 1896 979 Tertia

1157 1012 1244 1041 vero,
1270 1002 1358 1034 sexta
1380 1006 1412 1034 et
1436 1002 1522 1033 nona
1546 1000 1662 1034 eodem
1686 999 1800 1033 ordine
1816 999 1897 1033 cele·

1158 1056 1269 1087 bretur
1293 1054 1406 1095 oratio,
1430 1064 1554 1093 versus,
1581 1052 1692 1096 hymni
1710 1053 1896 1087 earumdem

1159 1108 1328 1146 horarum,
1355 1107 1436 1139 terni
1461 1106 1590 1150 psalmi,
1616 1105 1713 1139 lectio
1738 1110 1770 1139 et
1785 1115 1896 1139 versus

1159 1160 1263 1202 Kyrie
1283 1159 1412 1199 eleison,
1437 1164 1469 1191 et
1492 1158 1609 1191 missae
1635 1157 1709 1191 sint.
1736 1157 1768 1191 Si
1792 1157 1897 1191 maior

1159 1213 1369 1255 congregatio
1394 1212 1506 1252 suerit,
1541 1222 1613 1245 cum
1638 1211 1827 1255 antiphonis
1851 1211 1899 1245 di-

1160 1271 1294 1305 cantur,
1321 1265 1346 1297 si
1363 1275 1437 1298 vero
1454 1264 1570 1304 minor,
1588 1264 1622 1297 in
1639 1264 1796 1297 directum
1811 1265 1899 1308 psal-

1160 1320 1279 1351 lantur.
1290 1316 1480 1361 Vespertina
1492 1322 1599 1350 autem
1617 1315 1745 1360 synaxis
1757 1321 1899 1360 quatuor

1161 1371 1294 1414 psalmis
1309 1381 1382 1404 cum
1399 1370 1588 1414 antiphonis
1603 1370 1808 1404 terminetur.
1822 1369 1898 1403 Post

1162 1435 1243 1467 qnos
1268 1425 1413 1467 psalmos
1437 1423 1534 1456 lectio
1559 1422 1724 1456 recitanda
1747 1428 1804 1463 est,
1821 1422 1898 1456 inde

1161 1475 1403 1518 responsorium
1419 1475 1672 1514 ambrosianum,
1685 1484 1809 1514 versus,
1830 1484 1899 1507 can—

1164 1528 1263 1562 ticum
1294 1529 1333 1561 de
1358 1528 1548 1570 Evangelio,
1580 1527 1713 1560 litaniae
1738 1531 1770 1560 et
1794 1527 1898 1560 oratio

1164 1580 1334 1620 dominica,
1352 1585 1384 1613 et
1399 1579 1478 1612 siant
1496 1579 1627 1612 missae.
1646 1578 1900 1622 Completorium

1164 1638 1272 1666 autem
1296 1633 1392 1665 trium
1416 1633 1614 1676 psalmorum
1639 1631 1779 1664 dictione
1796 1631 1902 1664 termi-

1165 1690 1271 1725 netur,
1296 1684 1349 1728 qui
1373 1684 1489 1729 psalmi
1507 1683 1692 1718 directanee
1710 1687 1743 1716 et
1761 1682 1829 1716 sine
1847 1693 1903 1716 an-

1166 1739 1304 1782 tiphona
1321 1738 1448 1772 dicendi
1467 1742 1550 1770 sunt.
1572 1736 1649 1769 Post
1667 1746 1748 1780 quos
1762 1736 1900 1780 hymnus

1166 1791 1312 1824 eiusdem
1336 1791 1451 1830 horae,
1483 1789 1580 1822 lectio
1612 1799 1686 1829 una,
1717 1797 1839 1829 versus,
1871 1793 1904 1821 et

1165 1844 1270 1886 [syrie
1289 1842 1420 1882 eleison,
1436 1841 1482 1885 (b)
1508 1846 1539 1874 et
1561 1841 1758 1881 benedictio,
1777 1845 1809 1874 et
1827 1839 1903 1874 mis·

1167 1907 1221 1930 sae
1246 1896 1335 1929 fiant.

1437 1955 1632 1978 DECLARATIO.

1207 2002 1251 2041 (α)
1273 2001 1369 2032 Prima
1391 2001 1457 2030 horst
1479 2002 1581 2031 dieitur
1607 2000 1694 2039 Kyrie
1715 2000 1826 2030 eleison.
1855 2000 1906 2031 Se-

1167 2051 1295 2081 cundum
1317 2050 1466 2089 antiquam
1495 2053 1624 2080 nostram
1650 2048 1904 2088 consuetudinem,

1168 2099 1246 2129 dicta
1266 2099 1359 2138 prima
1381 2098 1550 2128 immediate
1574 2097 1829 2138 processionaliter
1856 2107 1906 2127 ex-

1168 2152 1270 2178 euntes
1291 2147 1325 2177 de
1355 2147 1480 2177 ecclesia
1505 2146 1810 2176 commemorationem
1837 2145 1906 2175 faci-

1169 2206 1233 2226 mus
1255 2205 1306 2236 pro
1324 2195 1461 2226 fratribus
1482 2195 1636 2232 defunctis,
1658 2193 1850 2224 familiaribus
1878 2198 1907 2224 et

1168 2244 1403 2275 benefactoribus
1425 2244 1544 2281 nostris,
1568 2252 1634 2273 cum
1658 2243 1769 2282 psalmo
1789 2242 1828 2272 De
1839 2251 1907 2282 pro-

1169 2294 1267 2333 fundis
1299 2296 1326 2322 et
1348 2293 1479 2322 oratione
1500 2292 1574 2321 Deus
1599 2291 1692 2320 veniae
1723 2289 1854 2329 largitor,
1878 2294 1907 2320 et

1171 2341 1319 2380 pergimus
1348 2340 1383 2369 ad
1413 2339 1573 2378 capitulum
1602 2338 1652 2368 ubi
1675 2338 1907 2377 pronunciantur

1170 2399 1205 2419 ex
1217 2388 1421 2427 martyrologio
1433 2388 1504 2418 festa
1520 2387 1693 2418 Sanctorum
1709 2387 1906 2424 occurrentia,

1171 2440 1198 2466 et
1213 2436 1322 2466 dicitur
1337 2436 1472 2473 Pretiosa,
1489 2444 1570 2465 more
1586 2436 1734 2464 Romanae
1749 2434 1907 2464 Ecclesiae.

1172 2485 1278 2517 Ultimo
1299 2485 1407 2523 legitur
1422 2484 1581 2524 capitulum
1596 2491 1702 2521 nonae,
1719 2482 1768 2512 ubi
1783 2491 1842 2512 non
1857 2482 1913 2512 ha·-

1173 2534 1257 2564 betur
1281 2533 1444 2573 proprium,
1466 2536 1494 2562 et
1516 2535 1579 2571 post
1600 2530 1754 2561 lectionem
1775 2530 1847 2560 dicti
1862 2539 1910 2560 ca-

1173 2581 1279 2621 pituli,
1302 2580 1404 2612 diebus
1432 2579 1580 2611 ferialibus
1601 2582 1630 2610 et
1657 2578 1738 2609 festis
1759 2578 1848 2609 trium
1869 2577 1910 2609 le.-
