<?xml version="1.0" encoding="UTF-8"?>
<!DOCTYPE html PUBLIC "-//W3C//DTD XHTML 1.0 Transitional//EN"
    "http://www.w3.org/TR/xhtml1/DTD/xhtml1-transitional.dtd">
<html xmlns="http://www.w3.org/1999/xhtml" xml:lang="en" lang="en">
 <head>
  <title>
</title>
<meta http-equiv="Content-Type" content="text/html;charset=utf-8" />
  <meta name='ocr-system' content='tesseract 3.04.00' />
  <meta name='ocr-capabilities' content='ocr_page ocr_carea ocr_par ocr_line ocrx_word'/>
</head>
<body>
  <div class='ocr_page' id='page_1' title='image "./bullarumdiplomat19cath_0385.png"; bbox 0 0 2111 3157; ppageno 0'>
   <div class='ocr_carea' id='block_1_1' title="bbox 13 232 196 261">
    <p class='ocr_par' dir='ltr' id='par_1_1' title="bbox 13 232 196 261">
     <span class='ocr_line' id='line_1_1' title="bbox 13 232 196 261; baseline 0.005 -1"><span class='ocrx_word' id='word_1_1' title='bbox 13 234 60 260; x_wconf 79' lang='lat' dir='ltr'>Au.</span> <span class='ocrx_word' id='word_1_2' title='bbox 76 232 103 260; x_wconf 89' lang='lat' dir='ltr'>C.</span> <span class='ocrx_word' id='word_1_3' title='bbox 129 233 196 261; x_wconf 72' lang='lat'>1680</span> 
     </span>
    </p>
   </div>
   <div class='ocr_carea' id='block_1_2' title="bbox 195 282 932 1744">
    <p class='ocr_par' dir='ltr' id='par_1_2' title="bbox 195 282 932 1744">
     <span class='ocr_line' id='line_1_2' title="bbox 201 282 931 326; baseline -0.001 -10"><span class='ocrx_word' id='word_1_4' title='bbox 201 282 333 323; x_wconf 82' lang='lat' dir='ltr'>ideirco,</span> <span class='ocrx_word' id='word_1_5' title='bbox 358 289 393 316; x_wconf 91' lang='lat' dir='ltr'>ut</span> <span class='ocrx_word' id='word_1_6' title='bbox 417 283 540 316; x_wconf 79' lang='lat' dir='ltr'>facilius</span> <span class='ocrx_word' id='word_1_7' title='bbox 571 294 606 316; x_wconf 90' lang='lat' dir='ltr'>ac</span> <span class='ocrx_word' id='word_1_8' title='bbox 635 283 814 326; x_wconf 67' lang='lat' dir='ltr'>expeditius</span> <span class='ocrx_word' id='word_1_9' title='bbox 844 294 931 325; x_wconf 80' lang='lat' dir='ltr'>pera-</span> 
     </span>
     <span class='ocr_line' id='line_1_3' title="bbox 202 335 931 378; baseline 0 -10"><span class='ocrx_word' id='word_1_10' title='bbox 202 340 323 378; x_wconf 78' lang='lat' dir='ltr'>gantur,</span> <span class='ocrx_word' id='word_1_11' title='bbox 349 336 545 375; x_wconf 79' lang='lat' dir='ltr'>ordinamus,</span> <span class='ocrx_word' id='word_1_12' title='bbox 573 336 659 368; x_wconf 76' lang='lat' dir='ltr'>iuxta</span> <span class='ocrx_word' id='word_1_13' title='bbox 684 335 851 378; x_wconf 67' lang='lat' dir='ltr'>privilegia</span> <span class='ocrx_word' id='word_1_14' title='bbox 874 346 931 368; x_wconf 90' lang='lat' dir='ltr'>no-</span> 
     </span>
     <span class='ocr_line' id='line_1_4' title="bbox 201 387 931 429; baseline -0.001 -9"><span class='ocrx_word' id='word_1_15' title='bbox 201 393 275 427; x_wconf 86' lang='lat' dir='ltr'>stra,</span> <span class='ocrx_word' id='word_1_16' title='bbox 292 398 406 420; x_wconf 92' lang='lat' dir='ltr'>novem</span> <span class='ocrx_word' id='word_1_17' title='bbox 421 393 544 420; x_wconf 87' lang='lat' dir='ltr'>tantum</span> <span class='ocrx_word' id='word_1_18' title='bbox 562 387 748 420; x_wconf 81' lang='lat' dir='ltr'>definitores</span> <span class='ocrx_word' id='word_1_19' title='bbox 765 388 931 429; x_wconf 77' lang='lat' dir='ltr'>eligendos</span> 
     </span>
     <span class='ocr_line' id='line_1_5' title="bbox 201 440 928 483; baseline -0.003 -10"><span class='ocrx_word' id='word_1_20' title='bbox 201 450 273 473; x_wconf 88' lang='lat' dir='ltr'>esse</span> <span class='ocrx_word' id='word_1_21' title='bbox 298 451 334 473; x_wconf 88' lang='lat' dir='ltr'>ex</span> <span class='ocrx_word' id='word_1_22' title='bbox 360 441 512 483; x_wconf 84' lang='lat' dir='ltr'>praelatis</span> <span class='ocrx_word' id='word_1_23' title='bbox 533 440 587 483; x_wconf 86' lang='lat' dir='ltr'>qui</span> <span class='ocrx_word' id='word_1_24' title='bbox 607 445 681 472; x_wconf 89' lang='lat' dir='ltr'>sunt</span> <span class='ocrx_word' id='word_1_25' title='bbox 710 440 743 471; x_wconf 94' lang='lat' dir='ltr'>in</span> <span class='ocrx_word' id='word_1_26' title='bbox 767 440 928 482; x_wconf 83' lang='lat' dir='ltr'>capitulo;</span> 
     </span>
     <span class='ocr_line' id='line_1_6' title="bbox 201 492 932 535; baseline -0.003 -10"><span class='ocrx_word' id='word_1_27' title='bbox 201 503 338 535; x_wconf 81' lang='lat' dir='ltr'>quorum</span> <span class='ocrx_word' id='word_1_28' title='bbox 363 503 445 525; x_wconf 89' lang='lat' dir='ltr'>unus</span> <span class='ocrx_word' id='word_1_29' title='bbox 470 492 607 534; x_wconf 76' lang='lat' dir='ltr'>eligatur</span> <span class='ocrx_word' id='word_1_30' title='bbox 636 492 824 535; x_wconf 79' lang='lat' dir='ltr'>praesidens</span> <span class='ocrx_word' id='word_1_31' title='bbox 847 492 932 535; x_wconf 82' lang='lat' dir='ltr'>oapi-</span> 
     </span>
     <span class='ocr_line' id='line_1_7' title="bbox 202 544 873 588; baseline -0.001 -11"><span class='ocrx_word' id='word_1_32' title='bbox 202 545 273 584; x_wconf 89' lang='lat' dir='ltr'>tuli,</span> <span class='ocrx_word' id='word_1_33' title='bbox 299 550 335 578; x_wconf 91' lang='lat' dir='ltr'>ut</span> <span class='ocrx_word' id='word_1_34' title='bbox 358 546 441 578; x_wconf 83' lang='lat' dir='ltr'>infra</span> <span class='ocrx_word' id='word_1_35' title='bbox 465 544 695 588; x_wconf 75' lang='lat' dir='ltr'>praescribitur</span> <span class='ocrx_word' id='word_1_36' title='bbox 717 555 803 578; x_wconf 91' lang='lat' dir='ltr'>num.</span> <span class='ocrx_word' id='word_1_37' title='bbox 830 555 873 577; x_wconf 79' lang='lat' dir='ltr'>vi.</span> 
     </span>
     <span class='ocr_line' id='line_1_8' title="bbox 244 597 930 640; baseline -0.003 -9"><span class='ocrx_word' id='word_1_38' title='bbox 244 608 278 631; x_wconf 88' lang='lat'>11.</span> <span class='ocrx_word' id='word_1_39' title='bbox 302 598 493 632; x_wconf 80' lang='lat' dir='ltr'>Ordinamus</span> <span class='ocrx_word' id='word_1_40' title='bbox 515 598 609 630; x_wconf 86' lang='lat' dir='ltr'>etiam</span> <span class='ocrx_word' id='word_1_41' title='bbox 630 598 805 640; x_wconf 85' lang='lat' dir='ltr'>quemlibet</span> <span class='ocrx_word' id='word_1_42' title='bbox 822 597 930 630; x_wconf 87' lang='lat' dir='ltr'>absen-</span> 
     </span>
     <span class='ocr_line' id='line_1_9' title="bbox 201 650 928 694; baseline 0 -12"><span class='ocrx_word' id='word_1_43' title='bbox 201 656 263 683; x_wconf 86' lang='lat' dir='ltr'>tem</span> <span class='ocrx_word' id='word_1_44' title='bbox 288 662 306 683; x_wconf 87' lang='lat' dir='ltr'>a</span> <span class='ocrx_word' id='word_1_45' title='bbox 329 651 480 694; x_wconf 89' lang='lat' dir='ltr'>capitulo,</span> <span class='ocrx_word' id='word_1_46' title='bbox 504 660 608 693; x_wconf 80' lang='lat' dir='ltr'>neque</span> <span class='ocrx_word' id='word_1_47' title='bbox 632 659 690 693; x_wconf 88' lang='lat' dir='ltr'>per</span> <span class='ocrx_word' id='word_1_48' title='bbox 713 650 928 689; x_wconf 87' lang='lat' dir='ltr'>substitutum,</span> 
     </span>
     <span class='ocr_line' id='line_1_10' title="bbox 200 703 928 747; baseline 0 -12"><span class='ocrx_word' id='word_1_49' title='bbox 200 714 306 747; x_wconf 88' lang='lat' dir='ltr'>neque</span> <span class='ocrx_word' id='word_1_50' title='bbox 324 713 382 746; x_wconf 89' lang='lat' dir='ltr'>per</span> <span class='ocrx_word' id='word_1_51' title='bbox 400 703 562 746; x_wconf 76' lang='lat' dir='ltr'>epistolas,</span> <span class='ocrx_word' id='word_1_52' title='bbox 576 712 679 745; x_wconf 83' lang='lat' dir='ltr'>neque</span> <span class='ocrx_word' id='word_1_53' title='bbox 696 712 754 745; x_wconf 87' lang='lat' dir='ltr'>per</span> <span class='ocrx_word' id='word_1_54' title='bbox 771 703 928 743; x_wconf 85' lang='lat' dir='ltr'>nuntium,</span> 
     </span>
     <span class='ocr_line' id='line_1_11' title="bbox 200 754 926 798; baseline 0 -10"><span class='ocrx_word' id='word_1_55' title='bbox 200 766 312 788; x_wconf 88' lang='lat' dir='ltr'>vocem</span> <span class='ocrx_word' id='word_1_56' title='bbox 332 756 365 788; x_wconf 90' lang='lat' dir='ltr'>in</span> <span class='ocrx_word' id='word_1_57' title='bbox 390 755 522 798; x_wconf 86' lang='lat' dir='ltr'>capituli</span> <span class='ocrx_word' id='word_1_58' title='bbox 543 754 666 787; x_wconf 85' lang='lat' dir='ltr'>actibus</span> <span class='ocrx_word' id='word_1_59' title='bbox 684 754 803 787; x_wconf 86' lang='lat' dir='ltr'>habere</span> <span class='ocrx_word' id='word_1_60' title='bbox 822 766 926 798; x_wconf 86' lang='lat' dir='ltr'>posse.</span> 
     </span>
     <span class='ocr_line' id='line_1_12' title="bbox 242 808 930 851; baseline 0.001 -11"><span class='ocrx_word' id='word_1_61' title='bbox 242 818 290 841; x_wconf 88' lang='lat'>111.</span> <span class='ocrx_word' id='word_1_62' title='bbox 316 808 534 840; x_wconf 80' lang='lat' dir='ltr'>Admonemus</span> <span class='ocrx_word' id='word_1_63' title='bbox 563 812 670 841; x_wconf 88' lang='lat' dir='ltr'>autem</span> <span class='ocrx_word' id='word_1_64' title='bbox 698 812 733 840; x_wconf 90' lang='lat' dir='ltr'>ut</span> <span class='ocrx_word' id='word_1_65' title='bbox 763 808 930 851; x_wconf 83' lang='lat' dir='ltr'>unusquis-</span> 
     </span>
     <span class='ocr_line' id='line_1_13' title="bbox 199 861 929 904; baseline 0 -11"><span class='ocrx_word' id='word_1_66' title='bbox 199 871 260 904; x_wconf 87' lang='lat' dir='ltr'>que</span> <span class='ocrx_word' id='word_1_67' title='bbox 284 861 384 894; x_wconf 88' lang='lat' dir='ltr'>Deum</span> <span class='ocrx_word' id='word_1_68' title='bbox 405 861 438 893; x_wconf 94' lang='lat' dir='ltr'>in</span> <span class='ocrx_word' id='word_1_69' title='bbox 462 861 523 893; x_wconf 86' lang='lat' dir='ltr'>hac</span> <span class='ocrx_word' id='word_1_70' title='bbox 547 861 705 894; x_wconf 86' lang='lat' dir='ltr'>electione</span> <span class='ocrx_word' id='word_1_71' title='bbox 729 866 801 893; x_wconf 84' lang='lat' dir='ltr'>ante</span> <span class='ocrx_word' id='word_1_72' title='bbox 822 863 929 894; x_wconf 81' lang='lat' dir='ltr'>oeulos</span> 
     </span>
     <span class='ocr_line' id='line_1_14' title="bbox 199 913 928 955; baseline 0.003 -10"><span class='ocrx_word' id='word_1_73' title='bbox 199 923 272 946; x_wconf 81' lang='lat' dir='ltr'>suae</span> <span class='ocrx_word' id='word_1_74' title='bbox 288 913 404 946; x_wconf 89' lang='lat' dir='ltr'>mentis</span> <span class='ocrx_word' id='word_1_75' title='bbox 422 913 549 953; x_wconf 85' lang='lat' dir='ltr'>habeat,</span> <span class='ocrx_word' id='word_1_76' title='bbox 567 918 608 952; x_wconf 83' lang='lat' dir='ltr'>ct,</span> <span class='ocrx_word' id='word_1_77' title='bbox 621 923 701 955; x_wconf 88' lang='lat' dir='ltr'>quos</span> <span class='ocrx_word' id='word_1_78' title='bbox 720 913 837 947; x_wconf 86' lang='lat' dir='ltr'>iudicio</span> <span class='ocrx_word' id='word_1_79' title='bbox 853 924 928 947; x_wconf 88' lang='lat' dir='ltr'>suae</span> 
     </span>
     <span class='ocr_line' id='line_1_15' title="bbox 198 965 929 1009; baseline 0 -11"><span class='ocrx_word' id='word_1_80' title='bbox 198 966 415 999; x_wconf 90' lang='lat' dir='ltr'>conscientiae</span> <span class='ocrx_word' id='word_1_81' title='bbox 453 976 512 1009; x_wconf 92' lang='lat' dir='ltr'>pro</span> <span class='ocrx_word' id='word_1_82' title='bbox 546 965 718 999; x_wconf 81' lang='lat' dir='ltr'>universali</span> <span class='ocrx_word' id='word_1_83' title='bbox 749 966 929 1009; x_wconf 77' lang='lat' dir='ltr'>Congrega-</span> 
     </span>
     <span class='ocr_line' id='line_1_16' title="bbox 199 1017 926 1061; baseline -0.001 -9"><span class='ocrx_word' id='word_1_84' title='bbox 199 1019 294 1052; x_wconf 86' lang='lat' dir='ltr'>tionis</span> <span class='ocrx_word' id='word_1_85' title='bbox 317 1019 405 1052; x_wconf 89' lang='lat' dir='ltr'>bono</span> <span class='ocrx_word' id='word_1_86' title='bbox 429 1017 618 1051; x_wconf 84' lang='lat' dir='ltr'>iudicaverit</span> <span class='ocrx_word' id='word_1_87' title='bbox 637 1019 796 1057; x_wconf 74' lang='lat' dir='ltr'>utiliores,</span> <span class='ocrx_word' id='word_1_88' title='bbox 816 1019 926 1061; x_wconf 79' lang='lat' dir='ltr'>eligat.</span> 
     </span>
     <span class='ocr_line' id='line_1_17' title="bbox 241 1071 929 1114; baseline 0 -10"><span class='ocrx_word' id='word_1_89' title='bbox 241 1082 284 1105; x_wconf 91' lang='lat' dir='ltr'>1v.</span> <span class='ocrx_word' id='word_1_90' title='bbox 307 1072 341 1104; x_wconf 94' lang='lat' dir='ltr'>ln</span> <span class='ocrx_word' id='word_1_91' title='bbox 366 1071 523 1104; x_wconf 79' lang='lat' dir='ltr'>electione</span> <span class='ocrx_word' id='word_1_92' title='bbox 547 1081 624 1104; x_wconf 76' lang='lat' dir='ltr'>vero</span> <span class='ocrx_word' id='word_1_93' title='bbox 648 1072 819 1114; x_wconf 79' lang='lat' dir='ltr'>praedicta,</span> <span class='ocrx_word' id='word_1_94' title='bbox 844 1072 929 1104; x_wconf 78' lang='lat' dir='ltr'>iuxta</span> 
     </span>
     <span class='ocr_line' id='line_1_18' title="bbox 198 1123 929 1168; baseline 0 -11"><span class='ocrx_word' id='word_1_95' title='bbox 198 1124 393 1168; x_wconf 79' lang='lat' dir='ltr'>primaevam</span> <span class='ocrx_word' id='word_1_96' title='bbox 413 1123 647 1156; x_wconf 78' lang='lat' dir='ltr'>institutionem</span> <span class='ocrx_word' id='word_1_97' title='bbox 668 1124 769 1156; x_wconf 80' lang='lat' dir='ltr'>felicis</span> <span class='ocrx_word' id='word_1_98' title='bbox 787 1125 929 1157; x_wconf 85' lang='lat' dir='ltr'>recorda·</span> 
     </span>
     <span class='ocr_line' id='line_1_19' title="bbox 197 1176 929 1220; baseline 0.001 -11"><span class='ocrx_word' id='word_1_99' title='bbox 197 1176 294 1210; x_wconf 89' lang='lat' dir='ltr'>tionis</span> <span class='ocrx_word' id='word_1_100' title='bbox 327 1176 461 1219; x_wconf 81' lang='lat' dir='ltr'>Eugenii</span> <span class='ocrx_word' id='word_1_101' title='bbox 487 1176 522 1209; x_wconf 67' lang='lat' dir='ltr'>IV</span> <span class='ocrx_word' id='word_1_102' title='bbox 554 1176 593 1208; x_wconf 88' lang='lat' dir='ltr'>ab</span> <span class='ocrx_word' id='word_1_103' title='bbox 624 1176 753 1209; x_wconf 91' lang='lat' dir='ltr'>Urbano</span> <span class='ocrx_word' id='word_1_104' title='bbox 776 1177 839 1209; x_wconf 80' lang='lat' dir='ltr'>vul</span> <span class='ocrx_word' id='word_1_105' title='bbox 871 1188 929 1220; x_wconf 87' lang='lat' dir='ltr'>per</span> 
     </span>
     <span class='ocr_line' id='line_1_20' title="bbox 197 1229 929 1262; baseline 0.001 -2"><span class='ocrx_word' id='word_1_106' title='bbox 197 1239 270 1261; x_wconf 84' lang='lat' dir='ltr'>suas</span> <span class='ocrx_word' id='word_1_107' title='bbox 287 1229 411 1262; x_wconf 80' lang='lat' dir='ltr'>litteras</span> <span class='ocrx_word' id='word_1_108' title='bbox 427 1229 457 1261; x_wconf 91' lang='lat' dir='ltr'>in</span> <span class='ocrx_word' id='word_1_109' title='bbox 480 1229 579 1261; x_wconf 73' lang='lat' dir='ltr'>forma</span> <span class='ocrx_word' id='word_1_110' title='bbox 596 1229 705 1261; x_wconf 87' lang='lat' dir='ltr'>Brevis</span> <span class='ocrx_word' id='word_1_111' title='bbox 729 1229 780 1261; x_wconf 91' lang='lat' dir='ltr'>die</span> <span class='ocrx_word' id='word_1_112' title='bbox 805 1240 860 1262; x_wconf 83' lang='lat' dir='ltr'>vui</span> <span class='ocrx_word' id='word_1_113' title='bbox 881 1230 929 1261; x_wconf 94' lang='lat' dir='ltr'>iu-</span> 
     </span>
     <span class='ocr_line' id='line_1_21' title="bbox 197 1280 927 1323; baseline 0.001 -10"><span class='ocrx_word' id='word_1_114' title='bbox 197 1281 230 1313; x_wconf 91' lang='lat' dir='ltr'>lii</span> <span class='ocrx_word' id='word_1_115' title='bbox 256 1290 426 1314; x_wconf 71' lang='lat' dir='ltr'>uncxxxvn</span> <span class='ocrx_word' id='word_1_116' title='bbox 444 1280 654 1323; x_wconf 83' lang='lat' dir='ltr'>approbatam</span> <span class='ocrx_word' id='word_1_117' title='bbox 681 1286 713 1313; x_wconf 88' lang='lat' dir='ltr'>et</span> <span class='ocrx_word' id='word_1_118' title='bbox 737 1281 927 1322; x_wconf 79' lang='lat' dir='ltr'>innovatam,</span> 
     </span>
     <span class='ocr_line' id='line_1_22' title="bbox 196 1332 929 1376; baseline 0.003 -12"><span class='ocrx_word' id='word_1_119' title='bbox 196 1333 368 1365; x_wconf 66' lang='lat' dir='ltr'>statuimus</span> <span class='ocrx_word' id='word_1_120' title='bbox 392 1338 426 1364; x_wconf 90' lang='lat' dir='ltr'>ut</span> <span class='ocrx_word' id='word_1_121' title='bbox 448 1333 552 1365; x_wconf 88' lang='lat' dir='ltr'>libera</span> <span class='ocrx_word' id='word_1_122' title='bbox 576 1332 618 1364; x_wconf 92' lang='lat' dir='ltr'>sit</span> <span class='ocrx_word' id='word_1_123' title='bbox 641 1333 816 1376; x_wconf 83' lang='lat' dir='ltr'>unicuique</span> <span class='ocrx_word' id='word_1_124' title='bbox 841 1345 929 1376; x_wconf 87' lang='lat' dir='ltr'>prae-</span> 
     </span>
     <span class='ocr_line' id='line_1_23' title="bbox 196 1385 927 1418; baseline 0 0"><span class='ocrx_word' id='word_1_125' title='bbox 196 1385 334 1418; x_wconf 88' lang='lat' dir='ltr'>latorum</span> <span class='ocrx_word' id='word_1_126' title='bbox 352 1390 535 1418; x_wconf 89' lang='lat' dir='ltr'>nostrorum</span> <span class='ocrx_word' id='word_1_127' title='bbox 554 1395 664 1417; x_wconf 89' lang='lat' dir='ltr'>vocem</span> <span class='ocrx_word' id='word_1_128' title='bbox 682 1385 871 1417; x_wconf 82' lang='lat' dir='ltr'>habentium</span> <span class='ocrx_word' id='word_1_129' title='bbox 897 1386 927 1418; x_wconf 91' lang='lat' dir='ltr'>in</span> 
     </span>
     <span class='ocr_line' id='line_1_24' title="bbox 195 1436 930 1480; baseline 0.003 -11"><span class='ocrx_word' id='word_1_130' title='bbox 195 1436 337 1480; x_wconf 87' lang='lat' dir='ltr'>capitulo</span> <span class='ocrx_word' id='word_1_131' title='bbox 362 1437 494 1469; x_wconf 84' lang='lat' dir='ltr'>facultas</span> <span class='ocrx_word' id='word_1_132' title='bbox 519 1437 659 1480; x_wconf 84' lang='lat' dir='ltr'>eligendi</span> <span class='ocrx_word' id='word_1_133' title='bbox 694 1448 774 1480; x_wconf 84' lang='lat' dir='ltr'>quos</span> <span class='ocrx_word' id='word_1_134' title='bbox 804 1449 840 1470; x_wconf 81' lang='lat' dir='ltr'>ex</span> <span class='ocrx_word' id='word_1_135' title='bbox 872 1439 930 1471; x_wconf 86' lang='lat' dir='ltr'>eis-</span> 
     </span>
     <span class='ocr_line' id='line_1_25' title="bbox 196 1490 928 1533; baseline 0.001 -11"><span class='ocrx_word' id='word_1_136' title='bbox 196 1490 267 1522; x_wconf 87' lang='lat' dir='ltr'>dem</span> <span class='ocrx_word' id='word_1_137' title='bbox 293 1490 444 1533; x_wconf 84' lang='lat' dir='ltr'>praelatis</span> <span class='ocrx_word' id='word_1_138' title='bbox 469 1491 507 1523; x_wconf 86' lang='lat' dir='ltr'>ad</span> <span class='ocrx_word' id='word_1_139' title='bbox 534 1490 765 1524; x_wconf 84' lang='lat' dir='ltr'>definitoriatus</span> <span class='ocrx_word' id='word_1_140' title='bbox 790 1491 928 1524; x_wconf 83' lang='lat' dir='ltr'>officium</span> 
     </span>
     <span class='ocr_line' id='line_1_26' title="bbox 195 1543 929 1587; baseline 0.004 -12"><span class='ocrx_word' id='word_1_141' title='bbox 195 1543 298 1586; x_wconf 80' lang='lat' dir='ltr'>magis</span> <span class='ocrx_word' id='word_1_142' title='bbox 322 1543 458 1576; x_wconf 90' lang='lat' dir='ltr'>idoneos</span> <span class='ocrx_word' id='word_1_143' title='bbox 486 1544 676 1577; x_wconf 89' lang='lat' dir='ltr'>iudicaverit</span> <span class='ocrx_word' id='word_1_144' title='bbox 710 1545 833 1587; x_wconf 84' lang='lat' dir='ltr'>(super</span> <span class='ocrx_word' id='word_1_145' title='bbox 868 1556 929 1587; x_wconf 83' lang='lat' dir='ltr'>quo</span> 
     </span>
     <span class='ocr_line' id='line_1_27' title="bbox 196 1596 930 1640; baseline 0 -11"><span class='ocrx_word' id='word_1_146' title='bbox 196 1596 426 1629; x_wconf 85' lang='lat' dir='ltr'>conscientiam</span> <span class='ocrx_word' id='word_1_147' title='bbox 452 1597 626 1629; x_wconf 86' lang='lat' dir='ltr'>cuiuslibet</span> <span class='ocrx_word' id='word_1_148' title='bbox 650 1597 793 1640; x_wconf 89' lang='lat' dir='ltr'>ipsorum</span> <span class='ocrx_word' id='word_1_149' title='bbox 818 1607 930 1629; x_wconf 84' lang='lat' dir='ltr'>onera-</span> 
     </span>
     <span class='ocr_line' id='line_1_28' title="bbox 195 1649 929 1692; baseline 0.003 -12"><span class='ocrx_word' id='word_1_150' title='bbox 195 1650 292 1688; x_wconf 66' lang='lat' dir='ltr'>mus),</span> <span class='ocrx_word' id='word_1_151' title='bbox 317 1650 405 1681; x_wconf 77' lang='lat' dir='ltr'>nulla</span> <span class='ocrx_word' id='word_1_152' title='bbox 423 1649 532 1681; x_wconf 70' lang='lat' dir='ltr'>habita</span> <span class='ocrx_word' id='word_1_153' title='bbox 553 1650 678 1683; x_wconf 87' lang='lat' dir='ltr'>ratione</span> <span class='ocrx_word' id='word_1_154' title='bbox 704 1650 789 1692; x_wconf 88' lang='lat' dir='ltr'>quod</span> <span class='ocrx_word' id='word_1_155' title='bbox 812 1649 843 1681; x_wconf 91' lang='lat' dir='ltr'>iu</span> <span class='ocrx_word' id='word_1_156' title='bbox 866 1660 929 1682; x_wconf 91' lang='lat' dir='ltr'>uno</span> 
     </span>
     <span class='ocr_line' id='line_1_29' title="bbox 195 1702 930 1744; baseline 0.001 -12"><span class='ocrx_word' id='word_1_157' title='bbox 195 1702 335 1734; x_wconf 84' lang='lat' dir='ltr'>alterove</span> <span class='ocrx_word' id='word_1_158' title='bbox 361 1712 396 1734; x_wconf 77' lang='lat' dir='ltr'>ex</span> <span class='ocrx_word' id='word_1_159' title='bbox 423 1702 572 1744; x_wconf 85' lang='lat' dir='ltr'>capitulis</span> <span class='ocrx_word' id='word_1_160' title='bbox 605 1702 813 1743; x_wconf 74' lang='lat' dir='ltr'>generalibus</span> <span class='ocrx_word' id='word_1_161' title='bbox 839 1712 930 1744; x_wconf 89' lang='lat' dir='ltr'>prae-</span> 
     </span>
    </p>
   </div>
   <div class='ocr_carea' id='block_1_3' title="bbox 195 1754 1708 1898">
    <p class='ocr_par' dir='ltr' id='par_1_3' title="bbox 195 1754 1708 1898">
     <span class='ocr_line' id='line_1_30' title="bbox 195 1754 952 1802; baseline -0.003 -16"><span class='ocrx_word' id='word_1_162' title='bbox 195 1754 385 1786; x_wconf 79' lang='lat' dir='ltr'>cedentibus</span> <span class='ocrx_word' id='word_1_163' title='bbox 402 1754 583 1786; x_wconf 73' lang='lat' dir='ltr'>successive</span> <span class='ocrx_word' id='word_1_164' title='bbox 599 1754 788 1787; x_wconf 75' lang='lat' dir='ltr'>definitores</span> <span class='ocrx_word' id='word_1_165' title='bbox 804 1754 928 1793; x_wconf 80' lang='lat' dir='ltr'>fuerint,</span> <span class='ocrx_word' id='word_1_166' title='bbox 950 1784 952 1802; x_wconf 33' lang='grc'>1</span> 
     </span>
     <span class='ocr_line' id='line_1_31' title="bbox 195 1805 952 1849; baseline 0.004 -12"><span class='ocrx_word' id='word_1_167' title='bbox 195 1805 338 1849; x_wconf 71' lang='lat' dir='ltr'>quodve*</span> <span class='ocrx_word' id='word_1_168' title='bbox 356 1806 404 1839; x_wconf 87' lang='lat' dir='ltr'>bis</span> <span class='ocrx_word' id='word_1_169' title='bbox 422 1817 438 1838; x_wconf 87' lang='lat' dir='ltr'>a</span> <span class='ocrx_word' id='word_1_170' title='bbox 452 1806 634 1839; x_wconf 80' lang='lat' dir='ltr'>definitorio</span> <span class='ocrx_word' id='word_1_171' title='bbox 651 1817 715 1839; x_wconf 93' lang='lat' dir='ltr'>non</span> <span class='ocrx_word' id='word_1_172' title='bbox 733 1806 929 1844; x_wconf 74' lang='lat' dir='ltr'>vacaverint,</span> <span class='ocrx_word' id='word_1_173' title='bbox 951 1817 952 1840; x_wconf 54' lang='grc' dir='ltr'><strong>ς</strong></span> 
     </span>
     <span class='ocr_line' id='line_1_32' title="bbox 951 1855 1708 1898; baseline 0.003 -11"><span class='ocrx_word' id='word_1_174' title='bbox 951 1862 952 1871; x_wconf 69' lang='grc'>’</span> <span class='ocrx_word' id='word_1_175' title='bbox 974 1855 1055 1887; x_wconf 78' lang='lat' dir='ltr'>idest</span> <span class='ocrx_word' id='word_1_176' title='bbox 1072 1855 1201 1895; x_wconf 75' lang='lat' dir='ltr'>Veneta,</span> <span class='ocrx_word' id='word_1_177' title='bbox 1218 1855 1395 1888; x_wconf 70' lang='lat' dir='ltr'>Lombarda</span> <span class='ocrx_word' id='word_1_178' title='bbox 1413 1861 1440 1887; x_wconf 79' lang='lat' dir='ltr'>et</span> <span class='ocrx_word' id='word_1_179' title='bbox 1460 1856 1588 1898; x_wconf 61' lang='lat' dir='ltr'>Ligura,</span> <span class='ocrx_word' id='word_1_180' title='bbox 1606 1861 1636 1888; x_wconf 88' lang='lat' dir='ltr'>et</span> <span class='ocrx_word' id='word_1_181' title='bbox 1654 1856 1708 1889; x_wconf 86' lang='lat' dir='ltr'>ille</span> 
     </span>
    </p>
   </div>
   <div class='ocr_carea' id='block_1_4' title="bbox 195 1858 930 1901">
    <p class='ocr_par' dir='ltr' id='par_1_4' title="bbox 195 1858 930 1901">
     <span class='ocr_line' id='line_1_33' title="bbox 195 1858 930 1901; baseline -0.003 -11"><span class='ocrx_word' id='word_1_182' title='bbox 195 1858 270 1900; x_wconf 84' lang='lat' dir='ltr'>eligi</span> <span class='ocrx_word' id='word_1_183' title='bbox 302 1863 408 1890; x_wconf 89' lang='lat' dir='ltr'>tamen</span> <span class='ocrx_word' id='word_1_184' title='bbox 440 1869 504 1891; x_wconf 89' lang='lat' dir='ltr'>non</span> <span class='ocrx_word' id='word_1_185' title='bbox 538 1859 672 1901; x_wconf 80' lang='lat' dir='ltr'>possint,</span> <span class='ocrx_word' id='word_1_186' title='bbox 699 1858 753 1901; x_wconf 88' lang='lat' dir='ltr'>qui</span> <span class='ocrx_word' id='word_1_187' title='bbox 783 1858 930 1900; x_wconf 71' lang='lat' dir='ltr'>proximo</span> 
     </span>
    </p>
   </div>
   <div class='ocr_carea' id='block_1_5' title="bbox 195 1911 1709 1997">
    <p class='ocr_par' dir='ltr' id='par_1_5' title="bbox 195 1911 1709 1997">
     <span class='ocr_line' id='line_1_34' title="bbox 195 1911 952 1953; baseline -0.003 -10"><span class='ocrx_word' id='word_1_188' title='bbox 195 1911 400 1952; x_wconf 82' lang='lat' dir='ltr'>praecedenti</span> <span class='ocrx_word' id='word_1_189' title='bbox 437 1911 579 1953; x_wconf 87' lang='lat' dir='ltr'>capitulo</span> <span class='ocrx_word' id='word_1_190' title='bbox 614 1911 796 1943; x_wconf 74' lang='lat' dir='ltr'>visitatores</span> <span class='ocrx_word' id='word_1_191' title='bbox 836 1911 952 1952; x_wconf 59' lang='lat' dir='ltr'>electi}</span> 
     </span>
     <span class='ocr_line' id='line_1_35' title="bbox 951 1953 1709 1997; baseline 0.003 -7"><span class='ocrx_word' id='word_1_192' title='bbox 951 1953 952 1964; x_wconf 61' lang='lat'>¹</span> <span class='ocrx_word' id='word_1_193' title='bbox 973 1959 1055 1991; x_wconf 80' lang='lat' dir='ltr'>infra</span> <span class='ocrx_word' id='word_1_194' title='bbox 1079 1959 1245 1991; x_wconf 89' lang='lat' dir='ltr'>dimidium</span> <span class='ocrx_word' id='word_1_195' title='bbox 1270 1960 1491 1991; x_wconf 84' lang='lat' dir='ltr'>convenerint.</span> <span class='ocrx_word' id='word_1_196' title='bbox 1512 1959 1602 1997; x_wconf 87' lang='lat' dir='ltr'>Quod</span> <span class='ocrx_word' id='word_1_197' title='bbox 1624 1960 1649 1992; x_wconf 86' lang='lat' dir='ltr'>si</span> <span class='ocrx_word' id='word_1_198' title='bbox 1676 1960 1709 1992; x_wconf 94' lang='lat' dir='ltr'>in</span> 
     </span>
    </p>
   </div>
   <div class='ocr_carea' id='block_1_6' title="bbox 194 1962 931 2214">
    <p class='ocr_par' dir='ltr' id='par_1_6' title="bbox 194 1962 931 2214">
     <span class='ocr_line' id='line_1_36' title="bbox 197 1962 931 2005; baseline 0 -11"><span class='ocrx_word' id='word_1_199' title='bbox 197 1963 325 2003; x_wconf 83' lang='lat' dir='ltr'>suerint,</span> <span class='ocrx_word' id='word_1_200' title='bbox 343 1967 375 1995; x_wconf 90' lang='lat' dir='ltr'>et</span> <span class='ocrx_word' id='word_1_201' title='bbox 391 1962 525 2005; x_wconf 83' lang='lat' dir='ltr'>praelati</span> <span class='ocrx_word' id='word_1_202' title='bbox 548 1962 579 1994; x_wconf 90' lang='lat' dir='ltr'>in</span> <span class='ocrx_word' id='word_1_203' title='bbox 599 1963 744 2005; x_wconf 78' lang='lat' dir='ltr'>proxima</span> <span class='ocrx_word' id='word_1_204' title='bbox 769 1962 845 1994; x_wconf 87' lang='lat' dir='ltr'>item</span> <span class='ocrx_word' id='word_1_205' title='bbox 865 1962 931 1995; x_wconf 90' lang='lat' dir='ltr'>die-</span> 
     </span>
     <span class='ocr_line' id='line_1_37' title="bbox 197 2014 930 2058; baseline 0 -11"><span class='ocrx_word' id='word_1_206' title='bbox 197 2017 226 2047; x_wconf 79' lang='lat' dir='ltr'>ta</span> <span class='ocrx_word' id='word_1_207' title='bbox 246 2015 285 2047; x_wconf 86' lang='lat' dir='ltr'>ad</span> <span class='ocrx_word' id='word_1_208' title='bbox 311 2015 471 2047; x_wconf 87' lang='lat' dir='ltr'>abbatiam</span> <span class='ocrx_word' id='word_1_209' title='bbox 496 2014 657 2058; x_wconf 70' lang='lat' dir='ltr'>promoti,</span> <span class='ocrx_word' id='word_1_210' title='bbox 681 2015 930 2056; x_wconf 84' lang='lat' dir='ltr'>advertaturque</span> 
     </span>
     <span class='ocr_line' id='line_1_38' title="bbox 194 2067 931 2110; baseline -0.001 -10"><span class='ocrx_word' id='word_1_211' title='bbox 194 2072 364 2110; x_wconf 84' lang='lat' dir='ltr'>praeterea</span> <span class='ocrx_word' id='word_1_212' title='bbox 388 2077 487 2099; x_wconf 90' lang='lat' dir='ltr'>unum</span> <span class='ocrx_word' id='word_1_213' title='bbox 512 2072 636 2099; x_wconf 88' lang='lat' dir='ltr'>tantum</span> <span class='ocrx_word' id='word_1_214' title='bbox 662 2071 694 2099; x_wconf 87' lang='lat' dir='ltr'>et</span> <span class='ocrx_word' id='word_1_215' title='bbox 724 2077 789 2098; x_wconf 92' lang='lat' dir='ltr'>non</span> <span class='ocrx_word' id='word_1_216' title='bbox 822 2067 931 2109; x_wconf 81' lang='lat' dir='ltr'>plures</span> 
     </span>
     <span class='ocr_line' id='line_1_39' title="bbox 196 2117 931 2161; baseline -0.003 -9"><span class='ocrx_word' id='word_1_217' title='bbox 196 2119 227 2151; x_wconf 93' lang='lat' dir='ltr'>in</span> <span class='ocrx_word' id='word_1_218' title='bbox 254 2119 368 2152; x_wconf 90' lang='lat' dir='ltr'>eodem</span> <span class='ocrx_word' id='word_1_219' title='bbox 395 2118 593 2151; x_wconf 87' lang='lat' dir='ltr'>monasterio</span> <span class='ocrx_word' id='word_1_220' title='bbox 619 2118 799 2161; x_wconf 80' lang='lat' dir='ltr'>professos,</span> <span class='ocrx_word' id='word_1_221' title='bbox 825 2119 873 2150; x_wconf 86' lang='lat' dir='ltr'>vel</span> <span class='ocrx_word' id='word_1_222' title='bbox 899 2117 931 2150; x_wconf 94' lang='lat' dir='ltr'>in</span> 
     </span>
     <span class='ocr_line' id='line_1_40' title="bbox 196 2170 931 2214; baseline -0.003 -10"><span class='ocrx_word' id='word_1_223' title='bbox 196 2172 308 2214; x_wconf 78' lang='lat' dir='ltr'>eadem</span> <span class='ocrx_word' id='word_1_224' title='bbox 333 2171 459 2204; x_wconf 85' lang='lat' dir='ltr'>civitate</span> <span class='ocrx_word' id='word_1_225' title='bbox 485 2181 540 2203; x_wconf 88' lang='lat' dir='ltr'>seu</span> <span class='ocrx_word' id='word_1_226' title='bbox 565 2171 636 2204; x_wconf 87' lang='lat' dir='ltr'>loco</span> <span class='ocrx_word' id='word_1_227' title='bbox 661 2176 766 2209; x_wconf 87' lang='lat' dir='ltr'>natos,</span> <span class='ocrx_word' id='word_1_228' title='bbox 793 2170 869 2203; x_wconf 85' lang='lat' dir='ltr'>licet</span> <span class='ocrx_word' id='word_1_229' title='bbox 894 2181 931 2202; x_wconf 88' lang='lat' dir='ltr'>ex</span> 
     </span>
    </p>
   </div>
   <div class='ocr_carea' id='block_1_7' title="bbox 197 2222 953 2267">
    <p class='ocr_par' dir='ltr' id='par_1_7' title="bbox 197 2222 953 2267">
     <span class='ocr_line' id='line_1_41' title="bbox 197 2222 953 2267; baseline -0.005 -9"><span class='ocrx_word' id='word_1_230' title='bbox 197 2224 330 2258; x_wconf 82' lang='lat' dir='ltr'>diversis</span> <span class='ocrx_word' id='word_1_231' title='bbox 349 2223 523 2267; x_wconf 85' lang='lat' dir='ltr'>provinciis</span> <span class='ocrx_word' id='word_1_232' title='bbox 540 2223 679 2266; x_wconf 82' lang='lat' dir='ltr'>professi</span> <span class='ocrx_word' id='word_1_233' title='bbox 696 2223 768 2263; x_wconf 86' lang='lat' dir='ltr'>sint,</span> <span class='ocrx_word' id='word_1_234' title='bbox 787 2223 880 2254; x_wconf 83' lang='lat' dir='ltr'>simul</span> <span class='ocrx_word' id='word_1_235' title='bbox 899 2222 931 2254; x_wconf 91' lang='lat' dir='ltr'>in</span> <span class='ocrx_word' id='word_1_236' title='bbox 951 2240 953 2246; x_wconf 72' lang='lat'>‹</span> 
     </span>
    </p>
   </div>
   <div class='ocr_carea' id='block_1_8' title="bbox 196 2275 932 2580">
    <p class='ocr_par' dir='ltr' id='par_1_8' title="bbox 196 2275 931 2422">
     <span class='ocr_line' id='line_1_42' title="bbox 196 2275 931 2319; baseline -0.005 -9"><span class='ocrx_word' id='word_1_237' title='bbox 196 2277 310 2310; x_wconf 90' lang='lat' dir='ltr'>eodem</span> <span class='ocrx_word' id='word_1_238' title='bbox 335 2276 476 2319; x_wconf 88' lang='lat' dir='ltr'>capitulo</span> <span class='ocrx_word' id='word_1_239' title='bbox 502 2275 689 2308; x_wconf 72' lang='lat' dir='ltr'>definitores</span> <span class='ocrx_word' id='word_1_240' title='bbox 722 2275 795 2317; x_wconf 82' lang='lat' dir='ltr'>eligi</span> <span class='ocrx_word' id='word_1_241' title='bbox 827 2285 931 2317; x_wconf 82' lang='lat' dir='ltr'>posse,</span> 
     </span>
     <span class='ocr_line' id='line_1_43' title="bbox 196 2326 931 2372; baseline -0.007 -10"><span class='ocrx_word' id='word_1_242' title='bbox 196 2329 240 2361; x_wconf 87' lang='lat' dir='ltr'>ita</span> <span class='ocrx_word' id='word_1_243' title='bbox 271 2329 358 2372; x_wconf 90' lang='lat' dir='ltr'>quod</span> <span class='ocrx_word' id='word_1_244' title='bbox 384 2338 500 2361; x_wconf 90' lang='lat' dir='ltr'>novem</span> <span class='ocrx_word' id='word_1_245' title='bbox 525 2326 714 2360; x_wconf 85' lang='lat' dir='ltr'>definitores</span> <span class='ocrx_word' id='word_1_246' title='bbox 745 2326 866 2368; x_wconf 71' lang='lat' dir='ltr'>singuli</span> <span class='ocrx_word' id='word_1_247' title='bbox 899 2326 931 2358; x_wconf 92' lang='lat' dir='ltr'>in</span> 
     </span>
     <span class='ocr_line' id='line_1_44' title="bbox 197 2378 928 2422; baseline -0.004 -8"><span class='ocrx_word' id='word_1_248' title='bbox 197 2381 328 2415; x_wconf 88' lang='lat' dir='ltr'>diversis</span> <span class='ocrx_word' id='word_1_249' title='bbox 352 2380 558 2414; x_wconf 87' lang='lat' dir='ltr'>monasteriis</span> <span class='ocrx_word' id='word_1_250' title='bbox 582 2378 722 2422; x_wconf 80' lang='lat' dir='ltr'>professi</span> <span class='ocrx_word' id='word_1_251' title='bbox 755 2379 928 2421; x_wconf 83' lang='lat' dir='ltr'>eligantur.</span> 
     </span>
    </p>

    <p class='ocr_par' dir='ltr' id='par_1_9' title="bbox 196 2430 932 2580">
     <span class='ocr_line' id='line_1_45' title="bbox 240 2430 932 2474; baseline -0.007 -7"><span class='ocrx_word' id='word_1_252' title='bbox 240 2444 271 2467; x_wconf 89' lang='lat' dir='ltr'>v.</span> <span class='ocrx_word' id='word_1_253' title='bbox 297 2434 408 2467; x_wconf 87' lang='lat' dir='ltr'>Modus</span> <span class='ocrx_word' id='word_1_254' title='bbox 435 2443 513 2465; x_wconf 87' lang='lat' dir='ltr'>vero</span> <span class='ocrx_word' id='word_1_255' title='bbox 545 2431 731 2474; x_wconf 84' lang='lat' dir='ltr'>praedictae</span> <span class='ocrx_word' id='word_1_256' title='bbox 764 2430 932 2464; x_wconf 86' lang='lat' dir='ltr'>electionis</span> 
     </span>
     <span class='ocr_line' id='line_1_46' title="bbox 197 2483 931 2527; baseline -0.005 -8"><span class='ocrx_word' id='word_1_257' title='bbox 197 2486 376 2527; x_wconf 81' lang='lat' dir='ltr'>faciendae,</span> <span class='ocrx_word' id='word_1_258' title='bbox 395 2485 456 2518; x_wconf 89' lang='lat' dir='ltr'>erit</span> <span class='ocrx_word' id='word_1_259' title='bbox 477 2484 552 2517; x_wconf 88' lang='lat' dir='ltr'>iste.</span> <span class='ocrx_word' id='word_1_260' title='bbox 571 2484 738 2516; x_wconf 85' lang='lat' dir='ltr'>Ponantur</span> <span class='ocrx_word' id='word_1_261' title='bbox 755 2483 788 2516; x_wconf 92' lang='lat' dir='ltr'>in</span> <span class='ocrx_word' id='word_1_262' title='bbox 804 2484 931 2516; x_wconf 86' lang='lat' dir='ltr'>sacculo</span> 
     </span>
     <span class='ocr_line' id='line_1_47' title="bbox 196 2535 929 2580; baseline -0.004 -9"><span class='ocrx_word' id='word_1_263' title='bbox 196 2540 246 2572; x_wconf 89' lang='lat' dir='ltr'>vel</span> <span class='ocrx_word' id='word_1_264' title='bbox 270 2541 351 2572; x_wconf 82' lang='lat' dir='ltr'>urna</span> <span class='ocrx_word' id='word_1_265' title='bbox 374 2537 505 2571; x_wconf 88' lang='lat' dir='ltr'>nomina</span> <span class='ocrx_word' id='word_1_266' title='bbox 529 2542 653 2580; x_wconf 77' lang='lat' dir='ltr'>septem</span> <span class='ocrx_word' id='word_1_267' title='bbox 671 2535 929 2579; x_wconf 89' lang='lat' dir='ltr'>provinciarum;</span> 
     </span>
    </p>
   </div>
   <div class='ocr_carea' id='block_1_9' title="bbox 233 2598 754 2636">
    <p class='ocr_par' dir='ltr' id='par_1_10' title="bbox 233 2598 754 2636">
     <span class='ocr_line' id='line_1_48' title="bbox 233 2598 754 2636; baseline -0.006 -9"><span class='ocrx_word' id='word_1_268' title='bbox 233 2602 244 2633; x_wconf 76' lang='grc'>1</span> <span class='ocrx_word' id='word_1_269' title='bbox 267 2599 337 2627; x_wconf 84' lang='lat' dir='ltr'>Edit.</span> <span class='ocrx_word' id='word_1_270' title='bbox 357 2600 439 2627; x_wconf 79' lang='lat' dir='ltr'>Maia.</span> <span class='ocrx_word' id='word_1_271' title='bbox 460 2599 525 2636; x_wconf 84' lang='lat' dir='ltr'>legit</span> <span class='ocrx_word' id='word_1_272' title='bbox 543 2607 631 2635; x_wconf 76' lang='lat' dir='ltr'>quove</span> <span class='ocrx_word' id='word_1_273' title='bbox 651 2599 689 2633; x_wconf 74' lang='lat' dir='ltr'>(u.</span> <span class='ocrx_word' id='word_1_274' title='bbox 705 2598 754 2632; x_wconf 60' lang='lat'>¹12).</span> 
     </span>
    </p>
   </div>
   <div class='ocr_carea' id='block_1_10' title="bbox 781 235 1119 260">
    <p class='ocr_par' dir='ltr' id='par_1_11' title="bbox 781 235 1119 260">
     <span class='ocr_line' id='line_1_49' title="bbox 781 235 1119 260; baseline -0.006 -1"><span class='ocrx_word' id='word_1_275' title='bbox 781 235 994 260; x_wconf 67' lang='lat' dir='ltr'>INNOCENTIL‘S</span> <span class='ocrx_word' id='word_1_276' title='bbox 1015 235 1045 259; x_wconf 80' lang='lat' dir='ltr'>Xl</span> <span class='ocrx_word' id='word_1_277' title='bbox 1071 235 1119 258; x_wconf 80' lang='lat' dir='ltr'>PP-</span> 
     </span>
    </p>
   </div>
   <div class='ocr_carea' id='block_1_11' title="bbox 949 282 956 2532">
    <p class='ocr_par' dir='ltr' id='par_1_12' title="bbox 949 282 956 2532">
     <span class='ocr_line' id='line_1_50' title="bbox 949 282 956 2532; baseline 0 0"><span class='ocrx_word' id='word_1_278' title='bbox 949 282 956 2532; x_wconf 95' lang='lat' dir='ltr'> </span> 
     </span>
    </p>
   </div>
   <div class='ocr_carea' id='block_1_12' title="bbox 970 279 1710 1846">
    <p class='ocr_par' dir='ltr' id='par_1_13' title="bbox 972 279 1710 577">
     <span class='ocr_line' id='line_1_51' title="bbox 973 279 1705 325; baseline -0.003 -11"><span class='ocrx_word' id='word_1_279' title='bbox 973 287 1003 314; x_wconf 87' lang='lat' dir='ltr'>et</span> <span class='ocrx_word' id='word_1_280' title='bbox 1015 282 1148 325; x_wconf 84' lang='lat' dir='ltr'>praelati</span> <span class='ocrx_word' id='word_1_281' title='bbox 1164 290 1296 324; x_wconf 85' lang='lat' dir='ltr'>capaces</span> <span class='ocrx_word' id='word_1_282' title='bbox 1310 280 1397 314; x_wconf 90' lang='lat' dir='ltr'>illius</span> <span class='ocrx_word' id='word_1_283' title='bbox 1414 279 1609 323; x_wconf 86' lang='lat' dir='ltr'>provinciae,</span> <span class='ocrx_word' id='word_1_284' title='bbox 1623 289 1705 321; x_wconf 84' lang='lat' dir='ltr'>quae</span> 
     </span>
     <span class='ocr_line' id='line_1_52' title="bbox 972 331 1705 377; baseline -0.001 -11"><span class='ocrx_word' id='word_1_285' title='bbox 972 335 1077 377; x_wconf 89' lang='lat' dir='ltr'>primo</span> <span class='ocrx_word' id='word_1_286' title='bbox 1113 340 1259 367; x_wconf 80' lang='lat' dir='ltr'>extracta</span> <span class='ocrx_word' id='word_1_287' title='bbox 1288 334 1366 373; x_wconf 82' lang='lat' dir='ltr'>suit,</span> <span class='ocrx_word' id='word_1_288' title='bbox 1406 333 1510 376; x_wconf 91' lang='lat' dir='ltr'>primo</span> <span class='ocrx_word' id='word_1_289' title='bbox 1546 331 1705 375; x_wconf 78' lang='lat' dir='ltr'>suffragiis</span> 
     </span>
     <span class='ocr_line' id='line_1_53' title="bbox 972 385 1704 429; baseline 0 -12"><span class='ocrx_word' id='word_1_290' title='bbox 972 392 1218 429; x_wconf 76' lang='lat' dir='ltr'>supponantur,</span> <span class='ocrx_word' id='word_1_291' title='bbox 1245 386 1388 419; x_wconf 87' lang='lat' dir='ltr'>secundo</span> <span class='ocrx_word' id='word_1_292' title='bbox 1413 385 1544 418; x_wconf 83' lang='lat' dir='ltr'>abbates</span> <span class='ocrx_word' id='word_1_293' title='bbox 1568 395 1704 428; x_wconf 86' lang='lat' dir='ltr'>capaces</span> 
     </span>
     <span class='ocr_line' id='line_1_54' title="bbox 972 438 1710 482; baseline 0.001 -12"><span class='ocrx_word' id='word_1_294' title='bbox 972 438 1057 471; x_wconf 91' lang='lat' dir='ltr'>illius</span> <span class='ocrx_word' id='word_1_295' title='bbox 1081 439 1278 482; x_wconf 76' lang='lat' dir='ltr'>provinciae,</span> <span class='ocrx_word' id='word_1_296' title='bbox 1297 449 1378 481; x_wconf 88' lang='lat' dir='ltr'>quae</span> <span class='ocrx_word' id='word_1_297' title='bbox 1399 438 1539 470; x_wconf 90' lang='lat' dir='ltr'>secundo</span> <span class='ocrx_word' id='word_1_298' title='bbox 1564 443 1710 471; x_wconf 74' lang='lat' dir='ltr'>extracta-</span> 
     </span>
     <span class='ocr_line' id='line_1_55' title="bbox 973 491 1706 535; baseline 0.001 -12"><span class='ocrx_word' id='word_1_299' title='bbox 973 491 1031 523; x_wconf 80' lang='lat' dir='ltr'>suit</span> <span class='ocrx_word' id='word_1_300' title='bbox 1048 502 1054 531; x_wconf 92' lang='lat'>;</span> <span class='ocrx_word' id='word_1_301' title='bbox 1071 496 1102 524; x_wconf 87' lang='lat' dir='ltr'>et</span> <span class='ocrx_word' id='word_1_302' title='bbox 1121 491 1166 524; x_wconf 83' lang='lat' dir='ltr'>sic</span> <span class='ocrx_word' id='word_1_303' title='bbox 1188 491 1339 534; x_wconf 82' lang='lat' dir='ltr'>deinceps</span> <span class='ocrx_word' id='word_1_304' title='bbox 1356 501 1477 531; x_wconf 89' lang='lat' dir='ltr'>omnes,</span> <span class='ocrx_word' id='word_1_305' title='bbox 1495 501 1623 535; x_wconf 90' lang='lat' dir='ltr'>semper</span> <span class='ocrx_word' id='word_1_306' title='bbox 1640 491 1706 525; x_wconf 81' lang='lat' dir='ltr'>hoo</span> 
     </span>
     <span class='ocr_line' id='line_1_56' title="bbox 972 543 1547 577; baseline 0.003 -2"><span class='ocrx_word' id='word_1_307' title='bbox 972 543 1085 576; x_wconf 89' lang='lat' dir='ltr'>ordine</span> <span class='ocrx_word' id='word_1_308' title='bbox 1109 549 1243 576; x_wconf 85' lang='lat' dir='ltr'>servato.</span> <span class='ocrx_word' id='word_1_309' title='bbox 1545 575 1547 577; x_wconf 87' lang='grc'><em>,</em></span> 
     </span>
    </p>

    <p class='ocr_par' dir='ltr' id='par_1_14' title="bbox 970 596 1709 1846">
     <span class='ocr_line' id='line_1_57' title="bbox 1015 596 1702 635; baseline 0.004 -8"><span class='ocrx_word' id='word_1_310' title='bbox 1015 606 1058 628; x_wconf 91' lang='lat' dir='ltr'>v1.</span> <span class='ocrx_word' id='word_1_311' title='bbox 1084 596 1180 628; x_wconf 87' lang='lat' dir='ltr'>Facto</span> <span class='ocrx_word' id='word_1_312' title='bbox 1205 600 1311 628; x_wconf 88' lang='lat' dir='ltr'>autem</span> <span class='ocrx_word' id='word_1_313' title='bbox 1337 596 1500 635; x_wconf 90' lang='lat' dir='ltr'>scrutinio,</span> <span class='ocrx_word' id='word_1_314' title='bbox 1520 596 1565 629; x_wconf 93' lang='lat' dir='ltr'>illi</span> <span class='ocrx_word' id='word_1_315' title='bbox 1582 597 1702 631; x_wconf 87' lang='lat' dir='ltr'>intelli-</span> 
     </span>
     <span class='ocr_line' id='line_1_58' title="bbox 972 648 1705 691; baseline 0.005 -12"><span class='ocrx_word' id='word_1_316' title='bbox 972 653 1086 689; x_wconf 80' lang='lat' dir='ltr'>gantur</span> <span class='ocrx_word' id='word_1_317' title='bbox 1110 648 1203 680; x_wconf 84' lang='lat' dir='ltr'>electi</span> <span class='ocrx_word' id='word_1_318' title='bbox 1240 649 1294 691; x_wconf 85' lang='lat' dir='ltr'>qui</span> <span class='ocrx_word' id='word_1_319' title='bbox 1328 648 1442 681; x_wconf 86' lang='lat' dir='ltr'>maiori</span> <span class='ocrx_word' id='word_1_320' title='bbox 1476 649 1705 691; x_wconf 74' lang='lat' dir='ltr'>suffragiorum·</span> 
     </span>
     <span class='ocr_line' id='line_1_59' title="bbox 971 701 1703 745; baseline 0.007 -14"><span class='ocrx_word' id='word_1_321' title='bbox 971 710 1106 732; x_wconf 85' lang='lat' dir='ltr'>numero</span> <span class='ocrx_word' id='word_1_322' title='bbox 1131 710 1227 742; x_wconf 84' lang='lat' dir='ltr'>supra</span> <span class='ocrx_word' id='word_1_323' title='bbox 1251 701 1418 733; x_wconf 88' lang='lat' dir='ltr'>dimidium</span> <span class='ocrx_word' id='word_1_324' title='bbox 1443 701 1563 734; x_wconf 86' lang='lat' dir='ltr'>suerint</span> <span class='ocrx_word' id='word_1_325' title='bbox 1587 713 1703 745; x_wconf 86' lang='lat' dir='ltr'>appro-</span> 
     </span>
     <span class='ocr_line' id='line_1_60' title="bbox 971 751 1706 795; baseline 0.004 -11"><span class='ocrx_word' id='word_1_326' title='bbox 971 752 1048 784; x_wconf 88' lang='lat' dir='ltr'>bati.</span> <span class='ocrx_word' id='word_1_327' title='bbox 1075 751 1163 789; x_wconf 83' lang='lat' dir='ltr'>Quod</span> <span class='ocrx_word' id='word_1_328' title='bbox 1196 752 1222 784; x_wconf 90' lang='lat' dir='ltr'>si</span> <span class='ocrx_word' id='word_1_329' title='bbox 1252 752 1284 784; x_wconf 94' lang='lat' dir='ltr'>in</span> <span class='ocrx_word' id='word_1_330' title='bbox 1316 752 1421 795; x_wconf 88' lang='lat' dir='ltr'>primo</span> <span class='ocrx_word' id='word_1_331' title='bbox 1453 753 1611 786; x_wconf 81' lang='lat' dir='ltr'>scrutinio</span> <span class='ocrx_word' id='word_1_332' title='bbox 1637 765 1706 787; x_wconf 76' lang='lat' dir='ltr'>noir</span> 
     </span>
     <span class='ocr_line' id='line_1_61' title="bbox 970 804 1703 848; baseline 0.004 -12"><span class='ocrx_word' id='word_1_333' title='bbox 970 804 1172 846; x_wconf 83' lang='lat' dir='ltr'>reperientur</span> <span class='ocrx_word' id='word_1_334' title='bbox 1196 815 1309 837; x_wconf 85' lang='lat' dir='ltr'>novem</span> <span class='ocrx_word' id='word_1_335' title='bbox 1334 805 1442 837; x_wconf 88' lang='lat' dir='ltr'>sortiri</span> <span class='ocrx_word' id='word_1_336' title='bbox 1472 805 1621 848; x_wconf 73' lang='lat' dir='ltr'>suffragia</span> <span class='ocrx_word' id='word_1_337' title='bbox 1651 818 1703 839; x_wconf 88' lang='lat' dir='ltr'>su-</span> 
     </span>
     <span class='ocr_line' id='line_1_62' title="bbox 970 857 1706 901; baseline 0.004 -12"><span class='ocrx_word' id='word_1_338' title='bbox 970 867 1029 899; x_wconf 89' lang='lat' dir='ltr'>pra</span> <span class='ocrx_word' id='word_1_339' title='bbox 1064 857 1230 891; x_wconf 88' lang='lat' dir='ltr'>dimidiam</span> <span class='ocrx_word' id='word_1_340' title='bbox 1264 863 1398 901; x_wconf 88' lang='lat' dir='ltr'>partem,</span> <span class='ocrx_word' id='word_1_341' title='bbox 1438 857 1493 890; x_wconf 82' lang='lat' dir='ltr'>siat</span> <span class='ocrx_word' id='word_1_342' title='bbox 1526 860 1706 892; x_wconf 88' lang='lat' dir='ltr'>secundum·</span> 
     </span>
     <span class='ocr_line' id='line_1_63' title="bbox 970 910 1703 953; baseline -0.001 -11"><span class='ocrx_word' id='word_1_343' title='bbox 970 910 1177 951; x_wconf 85' lang='lat' dir='ltr'>scrutinium;</span> <span class='ocrx_word' id='word_1_344' title='bbox 1200 911 1232 943; x_wconf 92' lang='lat' dir='ltr'>in</span> <span class='ocrx_word' id='word_1_345' title='bbox 1250 921 1313 953; x_wconf 93' lang='lat' dir='ltr'>quo</span> <span class='ocrx_word' id='word_1_346' title='bbox 1334 911 1358 943; x_wconf 88' lang='lat' dir='ltr'>si</span> <span class='ocrx_word' id='word_1_347' title='bbox 1376 911 1460 943; x_wconf 90' lang='lat' dir='ltr'>idem</span> <span class='ocrx_word' id='word_1_348' title='bbox 1479 912 1630 951; x_wconf 86' lang='lat' dir='ltr'>evenerit,</span> <span class='ocrx_word' id='word_1_349' title='bbox 1648 911 1703 944; x_wconf 84' lang='lat' dir='ltr'>fiat</span> 
     </span>
     <span class='ocr_line' id='line_1_64' title="bbox 971 962 1704 997; baseline 0.003 -3"><span class='ocrx_word' id='word_1_350' title='bbox 971 967 1003 994; x_wconf 84' lang='lat' dir='ltr'>et</span> <span class='ocrx_word' id='word_1_351' title='bbox 1028 963 1168 995; x_wconf 85' lang='lat' dir='ltr'>tertium.</span> <span class='ocrx_word' id='word_1_352' title='bbox 1188 962 1219 995; x_wconf 86' lang='lat' dir='ltr'>Si</span> <span class='ocrx_word' id='word_1_353' title='bbox 1238 973 1312 996; x_wconf 88' lang='lat' dir='ltr'>vero</span> <span class='ocrx_word' id='word_1_354' title='bbox 1330 974 1388 996; x_wconf 88' lang='lat' dir='ltr'>nec</span> <span class='ocrx_word' id='word_1_355' title='bbox 1413 963 1445 995; x_wconf 91' lang='lat' dir='ltr'>in</span> <span class='ocrx_word' id='word_1_356' title='bbox 1471 974 1508 996; x_wconf 86' lang='lat' dir='ltr'>eo</span> <span class='ocrx_word' id='word_1_357' title='bbox 1528 964 1623 996; x_wconf 87' lang='lat' dir='ltr'>suerit</span> <span class='ocrx_word' id='word_1_358' title='bbox 1648 975 1704 997; x_wconf 89' lang='lat' dir='ltr'>uo-</span> 
     </span>
     <span class='ocr_line' id='line_1_65' title="bbox 971 1016 1704 1059; baseline 0.003 -12"><span class='ocrx_word' id='word_1_359' title='bbox 971 1016 1142 1048; x_wconf 86' lang='lat' dir='ltr'>veunarius</span> <span class='ocrx_word' id='word_1_360' title='bbox 1162 1026 1313 1048; x_wconf 91' lang='lat' dir='ltr'>numerus</span> <span class='ocrx_word' id='word_1_361' title='bbox 1332 1017 1522 1059; x_wconf 86' lang='lat' dir='ltr'>completus,</span> <span class='ocrx_word' id='word_1_362' title='bbox 1540 1022 1614 1050; x_wconf 87' lang='lat' dir='ltr'>tunc</span> <span class='ocrx_word' id='word_1_363' title='bbox 1633 1027 1704 1049; x_wconf 79' lang='lat' dir='ltr'>eon-</span> 
     </span>
     <span class='ocr_line' id='line_1_66' title="bbox 971 1068 1705 1102; baseline 0.003 -3"><span class='ocrx_word' id='word_1_364' title='bbox 971 1068 1119 1100; x_wconf 81' lang='lat' dir='ltr'>sideratis</span> <span class='ocrx_word' id='word_1_365' title='bbox 1144 1078 1160 1100; x_wconf 88' lang='lat' dir='ltr'>a</span> <span class='ocrx_word' id='word_1_366' title='bbox 1185 1068 1418 1100; x_wconf 85' lang='lat' dir='ltr'>scrutatoribus</span> <span class='ocrx_word' id='word_1_367' title='bbox 1442 1069 1591 1101; x_wconf 89' lang='lat' dir='ltr'>omnibus</span> <span class='ocrx_word' id='word_1_368' title='bbox 1617 1080 1705 1102; x_wconf 83' lang='lat' dir='ltr'>scru-</span> 
     </span>
     <span class='ocr_line' id='line_1_67' title="bbox 973 1120 1705 1165; baseline 0.004 -13"><span class='ocrx_word' id='word_1_369' title='bbox 973 1120 1066 1159; x_wconf 79' lang='lat' dir='ltr'>tiniis,</span> <span class='ocrx_word' id='word_1_370' title='bbox 1092 1121 1137 1153; x_wconf 94' lang='lat' dir='ltr'>illi</span> <span class='ocrx_word' id='word_1_371' title='bbox 1163 1121 1387 1163; x_wconf 81' lang='lat' dir='ltr'>intelligantur</span> <span class='ocrx_word' id='word_1_372' title='bbox 1404 1121 1497 1154; x_wconf 84' lang='lat' dir='ltr'>electi</span> <span class='ocrx_word' id='word_1_373' title='bbox 1527 1121 1579 1165; x_wconf 85' lang='lat' dir='ltr'>qui</span> <span class='ocrx_word' id='word_1_374' title='bbox 1598 1122 1629 1154; x_wconf 89' lang='lat' dir='ltr'>in</span> <span class='ocrx_word' id='word_1_375' title='bbox 1648 1122 1705 1155; x_wconf 91' lang='lat' dir='ltr'>ali-</span> 
     </span>
     <span class='ocr_line' id='line_1_68' title="bbox 971 1173 1703 1217; baseline 0.003 -13"><span class='ocrx_word' id='word_1_376' title='bbox 971 1183 1034 1216; x_wconf 89' lang='lat' dir='ltr'>quo</span> <span class='ocrx_word' id='word_1_377' title='bbox 1067 1184 1179 1206; x_wconf 90' lang='lat' dir='ltr'>eorum</span> <span class='ocrx_word' id='word_1_378' title='bbox 1212 1175 1307 1216; x_wconf 87' lang='lat' dir='ltr'>plura</span> <span class='ocrx_word' id='word_1_379' title='bbox 1338 1173 1514 1206; x_wconf 86' lang='lat' dir='ltr'>habuerint</span> <span class='ocrx_word' id='word_1_380' title='bbox 1543 1174 1703 1217; x_wconf 66' lang='lat' dir='ltr'>sulli‘agia,</span> 
     </span>
     <span class='ocr_line' id='line_1_69' title="bbox 972 1226 1709 1270; baseline 0.003 -12"><span class='ocrx_word' id='word_1_381' title='bbox 972 1226 1066 1258; x_wconf 90' lang='lat' dir='ltr'>etiam</span> <span class='ocrx_word' id='word_1_382' title='bbox 1091 1226 1174 1259; x_wconf 80' lang='lat' dir='ltr'>infra</span> <span class='ocrx_word' id='word_1_383' title='bbox 1199 1227 1379 1259; x_wconf 87' lang='lat' dir='ltr'>dimidium.</span> <span class='ocrx_word' id='word_1_384' title='bbox 1406 1226 1530 1259; x_wconf 82' lang='lat' dir='ltr'>Rursus</span> <span class='ocrx_word' id='word_1_385' title='bbox 1562 1227 1600 1259; x_wconf 89' lang='lat' dir='ltr'>de</span> <span class='ocrx_word' id='word_1_386' title='bbox 1627 1227 1709 1270; x_wconf 81' lang='lat' dir='ltr'>ipsis</span> 
     </span>
     <span class='ocr_line' id='line_1_70' title="bbox 971 1278 1705 1322; baseline 0.001 -12"><span class='ocrx_word' id='word_1_387' title='bbox 971 1289 1085 1311; x_wconf 81' lang='lat' dir='ltr'>novem</span> <span class='ocrx_word' id='word_1_388' title='bbox 1117 1279 1161 1311; x_wconf 88' lang='lat' dir='ltr'>sic</span> <span class='ocrx_word' id='word_1_389' title='bbox 1193 1279 1305 1311; x_wconf 83' lang='lat' dir='ltr'>electis</span> <span class='ocrx_word' id='word_1_390' title='bbox 1336 1278 1389 1311; x_wconf 87' lang='lat' dir='ltr'>fiat</span> <span class='ocrx_word' id='word_1_391' title='bbox 1420 1278 1609 1311; x_wconf 83' lang='lat' dir='ltr'>scrutinium</span> <span class='ocrx_word' id='word_1_392' title='bbox 1645 1290 1705 1322; x_wconf 91' lang='lat' dir='ltr'>pro</span> 
     </span>
     <span class='ocr_line' id='line_1_71' title="bbox 972 1330 1704 1374; baseline 0.001 -11"><span class='ocrx_word' id='word_1_393' title='bbox 972 1330 1123 1373; x_wconf 76' lang='lat' dir='ltr'>eligendo</span> <span class='ocrx_word' id='word_1_394' title='bbox 1137 1331 1341 1373; x_wconf 86' lang='lat' dir='ltr'>praesidente</span> <span class='ocrx_word' id='word_1_395' title='bbox 1359 1330 1505 1373; x_wconf 88' lang='lat' dir='ltr'>capituli,</span> <span class='ocrx_word' id='word_1_396' title='bbox 1528 1335 1559 1363; x_wconf 89' lang='lat' dir='ltr'>et</span> <span class='ocrx_word' id='word_1_397' title='bbox 1576 1331 1704 1374; x_wconf 87' lang='lat' dir='ltr'>quando</span> 
     </span>
     <span class='ocr_line' id='line_1_72' title="bbox 971 1383 1707 1426; baseline 0.001 -11"><span class='ocrx_word' id='word_1_398' title='bbox 971 1383 1051 1415; x_wconf 87' lang='lat' dir='ltr'>eitra</span> <span class='ocrx_word' id='word_1_399' title='bbox 1075 1384 1170 1426; x_wconf 83' lang='lat' dir='ltr'>Alpes</span> <span class='ocrx_word' id='word_1_400' title='bbox 1195 1383 1396 1425; x_wconf 86' lang='lat' dir='ltr'>deputandus</span> <span class='ocrx_word' id='word_1_401' title='bbox 1415 1383 1484 1423; x_wconf 89' lang='lat' dir='ltr'>crit,</span> <span class='ocrx_word' id='word_1_402' title='bbox 1503 1388 1599 1426; x_wconf 90' lang='lat' dir='ltr'>prout</span> <span class='ocrx_word' id='word_1_403' title='bbox 1622 1383 1707 1416; x_wconf 76' lang='lat' dir='ltr'>inl&#39;ra</span> 
     </span>
     <span class='ocr_line' id='line_1_73' title="bbox 971 1435 1707 1478; baseline 0 -10"><span class='ocrx_word' id='word_1_404' title='bbox 971 1436 1120 1468; x_wconf 84' lang='lat' dir='ltr'>statuitur</span> <span class='ocrx_word' id='word_1_405' title='bbox 1145 1436 1183 1469; x_wconf 92' lang='lat' dir='ltr'>de</span> <span class='ocrx_word' id='word_1_406' title='bbox 1203 1435 1365 1469; x_wconf 87' lang='lat' dir='ltr'>electione</span> <span class='ocrx_word' id='word_1_407' title='bbox 1390 1435 1606 1478; x_wconf 86' lang='lat' dir='ltr'>praesidentis</span> <span class='ocrx_word' id='word_1_408' title='bbox 1622 1436 1707 1478; x_wconf 80' lang='lat' dir='ltr'>regi-</span> 
     </span>
     <span class='ocr_line' id='line_1_74' title="bbox 971 1486 1707 1531; baseline 0.001 -11"><span class='ocrx_word' id='word_1_409' title='bbox 971 1488 1075 1528; x_wconf 85' lang='lat' dir='ltr'>minis,</span> <span class='ocrx_word' id='word_1_410' title='bbox 1094 1499 1164 1531; x_wconf 80' lang='lat' dir='ltr'>oap.</span> <span class='ocrx_word' id='word_1_411' title='bbox 1183 1486 1249 1527; x_wconf 73' lang='lat' dir='ltr'>xx¹,</span> <span class='ocrx_word' id='word_1_412' title='bbox 1268 1498 1355 1520; x_wconf 90' lang='lat' dir='ltr'>num.</span> <span class='ocrx_word' id='word_1_413' title='bbox 1376 1498 1408 1528; x_wconf 86' lang='lat' dir='ltr'>u,</span> <span class='ocrx_word' id='word_1_414' title='bbox 1430 1494 1634 1531; x_wconf 75' lang='lat' dir='ltr'>exponantur</span> <span class='ocrx_word' id='word_1_415' title='bbox 1652 1499 1707 1521; x_wconf 92' lang='lat' dir='ltr'>vo-</span> 
     </span>
     <span class='ocr_line' id='line_1_75' title="bbox 973 1539 1706 1583; baseline 0.003 -11"><span class='ocrx_word' id='word_1_416' title='bbox 973 1541 1011 1572; x_wconf 86' lang='lat' dir='ltr'>tis</span> <span class='ocrx_word' id='word_1_417' title='bbox 1036 1541 1259 1573; x_wconf 87' lang='lat' dir='ltr'>tautummodo</span> <span class='ocrx_word' id='word_1_418' title='bbox 1284 1540 1330 1573; x_wconf 92' lang='lat' dir='ltr'>illi</span> <span class='ocrx_word' id='word_1_419' title='bbox 1357 1545 1496 1583; x_wconf 89' lang='lat' dir='ltr'>quatuor</span> <span class='ocrx_word' id='word_1_420' title='bbox 1518 1539 1706 1574; x_wconf 86' lang='lat' dir='ltr'>definitores</span> 
     </span>
     <span class='ocr_line' id='line_1_76' title="bbox 973 1592 1707 1636; baseline 0 -11"><span class='ocrx_word' id='word_1_421' title='bbox 973 1593 1065 1625; x_wconf 79' lang='lat' dir='ltr'>electi</span> <span class='ocrx_word' id='word_1_422' title='bbox 1091 1604 1148 1635; x_wconf 86' lang='lat' dir='ltr'>pro</span> <span class='ocrx_word' id='word_1_423' title='bbox 1173 1593 1347 1636; x_wconf 85' lang='lat' dir='ltr'>provinciis</span> <span class='ocrx_word' id='word_1_424' title='bbox 1372 1593 1462 1633; x_wconf 82' lang='lat' dir='ltr'>citra,</span> <span class='ocrx_word' id='word_1_425' title='bbox 1489 1592 1641 1626; x_wconf 86' lang='lat' dir='ltr'>videlicet</span> <span class='ocrx_word' id='word_1_426' title='bbox 1660 1593 1707 1625; x_wconf 80' lang='lat' dir='ltr'>si-</span> 
     </span>
     <span class='ocr_line' id='line_1_77' title="bbox 973 1644 1705 1687; baseline -0.001 -10"><span class='ocrx_word' id='word_1_427' title='bbox 973 1646 1052 1684; x_wconf 72' lang='lat' dir='ltr'>cula,</span> <span class='ocrx_word' id='word_1_428' title='bbox 1078 1645 1303 1687; x_wconf 72' lang='lat' dir='ltr'>Neapolitana,</span> <span class='ocrx_word' id='word_1_429' title='bbox 1331 1645 1472 1677; x_wconf 77' lang='lat' dir='ltr'>Romana</span> <span class='ocrx_word' id='word_1_430' title='bbox 1497 1649 1528 1677; x_wconf 84' lang='lat' dir='ltr'>ct</span> <span class='ocrx_word' id='word_1_431' title='bbox 1555 1644 1705 1684; x_wconf 78' lang='lat' dir='ltr'>Etrusca;</span> 
     </span>
     <span class='ocr_line' id='line_1_78' title="bbox 973 1697 1709 1740; baseline 0 -10"><span class='ocrx_word' id='word_1_432' title='bbox 973 1703 1003 1730; x_wconf 90' lang='lat' dir='ltr'>ct</span> <span class='ocrx_word' id='word_1_433' title='bbox 1027 1708 1043 1729; x_wconf 80' lang='lat' dir='ltr'>e</span> <span class='ocrx_word' id='word_1_434' title='bbox 1069 1703 1190 1737; x_wconf 82' lang='lat' dir='ltr'>contra,</span> <span class='ocrx_word' id='word_1_435' title='bbox 1210 1698 1338 1739; x_wconf 80' lang='lat' dir='ltr'>quando</span> <span class='ocrx_word' id='word_1_436' title='bbox 1355 1698 1437 1729; x_wconf 87' lang='lat' dir='ltr'>ultra</span> <span class='ocrx_word' id='word_1_437' title='bbox 1459 1698 1555 1740; x_wconf 78' lang='lat' dir='ltr'>Alpes</span> <span class='ocrx_word' id='word_1_438' title='bbox 1576 1697 1636 1730; x_wconf 87' lang='lat' dir='ltr'>erit</span> <span class='ocrx_word' id='word_1_439' title='bbox 1653 1698 1709 1730; x_wconf 88' lang='lat' dir='ltr'>de-</span> 
     </span>
     <span class='ocr_line' id='line_1_79' title="bbox 972 1751 1708 1792; baseline 0.003 -11"><span class='ocrx_word' id='word_1_440' title='bbox 972 1751 1141 1792; x_wconf 81' lang='lat' dir='ltr'>putandus,</span> <span class='ocrx_word' id='word_1_441' title='bbox 1165 1751 1322 1783; x_wconf 81' lang='lat' dir='ltr'>scrutinio</span> <span class='ocrx_word' id='word_1_442' title='bbox 1348 1751 1560 1783; x_wconf 77' lang='lat' dir='ltr'>subiiciantur</span> <span class='ocrx_word' id='word_1_443' title='bbox 1584 1755 1708 1783; x_wconf 85' lang='lat' dir='ltr'>tantum</span> 
     </span>
     <span class='ocr_line' id='line_1_80' title="bbox 973 1803 1706 1846; baseline 0.001 -12"><span class='ocrx_word' id='word_1_444' title='bbox 973 1803 1019 1835; x_wconf 88' lang='lat' dir='ltr'>illi</span> <span class='ocrx_word' id='word_1_445' title='bbox 1042 1803 1182 1845; x_wconf 77' lang='lat' dir='ltr'>quinque</span> <span class='ocrx_word' id='word_1_446' title='bbox 1209 1803 1303 1836; x_wconf 80' lang='lat' dir='ltr'>electi</span> <span class='ocrx_word' id='word_1_447' title='bbox 1328 1814 1386 1846; x_wconf 84' lang='lat' dir='ltr'>pro</span> <span class='ocrx_word' id='word_1_448' title='bbox 1412 1803 1585 1845; x_wconf 86' lang='lat' dir='ltr'>provinciis</span> <span class='ocrx_word' id='word_1_449' title='bbox 1609 1805 1706 1844; x_wconf 85' lang='lat' dir='ltr'>ultra,</span> 
     </span>
    </p>
   </div>
   <div class='ocr_carea' id='block_1_13' title="bbox 974 1907 1709 1949">
    <p class='ocr_par' dir='ltr' id='par_1_15' title="bbox 974 1907 1709 1949">
     <span class='ocr_line' id='line_1_81' title="bbox 974 1907 1709 1949; baseline 0.004 -12"><span class='ocrx_word' id='word_1_450' title='bbox 974 1907 1164 1949; x_wconf 76' lang='lat' dir='ltr'>praesideat,</span> <span class='ocrx_word' id='word_1_451' title='bbox 1179 1907 1211 1939; x_wconf 92' lang='lat' dir='ltr'>in</span> <span class='ocrx_word' id='word_1_452' title='bbox 1226 1918 1320 1949; x_wconf 87' lang='lat' dir='ltr'>quem</span> <span class='ocrx_word' id='word_1_453' title='bbox 1336 1908 1428 1949; x_wconf 88' lang='lat' dir='ltr'>plura</span> <span class='ocrx_word' id='word_1_454' title='bbox 1442 1907 1592 1949; x_wconf 78' lang='lat' dir='ltr'>sufl‘ragia</span> <span class='ocrx_word' id='word_1_455' title='bbox 1613 1908 1709 1940; x_wconf 87' lang='lat' dir='ltr'>etiam</span> 
     </span>
    </p>
   </div>
   <div class='ocr_carea' id='block_1_14' title="bbox 972 2010 1721 2635">
    <p class='ocr_par' dir='ltr' id='par_1_16' title="bbox 972 2010 1721 2635">
     <span class='ocr_line' id='line_1_82' title="bbox 974 2010 1721 2055; baseline 0.001 -11"><span class='ocrx_word' id='word_1_456' title='bbox 974 2011 1131 2044; x_wconf 83' lang='lat' dir='ltr'>electione</span> <span class='ocrx_word' id='word_1_457' title='bbox 1158 2016 1220 2043; x_wconf 87' lang='lat' dir='ltr'>tam</span> <span class='ocrx_word' id='word_1_458' title='bbox 1246 2010 1454 2043; x_wconf 84' lang='lat' dir='ltr'>definitorum</span> <span class='ocrx_word' id='word_1_459' title='bbox 1484 2022 1578 2054; x_wconf 84' lang='lat' dir='ltr'>quain</span> <span class='ocrx_word' id='word_1_460' title='bbox 1615 2014 1721 2055; x_wconf 53' lang='lat' dir='ltr'>prae-⁴</span> 
     </span>
     <span class='ocr_line' id='line_1_83' title="bbox 972 2064 1709 2106; baseline 0.003 -10"><span class='ocrx_word' id='word_1_461' title='bbox 972 2065 1106 2098; x_wconf 84' lang='lat' dir='ltr'>sidentis</span> <span class='ocrx_word' id='word_1_462' title='bbox 1125 2065 1188 2097; x_wconf 90' lang='lat' dir='ltr'>duo</span> <span class='ocrx_word' id='word_1_463' title='bbox 1205 2065 1253 2097; x_wconf 90' lang='lat' dir='ltr'>vel</span> <span class='ocrx_word' id='word_1_464' title='bbox 1267 2065 1378 2106; x_wconf 87' lang='lat' dir='ltr'>plures</span> <span class='ocrx_word' id='word_1_465' title='bbox 1395 2064 1513 2097; x_wconf 81' lang='lat' dir='ltr'>suerint</span> <span class='ocrx_word' id='word_1_466' title='bbox 1527 2064 1557 2096; x_wconf 90' lang='lat' dir='ltr'>in</span> <span class='ocrx_word' id='word_1_467' title='bbox 1573 2075 1709 2098; x_wconf 90' lang='lat' dir='ltr'>numero</span> 
     </span>
     <span class='ocr_line' id='line_1_84' title="bbox 974 2117 1711 2161; baseline 0.001 -11"><span class='ocrx_word' id='word_1_468' title='bbox 974 2117 1196 2160; x_wconf 73' lang='lat' dir='ltr'>suffragiorum</span> <span class='ocrx_word' id='word_1_469' title='bbox 1222 2127 1333 2159; x_wconf 83' lang='lat' dir='ltr'>pares,</span> <span class='ocrx_word' id='word_1_470' title='bbox 1359 2118 1560 2160; x_wconf 88' lang='lat' dir='ltr'>antiquiores</span> <span class='ocrx_word' id='word_1_471' title='bbox 1586 2118 1711 2161; x_wconf 80' lang='lat' dir='ltr'>profes-</span> 
     </span>
     <span class='ocr_line' id='line_1_85' title="bbox 974 2169 1711 2214; baseline 0.001 -12"><span class='ocrx_word' id='word_1_472' title='bbox 974 2171 1064 2203; x_wconf 85' lang='lat' dir='ltr'>sione</span> <span class='ocrx_word' id='word_1_473' title='bbox 1090 2170 1322 2213; x_wconf 76' lang='lat' dir='ltr'>praeferantur.</span> <span class='ocrx_word' id='word_1_474' title='bbox 1350 2169 1381 2202; x_wconf 86' lang='lat' dir='ltr'>Si</span> <span class='ocrx_word' id='word_1_475' title='bbox 1407 2175 1512 2202; x_wconf 88' lang='lat' dir='ltr'>autem</span> <span class='ocrx_word' id='word_1_476' title='bbox 1534 2171 1575 2203; x_wconf 91' lang='lat' dir='ltr'>ob</span> <span class='ocrx_word' id='word_1_477' title='bbox 1602 2181 1711 2214; x_wconf 82' lang='lat' dir='ltr'>quem-</span> 
     </span>
     <span class='ocr_line' id='line_1_86' title="bbox 974 2221 1711 2266; baseline 0.004 -13"><span class='ocrx_word' id='word_1_478' title='bbox 974 2232 1109 2265; x_wconf 82' lang='lat' dir='ltr'>eumque</span> <span class='ocrx_word' id='word_1_479' title='bbox 1124 2231 1232 2254; x_wconf 86' lang='lat' dir='ltr'>casum</span> <span class='ocrx_word' id='word_1_480' title='bbox 1247 2221 1449 2263; x_wconf 84' lang='lat' dir='ltr'>contingeret</span> <span class='ocrx_word' id='word_1_481' title='bbox 1468 2222 1501 2254; x_wconf 91' lang='lat' dir='ltr'>in</span> <span class='ocrx_word' id='word_1_482' title='bbox 1515 2223 1622 2266; x_wconf 76' lang='lat' dir='ltr'>aliqua</span> <span class='ocrx_word' id='word_1_483' title='bbox 1637 2233 1711 2266; x_wconf 89' lang='lat' dir='ltr'>pro·</span> 
     </span>
     <span class='ocr_line' id='line_1_87' title="bbox 974 2274 1709 2317; baseline 0.004 -11"><span class='ocrx_word' id='word_1_484' title='bbox 974 2274 1077 2307; x_wconf 78' lang='lat' dir='ltr'>vincia</span> <span class='ocrx_word' id='word_1_485' title='bbox 1109 2274 1245 2317; x_wconf 84' lang='lat' dir='ltr'>reperiri</span> <span class='ocrx_word' id='word_1_486' title='bbox 1282 2284 1381 2305; x_wconf 89' lang='lat' dir='ltr'>unum</span> <span class='ocrx_word' id='word_1_487' title='bbox 1413 2275 1517 2307; x_wconf 90' lang='lat' dir='ltr'>solum</span> <span class='ocrx_word' id='word_1_488' title='bbox 1550 2275 1709 2317; x_wconf 85' lang='lat' dir='ltr'>abbatem,</span> 
     </span>
     <span class='ocr_line' id='line_1_88' title="bbox 975 2326 1711 2370; baseline 0.007 -13"><span class='ocrx_word' id='word_1_489' title='bbox 975 2328 1029 2370; x_wconf 89' lang='lat' dir='ltr'>qui</span> <span class='ocrx_word' id='word_1_490' title='bbox 1054 2327 1086 2358; x_wconf 94' lang='lat' dir='ltr'>in</span> <span class='ocrx_word' id='word_1_491' title='bbox 1112 2326 1315 2358; x_wconf 84' lang='lat' dir='ltr'>definitorem</span> <span class='ocrx_word' id='word_1_492' title='bbox 1340 2331 1424 2359; x_wconf 86' lang='lat' dir='ltr'>esset</span> <span class='ocrx_word' id='word_1_493' title='bbox 1447 2327 1611 2370; x_wconf 79' lang='lat' dir='ltr'>eligibitis,</span> <span class='ocrx_word' id='word_1_494' title='bbox 1634 2334 1711 2362; x_wconf 88' lang='lat' dir='ltr'>tunc</span> 
     </span>
     <span class='ocr_line' id='line_1_89' title="bbox 974 2378 1712 2424; baseline 0.001 -12"><span class='ocrx_word' id='word_1_495' title='bbox 974 2390 1011 2412; x_wconf 81' lang='lat' dir='ltr'>ex</span> <span class='ocrx_word' id='word_1_496' title='bbox 1042 2378 1207 2422; x_wconf 80' lang='lat' dir='ltr'>provincia</span> <span class='ocrx_word' id='word_1_497' title='bbox 1231 2378 1378 2411; x_wconf 89' lang='lat' dir='ltr'>viciniori</span> <span class='ocrx_word' id='word_1_498' title='bbox 1415 2386 1619 2413; x_wconf 85' lang='lat' dir='ltr'>assumantur</span> <span class='ocrx_word' id='word_1_499' title='bbox 1653 2391 1712 2424; x_wconf 88' lang='lat' dir='ltr'>per</span> 
     </span>
     <span class='ocr_line' id='line_1_90' title="bbox 974 2431 1711 2476; baseline 0.001 -12"><span class='ocrx_word' id='word_1_500' title='bbox 974 2431 1165 2464; x_wconf 90' lang='lat' dir='ltr'>scrutinium</span> <span class='ocrx_word' id='word_1_501' title='bbox 1196 2431 1260 2464; x_wconf 90' lang='lat' dir='ltr'>duo</span> <span class='ocrx_word' id='word_1_502' title='bbox 1292 2431 1345 2463; x_wconf 91' lang='lat' dir='ltr'>alii</span> <span class='ocrx_word' id='word_1_503' title='bbox 1375 2431 1517 2473; x_wconf 85' lang='lat' dir='ltr'>abbates,</span> <span class='ocrx_word' id='word_1_504' title='bbox 1551 2433 1605 2476; x_wconf 92' lang='lat' dir='ltr'>qui</span> <span class='ocrx_word' id='word_1_505' title='bbox 1638 2443 1711 2466; x_wconf 91' lang='lat' dir='ltr'>cum</span> 
     </span>
     <span class='ocr_line' id='line_1_91' title="bbox 975 2483 1712 2527; baseline 0.003 -11"><span class='ocrx_word' id='word_1_506' title='bbox 975 2483 1110 2526; x_wconf 80' lang='lat' dir='ltr'>eligibili</span> <span class='ocrx_word' id='word_1_507' title='bbox 1136 2493 1195 2527; x_wconf 93' lang='lat' dir='ltr'>pro</span> <span class='ocrx_word' id='word_1_508' title='bbox 1221 2483 1407 2526; x_wconf 76' lang='lat' dir='ltr'>supradicta</span> <span class='ocrx_word' id='word_1_509' title='bbox 1439 2484 1606 2527; x_wconf 78' lang='lat' dir='ltr'>provincia</span> <span class='ocrx_word' id='word_1_510' title='bbox 1635 2496 1712 2518; x_wconf 92' lang='lat' dir='ltr'>con-</span> 
     </span>
     <span class='ocr_line' id='line_1_92' title="bbox 974 2535 1710 2579; baseline 0.004 -11"><span class='ocrx_word' id='word_1_511' title='bbox 974 2541 1107 2569; x_wconf 88' lang='lat' dir='ltr'>currant</span> <span class='ocrx_word' id='word_1_512' title='bbox 1123 2536 1161 2569; x_wconf 84' lang='lat' dir='ltr'>ad</span> <span class='ocrx_word' id='word_1_513' title='bbox 1180 2535 1430 2569; x_wconf 83' lang='lat' dir='ltr'>definitoriatum</span> <span class='ocrx_word' id='word_1_514' title='bbox 1448 2547 1455 2577; x_wconf 85' lang='lat'>;</span> <span class='ocrx_word' id='word_1_515' title='bbox 1475 2536 1518 2569; x_wconf 86' lang='lat' dir='ltr'>ita</span> <span class='ocrx_word' id='word_1_516' title='bbox 1540 2541 1647 2570; x_wconf 90' lang='lat' dir='ltr'>tamen</span> <span class='ocrx_word' id='word_1_517' title='bbox 1665 2543 1710 2579; x_wconf 85' lang='lat' dir='ltr'>ut,</span> 
     </span>
     <span class='ocr_line' id='line_1_93' title="bbox 1010 2597 1623 2635; baseline 0.002 -11"><span class='ocrx_word' id='word_1_518' title='bbox 1010 2598 1021 2624; x_wconf 87' lang='lat'>1</span> <span class='ocrx_word' id='word_1_519' title='bbox 1043 2597 1109 2624; x_wconf 83' lang='lat' dir='ltr'>Male</span> <span class='ocrx_word' id='word_1_520' title='bbox 1129 2597 1191 2624; x_wconf 83' lang='lat' dir='ltr'>edit-</span> <span class='ocrx_word' id='word_1_521' title='bbox 1211 2597 1290 2625; x_wconf 85' lang='lat' dir='ltr'>Maiu.</span> <span class='ocrx_word' id='word_1_522' title='bbox 1311 2597 1376 2633; x_wconf 82' lang='lat' dir='ltr'>legit</span> <span class='ocrx_word' id='word_1_523' title='bbox 1394 2605 1457 2633; x_wconf 84' lang='lat' dir='ltr'>cap.</span> <span class='ocrx_word' id='word_1_524' title='bbox 1477 2597 1496 2624; x_wconf 74' lang='lat'><strong><em>2</em></strong></span> <span class='ocrx_word' id='word_1_525' title='bbox 1517 2598 1554 2634; x_wconf 75' lang='lat' dir='ltr'>(n.</span> <span class='ocrx_word' id='word_1_526' title='bbox 1575 2597 1623 2635; x_wconf 60' lang='lat'>12).</span> 
     </span>
    </p>
   </div>
   <div class='ocr_carea' id='block_1_15' title="bbox 1603 220 1899 256">
    <p class='ocr_par' dir='ltr' id='par_1_17' title="bbox 1603 220 1899 256">
     <span class='ocr_line' id='line_1_94' title="bbox 1603 220 1899 256; baseline 0 -1"><span class='ocrx_word' id='word_1_527' title='bbox 1603 220 1663 255; x_wconf 78' lang='lat'>351</span> <span class='ocrx_word' id='word_1_528' title='bbox 1713 229 1762 256; x_wconf 74' lang='lat' dir='ltr'>An.</span> <span class='ocrx_word' id='word_1_529' title='bbox 1779 228 1808 255; x_wconf 85' lang='lat' dir='ltr'>c.</span> <span class='ocrx_word' id='word_1_530' title='bbox 1830 228 1899 256; x_wconf 75' lang='lat'>¹680</span> 
     </span>
    </p>
   </div>
  </div>
 </body>
</html>
