2111 3157
739 194 834 216 INDEX
861 193 990 217 RUBRICA
997 192 1059 217 REM

137 248 300 282 CLXXXII.
321 246 550 280 Confirmantur
567 244 693 277 decreta
709 244 875 277 cardinalis

223 299 413 343 protectoris
430 308 488 340 pro
505 297 728 329 reformatione
752 296 876 340 provin-

223 352 289 385 ciae
313 351 564 384 Pedemontanae
588 349 712 382 Ordinis
733 349 764 381 B.
786 349 822 381 M.
841 349 874 381 V.

223 404 261 436 de
285 404 388 436 Monte
412 401 565 441 Carmelo,
592 401 665 434 751.

137 455 314 490 CLXXXIII.
339 454 548 488 Confirniatur
564 453 724 486 decretum
742 454 876 495 Congre-

221 507 356 551 gationis
370 507 508 547 Rituum‚
525 517 588 550 quo
610 506 802 550 permittitur
819 506 874 539 Or-

221 561 285 593 dini
310 560 342 593 B.
363 561 400 593 M.
423 560 461 592 de
484 559 626 592 Mercede
649 558 875 601 redemptionis

223 613 417 657 captivorum
432 612 575 646 recitatio
585 611 679 644 officii
694 621 764 644 cum
780 611 875 644 missa

222 666 319 699 saneti
345 665 518 710 Raymundi
555 664 593 697 de
624 664 791 697 Pennasort
816 664 873 696 sub

223 720 285 752 ritu
299 719 452 752 secundae
466 717 571 750 classis
586 727 656 750 cum
671 718 789 757 octava,
800 716 872 749 755.

135 773 309 807 mxxxiv.
346 771 556 806 Confirmatur
592 771 754 804 decretum
788 770 875 804 Con-

221 825 414 869 gregationis
438 824 576 864 Rituum⁷
602 833 665 866 quo
691 822 874 855 conceditur

222 879 328 912 Ordini
364 878 396 910 B.
429 877 543 910 Mariae
579 877 616 909 de
653 875 795 908 Mercede
829 885 874 908 re-

221 930 410 974 demptionis
428 929 624 972 captivorum
642 928 770 960 facultas
795 927 873 960 reci-

222 982 307 1016 tandi
333 982 470 1016 officium
497 988 527 1014 et
551 981 728 1015 celebrandi
747 981 873 1012 missam

222 1036 303 1068 beati
320 1035 402 1068 Petri
423 1034 593 1077 Armengol
618 1033 774 1077 martvris,
800 1033 872 1066 756.

135 1089 295 1122 CLXXXV.
321 1088 532 1121 Confirmatur
556 1087 715 1119 decretum
741 1086 875 1128 Congre-

221 1141 355 1183 gationis
380 1140 599 1183 episcoporum
626 1145 656 1172 et
681 1139 873 1181 regularium

221 1194 384 1226 declarans
405 1192 620 1236 superioribus
646 1191 797 1224 localibus
817 1191 875 1223 sra-

222 1252 306 1279 trum
332 1246 597 1279 Discalceatorum
624 1244 654 1276 B.
676 1244 712 1276 M.
738 1243 776 1275 de
797 1244 874 1276 Mer-

221 1299 296 1332 cede
322 1298 550 1341 redemptionis
584 1297 779 1340 captivorum
811 1306 874 1329 non

221 1351 315 1384 licere
339 1350 487 1394 pecunias
512 1355 622 1382 mutuo
643 1349 797 1392 accipere,
813 1349 873 1381 nisi

220 1404 297 1436 iuris
323 1403 433 1436 ordine
458 1407 591 1442 servato,
619 1401 692 1434 7:37.

197 1457 204 1466 γ
224 1457 232 1462 -
251 1457 258 1462 ·
280 1456 286 1468 γ

220 1509 375 1552 quaedam
410 1509 596 1541 Pontificum
637 1507 874 1541 constitutiones

222 1562 253 1593 in
277 1561 356 1593 urbe
377 1561 474 1593 Roma
498 1561 734 1593 sranchitiarum
759 1570 874 1593 nomen

223 1614 393 1653 abolentes,
414 1620 443 1646 et
467 1624 546 1646 nova
570 1623 671 1657 poena
695 1613 726 1645 in
751 1619 874 1646 eontra-

223 1668 382 1701 venientes
407 1667 618 1708 constituitur,
646 1666 718 1699 759.

135 1720 325 1753 CLXXXVII.
338 1720 572 1753 Contirinantur
581 1719 733 1763 quaedam
747 1719 874 1752 decreta

224 1773 352 1816 capituli
378 1773 534 1815 generalis
558 1773 693 1805 fratrum
712 1772 742 1804 Β.
762 1772 874 1805 Mariae

223 1826 261 1858 de
274 1826 415 1859 Mercede
433 1826 658 1869 redemptionis
677 1825 873 1869 captivorum

223 1889 304 1912 anno
329 1889 511 1912 MDchxxvi
536 1879 626 1920 edita,
653 1879 725 1911 705.

137 1932 340 1965 CLXXXVlll.
365 1932 575 1965 Confirmatur
608 1932 725 1964 erectio
750 1932 875 1964 univer-

224 1984 324 2016 sitatis
337 1984 429 2016 studii
446 1985 600 2026 generalis
615 1985 646 2017 in
661 1985 785 2028 eivitate
799 1984 876 2017 Gua-

224 2037 330 2069 timala
356 2037 385 2068 in
412 2037 505 2069 lndiis
518 2037 777 2078 Occidentalibus,
802 2037 875 2071 769.

141 2090 316 2124 CLXXXIX.
332 2090 518 2124 Prohibetur
536 2101 575 2123 ne
590 2091 792 2124 extrahantur
805 2091 876 2124 libri

226 2143 392 2176 musicales
410 2154 445 2176 ex
464 2143 604 2176 archivio
623 2143 784 2186 cappellae
797 2154 876 2187 pon-

225 2196 348 2236 tificiae,
374 2196 446 2228 772.

141 2248 222 2283 CXC.
248 2249 436 2282 Conceditur
466 2250 567 2293 priori
596 2250 735 2292 generali
753 2249 877 2283 Ordinis

227 2302 454 2336 Cartliusiensis
485 2302 614 2335 facultas
639 2302 821 2336 absolvendi
846 2302 876 2334 in

226 2355 294 2387 soro
309 2355 518 2388 conscientiae
531 2355 624 2388 etiam
641 2366 698 2398 per
713 2355 790 2388 alios
803 2365 876 2388 suos

226 2407 397 2440 monachos
432 2418 449 2440 a
485 2408 608 2441 casibus
645 2408 813 2440 reservatis
846 2408 877 2439 in

228 2459 313 2491 Bulla
347 2460 468 2493 Coenae
496 2460 630 2493 Domini
652 2470 778 2503 quoque
803 2470 877 2493 con-

226 2512 330 2552 tentis,
359 2512 434 2545 773.

138 2564 234 2599 CXCI.
270 2565 463 2599 Damnantur
493 2567 724 2611 propositiones
750 2572 779 2600 et
804 2566 875 2599 libri

1540 182 1621 216 1007

1015 253 1125 276 omnes
1150 253 1186 275 ac
1212 242 1426 285 manuscripta
1451 242 1609 276 Michaelis
1630 244 1669 277 de

1015 296 1156 337 Melinos,
1182 295 1255 329 774.

927 348 1035 382 CXCII.
1055 348 1266 383 Confirmatur
1283 348 1446 382 decretum
1464 348 1593 391 capituli
1613 358 1668 390 ge-

1015 401 1130 433 neralis
1165 400 1291 434 Ordinis
1328 401 1534 433 eremitarum
1569 400 1669 433 sancti

1015 453 1201 495 Augustini,
1237 463 1300 496 quo
1338 454 1481 486 senarius
1517 463 1669 485 numerus

1016 507 1241 549 magistrorum
1259 507 1419 539 Peruanae
1433 506 1615 550 provinciae
1629 505 1668 539 ad

1016 559 1245 592 duodenarium
1272 559 1460 599 extenditur,
1487 558 1558 592 789..

927 612 1049 647 CXCIII.
1083 611 1316 646 Confirmantur
1352 612 1505 655 quaedam
1543 612 1670 644 decreta

1015 664 1141 708 capituli
1162 664 1318 707 generalis
1343 664 1467 697 Ordinis
1492 664 1590 697 sancti
1611 665 1670 696 Au-

1015 717 1151 760 gustini,
1176 717 1290 760 quibus
1314 717 1511 760 prohibetur,
1535 726 1575 749 ne
1600 716 1669 748 reli-

1015 769 1094 812 giosi
1111 769 1345 812 provinciarum
1364 769 1540 802 Mexicanae
1558 775 1587 801 et.
1607 769 1668 802 Me-

1015 821 1238 854 choacanensis
1263 821 1320 854 soli
1346 827 1399 853 aut
1416 832 1487 854 cum
1505 822 1600 864 pallio
1621 822 1667 854 vel

1015 874 1121 916 galero
1146 873 1301 914 incedant,
1328 873 1400 906 784.

925 927 1045 962 CXCIV.
1070 926 1281 960 Confirmatur
1305 926 1466 960 decretum
1493 926 1669 969 Congrega-

1015 980 1107 1013 tionis
1150 980 1372 1023 episcoporum
1411 986 1441 1013 et
1474 980 1667 1022 regularium

1015 1043 1110 1076 super
1127 1033 1310 1066 executione
1327 1032 1585 1065 constitutionum
1599 1033 1670 1065 Ter-

1016 1085 1184 1118 tiiOrdinis
1198 1085 1295 1118 sancti
1312 1085 1469 1118 Francisci
1490 1084 1593 1128 quoad
1612 1084 1670 1116 sra-

1014 1143 1078 1171 tres
1092 1138 1188 1170 laicos
1201 1143 1231 1170 et
1248 1138 1367 1171 oblatas
1384 1137 1563 1181 provinciae
1577 1137 1670 1170 Fran-

1015 1191 1091 1230 ciae‚
1118 1190 1191 1224 786.

926 1244 1035 1278 CXCV.
1062 1245 1273 1277 Confirmatur
1296 1254 1376 1276 nova
1407 1244 1550 1276 collectio
1575 1247 1670 1276 statu-

1015 1302 1119 1330 torum
1145 1296 1269 1329 Ordinis
1293 1297 1533 1337 Cartliusiensis‚
1563 1296 1634 1329 787.

926 1349 1047 1383 CXCVI.
1073 1349 1287 1382 Confirmatur
1312 1349 1473 1382 decretum
1496 1349 1670 1391 Congrega-

1014 1401 1109 1434 tionis
1134 1401 1261 1434 Rittium
1287 1402 1448 1434 declarans
1472 1401 1670 1434 constitutio-

1015 1465 1071 1488 nes
1096 1454 1264 1488 Clementis
1288 1454 1353 1487 VIII
1385 1460 1415 1487 et
1439 1454 1605 1488 Clementis
1631 1454 1669 1486 IX

1016 1509 1100 1541 circa
1125 1508 1235 1541 missas
1259 1508 1298 1541 de
1327 1509 1424 1549 sesto,
1450 1509 1519 1541 loco
1543 1508 1669 1540 illarum

1016 1560 1055 1592 de
1078 1560 1235 1603 Requiem
1256 1587 1262 1600 ,
1299 1561 1329 1593 in
1366 1561 1517 1593 altaribus
1542 1560 1668 1604 privile-

1016 1613 1108 1655 giatis
1148 1613 1258 1646 diebus
1297 1613 1454 1657 impeditis
1499 1613 1665 1646 celebran-

1016 1665 1081 1706 das,
1104 1665 1177 1698 914.

929 1718 1063 1753 CXCVII.
1100 1719 1271 1759 Statuitur,
1301 1725 1335 1752 ut
1370 1719 1545 1752 executioni
1580 1729 1668 1751 man-

1017 1772 1108 1805 detur
1133 1772 1316 1805 alternativa
1350 1772 1381 1804 in
1407 1772 1559 1805 electione
1583 1782 1669 1805 com-

1017 1824 1152 1857 missarii
1185 1825 1341 1867 generalis
1377 1825 1562 1857 cismontani
1588 1825 1670 1858 inter

1018 1879 1129 1910 fratres
1163 1878 1286 1911 Ordinis
1318 1878 1414 1910 sancti
1440 1878 1599 1911 Francisci
1631 1878 1670 1911 dc

1018 1930 1221 1964 Observantia
1238 1936 1268 1963 et
1289 1931 1499 1971 Reformatos,
1524 1930 1600 1963 Oto.

929 1985 1075 2018 CXCVIII.
1100 1984 1332 2017 Contirmantur
1357 1984 1565 2017 resolutiones
1589 1985 1670 2018 Con-

1017 2037 1210 2079 gregationis
1234 2036 1359 2069 Rittium
1387 2037 1470 2069 circa
1487 2046 1598 2070 novam
1617 2037 1672 2069 im-

1018 2090 1214 2133 pressionem
1241 2090 1375 2122 missalis
1407 2090 1444 2121 :id
1480 2100 1572 2122 usum
1601 2090 1668 2123 fra—

1018 2149 1101 2175 trum
1128 2142 1394 2182 Praedicatorum,
1420 2142 1492 2174 918.

930 2196 1054 2231 CXCIX.
1081 2195 1361 2229 Communieantur
1383 2195 1488 2228 omnia
1506 2195 1672 2238 privilegia

1019 2254 1049 2281 et
1073 2247 1285 2290 indulgentiae
1319 2247 1577 2290 Congregationis
1602 2248 1673 2280 Hel-

1019 2301 1138 2335 veticae
1163 2300 1405 2343 Congregationi
1430 2301 1595 2334 Bavaricae
1616 2300 1672 2334 Or-

1018 2354 1099 2387 dinis
1124 2354 1222 2387 sancti
1247 2353 1416 2393 Benedicti,
1442 2354 1515 2386 0119.

929 2408 981 2442 CC.
1008 2408 1182 2440 Revocatur
1207 2406 1305 2439 Breve
1336 2406 1563 2448 segregationis
1594 2416 1672 2450 quo-

1018 2459 1164 2492 rumdam
1182 2459 1409 2492 coenobiorum
1430 2459 1554 2491 Ordinis
1571 2459 1669 2492 sancti

1019 2512 1175 2545 Francisci
1208 2512 1246 2545 de
1276 2512 1478 2545 Observantia
1502 2522 1519 2544 a
1544 2511 1670 2555 provin-

1018 2565 1074 2599 ciis
1106 2565 1218 2598 Veneta
1251 2570 1280 2597 et
1315 2564 1523 2606 Bononiensi,
1550 2574 1669 2597 necnon
