2111 3157
14 173 61 199 an.
77 168 106 197 c.
130 164 198 198 1678

198 219 318 252 riorum
348 230 406 263 per
444 225 633 263 praesentes
670 230 932 263 suppresserim,

200 271 403 305 declaramus
422 278 454 305 et
471 273 682 313 decernimus,
699 283 759 316 per
779 282 934 315 suppres-

200 325 323 357 sionem
349 331 380 358 et
405 326 612 359 abolitionem
647 325 834 358 huiusmodi
860 335 934 357 neu-

201 377 240 408 tri
268 378 406 420 partium
438 383 631 420 nostraeque
657 377 805 410 Gamerae
830 378 931 409 ullum

200 430 434 473 praeiudicium
474 441 579 473 neque
616 430 782 462 minimum
819 429 931 462 inferri

200 492 261 514 nec
296 483 421 515 illatum
458 483 546 521 sore,
583 482 714 525 iuraque
750 481 931 524 utriusque,

201 535 297 568 etiam
314 535 418 578 quoad
438 535 666 578 repetitionem
684 534 792 573 soluti,
809 534 933 576 integra

200 593 231 620 et
255 586 286 618 in
310 592 410 619 totum
435 592 596 619 reservata
616 597 694 627 esse,
720 591 819 629 prout
835 596 933 618 reser-

199 649 316 676 vamus,
343 639 462 681 illaque
488 639 626 681 experiri
652 649 762 681 posse,
790 649 825 671 ac
848 639 933 671 (licto

199 691 402 724 thesaurario
428 701 463 722 n(
474 696 540 723 stro
566 692 720 733 generali,
754 691 807 733 qui
838 691 933 723 etiam

199 742 231 775 in
269 743 457 776 huiusmodi
493 744 629 776 articulo
655 744 693 776 de
718 749 792 776 voto
829 744 932 776 dictae

199 802 328 828 nostrae
346 795 446 828 Rotae
463 796 627 838 procedat,
646 795 754 828 audiat
770 801 801 828 et
818 806 935 837 cogno-

199 854 268 880 scat
288 858 324 880 ac
351 848 506 880 iustitiam
526 848 629 885 saciat,
648 848 866 890 appellatione
885 859 934 880 re-

198 902 293 939 mota,
320 905 352 932 et
377 900 408 931 in
434 900 584 932 omnibus
609 905 639 932 et
671 911 728 942 per
760 901 867 933 omnia
899 906 934 932 ut

200 962 298 995 supra
323 952 427 995 quoad
450 952 531 985 alios
561 952 713 985 articulos
736 953 934 986 decrevimus

200 1011 232 1038 et
256 1005 489 1038 mandavimus.
515 1004 648 1037 Interim
672 1015 757 1045 vero,
784 1015 824 1038 ne
845 1017 935 1038 mon-

199 1057 293 1090 tistae
314 1057 387 1089 dicti
410 1057 524 1089 Montis
549 1057 710 1090 solutione
729 1063 759 1090 et
777 1069 934 1091 consecu-

199 1110 286 1142 tione
312 1110 420 1143 debita
439 1110 596 1141 fructuum
616 1110 762 1142 locorum
779 1110 932 1143 Montium

199 1162 238 1194 ad
263 1162 409 1203 singulos
427 1162 637 1204 spectantium
656 1167 687 1194 et
704 1162 933 1204 pertinentium

200 1213 266 1246 suis
290 1215 362 1246 loco
387 1218 418 1245 et
436 1217 583 1256 tempore
600 1213 714 1256 privati
737 1221 933 1254 remaneant,

200 1266 344 1298 volumus
369 1270 401 1298 et
426 1265 625 1298 decernimus
644 1276 702 1308 pro
719 1276 805 1298 nunc
826 1273 856 1299 et
877 1277 934 1309 per

200 1318 332 1350 modum
357 1317 551 1360 provisionis
577 1322 609 1350 et
643 1317 711 1350 sine
735 1319 934 1361 praeiudicio

200 1369 317 1402 iurium
347 1373 382 1401 ut
413 1379 519 1412 supra,
546 1380 606 1413 per
637 1370 755 1403 dictum
788 1378 934 1404 nostrum

201 1422 441 1455 thesaurarium
458 1422 531 1454 illos
548 1423 688 1464 persolvi
706 1423 773 1455 fieri
794 1424 832 1456 de
854 1435 935 1457 emo-

201 1474 356 1508 lumentis
392 1479 424 1506 et
456 1474 667 1516 proventibus
693 1475 837 1508 eiusdem
873 1478 935 1509 col-

201 1527 276 1569 legii
303 1528 407 1560 dictae
444 1532 571 1560 nostrae
596 1526 747 1560 Gamerae
772 1534 806 1560 ut
837 1539 935 1572 supra

202 1579 374 1622 applicatis
420 1583 451 1611 et
489 1579 720 1622 appropriatis.
763 1580 910 1613 Ceterum
928 1607 935 1620 ,

203 1632 291 1675 quia,
317 1637 352 1663 ut
376 1631 624 1674 praemisimus,
658 1631 742 1664 inter
769 1643 937 1675 possesse-

201 1695 253 1717 res
279 1684 439 1717 dictorum
456 1683 634 1716 officiorum
660 1685 776 1717 adsunt
792 1686 936 1727 praefata

202 1737 274 1771 loca
308 1736 384 1780 pia,
409 1746 524 1778 nempe
568 1736 745 1778 capitulum
777 1738 936 1771 ecclesiae

202 1788 234 1822 S.
267 1788 431 1821 Eustachii
468 1793 500 1820 et
531 1788 694 1831 hospitale
731 1789 762 1821 S.
801 1789 936 1832 Spiritus

202 1841 235 1874 in
259 1840 363 1881 Saxia,
389 1851 471 1883 quae
497 1841 609 1873 eadem
633 1841 738 1874 officia
763 1841 795 1874 in
821 1853 937 1886 perpe-

203 1899 292 1926 tuum
318 1904 354 1925 ex
373 1895 470 1926 causa
489 1895 627 1926 onerosa
648 1899 679 1926 et
698 1896 937 1937 correspectiva

203 1946 382 1990 apostoliea
417 1946 611 1979 auctoritate
649 1947 820 1988 obtinent;
863 1949 936 1981 idco

203 1998 421 2042 praecipimus
446 2003 478 2032 et
493 1999 680 2031 mandamus
703 2001 808 2032 eidem
827 2007 936 2033 nostro

204 2051 434 2091 thesaurario,
469 2051 555 2093 quod
585 2052 729 2094 praefato
757 2053 788 2086 S.
826 2053 937 2086 Eusta-

204 2103 267 2137 chii
287 2103 425 2147 capitulo
450 2103 584 2146 eiusque
610 2105 773 2137 canonicis
793 2106 935 2148 persolvi

204 2156 306 2196 saciat,
333 2156 372 2189 ad
409 2155 557 2188 ctt'ectnm
591 2156 832 2198 reinvestiendi‚
857 2159 935 2191 illud

204 2209 357 2253 pretium,
383 2209 469 2252 quod
494 2209 525 2241 in
551 2219 658 2242 casum
696 2212 936 2253 suppressionis

205 2263 255 2295 vel
279 2261 485 2294 extinctionis
511 2268 703 2294 conventum
729 2262 789 2294 suit
813 2264 936 2296 restitui

205 2320 238 2348 et
259 2314 402 2358 persolvi
429 2314 557 2354 debere,
580 2315 730 2358 idemque
748 2317 887 2359 pretium
907 2323 937 2350 et
957 2333 958 2337 =

203 2366 238 2400 in
270 2367 381 2400 eedem
419 2377 545 2399 summa
576 2368 717 2410 persolvi
749 2369 870 2410 pariter
901 2380 937 2402 ac

205 2420 330 2453 restitui
356 2419 442 2452 dicto
468 2419 621 2462 hospitali
646 2420 676 2452 S.
707 2420 854 2463 Spiritus,
877 2422 937 2455 sal-

205 2473 251 2505 vis
275 2473 443 2515 utriusque
467 2472 591 2504 iuribus
616 2482 722 2505 coram
748 2473 861 2506 eodem
879 2485 936 2508 no-

205 2530 273 2559 stro
299 2525 500 2558 thesaurario
536 2525 574 2558 de
611 2525 726 2559 eodem
759 2531 834 2559 voto
874 2527 936 2561 Ro-

790 172 864 196 mo
871 171 1003 195 cexrtt's
1026 172 1057 195 XI
1084 171 1132 196 1³1³.

979 224 1025 251 tae
1050 220 1285 261 cognoscendis
1317 225 1348 253 et
1379 219 1567 253 decidendis
1599 220 1706 262 quoad

976 270 1056 303 illud
1083 273 1155 314 plus
1180 283 1234 304 seu
1256 272 1349 305 aliam
1367 273 1520 305 maiorem
1540 282 1706 311 summam,

977 324 1061 365 quod
1079 333 1133 356 seu
1151 335 1244 367 quam
1262 324 1401 367 persolvi
1420 329 1450 356 et
1467 324 1591 356 restitui
1610 324 1708 356 debe-

975 385 1009 407 re
1035 386 1093 418 pro
1119 386 1231 408 eorum
1256 382 1344 419 parte
1370 377 1612 419 praetendatur.
1639 375 1707 414 Quo

976 438 1051 460 vero
1074 429 1110 460 ad
1129 430 1328 471 praedictum
1348 429 1433 462 aliud
1452 429 1614 472 hospitale
1632 428 1708 461 San-

976 479 1016 511 cti
1030 480 1205 513 Salvatoris
1222 482 1259 513 ad
1278 481 1393 514 Sancta
1411 482 1607 522 Sanctorum,
1622 482 1706 524 quod

977 542 1012 563 ex
1040 533 1142 574 gratia
1166 533 1256 566 Sedis
1275 535 1479 576 Apostolieae
1500 535 1586 568 aliud
1604 534 1708 567 simile

975 584 1115 617 osticium
1138 591 1173 617 ut
1197 596 1293 628 supra
1317 587 1460 625 obtinet,
1494 598 1552 630 per
1576 588 1708 620 modum

976 637 1229 679 provisionis,et
1253 638 1358 671 donec
1383 649 1441 681 per
1465 641 1613 673 eumdem
1640 640 1710 672 the-

976 691 1154 723 saurarium
1180 691 1218 723 de
1244 691 1359 723 eodem
1379 697 1452 724 voto
1480 697 1515 724 ut
1538 703 1633 735 supra
1657 693 1710 726 de-

976 742 1102 774 cidatur
1125 748 1157 775 et
1186 744 1377 776 terminetur
1410 754 1449 776 an
1482 750 1514 777 et
1545 745 1631 788 quod
1660 756 1710 778 re-

977 795 1174 827 stituendum
1211 806 1267 828 seu
1292 797 1543 839 persolvendum
1573 798 1632 838 sit,
1659 797 1708 830 et¹

976 850 1085 879 nostra
1116 847 1308 880 liberalitate
1349 855 1381 880 et
1418 850 1639 883 munificentia
1673 860 1710 883 ac

975 910 1155 942 pauperum
1187 899 1388 933 infirmorum
1414 902 1646 942 subventione,
1671 913 1710 934 ex

976 952 1089 984 eadem
1103 955 1206 984 massa
1220 963 1275 984 seu
1290 955 1401 994 grossa
1419 954 1577 986 dictorum
1593 956 1711 987 emolu-

976 1009 1156 1037 mentorum
1179 1010 1210 1037 et
1233 1011 1449 1048 proventuum
1467 1006 1603 1049 singulis
1622 1017 1712 1039 men·

977 1056 1066 1088 sibus
1097 1067 1252 1089 summam
1277 1067 1337 1100 per
1361 1068 1420 1090 nos
1446 1058 1477 1090 in
1502 1058 1636 1101 speciali
1661 1069 1712 1091 or-

978 1108 1052 1141 dine
1078 1114 1108 1141 et
1132 1110 1282 1142 mandato
1303 1110 1528 1143 declarandam
1554 1113 1710 1154 praestari

977 1172 1012 1193 ac
1038 1162 1178 1204 persolvi
1204 1162 1349 1194 iubemus
1376 1168 1407 1195 et
1430 1164 1587 1196 volumus.

1020 1214 1034 1255 ς
1057 1213 1086 1245 7.
1107 1214 1297 1246 Praesentes
1324 1225 1464 1258 quoque,
1491 1216 1585 1248 etiam
1610 1227 1646 1249 ex
1672 1228 1711 1251 eo

977 1266 1063 1308 quod
1100 1265 1217 1308 singuli
1253 1267 1409 1299 nominati
1435 1269 1589 1310 praedicti
1622 1281 1714 1312 prae-

976 1317 1081 1350 missis
1102 1328 1165 1351 non
1190 1319 1422 1360 consenserint,
1447 1331 1506 1353 nec
1533 1322 1571 1355 ad
1597 1333 1634 1355 ea
1659 1333 1712 1355 vo.

976 1371 1038 1403 cati
1076 1377 1107 1403 et
1143 1371 1243 1404 auditi
1280 1372 1408 1412 suerint,
1446 1374 1535 1406 nullo
1570 1385 1710 1417 unquam

978 1429 1121 1466 tempore
1140 1424 1179 1456 de
1199 1423 1420 1467 subreptionis
1437 1426 1486 1457 vel
1515 1426 1715 1469 obreptionis

976 1481 1030 1507 aut
1058 1475 1214 1508 nullitatis
1244 1476 1331 1514 vitio,
1363 1487 1418 1509 seu
1444 1477 1635 1511 intentionis
1657 1490 1715 1511 no-

977 1533 1062 1560 strae
1087 1529 1138 1560 vel
1164 1528 1228 1561 alio
1247 1528 1362 1571 quovis
1389 1529 1485 1562 etiam
1511 1532 1714 1573 quantumvis

978 1590 1096 1622 magno
1133 1585 1166 1612 et
1200 1580 1418 1623 inexcogitato
1455 1588 1487 1614 et
1508 1583 1713 1616 substantiali

979 1633 1120 1671 delectu,
1140 1632 1234 1665 etiam
1260 1643 1295 1665 ex
1322 1644 1386 1676 quo
1411 1644 1510 1677 super
1525 1636 1712 1678 praemissis

978 1686 1202 1718 solemnitates
1228 1691 1260 1718 et
1276 1686 1338 1718 alia
1359 1687 1488 1728 quaevis
1507 1689 1665 1721 servanda
1682 1694 1715 1721 et

979 1739 1193 1781 adimplenda,
1219 1745 1344 1771 servata
1369 1745 1400 1771 et
1420 1740 1596 1783 adimpleta
1621 1742 1714 1773 mini-

979 1802 1028 1823 me
1054 1791 1180 1830 suerint,
1206 1797 1259 1823 aut
1283 1802 1319 1824 ex
1341 1792 1404 1824 alio
1430 1793 1577 1835 quolibet
1607 1795 1712 1837 eapite

979 1854 996 1875 a
1021 1843 1091 1875 iure
1116 1844 1164 1875 vel
1191 1844 1271 1875 sacto
1296 1849 1350 1875 aut
1368 1850 1486 1877 statuto
1513 1847 1562 1878 vel
1580 1856 1714 1878 consue-

979 1896 1089 1928 tudine
1107 1896 1213 1938 aliqua
1231 1897 1417 1936 resultante,
1431 1908 1487 1930 seu
1507 1898 1601 1930 etiam
1619 1909 1715 1932 enor-

979 1948 1054 1988 mis,
1077 1949 1319 1981 enormissimae
1344 1955 1376 1981 et
1401 1950 1507 1982 totalis
1538 1951 1710 1991 laesionis,

980 2006 1032 2033 aut
1067 2011 1269 2044 quocumque
1305 2002 1368 2034 alio
1394 2004 1523 2043 colore,
1549 2004 1645 2036 etiam
1680 2004 1713 2037 in

980 2064 1117 2096 corpore
1142 2054 1220 2086 iuris
1244 2054 1360 2093 clauso,
1387 2065 1442 2088 seu
1469 2056 1637 2089 occasione
1663 2058 1712 2090 vel

979 2109 1075 2138 causa
1106 2106 1307 2149 quantumvis
1339 2107 1441 2147 iusta,
1471 2109 1656 2142 rationabili
1681 2114 1714 2142 et

979 2159 1191 2202 privilegiata,
1210 2159 1304 2192 etiam
1334 2161 1386 2192 tali
1406 2171 1486 2203 quae
1505 2162 1545 2194 ad
1563 2161 1712 2194 effectum

957 2211 1151 2248 {validitatis
1183 2211 1422 2254 praedictorum
1458 2213 1646 2255 specialiter
1677 2225 1713 2247 ac

979 2264 1144 2295 individue
1178 2264 1388 2306 exprimenda
1413 2265 1513 2305 soret,
1540 2271 1594 2298 aut
1626 2267 1713 2310 quod

980 2317 1018 2349 de
1046 2317 1208 2349 voluntate
1229 2319 1341 2349 nostra
1359 2318 1545 2351 huiusmodi
1573 2321 1621 2352 vel
1640 2321 1712 2353 aliis

979 2369 1127 2412 superius
1153 2370 1311 2413 expressis
1337 2380 1392 2403 seu
1418 2370 1516 2404 illatis
1544 2372 1626 2405 nihil
1645 2373 1715 2406 ulli-

978 2422 1008 2454 lJi
1036 2421 1232 2465 apparente'z
1245 2432 1303 2455 seu
1328 2422 1422 2456 aliter
1438 2425 1571 2467 probari
1590 2431 1711 2469 posset,

1014 2493 1024 2519 1
1048 2491 1146 2518 Forsan
1167 2500 1202 2519 err
1221 2500 1268 2528 pro
1288 2495 1314 2521 et
1332 2493 1369 2527 (n.
1388 2494 1436 2527 τ.)-

1012 2536 1028 2562 2
1049 2535 1138 2563 Potius
1158 2536 1215 2572 lege
1235 2541 1388 2572 appareret
1403 2540 1442 2574 (n.
1457 2539 1506 2574 Τ.).

1629 162 1669 195 Qfl
1715 171 1763 197 An.
1780 171 1808 198 C.
1832 171 1901 199 ¹673

1748 1232 1869 1254 ctamutao.
