2111 3157
53 236 102 262 An.
117 233 148 262 C.
168 232 234 260 1033

240 281 289 314 vel
309 280 533 315 definitoribus
557 290 684 314 cessare
716 280 868 321 noluerit,
893 286 969 313 tam-

240 343 335 376 quam
357 333 488 367 rebellis
508 345 525 367 a
549 334 690 377 capitulo
715 334 879 377 puniatur.

281 397 356 420 an.
384 387 430 420 Ad
456 387 553 420 dubia
577 398 633 420 seu
655 387 867 430 quaestiones,
887 398 967 430 quae

238 445 383 483 tempore
407 441 539 483 capituli
563 442 612 473 vel
638 451 739 484 super
762 451 880 472 annum
897 440 968 472 mit-

238 497 348 525 tuntur
381 499 435 526 aut
469 498 638 536 portantur
674 493 712 525 ad
744 492 965 532 Carthusiam‚

236 544 342 577 nullus
361 546 555 588 respondeat
571 545 632 577 nisi
651 545 846 577 reverendus
864 549 965 587 pater,

233 597 283 629 vel
309 596 360 629 cui
385 597 454 640 ipse
483 596 696 636 commiserit,
724 596 833 629 habita
857 597 965 629 confe-

233 647 337 681 rentia
353 659 423 682 cum
448 649 560 692 peritis
577 653 609 681 et
625 648 765 691 expertis
787 648 818 680 in
838 649 964 689 talibus,

232 705 264 733 et
287 701 326 734 de
351 712 461 734 eorum
487 701 635 741 consilio,
661 700 685 732 si
706 710 787 743 opus
814 701 916 733 fuerit.

273 763 361 787 xun.
380 754 490 787 Nullus
504 754 682 786 monachus
696 753 885 786 Carthasiae
901 759 962 785 tam

229 804 395 849 hospitum
421 818 516 849 quam
547 807 765 849 professorum
797 817 831 838 se
863 806 960 838 active

228 863 281 890 aut
304 858 429 901 passive
455 860 494 892 de
521 858 608 891 factis
634 858 760 891 Ordinis
780 860 830 891 vel
851 858 961 900 singu-

225 910 330 943 larum
354 922 569 954 personarum
599 917 651 944 aut
676 912 844 944 domorom
870 911 960 944 eius-

226 962 308 1004 dem,
334 963 458 996 etiamsi
483 965 521 997 ab
547 964 624 1008 ipsis
649 964 796 997 domibus
816 970 870 996 aut
886 975 958 1006 per-

224 1016 313 1049 sonis
345 1016 470 1050 litteras
499 1017 679 1060 acceperit,
713 1017 957 1060 quomodolibet

223 1067 417 1102 intromittat
448 1076 501 1103 aut
526 1070 696 1112 impediat,
722 1069 782 1101 nisi
806 1075 953 1108 vocatus,

223 1121 272 1153 vel
288 1122 329 1154 ad
355 1122 417 1155 hoc
437 1133 495 1166 per
519 1123 694 1166 capitulum
719 1123 870 1164 generale
906 1124 954 1155 vel

221 1175 435 1208 reverendum
459 1181 584 1218 patrem
610 1176 791 1218 deputatus.

265 1237 348 1260 xL1v.
374 1227 485 1260 Nullas
509 1229 656 1260 volumus
688 1227 822 1260 concedi
848 1228 950 1260 lieen-

220 1278 279 1311 tias
312 1279 475 1321 prioribus
514 1280 683 1312 domorum
720 1280 758 1312 de
800 1280 951 1312 vocandis

218 1332 369 1374 personis
386 1333 520 1365 aliarum
539 1333 707 1365 domorum
727 1343 797 1364 cum
815 1343 952 1366 eonsen÷

218 1394 254 1415 su
281 1384 437 1428 priorum,
465 1395 503 1417 ne
530 1385 772 1427 inquietudines
798 1385 872 1417 inde
898 1397 951 1427 ge-

217 1443 396 1478 nerentur;
423 1438 477 1471 sed
504 1439 529 1470 si
554 1438 623 1481 quis
648 1438 736 1481 prior
753 1439 861 1482 aliqua
878 1449 950 1481 per-

216 1492 296 1522 sona
320 1492 369 1524 vel
395 1492 543 1534 personis
578 1491 772 1534 indiguerit,
799 1497 950 1534 procuret

216 1542 330 1575 haberi
354 1544 527 1586 specialem
560 1544 722 1577 licentiam
747 1555 807 1587 pro
833 1546 870 1577 ea
899 1545 948 1577 vel

215 1595 286 1628 aliis
311 1606 328 1628 a
345 1597 523 1629 reverendo
544 1602 648 1640 patre,
673 1602 737 1635 aut,
756 1598 786 1629 in
805 1608 878 1629 casu
896 1608 949 1630 ne-

214 1648 382 1689 cessitatis,
410 1659 426 1681 a
451 1649 614 1682 visitatore
639 1649 836 1692 provinciae.

257 1711 326 1734 va.
352 1701 483 1740 Quando
509 1713 526 1734 a
554 1703 695 1745 capitulo
728 1703 871 1744 generali
898 1705 946 1737 vel

213 1754 394 1786 reverendo
426 1760 517 1797 patre
550 1755 700 1798 cuiquam
726 1755 848 1798 aliquid
874 1757 947 1788 red-

213 1805 290 1838 dere
316 1808 366 1839 vel
392 1807 496 1840 facere
523 1807 592 1839 sine
618 1807 845 1850 praefinitione
872 1813 947 1841 tem-

211 1858 301 1901 poris
325 1859 532 1902 iniungetur,
558 1860 638 1893 illud
665 1860 857 1903 quamcitius
883 1872 943 1904 po-

212 1916 274 1943 test
286 1911 420 1955 implere
438 1918 576 1952 tenetur,
595 1919 637 1953 et,
654 1913 678 1945 si
696 1913 765 1946 sine
781 1916 874 1946 causa
892 1915 946 1947 de-

210 1965 331 2005 tulerit,
357 1971 406 1998 est
429 1977 488 2009 per
512 1967 688 2009 capitulum
714 1968 907 2010 puniendus.

252 2028 336 2052 xtv1.
361 2018 478 2052 Ultimo
496 2019 547 2052 die
561 2019 706 2062 capituli,
726 2020 848 2053 scilicet
865 2021 943 2053 feria

209 2070 342 2113 quinta,
367 2076 538 2114 postquam
562 2072 595 2104 in
620 2072 805 2106 definitorio
835 2073 943 2106 omnia

210 2123 360 2165 expedita
383 2123 512 2163 fuerint,
530 2129 561 2157 et
587 2129 673 2157 carta
700 2131 852 2165 correcta,
871 2131 944 2169 post

209 2185 362 2219 vesperas
386 2176 418 2208 in
443 2176 577 2210 ecelesia
601 2177 711 2217 dictas,
737 2177 810 2210 dato
835 2179 940 2220 signo,

209 2235 424 2262 convocantur
447 2240 558 2262 omnes
577 2230 611 2263 in
628 2231 741 2269 aulam,
760 2236 791 2263 et
807 2241 943 2273 congre-

209 2282 291 2324 gatis
316 2282 474 2322 omnibus,
504 2283 608 2326 primo
633 2284 788 2325 leguntur
811 2285 942 2318 nomina

210 2335 435 2368 defunctorum
460 2345 541 2378 quae
571 2336 787 2369 communiter
810 2337 943 2371 veniunt

209 2393 284 2432 post
306 2389 462 2422 lecturam
486 2388 634 2429 aliorum,
659 2400 717 2432 pro
735 2390 851 2433 quibus
870 2392 943 2424 diei-

210 2446 264 2474 tur
287 2441 333 2474 De
344 2440 518 2484 profundis
541 2451 614 2474 curn
635 2442 706 2474 aliis
731 2443 883 2485 precibus
907 2450 941 2477 ut

210 2503 317 2537 supra.
344 2493 463 2532 Quibus
487 2494 665 2537 completis,
686 2495 790 2527 scriba
809 2496 941 2539 capituli

209 2547 289 2589 legit
318 2547 484 2580 residuum
515 2552 640 2587 cartae,
667 2553 699 2580 et
732 2547 857 2591 priores
886 2550 940 2591 qui

210 2598 329 2633 ibidem
353 2607 543 2645 praesentes
567 2605 651 2642 sunt,
670 2600 693 2633 si
712 2600 854 2633 nondum
873 2601 940 2634 viva

824 232 1038 257 iNNOCENTIES
1061 234 1090 257 XI
1117 234 1164 257 Pr‘.

1011 291 1086 314 voee
1110 281 1331 324 promiserunt
1356 282 1496 325 capitulo
1522 282 1739 315 obedientiam

1011 344 1068 375 pro
1086 344 1118 366 se
1133 339 1164 366 et
1177 334 1285 373 domo,
1299 335 1387 368 cuius
1402 341 1473 367 sunt
1487 335 1623 378 priores,
1640 346 1741 378 quam·

1011 386 1050 418 do
1076 387 1107 418 in
1133 388 1343 430 dispositione
1373 389 1608 431 provinciarum
1634 390 1738 422 scriba

1009 448 1063 470 eos
1077 440 1226 479 nominat,
1239 441 1332 473 dieat:
1346 441 1448 473 Priori
1463 442 1514 474 tali
1528 452 1589 473 non
1605 442 1637 473 tit
1649 442 1739 474 mise-

1010 490 1165 531 ricordia;
1182 498 1256 524 tunc
1274 494 1342 535 ipse
1357 493 1409 536 qui
1425 494 1617 533 nominatur,
1631 494 1737 527 statim

1007 549 1079 575 ante
1102 545 1314 577 reverendum
1338 551 1460 587 patrem
1486 548 1650 585 accedens,
1667 558 1738 589 pro-

1007 600 1122 628 stratus
1148 597 1223 639 petit
1255 598 1517 638 misericordiam,
1544 605 1571 631 et
1602 610 1736 642 surgens

1006 647 1167 689 promittit
1190 650 1404 682 obedientiam
1430 652 1571 692 capitulo
1593 653 1736 694 generali

1006 709 1064 740 pro
1076 710 1108 732 se
1125 705 1153 732 et
1167 701 1261 734 domo
1275 703 1326 734 tali
1340 702 1398 734 sihi
1414 704 1594 736 commissa.
1605 704 1737 742 Quando

1005 757 1108 784 autem
1131 753 1234 785 scriba
1256 755 1399 786 nominat
1424 756 1561 798 aliquem
1583 757 1736 798 priorem,

1007 803 1052 836 ut¹
1078 804 1111 836 sit
1136 805 1370 845 misericordia,
1394 813 1465 839 tunc
1490 809 1542 840 ille
1562 810 1614 851 qui
1634 809 1737 841 nomi-

1004 861 1094 889 natus
1113 863 1171 896 est,
1188 858 1212 889 si
1231 869 1383 901 praesens
1401 865 1458 898 est,
1477 862 1641 900 ‹fu-cedens,
1662 868 1734 893 ante

1003 910 1211 943 1·ev‹;=rendum
1226 917 1349 953 patrem
1364 918 1554 954 prostratus,
1574 914 1648 945 dicit
1668 916 1735 946 eul-

1002 971 1072 1002 pam
1099 973 1198 1002 suam,
1224 969 1254 996 et
1279 975 1414 1006 surgens
1440 965 1561 997 reniam
1586 967 1668 1008 petit
1694 968 1732 1000 de

1000 1014 1206 1056 negligentiis
1232 1021 1262 1048 et
1291 1017 1468 1050 defectibus
1499 1019 1675 1051 commissis
1702 1020 1734 1052 in

998 1066 1278 1101 administratione
1305 1070 1417 1102 domus
1447 1077 1539 1104 antea
1564 1071 1623 1103 sibi
1650 1083 1735 1105 eom-

998 1119 1123 1159 missae,
1143 1122 1302 1165 traditque
1321 1124 1517 1156 reverendus
1538 1131 1628 1167 pater
1645 1126 1733 1168 sigit-

997 1172 1060 1204 lum
1087 1173 1200 1206 domus
1226 1185 1323 1207 suae:
1352 1176 1500 1209 similiter
1526 1178 1557 1209 tit
1574 1188 1644 1210 eum
1664 1190 1733 1211 niu·

997 1229 1102 1258 tantur
1120 1227 1243 1269 priores
1259 1229 1298 1261 de
1317 1230 1410 1261 domo
1426 1230 1455 1262 in
1471 1230 1564 1263 aliam
1584 1232 1726 1264 domum.

1038 1288 1134 1312 xtt'n.
1152 1280 1206 1312 llis
1221 1281 1369 1313 omnibus
1385 1283 1565 1324 completis,
1584 1294 1730 1316 reveren-

995 1331 1052 1362 dus
1078 1338 1167 1374 pater
1192 1334 1300 1365 solitas
1325 1335 1397 1366 facit
1422 1336 1663 1369 exhortationes
1689 1338 1726 1369 de

994 1384 1149 1425 1·‹:li3?0ns=
1166 1387 1291 1423 munda,
1309 1388 1347 1419 de
1367 1388 1577 1429 professione,
1595 1389 1632 1421 de
1647 1400 1726 1431 paee

993 1436 1030 1467 ad
1057 1448 1183 1475 (ninius,
1212 1439 1346 1471 maxime
1374 1441 1410 1471 ad
1438 1451 1492 1472 eos
1519 1441 1571 1483 (1111
1600 1447 1725 1474 nostrae

992 1495 1061 1521 sunt
1097 1491 1329 1532 professionis,
1355 1502 1482 1525 necnon
1510 1494 1548 1525 de
1579 1495 1725 1537 pervigili

992 1543 1206 1576 sollieitudine
1221 1544 1304 1576 eirea
1319 1556 1426 1577 euram
1446 1546 1664 1587 subditorum,
1681 1559 1726 1579 ee-

993 1599 1201 1638 terorumque
1228 1599 1435 1638 geiwraliter,
1459 1609 1541 1640 quae
1561 1600 1724 1632 honestati

990 1654 1171 1689 congruunt
1185 1654 1216 1681 et
1230 1650 1325 1682 saluti
1340 1652 1516 1693 expediunt
1530 1653 1722 1685 animarum,

1034 1710 1141 1733 XLvni.
1170 1701 1341 1733 Monentur
1365 1703 1460 1735 etiam
1479 1704 1630 1742 universi,
1649 1717 1725 1748 qua-

991 1756 1095 1791 tenus,
1113 1753 1150 1784 ad
1173 1754 1284 1786 domos
1309 1765 1398 1793 suas,
1426 1755 1490 1787 Deo
1516 1762 1723 1798 protegente,

989 1805 1120 1845 reversi,
1145 1806 1262 1838 faciant
1280 1808 1399 1839 exsolvi
1418 1808 1566 1848 officium,
1585 1810 1669 1852 quod
1686 1821 1723 1843 ex

989 1858 1150 1889 communi
1175 1858 1302 1891 Ordinis
1328 1860 1459 1893 decreto
1481 1866 1529 1893 est
1555 1864 1723 1895 exsolven-

988 1909 1061 1941 dum
1087 1920 1144 1952 pro
1169 1911 1359 1953 parentibus
1384 1913 1512 1953 nostris,
1538 1925 1597 1957 pro
1623 1915 1723 1948 bene-

987 1962 1178 2003 factoribus,
1206 1964 1305 2004 caris‚
1340 1971 1370 1997 et
1394 1966 1618 2007 familiaribus,
1644 1968 1720 2000 vivis

986 2021 1017 2047 et
1048 2016 1227 2055 defunctis3
1262 2017 1350 2049 euius
1386 2018 1504 2058 ossieii,
1531 2030 1654 2052 necnon
1686 2032 1720 2054 o-

986 2069 1106 2101 mnium
1139 2070 1355 2112 spiritualium
1386 2071 1546 2104 bonorum
1577 2072 1717 2114 Ordinis,

985 2122 1030 2155 illi
1056 2134 1185 2165 quoque
1215 2124 1389 2166 participes
1406 2126 1643 2157 annunciantur
1664 2127 1717 2169 qui

985 2176 1022 2208 ad
1047 2177 1221 2219 capitulum
1246 2182 1460 2217 accesserunt,
1486 2178 1604 2220 quique
1633 2179 1718 2221 prio-

983 2229 1071 2261 ribus
1097 2229 1127 2260 in
1163 2229 1279 2262 itinere
1311 2230 1531 2272 hospitalitate
1571 2242 1627 2263 seu
1659 2233 1717 2265 hu-

983 2284 1136 2316 manitate
1161 2283 1272 2326 quavis
1296 2283 1358 2316 alia
1383 2284 1522 2316 officium
1540 2285 1716 2318 exhibuere

984 2336 1159 2375 charitatis,
1185 2347 1362 2379 omnesque
1387 2337 1450 2376 alii,
1477 2337 1536 2369 vivi
1555 2343 1585 2370 et
1602 2338 1714 2371 defun-

984 2389 1042 2429 cti,
1070 2388 1146 2431 quiq
1170 2399 1229 2431 per
1253 2389 1374 2421 litteras
1391 2416 1398 2429 ‚
1428 2399 1485 2432 per
1509 2390 1638 2422 nuntios
1664 2392 1713 2424 vel

984 2452 1042 2484 per
1066 2452 1098 2474 se
1124 2442 1212 2484 ipsos
1229 2442 1430 2475 orationibus
1454 2453 1487 2475 se
1512 2444 1715 2476 commenda-

986 2500 1099 2527 verunt
1122 2494 1251 2527 Ordinis
1276 2501 1329 2527 aut
1347 2495 1505 2538 priorum.

1017 2565 1029 2591 1
1053 2565 1161 2591 Videtur
1174 2565 1316 2600 legendum
1331 2566 1379 2593 cui
1399 2574 1446 2601 pro
1462 2569 1491 2594 ue
1504 2569 1544 2600 (n.
1561 2567 1610 2601 Τ.),

1017 2610 1033 2636 2
1052 2610 1149 2636 Vocem
1170 2610 1221 2645 ‹pai
1242 2618 1289 2637 nos
1308 2610 1428 2637 addimus
1444 2611 1482 2647 (u.
1499 2611 1547 2647 T.).

1640 226 1703 258 *059
1749 237 1797 261 An.
1819 235 1848 261 c.
1867 236 1931 262 toas
