2111 3157
399 177 463 212 536

360 235 460 279 ipsius
486 236 636 274 coercet,
665 232 812 276 sequitur
837 230 1033 274 eutrapelia,
1058 234 1093 260 ut

360 300 430 322 cuni
447 287 645 321 iucunditate
660 284 855 318 recreationi
874 285 965 317 locus
984 283 1092 322 detur·‚

942 182 1120 206 ntrtlismt‘tt
1146 181 1295 205 ROMANUM
1881 179 1929 206 An.
1947 178 1975 206 C.
1999 179 2064 206 tosst

1137 230 1227 262 nesta
1251 227 1359 271 aliqua
1383 226 1595 271 occupatione
1615 238 1631 260 a
1651 238 1729 271 »ago
1754 226 1963 261 mentisiauona
1984 240 2067 261 sch-112-

1884 273 1934 290 rum.
1945 269 1965 286 el
1976 268 2066 292 repello-

1137 281 1256 314 intuitu
1280 285 1311 314 et
1336 280 1402 314 otio
1426 285 1592 314 revocent.
1615 280 1649 313 In
1663 291 1758 324 quem
1775 279 1872 314 finem
1884 293 2007 314 domestica.

166 188 217 214 Λη.
235 186 264 216 C.
286 187 355 214 1684

201 2415 231 2436 ne
253 2415 358 2441 quotidia-

175 2448 206 2462 nis
225 2444 359 2462 exer-titano-

174 2468 355 2494 n1t1us,rre‹1uen-
369 2464 464 2492 tenus
496 2457 719 2490 adolescentes
752 2455 839 2489 omni
872 2460 1019 2497 tempore
1045 2452 1104 2485 ho-

361 342 477 375 dciude
502 340 643 372 charitas
668 343 820 377 externa,
848 346 930 379 quae
956 345 1034 378 prae
1060 345 1093 367 se

361 394 430 428 aliis
448 391 563 432 eedit⁴,
590 392 622 424 in
648 390 758 423 multis
776 387 1019 427 condescendit,
1040 397 1095 430 pa-

361 457 428 480 cem
447 455 517 479 cum
535 444 684 477 omnibus
711 442 818 482 habet,
846 447 879 474 et
902 440 981 473 alios
1006 439 1096 472 obse-

362 499 445 543 quiis
470 496 662 542 praevenire
688 495 802 539 gestit,
824 504 931 537 neque
953 498 999 526 est
1023 502 1096 525 sen-

361 552 453 585 sitiva
478 556 532 584 aut
555 548 808 593 appreliensiva.

404 615 513 638 xxviii.
543 603 714 636 Praeterea
745 601 876 634 modum
906 603 994 632 recte
1019 608 1097 641 ope-

360 658 453 691 randi
489 657 527 690 ad
554 662 643 689 extra
671 655 752 689 aliae
778 653 935 698 quaedam
961 652 1096 685 virtutes

360 711 557 755 principales
571 709 745 743 discretum
762 707 911 747 reddunt,
926 715 1006 749 quae
1023 709 1097 737 sunt

361 763 555 807 prudentia,
588 761 745 795 tortitudo
771 759 902 804 spiritus
919 786 926 799 ,
953 757 1095 798 iustitia,

362 812 579 861 temperantia
602 821 634 849 et
658 813 915 857 circumspectio.

405 880 486 904 xxtx.
507 869 594 902 Inter
615 868 742 902 obiecta
759 865 917 910 operandi
938 865 976 899 ad
999 868 1095 903 extra,

362 922 566 957 conversatio
591 921 680 954 utilis
705 920 736 953 in
763 919 850 953 omni
875 916 1042 951 occasione
1067 921 1098 948 et

363 975 554 1021 quaestione
580 973 744 1018 proposita
768 983 839 1005 eum
865 970 969 1004 omnis
1003 980 1098 1012 gene-

363 1030 405 1063 ris
431 1028 618 1062 hominibus
651 1027 791 1070 primum
815 1026 922 1057 locum
948 1023 1095 1061 obtinet,

363 1083 413 1116 cui
439 1081 583 1116 succedit
619 1080 732 1113 modus
765 1076 989 1115 catechizandi
1025 1086 1098 1119 par-

363 1137 456 1170 vulos
481 1146 552 1168 cum
576 1134 702 1167 ratione
727 1138 759 1166 et
782 1131 995 1171 dexteritate·‚
1022 1130 1097 1162 item

362 1191 479 1225 modus
505 1188 644 1222 docendi
669 1187 798 1220 scholas
819 1184 1043 1229 particulares,
1065 1187 1100 1214 ut

363 1244 586 1278 adolescentes
612 1240 742 1283 ingenio
767 1241 971 1282 praestantes
995 1235 1027 1268 in
1046 1236 1099 1268 do—

363 1296 466 1330 ctrina
498 1295 688 1339 proficiant·,
715 1293 791 1325 item
823 1290 978 1324 discretio
1004 1288 1098 1332 spiri-

364 1356 465 1391 tuum,
491 1347 696 1390 ingeniorum
722 1351 754 1379 et
776 1350 988 1382 naturarum·,

406 1413 475 1436 xxx.
504 1400 696 1434 Praesertim
714 1407 788 1431 vero
812 1397 926 1430 modus
947 1395 1100 1429 audiendi

363 1454 596 1493 confessiones,
611 1451 738 1486 iuvandi
753 1451 884 1490 animas,
899 1449 1014 1492 agendi
1029 1459 1099 1482 cum

364 1508 515 1552 aegrotis.
542 1505 741 1549 scrupulosis
768 1510 799 1537 et
823 1502 1100 1546 desperabundis,

364 1559 645 1606 pusillanimibus,
672 1556 936 1595 melancholicis,
964 1561 994 1588 et
1028 1555 1100 1588 aliis

364 1613 551 1648 hominibus
579 1612 632 1655 qui
658 1611 708 1643 vel
733 1619 883 1652 corpore,
908 1609 958 1641 vel
984 1618 1098 1648 sensu,

364 1668 413 1700 vel
446 1666 553 1699 anima
586 1663 832 1706 periclitantur,
865 1659 946 1704 qui⁹
977 1660 1101 1693 scilicet

365 1719 556 1753 dexteritate
574 1717 612 1749 ad
639 1715 828 1749 eorumdem
846 1713 1039 1746 medicinam
1058 1724 1100 1746 sa-

364 1775 501 1808 lutarem
524 1777 555 1803 et
579 1768 834 1802 aedificationem
856 1767 896 1799 sit
920 1766 1098 1809 agendunn

365 1825 415 1858 cui
436 1823 581 1856 succedit
597 1821 712 1854 modus
729 1819 943 1853 concionandi
963 1823 993 1851 et
1012 1828 1101 1861 pero-

364 1877 466 1917 randi,
484 1881 519 1908 ut
536 1875 662 1908 animae
680 1873 804 1906 utiliter
821 1883 857 1905 ac
878 1881 1016 1904 nervose
1035 1871 1100 1903 sale

366 1930 454 1964 verbi
480 1928 536 1962 Dei
569 1926 784 1965 condiantur;
811 1924 958 1968 sequitur
986 1923 1100 1956 modus

365 1981 608 2017 administrandi
635 1991 686 2013 res
711 1979 928 2023 temporales,
962 1982 996 2009 ut
1029 1987 1100 2010 cum

366 2037 475 2070 debita
505 2034 699 2068 dexteritate
725 2038 758 2065 et
793 2030 1006 2071 discretione,
1032 2030 1101 2062 sine

365 2093 441 2124 nota
465 2089 617 2123 avaritiae
636 2092 667 2120 et
684 2084 931 2130 prodigalitatis,
950 2084 981 2116 in
1000 2083 1102 2116 omni-

365 2143 426 2176 bus
444 2147 574 2185 agatur,
594 2140 734 2183 denique
753 2139 868 2172 modus
885 2136 1020 2180 regendi
1042 2135 1101 2168 sibi

367 2196 527 2235 subditos,
565 2200 628 2226 tam
664 2193 845 2226 saeculares
879 2190 911 2223 in
937 2189 1101 2222 beneficiis

367 2249 507 2288 curatis,
533 2257 629 2291 quam
654 2246 810 2289 ipsosmet
844 2243 940 2276 huius
965 2241 1101 2274 instituti

368 2301 513 2340 clericos,
540 2311 614 2333 cum
640 2297 874 2336 moderatione,
901 2295 1101 2333 dexteritate,

368 2354 539 2394 charitate,
566 2352 605 2385 ad
631 2350 903 2385 aedificationem.

410 2416 492 2439 xxxi.
519 2404 712 2448 Superiores
737 2403 830 2436 enixe
856 2402 1008 2435 laborent
1028 2410 1104 2443 qua-

406 2530 414 2554 1
440 2528 509 2554 Edit.
531 2528 612 2553 Maia.
635 2527 697 2559 legit
716 2526 809 2552 caedit
832 2528 867 2559 (n.
888 2525 936 2557 T.).

403 2573 419 2600 ‘2
441 2572 533 2599 Potius
554 2572 610 2606 lege
632 2571 679 2606 qui
702 2571 741 2597 tel
763 2572 818 2598 αιιίι
839 2572 879 2603 (n.
897 2569 936 2602 τ.)

1138 333 1324 367 distributio
1361 333 1468 367 diurni
1506 333 1660 376 temporis
1693 333 1726 366 in
1758 333 1872 377 quovis

1137 387 1312 420 seminario
1347 385 1541 426 ordinetur,
1575 396 1656 429 quae
1685 385 1872 420 huiusmodi

1138 439 1283 482 (mutatis
1309 439 1491 482 mutandis)
1518 449 1588 472 esse
1614 439 1761 482 poterit:

1176 504 1271 527 xxxii.
1288 493 1378 526 Mane
1392 497 1566 535 surgentes
1580 497 1699 526 statuto
1714 497 1873 536 tempore,

1139 558 1175 580 ea
1200 547 1374 580 observent
1398 556 1481 589 quae
1514 546 1548 579 in
1575 545 1770 579 stationibus
1801 550 1875 579 sunt

1139 600 1361 644 praescripta3
1388 599 1504 643 quibus
1521 598 1634 639 finitis,
1651 599 1875 632 adolescentes

1140 653 1332 686 inseriorum
1363 653 1550 686 scholarum
1575 661 1634 695 per
1664 651 1875 696 quadrantem

1141 707 1240 740 horae
1265 705 1441 740 lectionem
1458 705 1664 749 spiritualem
1689 705 1874 744 instituant,

1140 758 1276 793 studiosi
1302 769 1378 792 vero
1397 758 1557 792 secundae
1575 763 1606 791 et
1624 758 1738 791 tertiae
1764 757 1875 792 classis

1140 823 1200 856 per
1223 812 1362 846 mediam
1387 812 1503 845 horam
1524 811 1738 852 meditentur3
1757 810 1876 844 deinde

1140 876 1250 898 omnes
1275 865 1369 898 simul
1387 864 1543 898 sacrificio
1561 864 1679 897 missae
1696 865 1813 897 devote
1831 863 1877 896 in-

1141 918 1276 959 tersint,
1306 917 1433 961 reliquo
1459 922 1606 960 tempore
1629 916 1743 950 studiis
1760 916 1876 958 invigi-

1140 972 1207 1004 lent
1222 981 1324 1014 usque
1342 970 1381 1002 ad
1395 976 1521 1013 tempus
1542 969 1771 1012 frequentandi
1787 969 1879 1001 scho-

1141 1024 1207 1063 las,
1236 1028 1310 1066 post
1334 1023 1465 1056 scholas
1481 1049 1488 1063 ,
1514 1022 1539 1054 si
1567 1027 1693 1065 tempus
1717 1021 1876 1065 supersit,

1141 1076 1245 1109 studia
1262 1075 1511 1114 continuabunt;
1527 1085 1591 1108 uno
1606 1075 1785 1117 quadrante
1802 1079 1876 1107 ante

1140 1128 1313 1172 prandium
1347 1127 1474 1161 litanias
1505 1126 1653 1160 Omnium
1686 1126 1876 1160 Sanctorum

1142 1181 1227 1214 iuxta
1252 1180 1408 1214 stationes
1431 1181 1634 1223 persolvant·‚
1656 1180 1714 1212 sub
1739 1179 1877 1223 prandio

1142 1239 1174 1267 et
1191 1236 1291 1267 coena
1315 1233 1449 1266 studiosi
1476 1232 1590 1265 tertiae
1616 1231 1727 1266 classis
1751 1242 1810 1275 per
1827 1242 1879 1264 or—

1143 1287 1251 1321 dinem
1277 1288 1387 1330 legent
1410 1285 1608 1329 Scripturam
1634 1285 1780 1324 Sacram,
1804 1295 1879 1318 con-

1143 1340 1347 1379 stitutiones,
1381 1339 1526 1382 aliosque
1562 1337 1664 1371 libros
1700 1342 1878 1377 asceticos,

1142 1395 1231 1428 iuxta
1267 1393 1472 1437 superiorum
1508 1392 1779 1436 dispositionem;
1812 1396 1880 1425 stu-

1144 1448 1224 1481 diost
1242 1457 1318 1479 vero
1336 1446 1498 1480 secundae
1525 1445 1634 1478 classis
1660 1455 1717 1488 per
1733 1444 1880 1478 ordinem

1143 1500 1183 1534 ad
1208 1499 1386 1532 secundam
1405 1508 1549 1531 mensam
1573 1498 1695 1540 legent.

1186 1563 1295 1586 xxxut.
1322 1552 1397 1585 Post.
1429 1551 1600 1594 prandium
1624 1549 1784 1583 recreatio
1809 1549 1881 1582 uni-

1144 1606 1291 1639 formiter
1317 1605 1355 1637 ab
1381 1603 1641 1637 adolescentibus
1673 1603 1879 1643 observetur;

1143 1659 1233 1692 finita
1257 1658 1457 1691 recreatione
1491 1656 1613 1700 aliquid
1640 1655 1796 1700 temporis
1826 1656 1882 1689 ad-

1144 1712 1300 1744 discendo
1318 1710 1425 1742 cantui
1450 1710 1614 1748 tribuant3
1635 1708 1779 1751 theologi
1806 1719 1880 1742 vero

1144 1763 1340 1796 maturiores
1371 1772 1430 1805 pro
1463 1762 1519 1794 illo
1548 1767 1692 1804 tempore
1717 1761 1749 1793 in
1774 1771 1882 1794 caere-

1143 1816 1259 1849 moniis
1275 1821 1306 1848 et
1325 1814 1440 1847 ritibus
1458 1814 1556 1848 sacris
1574 1818 1804 1854 exerceantur,
1826 1824 1883 1857 po-

1144 1875 1211 1902 stea
1248 1878 1378 1901 rursum
1414 1866 1528 1901 studiis
1563 1865 1803 1908 invigilabunt,
1839 1867 1882 1899 ita

1144 1926 1250 1954 tamen
1278 1926 1312 1952 ut
1332 1919 1480 1962 theologi
1507 1928 1564 1962 per
1589 1918 1804 1961 quadrantem
1823 1919 1882 1951 ho-

1144 1985 1197 2007 rae
1215 1979 1288 2006 ante
1313 1972 1416 2005 studia
1437 1972 1468 2004 in
1492 1972 1607 2005 Sacrae
1626 1971 1811 2014 Scripturae
1831 1982 1882 2004 ex-

1143 2027 1332 2072 planatione
1350 2035 1385 2058 se
1411 2029 1604 2064 exerceant;
1627 2023 1716 2056 finita
1737 2024 1882 2067 frequen-

1145 2079 1266 2112 tatione
1297 2078 1505 2117 scholarum,
1538 2076 1701 2119 assignato
1734 2080 1882 2120 tempore

1144 2132 1250 2165 studia
1273 2132 1322 2165 vel
1349 2129 1562 2174 repetitiones
1586 2129 1686 2170 sient;
1716 2139 1781 2162 uno
1807 2139 1884 2172 qua-

1146 2186 1259 2218 drante
1284 2185 1384 2217 horae
1410 2188 1485 2216 ante
1502 2192 1639 2215 coenam
1663 2191 1724 2225 pro
1749 2181 1884 2214 medita-

1147 2239 1233 2272 tione
1258 2237 1422 2281 sequentis
1458 2236 1523 2269 diei
1555 2246 1590 2269 se
1622 2234 1882 2279 praeparabunt;

1146 2296 1219 2335 post
1243 2301 1385 2330 coenam,
1405 2289 1520 2322 diebus
1543 2288 1669 2321 veneris
1696 2292 1728 2320 et
1747 2287 1882 2327 sabbati,

1146 2346 1242 2378 breve
1268 2343 1466 2387 colloquium
1491 2341 1656 2386 spirituale
1681 2342 1778 2385 paulo
1810 2345 1885 2374 ante

1145 2398 1303 2431 rosarium
1330 2396 1528 2430 instituetur.

1189 2461 1293 2484 xxxiv.
1321 2450 1439 2483 Diebus
1464 2448 1553 2481 sestis
1574 2453 1606 2480 et
1627 2447 1799 2480 dominicis
1820 2452 1883 2480 tam

1146 2514 1268 2536 sacrum
1295 2503 1442 2535 solemne
1464 2511 1559 2544 quam
1584 2501 1697 2533 concio
1723 2500 1830 2544 captui
1851 2504 1888 2533 etr

1147 2556 1264 2589 fructui
1283 2555 1527 2588 adolescentum
1552 2553 1757 2588 accomodata
1781 2553 1814 2586 in
1826 2566 1877 2591 se,-
