2111 3157
111 181 158 208 Au.
178 180 206 208 C.
232 180 297 207 107⁴)
343 170 407 205 ‘14ss

146 1033 226 1054 I‘iwlem.

175 2413 205 2425 ψ·-
215 2409 305 2426 int-,vilnni

158 2441 202 2454 anre
248 2440 295 2454 nin.

346 241 416 264 xm.
448 231 479 264 si
507 242 579 264 cum
612 232 718 264 debita
747 231 970 263 moderatione
1003 231 1044 262 sa-

306 283 381 323 rias⁷
410 290 500 326 potes
526 285 649 327 absque
682 289 816 327 peceato
848 283 975 316 mortali
1004 284 1042 315 de

308 337 369 369 viia
393 338 527 369 alicuius
551 337 680 375 tristari,
708 343 740 369 et
763 337 803 369 de
828 336 913 369 illius
942 341 1044 368 morte

306 390 444 422 naturali
471 390 624 431 gaudere,
649 389 735 421 illam
753 389 911 421 inefficaci
929 388 1044 421 affectu

306 449 420 485 petere
445 448 475 474 et
501 441 707 481 desiderare,
739 451 803 473 non
839 441 970 484 quidem
1008 452 1044 474 ex

308 494 509 536 displicentia
541 503 713 536 personae,
751 493 808 526 sed
837 494 878 526 ob
916 494 1045 537 aliquod

306 547 485 589 temporale
507 547 773 579 emolumentum.

351 608 414 631 xiv.
449 598 583 630 Licitum
618 604 667 631 est
703 600 849 632 absoluto
886 598 1047 631 desiderio

310 662 429 694 cupere
458 657 593 684 mortem
619 652 726 695 patris,
765 652 821 684 sed
857 657 892 683 ut
927 653 1048 684 bonum

310 705 481 747 cupientis,
513 705 588 747 quia
625 705 775 737 nimirum
809 704 840 737 ei·
871 705 1049 737 obventura

311 763 359 789 est
382 757 510 800 pinguis
537 758 731 790 haereditas.

355 821 406 842 xv.
434 811 566 842 Licitum
591 816 639 843 est
660 810 726 843 filio
751 811 892 853 gaudere
918 811 957 844 de
977 821 1050 853 par-

311 862 424 895 ricidio
447 864 598 906 parentis,
618 874 634 895 a
656 874 689 896 se
706 863 739 895 in
760 863 916 896 ebrietate
933 874 1050 906 perpa-

314 920 404 954 tram,
421 921 554 958 propter
578 916 726 958 ingentes
748 916 873 949 divitias
906 916 981 949 inde
1014 927 1049 949 ex

314 969 513 1001 haereditate
539 975 741 1002 consecutas.

358 1033 421 1055 xv1.
449 1023 541 1055 Fides
568 1033 632 1055 non
657 1028 810 1055 censetur
845 1024 962 1056 cadere
993 1024 1051 1056 sub

314 1084 529 1119 praeceptum
556 1076 697 1118 speciale
715 1081 747 1108 et
763 1077 942 1109 seeundum
961 1088 1005 1109 se.

358 1139 433 1162 xvii.
462 1128 544 1161 Satis
571 1133 618 1161 est
643 1134 748 1161 actum
773 1128 848 1162 fidei
883 1131 984 1163 semel
1020 1130 1052 1162 in

314 1182 379 1214 vita
402 1182 533 1215 elicere.

357 1245 445 1268 xvin.
473 1235 503 1268 Si
528 1245 545 1266 a
569 1239 728 1277 potestate
752 1235 884 1278 publica
911 1236 983 1279 quis
1011 1237 1054 1269 in-

316 1293 512 1329 terrogetur,
537 1287 634 1320 fidem
671 1287 809 1330 ingenue
845 1289 992 1322 confiteri
1020 1296 1052 1322 ut

315 1342 380 1374 Deo
405 1348 437 1374 ct
460 1341 548 1373 Fidei
575 1341 754 1384 gloriosum
779 1344 926 1382 consulo,
948 1348 1052 1376 tacere

316 1400 352 1426 ut
373 1394 635 1437 peccaminosum
660 1405 719 1437 per
744 1405 777 1427 se
799 1405 863 1427 non
888 1396 1018 1428 damno.

359 1458 420 1480 xix.
448 1448 601 1480 Voluntas
628 1458 693 1480 non
724 1454 835 1491 potest
869 1449 997 1482 efficere
1021 1455 1055 1481 ut

317 1511 467 1533 assensus
493 1500 567 1533 fidei
593 1500 625 1532 in
649 1511 682 1533 se
711 1501 780 1544 ipso
809 1501 849 1534 sit
877 1502 977 1543 magis
1005 1502 1054 1534 fir-

316 1564 385 1586 mus
413 1565 509 1596 quam
546 1559 707 1587 mereatur
735 1555 862 1597 pondus
890 1555 1053 1587 rationum

317 1607 355 1639 ad
379 1617 550 1639 assensum
578 1607 825 1649 impellentium.

360 1669 407 1692 xx.
427 1660 508 1691 Iline
533 1664 642 1701 potest
664 1660 735 1702 quis
752 1660 934 1702 prudenter
959 1670 1054 1703 repu-

317 1712 404 1744 diare
437 1722 614 1753 assensum,
639 1722 737 1755 quem
770 1712 912 1745 habebat
941 1723 1054 1755 super-

278 1762 284 1765 ’
316 1765 510 1797 naturalem.

360 1827 420 1850 xxr.
450 1818 608 1849 Assensus
633 1816 707 1849 fidei
733 1818 991 1861 supernaturalis
1024 1824 1054 1851 et

315 1870 402 1903 utilis
418 1871 457 1902 ad
483 1871 618 1902 salutem
642 1876 703 1903 stat
727 1882 799 1903 enm
818 1871 930 1903 notitia
947 1872 1053 1904 solum

317 1922 480 1965 probabili
509 1923 739 1963 revelationi53
767 1923 866 1956 inimo
893 1934 966 1955 eum
992 1924 1054 1956 sor-

316 1975 452 2014 midine‚
476 1986 540 2018 qna
561 1975 634 2018 'quis
660 1976 826 2016 formidet,
858 1986 898 2008 ne
923 1987 990 2009 non
1014 1976 1054 2008 sit

317 2030 446 2060 locutus
466 2028 560 2061 Deus.

359 2091 434 2113 xxn.
455 2080 589 2113 Nonnisi
615 2080 695 2113 fides
719 2081 814 2113 unius
832 2081 887 2114 Dei
905 2092 1053 2115 necessa-

317 2134 363 2165 ria
386 2134 510 2167 videtur
524 2134 712 2167 necessitate
738 2134 845 2174 medii,
863 2145 928 2167 non
946 2141 1052 2168 autem

317 2187 467 2229 explicita
485 2187 762 2219 [lernnneratoris.

358 2250 446 2271 xx111.
475 2239 567 2272 Fides
593 2241 654 2272 late
684 2240 777 2279 dieta,
797 2250 834 2272 ex
865 2240 1051 2273 testimonio

315 2298 534 2324 creaturarum
561 2292 695 2325 similive
721 2293 851 2333 motivo,
879 2293 919 2325 ad
944 2293 1053 2325 iustili-

315 2346 476 2378 cationem
501 2345 625 2377 sullicit.
1001 2349 1003 2352 “

359 2409 442 2431 xxiv.
470 2399 590 2431 Vocari:
610 2399 705 2431 [lcum
723 2399 755 2431 in
779 2403 893 2432 testem
919 2399 1052 2432 menda-

878 183 1057 207 BULLMnUM
1081 182 1232 206 ROMANUM

1130 241 1180 263 xv.
1208 229 1286 262 Cum
1310 228 1406 261 eausa
1423 227 1546 261 linitum
1564 232 1614 260 est
1628 227 1735 261 iurare
1751 227 1821 260 sine

1087 283 1195 316 animo
1219 282 1368 322 iurandi,
1394 281 1458 313 sive
1491 290 1544 313 res
1576 280 1617 313 sit
1648 280 1727 314 levis
1755 280 1822 312 sive

1088 335 1205 378 gravis.

1132 399 1214 422 xxvi.
1231 388 1262 421 Si
1282 387 1364 431 quis,
1378 388 1429 420 vel
1448 388 1545 426 soluS,
1558 387 1608 419 vel
1622 395 1728 418 coram
1743 385 1824 426 aliis,

1089 440 1153 473 sive
1179 441 1410 482 interrogatus,
1437 439 1501 472 sive
1527 438 1660 482 propria
1684 443 1801 481 sponte
1817 465 1825 478 ,

1089 493 1154 526 sive
1179 492 1390 526 recreationis
1416 493 1522 532 causa,
1539 490 1604 524 sive
1622 500 1827 533 quocumque

1090 545 1154 578 alio
1179 545 1263 585 sine,
1290 545 1376 577 iuret
1405 554 1440 576 se
1465 554 1532 577 non
1563 543 1679 576 secisse
1703 542 1828 586 aliquid

1090 599 1175 640 quod
1202 609 1314 631 revera
1339 598 1424 637 feeit,
1449 597 1667 639 intelligendo
1692 595 1776 628 intra
1793 605 1828 628 re

1091 651 1213 694 aliquid
1239 651 1325 684 aliud
1354 650 1529 699 quod‘non
1555 649 1641 689 fecit,
1658 650 1708 682 vel
1733 648 1829 682 aliam

1092 704 1171 737 viam
1194 704 1232 736 ab
1251 705 1288 736 ea
1306 703 1338 735 in
1360 713 1423 745 qua
1443 702 1528 742 fecit,
1546 703 1597 735 vel
1622 702 1758 744 quodvis
1777 702 1831 734 ad-

1093 758 1195 790 ditum
1220 767 1342 796 verum,
1371 765 1485 788 revera
1511 765 1578 788 non
1598 754 1754 788 mentitur
1771 764 1831 787 nee

1094 816 1142 842 est
1166 810 1328 853 periurus.

1138 873 1233 895 xxvii.
1261 861 1360 894 Causa
1385 860 1470 893 iusta
1495 861 1607 894 utendi
1634 860 1684 893 his
1704 860 1832 903 amphi-

1095 915 1234 957 bologiis
1252 919 1310 954 est,
1329 914 1457 957 quoties
1487 913 1519 945 id
1541 913 1761 946 necessarium
1779 917 1833 946 aut

1095 968 1172 1000 utile
1192 972 1240 1000 est
1259 967 1298 999 ad
1323 967 1459 999 salutem
1484 966 1644 1009 corporis,
1664 966 1833 1007 honorem,

1097 1032 1147 1054 res
1168 1020 1342 1053 familiares
1364 1020 1512 1059 tuendas,
1530 1020 1579 1052 vel
1598 1019 1635 1052 ad
1654 1019 1835 1062 quemlibet

1097 1075 1194 1107 alium
1220 1073 1348 1106 virtutis
1373 1077 1488 1112 actum,
1510 1072 1592 1104 itaut
1614 1071 1757 1104 veritatis
1782 1082 1834 1105 oo-

1097 1128 1229 1160 cultatio
1248 1130 1416 1159 censeatur
1441 1130 1517 1158 tunc
1534 1125 1710 1168 expediens
1727 1129 1758 1157 et
1774 1130 1836 1157 stu-

1098 1180 1199 1213 diosa.

1139 1242 1249 1266 xxviii.
1276 1231 1332 1270 Qui
1362 1231 1526 1263 mediante
1552 1229 1836 1263 commendatione

1098 1287 1147 1319 vel
1167 1296 1302 1318 munere
1320 1284 1358 1317 ad
1375 1284 1599 1326 magistratum
1625 1284 1675 1316 vel
1692 1282 1836 1316 officium

1099 1339 1265 1381 publicum
1290 1342 1461 1380 promotus
1481 1342 1538 1375 est,
1556 1336 1677 1379 poterit
1693 1346 1764 1368 oum
1785 1346 1836 1368 re-

1098 1391 1265 1424 strictione
1282 1390 1415 1422 mentali
1436 1394 1603 1432 praestare
1617 1389 1836 1421 iuramentum

1099 1445 1184 1487 quod
1205 1444 1244 1475 de
1262 1443 1414 1475 mandato
1433 1442 1518 1484 regis
1537 1452 1554 1473 a
1571 1441 1731 1473 similibus
1752 1441 1836 1473 solet

1098 1495 1194 1538 exigi,
1214 1506 1277 1528 non
1303 1494 1415 1526 habito
1440 1498 1591 1536 respectu
1618 1493 1656 1525 ad
1681 1493 1836 1525 intentio-

1098 1559 1172 1581 nem
1197 1547 1366 1590 exigentis‚
1393 1546 1468 1589 quia
1492 1555 1558 1578 non
1584 1550 1711 1578 tenetur
1743 1544 1836 1577 fateri

1098 1602 1219 1634 crimen
1246 1601 1419 1634 oecultum.

1141 1664 1224 1687 xxm.
1252 1653 1377 1696 Urgens
1403 1656 1510 1685 metus
1536 1651 1641 1695 gravis
1666 1655 1714 1684 est
1737 1661 1836 1684 causa

1098 1709 1180 1740 iusta
1211 1711 1488 1740 sacramentorum
1519 1705 1836 1738 administrationem

1097 1760 1283 1794 simulandi.

1142 1825 1211 1847 xxx.
1237 1813 1297 1846 Fas
1325 1816 1372 1845 est
1397 1811 1464 1845 viro
1499 1811 1663 1845 honorato
1686 1810 1835 1844 occidere

1098 1868 1277 1900 invasorem
1302 1865 1355 1908 qui
1371 1865 1484 1897 nititur
1497 1864 1689 1897 calumniam
1703 1863 1834 1904 inferre,

1097 1921 1122 1952 si
1147 1920 1240 1953 aliter
1264 1919 1344 1951 haec
1368 1917 1548 1960 ignominia
1583 1917 1675 1949 vitari
1700 1916 1833 1958 nequit;

1098 1974 1182 2007 idem
1209 1982 1341 2016 qnoque
1368 1971 1543 2004 dicendum
1571 1970 1597 2003 si
1623 1969 1695 2013 quis
1719 1969 1836 2012 impin-

1097 2032 1150 2070 gat
1175 2027 1300 2068 alapam
1325 2025 1375 2057 vel
1402 2024 1484 2056 suste
1509 2023 1678 2066 percutiat,
1703 2028 1736 2055 et
1762 2026 1835 2065 post

1096 2081 1267 2123 impactam
1282 2078 1407 2119 alapam
1425 2077 1474 2108 vel
1492 2076 1589 2108 ictum
1610 2075 1700 2107 fustis
1718 2074 1832 2117 fugiat.

1138 2142 1220 2166 xxxi.
1247 2129 1453 2173 Regulariter
1468 2129 1620 2162 occidere
1638 2138 1770 2170 possum
1789 2127 1833 2159 su-

1096 2197 1164 2218 rem
1190 2195 1250 2228 pro
1276 2183 1525 2216 conservatione
1550 2181 1644 2213 unius
1669 2180 1770 2212 aurei.

1138 2247 1234 2270 xxxn.
1261 2236 1330 2268 Non
1365 2236 1471 2267 solum
1495 2234 1618 2267 licitum
1643 2238 1693 2266 est
1718 2232 1830 2266 desen-

1095 2292 1171 2324 dere
1193 2289 1381 2323 defensione
1406 2288 1543 2321 oecisiva
1564 2297 1648 2330 quae
1673 2291 1742 2317 actu
1762 2295 1831 2328 pos-

1095 2344 1249 2382 sidemus,
1270 2342 1325 2374 sed
1353 2341 1449 2374 etiam
1474 2341 1512 2373 ad
1531 2350 1611 2382 quae
1628 2339 1676 2371 ius
1698 2338 1831 2370 inclioa-

1097 2402 1161 2429 tum
1186 2396 1351 2434 habemus,
1371 2400 1403 2427 et
1427 2404 1509 2437 quae
1535 2402 1594 2425 nos
1619 2400 1830 2434 possessuros

316 2453 355 2485 cii
381 2452 459 2485 levis
483 2462 546 2484 non
572 2458 620 2483 est
641 2457 726 2484 tanta
745 2452 959 2490 irriverentia‚
979 2463 1051 2495 pro·
1071 2465 1073 2486 ι
1094 2460 1274 2493 speramus.

316 2512 387 2549 pter
412 2516 506 2547 quam
534 2505 609 2537 velit
626 2511 679 2537 aut
696 2504 799 2548 possit
822 2505 977 2538 damnare
996 2504 1052 2537 ho-

314 2559 448 2593 minem.

1138 2513 1245 2535 xxxin.
1262 2501 1396 2534 Licitnm
1416 2506 1471 2541 est,
1491 2506 1552 2532 tam
1566 2497 1711 2537 haeredi,
1730 2508 1828 2541 qnam

1094 2555 1272 2599 legatario,
1298 2560 1412 2587 eontra
1444 2553 1561 2586 iniuste
1597 2550 1829 2595 impedientem

1828 177 1878 204 An.
1893 176 1925 205 C.
1945 176 2015 205 ¹679

1870 1818 2018 1842 nomicidium.
