2111 3157
36 202 84 228 An.
101 200 130 228 C.
154 198 219 228 1679

57 838 86 859 De
101 838 206 864 magistris

24 867 45 885 ot
58 867 205 891 praesentatis.

226 249 280 292 qui
299 249 461 293 antiquior
477 250 569 283 estin
589 250 728 283 lectione
747 249 952 288 scholasticiu

224 302 256 335 in
282 314 343 345 qua
368 303 394 336 si
420 314 514 346 pares
545 303 626 343 sint,
654 303 707 346 qui
739 303 827 345 prins
852 303 954 335 lector

223 354 318 387 suerit
342 355 520 395 institutus,
540 361 571 388 et
590 355 616 387 si
643 355 792 398 aequales
814 354 844 386 in
862 354 954 386 insti-

223 409 344 442 tutione
369 409 585 448 inveniantur,
606 409 685 441 ordo
711 412 855 440 servetur
878 417 953 449 pro-

222 461 384 494 fessionis:
412 462 440 494 ei
466 472 552 501 vero,
572 461 625 503 qui
650 461 778 493 inverso
803 459 917 492 ordine
935 470 952 491 a

221 515 315 547 nobis
337 514 536 557 praescripto
562 514 601 546 ad
626 513 755 546 lectoris
774 523 889 544 munus
906 522 952 544 as-

220 572 366 609 sumptus
391 566 496 605 suerit,
524 576 626 598 annus
651 566 700 598 vel
725 565 812 604 anni,
837 564 950 607 quihus

219 624 302 652 artes
326 620 374 651 vel
402 619 597 660 theologiam
629 623 685 650 aut
715 623 884 660 utramnque
911 617 951 649 sa-

218 673 368 704 cultatem
385 672 499 714 legerit
511 682 567 704 seu
581 671 736 711 docuerit,
747 672 838 703 nullo
852 671 949 702 modo

217 729 455 767 computentur,
479 734 584 767 neque
610 724 790 767 computari
814 723 947 766 possint,

216 787 276 820 pro
301 776 485 819 magisterio
511 777 700 809 obtinendo.

259 840 368 863 xxvul.
397 830 504 862 Patres
530 830 715 868 delinitorii,
743 829 837 862 etiam
862 829 949 872 capi-

217 882 274 915 tuli
298 882 514 925 provincialis,
539 883 598 915 sub
624 884 729 925 poena
759 882 947 924 privationis

216 935 300 967 vocis
324 934 444 967 activae
470 940 500 967 et
518 934 659 977 passivae
684 945 744 978 per
767 934 947 977 quinquen-

213 987 300 1020 nium
325 987 397 1030 ipso
423 979 723 1027 sactoincurrenda,
741 987 829 1019 nullo
850 988 946 1020 modo

213 1040 253 1072 ad
278 1039 501 1082 magisterium
537 1039 632 1072 etiam
664 1050 722 1082 pro
747 1040 850 1083 primo
874 1041 945 1073 loco

210 1097 362 1124 vacaturo
388 1093 553 1134 postulent
586 1093 636 1125 vel
662 1090 825 1135 exponant
848 1103 920 1125 eum
936 1119 943 1132 ,

213 1145 267 1187 qui
285 1155 343 1187 per
363 1150 434 1177 octo
460 1155 562 1176 annos
580 1145 694 1176 artium
715 1151 745 1177 et
761 1145 944 1187 theologiae

213 1207 324 1229 cursus
358 1197 506 1229 docendo
539 1203 570 1229 et
601 1197 740 1239 legendo
765 1198 855 1240 prius
879 1208 943 1230 non

213 1249 443 1292 compleverit;
470 1260 578 1292 neque
604 1251 755 1283 eumdem
780 1252 829 1283 vel
847 1251 943 1283 alium

212 1312 447 1345 quemcumque
482 1313 542 1345 pro
573 1303 727 1346 magistro
753 1303 848 1336 etiam
880 1304 944 1346 pri-

211 1364 298 1386 mum
329 1355 434 1387 locum
470 1355 671 1388 vacaturum¹
697 1361 865 1399 acceptent
889 1367 943 1388 scu

210 1408 376 1451 recipiant,
397 1408 469 1448 nisi,
484 1409 649 1451 praedicto
676 1415 822 1452 tempore
847 1411 945 1442 lecto-

211 1461 277 1493 riae
303 1461 476 1504 completo,
503 1462 625 1494 litteras
649 1462 823 1504 originales
847 1463 945 1505 magi-

211 1514 301 1546 sterii
326 1525 431 1547 coram
463 1515 646 1548 delinitorio
673 1516 875 1548 exhibuerit:
905 1516 943 1548 ad

210 1573 476 1609 praesentaturae
500 1579 574 1601 vero
599 1569 742 1611 gradum,
757 1569 815 1602 sub
834 1570 943 1602 eadem

211 1622 317 1663 poena
341 1620 547 1663 privationis,
574 1621 734 1654 neminem
759 1624 944 1665 postulent,

212 1677 265 1704 aut
289 1683 348 1715 pro
373 1679 576 1716 praesentato
612 1679 778 1716 acceptent
801 1684 858 1706 seu
895 1685 944 1707 re—

210 1724 349 1768 cipiant,
375 1725 447 1764 nisi,
471 1726 618 1758 cursibus
649 1726 888 1770 philosophicis
914 1733 942 1759 et

210 1778 424 1820 theologicis,
459 1784 493 1810 ut
526 1790 621 1822 supra
652 1779 683 1811 in
716 1780 847 1812 decreto
883 1780 942 1812 sub

210 1840 300 1863 num.
325 1841 407 1872 xxvi,
423 1831 579 1874 expletis,
604 1843 656 1865 sex
689 1832 783 1865 serias
808 1833 943 1876 quadra-

210 1883 391 1925 gesimales,
406 1889 440 1915 ut
466 1890 591 1924 vocant,
612 1890 644 1917 et
668 1885 748 1917 alios
773 1885 943 1928 particula—

209 1945 260 1968 res
286 1947 452 1969 sermones
478 1937 728 1979 praedicaverit,
753 1938 941 1981 litterasque

210 1993 472 2031 praesentaturae
507 1995 579 2022 ante
609 1989 860 2032 acceptationem
885 2001 940 2023 seu

209 2041 432 2085 receptionem
457 2052 564 2075 coram
583 2042 766 2075 definitorio
787 2043 943 2076 exhibue-

211 2093 254 2125 rit
277 2093 463 2136 originales:
481 2094 605 2127 irritum
627 2100 658 2127 et
682 2095 776 2128 inane
800 2096 871 2138 ipso
898 2096 942 2128 sa-

210 2152 260 2179 cto
286 2152 317 2179 et
340 2147 461 2189 absque
496 2147 556 2179 alia
589 2147 807 2180 declaratione
833 2149 942 2181 decer-

211 2204 334 2239 nentes,
353 2198 378 2231 si
397 2209 487 2232 secus
509 2209 608 2242 super
632 2200 682 2232 his
708 2201 819 2243 quovis
844 2201 941 2234 modo

211 2251 282 2284 fieri
305 2252 354 2284 vel
380 2251 529 2284 attentari
554 2252 736 2295 contigerit.

254 2314 338 2337 xxm.
366 2305 411 2337 Ad
436 2304 625 2347 extirpanda
660 2305 813 2339 radicitus
838 2306 942 2339 litium

213 2357 358 2400 germina
389 2367 469 2400 quae
495 2356 577 2389 circa
597 2358 840 2401 praecedentias
866 2359 943 2391 oriri

213 2411 328 2449 solent,
355 2410 552 2442 declaramus
584 2410 671 2452 qnod
695 2411 944 2454 exprovincialis

214 2467 246 2495 et
269 2462 496 2505 expraesidens
533 2467 598 2495 toto
630 2463 684 2496 illo
713 2463 942 2506 quadriennio,

813 201 1025 225 INNOCENTIUS
1047 202 1078 225 XI
1104 202 1153 225 ΡΙ).

997 260 1060 292 qno
1077 249 1260 282 immediate
1279 250 1416 283 absoluti
1435 254 1509 282 sunt
1526 249 1591 282 suis
1609 251 1646 282 ab
1666 250 1730 282 offi-

996 302 1052 334 ciis
1077 302 1274 345 respective,
1300 313 1370 335 cum
1396 303 1502 335 adhuc
1527 303 1565 335 dc
1591 313 1728 344 corpore

996 356 1169 388 delinitorii
1196 357 1277 397 sint,
1304 357 1450 389 eumdem
1476 358 1582 389 locum
1607 356 1726 399 ubique

996 413 1026 439 et
1048 409 1309 451 praecedentiam
1334 409 1466 448 habent,
1488 420 1581 452 quam
1606 410 1727 442 habent

994 459 1076 492 intra
1101 460 1318 493 definitoriuin
1343 461 1604 503 congregationis
1629 461 1727 493 inter-

994 513 1119 544 mediae
1156 523 1191 545 ex
1218 514 1434 546 declaratione
1465 513 1726 546 reverendissimi

994 564 1217 597 Lansranconii
1235 576 1293 608 pro
1319 567 1430 599 eadem
1449 567 1614 609 provincia
1639 577 1726 598 ema-

992 619 1075 655 nata,
1094 617 1126 648 in
1148 619 1250 660 eaque
1275 629 1333 649 usn
1355 620 1495 661 recepta,
1522 619 1724 651 declarantes

993 674 1109 709 tamen,
1137 671 1233 712 quod,
1259 676 1419 703 transacto
1445 671 1666 714 quadriennio,
1693 670 1723 702 in

992 733 1056 764 quo
1082 728 1156 755 sunt
1181 723 1362 756 immediate
1389 723 1541 763 absoluti,
1568 724 1605 755 ad
1632 734 1724 766 prae-

991 775 1172 808 cedentiam
1198 781 1230 808 et
1254 777 1360 808 locuin
1390 788 1425 808 ex
1457 776 1722 808 constitutionum

991 833 1071 870 part.
1097 839 1143 868 111,
1166 839 1236 871 cap.
1256 840 1306 862 xxi
1327 830 1449 861 eisdem
1475 829 1554 861 alias
1578 828 1722 861 debiturn

990 880 1101 912 reduci
1126 886 1306 920 teneantur,
1322 887 1426 924 prout,
1445 882 1502 913 sul]
1525 882 1637 923 poenis
1662 881 1723 923 pri-

990 933 1126 966 vationis
1152 935 1238 967 vocis
1257 941 1288 967 et
1305 935 1365 967 loci
1386 945 1444 977 per
1464 934 1721 977 quinquennium

989 985 1060 1028 ipso
1087 987 1168 1020 sacto
1194 987 1408 1025 incurrendis,
1426 987 1640 1030 praecipimus
1658 997 1722 1019 om-

989 1038 1083 1071 nibus
1119 1044 1151 1071 et
1185 1039 1321 1081 singulis
1356 1040 1538 1071 huiusmodi
1564 1039 1720 1081 patribus,

989 1091 1084 1123 etiam
1110 1091 1155 1124 eis
1180 1092 1234 1135 qui
1260 1097 1332 1124 ante
1366 1092 1460 1124 huius
1493 1092 1612 1124 decreti
1638 1102 1722 1124 enia-

988 1143 1152 1176 nationem
1170 1144 1211 1176 ita
1231 1144 1368 1177 absoluti
1394 1145 1580 1183 extiterunt,
1599 1149 1633 1176 ut
1650 1155 1719 1176 cum

989 1195 1099 1227 effectu
1115 1197 1327 1236 reducantur;
1348 1197 1630 1230 nonobstantibus
1652 1197 1721 1239 qui-
1764 1225 1767 1229 ,

988 1248 1187 1291 buseumque
1222 1249 1254 1281 in
1280 1250 1500 1287 contrarium,
1524 1260 1606 1288 euin,
1633 1249 1721 1281 iuxta

988 1294 1252 1334 constitutionem
1285 1302 1403 1335 Urbani
1440 1303 1503 1334 Ytll
1534 1303 1572 1334 de
1607 1302 1657 1334 die
1683 1312 1719 1334 xv

987 1353 1121 1385 ianuarii
1161 1364 1286 1387 Mncxxx
1326 1355 1532 1398 incipientem
1573 1354 1605 1387 In
1642 1355 1720 1387 Sede.

991 1405 1151 1449 Principis
1174 1408 1413 1450 Apostolorum,
1442 1409 1643 1451 praedictum
1669 1419 1721 1441 ca-

988 1459 1122 1500 pitulum
1141 1470 1191 1493 xm
1212 1461 1312 1504 partis
1329 1472 1364 1495 111
1385 1462 1572 1493 earumdem
1598 1461 1719 1493 consti-

989 1511 1147 1544 tutionum
1167 1513 1204 1546 de
1224 1514 1337 1547 ordine
1358 1514 1657 1558 praecedentiarum
1676 1514 1719 1546 in-

987 1565 1181 1598 violabiliter
1206 1566 1369 1599 observari
1388 1568 1513 1600 debeat.
1532 1566 1639 1605 Quoad
1658 1577 1720 1599 ma-

988 1617 1102 1659 gistros
1128 1619 1261 1663 insuper
1286 1632 1302 1653 a
1327 1621 1495 1664 provincia
1519 1626 1719 1663 acceptatos,

987 1669 1018 1701 in
1043 1671 1152 1711 choro,
1178 1672 1368 1713 refectorio,
1397 1673 1561 1716 capitulo,
1589 1683 1720 1715 proces-

986 1722 1142 1764 sionibus,
1170 1730 1241 1765 etc.,
1260 1726 1323 1765 ille,
1339 1726 1391 1769 qni
1419 1737 1476 1769 per
1502 1731 1565 1759 tres
1590 1735 1717 1758 meness

986 1777 1024 1810 ad
1050 1776 1153 1809 minus
1179 1778 1268 1821 prius
1293 1779 1465 1820 graduatus
1491 1779 1585 1812 fuerit
1601 1807 1608 1819 ,
1642 1779 1719 1811 insi-

986 1830 1123 1873 gniaque
1141 1831 1338 1873 magistralia
1355 1833 1545 1875 susceperit,
1564 1833 1602 1865 ad
1624 1844 1719 1876 prae-

985 1876 1139 1925 scriptum
1175 1884 1412 1926 praedictarum
1448 1885 1717 1918 constitutionum

986 1935 1149 1977 praedicta
1174 1942 1256 1978 part.
1277 1947 1324 1976 111,
1345 1948 1415 1980 cap.
1442 1948 1503 1976 xxi,
1525 1942 1556 1970 et
1580 1944 1668 1980 parte
1686 1948 1715 1977 v,

985 1998 1055 2030 cap.
1076 1998 1119 2027 w,
1144 1993 1281 2027 ceteros,
1312 1989 1435 2021 etiamsi
1464 1990 1717 2032 exprovinciales

985 2041 1067 2081 sint,
1099 2042 1271 2084 praecedat
1299 2043 1557 2085 praecedet-eque
1583 2043 1717 2082 debeat,

985 2095 1073 2127 nullo
1083 2094 1192 2127 habito
1204 2101 1352 2137 respectu
1363 2096 1401 2128 ad
1413 2096 1598 2138 qualitatem
1608 2107 1719 2139 expro-

986 2148 1184 2187 vineialatus,
1205 2153 1329 2191 utpote,
1349 2159 1384 2181 ex
1403 2150 1568 2192 praedicto
1583 2160 1652 2193 cap.
1669 2160 1719 2183 xxi

986 2200 1083 2243 partis
1100 2211 1136 2233 111
1157 2201 1432 2241 constitutionum,
1459 2202 1645 2245 magisterio
1671 2203 1720 2234 in-

988 2254 1148 2286 feriorem.
1174 2253 1262 2286 Inter
1286 2259 1507 2302 praesentatos
1533 2260 1638 2288 autem
1664 2255 1720 2288 ille

986 2306 1066 2339 alios
1092 2306 1124 2338 in
1150 2306 1270 2338 eisdem
1296 2307 1375 2339 locis
1405 2307 1598 2349 praecedat,
1625 2319 1720 2350 prae-

987 2359 1166 2401 cedereqne
1192 2358 1316 2399 debeat,
1335 2359 1388 2402 qui
1407 2370 1464 2402 per
1490 2361 1569 2393 dnos
1594 2371 1718 2393 menses

988 2411 1025 2443 ad
1051 2411 1155 2443 minus
1180 2411 1281 2453 gradu
1312 2417 1598 2454 praesentaturae,
1625 2413 1720 2445 etiam

987 2468 1060 2496 ante
1100 2463 1282 2495 huiusmodi
1321 2464 1443 2496 decreti
1471 2466 1719 2505 emanationem,

248 2533 262 2559 1
284 2511 382 2559 Forsan
401 2532 544 2567 tegendum
564 2532 653 2560 eliam
668 2533 706 2559 ad
722 2533 866 2568 primum,
881 2537 944 2569 etc.,
989 2515 1077 2558 prius
1092 2515 1261 2557 graduatus
1275 2515 1381 2555 suerit,
1398 2516 1462 2549 sive
1475 2517 1538 2549 sint
1550 2528 1620 2549 cnm
1638 2523 1721 2560 voto,

213 2574 256 2605 vel
270 2576 367 2612 primo
387 2577 444 2603 loco
463 2579 598 2604 &cataro
618 2576 656 2612 (n.
671 2577 720 2611 T.).

990 2568 1055 2601 sive
1072 2578 1137 2601 non
1154 2568 1229 2610 sint,
1251 2578 1332 2611 cnm,
1353 2568 1439 2601 iuxta
1459 2570 1638 2614 praedictas
1651 2580 1722 2606 cou-

1626 190 1690 225 ¹163
1736 202 1785 228 An.
1802 202 1829 228 e.
1854 203 1920 230 1679
