2111 3157
141 208 330 238 An.C.1679
377 198 440 233 230

193 1539 313 1562 Exordium.

211 2482 224 2504 A
244 2481 319 2510 qubus
340 2481 367 2501 (a-

185 2514 216 2530 cta
265 2510 366 2529 eniminum

184 2542 301 2557 eunocum.

916 200 1095 226 nutantum

381 258 396 300 ξ
425 257 457 290 [i.
495 255 651 290 Volumus
685 258 793 288 autem
823 256 859 285 ut
891 250 1077 284 earumdem

334 310 560 355 praesentium
585 309 766 342 litterarum
792 304 1001 347 transumptis
1022 313 1077 334 seu

345 363 513 405 exemplis,
531 363 625 395 etiam
645 359 931 403 i1np1·essis,1nanu
948 356 1079 389 alicuius

336 415 455 448 notarii
475 414 594 457 publici
615 411 819 454 subscriptis,
839 416 870 443 et
889 410 995 452 sigillo
1015 418 1082 451 per-

337 474 441 499 sonae
459 467 491 499 in
510 465 728 499 ecclesiastica
754 464 910 505 dignitate
929 461 1082 494 eonstitu-

338 521 390 551 tae
409 520 552 558 munitis,
572 519 685 551 eadem
711 528 845 560 prorsus
863 516 941 548 fides
962 515 1081 557 ubique

339 581 485 614 locorum
509 577 571 603 tam
592 571 621 602 in
642 570 763 603 iudicio
783 579 877 612 quam
897 573 985 601 extra
1002 567 1081 599 illud

341 625 513 663 habeatur,
533 635 614 667 quae
638 623 719 666 ipsis
738 621 966 665 praesentibus
984 620 1084 652 liabe-

342 683 432 710 retur
447 677 471 709 si
492 678 597 709 forent
618 676 783 709 exhibitae
802 675 851 707 vel
871 679 1033 706 ostensae.

386 730 503 762 Datum
525 729 657 768 Romae,
680 729 764 771 apud
791 728 822 760 S.
844 727 972 759 Mariam
990 726 1085 758 Maio-

344 793 425 823 rem,
440 783 499 815 sub
522 783 644 815 annulo
663 780 847 817 Piscatori&
870 780 921 811 die
940 789 1010 811 xxix
1028 788 1085 809 no-

346 836 486 869 vembris
520 844 679 868 MDCLXth
694 860 701 873 ‚
743 831 949 876 pontificatus
985 831 1085 863 nostri

348 900 435 922 anno
465 899 505 923 tv.

384 951 443 978 Dat.
460 950 503 978 die
518 951 552 978 29
567 949 723 978 novembris
738 949 818 981 1679,
834 947 928 983 pontis.
945 954 1014 974 anuo
1029 953 1065 972 iv.

656 1091 787 1123 LXXIX.

353 1174 531 1207 Revocalur
551 1171 707 1204 concessio
724 1171 811 1212 sacta
832 1166 1092 1201 vicecancellarii)

399 1225 649 1269 quamplttrium.
674 1223 849 1265 officiorum
874 1220 1091 1257 meabilium,

400 1288 484 1320 quae
514 1276 616 1308 [leuno
643 1276 795 1309 Gamerae
819 1272 1023 1316 Apostolicae
1048 1281 1094 1302 re-

401 1331 601 1362 stituuntzw.

548 1406 747 1434 Innocentius
768 1406 847 1439 Papa
866 1405 914 1431 XI.

558 1453 641 1479 Motu
674 1451 811 1485 proprio,
845 1454 901 1477 etc.

405 1523 518 1558 Divina
535 1521 727 1567 disponente
743 1520 912 1555 clementia
926 1520 965 1553 ad
983 1519 1096 1552 summi

362 1578 566 1621 apostolatus
591 1576 717 1619 apicem
750 1574 872 1607 meritis
897 1574 974 1606 licet
998 1574 1099 1615 impa-

364 1631 454 1663 ribus
479 1629 651 1671 assumpti,
678 1628 762 1659 intcr
787 1633 894 1659 cetera
918 1626 1024 1659 cordis
1049 1636 1100 1658 no-

364 1683 420 1715 stri
447 1680 686 1719 desiderabilia,
703 1680 783 1712 illud
808 1679 944 1711 intensis
970 1685 1101 1721 exopta-

365 1745 435 1768 mus
468 1734 656 1772 aflectibus,
688 1738 722 1764 ut
757 1742 813 1771 ea,
849 1742 930 1774 quae
956 1731 1046 1763 Sedis
1071 1737 1103 1763 et

365 1788 518 1822 Gamerae
550 1786 776 1830 Apostolieae,
810 1785 899 1817 cuius
931 1783 1100 1823 esl'eetusfi

366 1841 510 1874 redditus
537 1846 568 1871 et
596 1844 770 1881 proventus
802 1848 819 1869 a
850 1837 1016 1869 nonnullis
1042 1837 1103 1868 Ro-

367 1893 470 1926 manis
493 1891 713 1931 Pontificibus,
739 1896 919 1932 temporum
942 1895 971 1921 et
995 1900 1102 1922 rerum

369 1945 579 1990 qualitatibus
596 1945 626 1977 id
647 1950 719 1976 tune
738 1942 1013 1986 permittentibus,
1031 1952 1106 1974 con-

370 1999 452 2033 cessi
477 2004 572 2041 atque
598 1996 753 2038 assignati
778 1996 930 2033 suerunt,
957 2005 1102 2027 commo-

371 2053 445 2086 dum
472 2057 503 2084 et
520 2051 689 2083 utilitatem
707 2048 895 2091 respiciunt,
914 2058 970 2080 nos
988 2057 1106 2089 urgen-

371 2105 457 2137 tibus
483 2104 586 2137 causis
604 2103 694 2135 novis
713 2102 920 2134 restituamus
940 2106 971 2132 et
988 2100 1026 2132 ad
1045 2105 1106 2132 sta-

371 2163 437 2190 tum
455 2158 653 2200 primaevum
669 2155 945 2193 reducanms,sire
964 2154 1002 2186 de
1023 2163 1106 2185 novo

372 2211 568 2254 applicemus
594 2215 625 2242 et
650 2209 876 2247 attribuamus,
902 2207 1027 2249 aliaque
1053 2207 1129 2250 de-¹

373 2273 472 2306 super
503 2268 683 2305 opportune
715 2260 925 2303 disponamus
959 2265 990 2291 et
1023 2259 1108 2290 ordi-

371 2326 504 2354 nemus,
530 2322 628 2358 prout
652 2315 765 2347 maiori
792 2314 936 2346 eiusdem
963 2311 1053 2344 Sedis
1078 2318 1109 2344 et

375 2369 525 2402 Gamerae
558 2367 769 2401 sublevamini
802 2365 1019 2409 conspicimus
1057 2375 1130 2397 eit-¹

376 2422 503 2466 pedire.

423 2479 437 2517 g
461 2475 492 2507 1.
512 2474 587 2507 Cum
606 2473 712 2517 itaque
727 2472 919 2505 recolendae
935 2469 1110 2503 memoriae

379 2528 646 2571 praedecessores
672 2526 771 2559 nostri
810 2525 914 2557 Sixtus
951 2524 1034 2567 Papa
1060 2523 1110 2563 lv,

414 2589 427 2615 1
450 2589 519 2615 Edit.
541 2587 617 2614 Main.
640 2588 701 2621 logii
721 2588 836 2621 astutus
858 2593 893 2621 tn.
914 2584 961 2620 Ἠ).

1119 199 1270 233 nouantur

1121 248 1183 280 Leo
1208 247 1293 289 Papa
1310 245 1348 284 X,
1373 244 1489 277 Paulus
1513 243 1598 286 Papa
1619 242 1669 280 nl,
1695 246 1727 275 et
1744 241 1853 274 forsan

1122 300 1184 339 alii,
1211 297 1417 340 infrascripta
1435 296 1539 329 officia
1559 295 1725 335 vuerthina,
1743 296 1781 328 ad
1799 295 1854 328 Se-

1123 355 1194 386 dem
1231 356 1261 385 et
1296 352 1461 384 Cameram
1502 349 1718 392 Apostolicam
1754 350 1855 392 perti-

1124 406 1249 445 nentia,
1281 416 1317 437 ex
1353 404 1448 437 certis
1481 403 1644 446 expressis
1675 404 1798 442 causis,
1824 409 1857 436 et

1125 459 1313 501 praesertim
1328 458 1368 490 ob
1385 457 1522 499 aliquam
1542 455 1754 488 cancellariae
1773 466 1858 488 emo-

1126 513 1345 544 lmnentorum
1370 509 1617 541 diminutionem
1646 509 1858 542 resultantem

1126 565 1165 596 ab
1197 563 1359 606 aliquibus
1392 561 1568 604 privilegiis
1600 571 1683 603 quae
1717 561 1860 594 officiati-

1126 617 1185 648 bus
1211 617 1249 648 de
1278 626 1359 648 novo
1391 614 1508 647 erectis
1536 624 1689 647 concessa
1715 614 1858 654 suerunt,

1126 669 1156 701 S.
1186 669 1222 700 lt.
1250 668 1284 700 E.
1318 666 1609 705 vice-cancellario,
1638 672 1712 699 tune
1737 672 1770 699 et
1799 677 1860 709 pro

1128 727 1273 764 tempore
1298 720 1459 759 existenti,
1487 720 1619 762 eiusque
1647 719 1862 752 vice-cancel-

1130 773 1258 806 lariatus
1285 772 1391 805 ossieio
1417 772 1448 804 in
1474 777 1669 815 perpetuum
1694 781 1862 805 concesse-

1128 827 1203 866 rint,
1231 825 1474 867 assignaverint,
1499 825 1643 867 sorteque
1669 825 1864 858 donaverint

1130 885 1161 912 et
1186 879 1310 921 elargiti
1337 879 1475 918 suerint;
1502 884 1598 921 atque
1624 878 1747 921 pariter
1773 888 1864 910 reco-

1130 933 1244 965 lendae
1259 932 1432 964 memoriae
1450 932 1554 964 Sixtus
1568 931 1652 974 Papa
1666 932 1697 969 V,
1716 931 1866 964 similiter

1131 985 1366 1026 praedecessor
1383 990 1504 1023 noster,
1522 984 1750 1016 concessiones
1769 989 1800 1016 et
1817 974 1866 1016 as-

1132 1037 1329 1079 signationes
1367 1037 1550 1069 huiusmodi
1583 1036 1806 1069 confirmando
1836 1041 1868 1069 et

1133 1089 1356 1132 approbando,
1370 1089 1571 1132 alipi‘umque
1589 1089 1767 1122 officiorum
1792 1100 1870 1122 con-

1134 1142 1312 1174 cessionem
1330 1143 1368 1175 de
1387 1152 1471 1174 novo
1489 1142 1647 1181 faciendo,
1668 1148 1741 1174 tunc
1759 1147 1791 1174 et
1809 1153 1868 1185 pro

1137 1201 1279 1238 tempore
1308 1195 1458 1228 existenti
1495 1194 1780 1228 vice-cancellario
1805 1206 1871 1227 am-

1136 1249 1220 1290 plam
1248 1248 1374 1280 dederit
1404 1248 1587 1280 facultatem
1616 1253 1648 1280 et
1672 1253 1872 1290 potestatem

1137 1301 1175 1332 de
1198 1300 1252 1340 eis,
1270 1301 1541 1343 quandocumque
1564 1306 1595 1332 et
1619 1300 1873 1343 quomodocum-

1138 1364 1199 1396 que
1223 1363 1313 1385 casus
1331 1363 1441 1385 eorum
1460 1353 1639 1386 vacationis
1658 1353 1816 1393 evenerit,
1835 1354 1875 1387 li-

1138 1408 1214 1439 bere
1241 1406 1445 1449 disponendi,
1472 1417 1507 1438 ac
1532 1407 1683 1449 personis
1705 1407 1765 1439 sibi
1790 1407 1875 1440 bene

1139 1459 1212 1490 risis
1236 1459 1274 1491 ad
1300 1459 1412 1499 vitam,
1445 1459 1541 1492 etiam
1575 1469 1632 1501 per
1655 1459 1738 1491 viam
1764 1459 1877 1492 vendi-

1142 1511 1238 1543 tionis
1263 1516 1295 1544 et
1319 1517 1451 1554 recepto
1475 1511 1592 1554 pretio,
1619 1511 1820 1544 concedendi
1844 1516 1880 1544 et.

1141 1564 1332 1596 conserendi
1361 1564 1457 1597 simili
1488 1565 1585 1597 modo
1617 1574 1680 1607 quo
1712 1564 1876 1598 Romanus

1143 1617 1284 1649 Pontifex
1302 1617 1339 1650 de
1362 1617 1431 1649 aliis
1450 1617 1611 1650 Romanae
1629 1617 1742 1650 Curiae
1763 1617 1878 1650 officiis

1143 1670 1341 1702 vacabilibus
1374 1670 1548 1713 disponere
1573 1670 1699 1702 solebat
1727 1675 1758 1702 et
1785 1671 1876 1710 solet,

1143 1729 1177 1755 ut
1202 1734 1239 1755 ex
1274 1724 1494 1765 praefatorum
1527 1723 1729 1765 aliorumque
1762 1723 1880 1755 Roma-

1144 1786 1258 1808 norum
1286 1775 1475 1807 Pontificum
1498 1775 1639 1807 motibus
1656 1775 1805 1818 propriis,
1821 1784 1880 1808 seu

1145 1829 1262 1861 litteris
1283 1833 1313 1860 et
1330 1828 1581 1870 provisionibus,
1595 1839 1733 1871 quorum
1750 1834 1879 1861 tenores

1145 1892 1181 1913 ex
1211 1884 1299 1914 certa
1331 1881 1466 1913 scientia
1498 1891 1555 1924 pro
1587 1880 1747 1924 expressis
1782 1887 1880 1923 atque

1147 1934 1177 1966 in
1210 1933 1373 1976 praesenti
1406 1933 1626 1976 Motuproprio
1659 1943 1717 1975 pro
1749 1932 1880 1966 insertis

1147 1986 1259 2028 haberi
1289 1987 1454 2026 volumus3
1481 1986 1617 2028 ipsaque
1650 1985 1754 2018 ostieia
1786 1990 1879 2026 sunt,

1147 2050 1262 2082 nempe
1287 2050 1386 2071 unum
1409 2038 1553 2080 regentis
1585 2038 1730 2070 eiusdem
1756 2038 1882 2070 cancel-

1148 2092 1259 2131 lariae,
1280 2102 1333 2124 sex
1361 2092 1491 2124 maioris
1518 2096 1549 2124 et
1573 2091 1756 2133 quindecim
1780 2090 1884 2122 mino-

1147 2145 1190 2176 ris
1212 2145 1450 2187 praesidentiae
1472 2144 1745 2184 abbreviatorum,
1771 2142 1884 2185 viginti

1150 2200 1291 2241 quinque
1302 2198 1547 2230 sollicitatorum
1565 2197 1741 2230 litterarum
1758 2201 1885 2238 aposto·

1150 2250 1295 2288 licarum,
1314 2252 1483 2283 duodecim
1500 2251 1699 2284 notariorum
1717 2259 1884 2282 causarum

1151 2303 1260 2345 palatii
1280 2304 1463 2346 apostolici,
1480 2305 1518 2337 ad
1533 2314 1628 2336 unuin
1649 2303 1811 2335 dumtaxat
1827 2311 1886 2345 pei·

1152 2358 1345 2389 recolendae
1361 2358 1536 2390 memoriae
1555 2357 1752 2389 Clementem
1768 2354 1886 2397 Paan

1153 2408 1246 2440 ctiam
1273 2411 1555 2452 praedecessorem
1574 2414 1720 2441 nostrum
1738 2407 1884 2446 reducta,

1153 2460 1214 2493 tria
1247 2463 1538 2502 cubiculariorum,
1571 2468 1694 2504 septem
1721 2459 1889 2492 scutifero-

1156 2532 1225 2552 rum
1253 2520 1291 2551 de
1318 2528 1450 2550 numero
1475 2514 1751 2560 participantium,
1775 2511 1890 2554 viginti

1155 2584 1206 2606 sex
1236 2571 1334 2606 sam-ti
1358 2571 1455 2611 Petri,
1481 2568 1650 2602 tresdecim
1669 2566 1770 2599 sancti
1790 2563 1888 2605 Pauli,

1853 191 1900 219 An.
1924 191 2030 225 c.1e79
