2111 3157
161 196 211 222 ΛηΔ
235 196 263 222 c„
285 196 352 224 tosa
399 190 463 222 lisii'

184 786 264 807 eamn
287 787 341 806 inee-

158 816 240 839 queutn
252 813 339 834 dem-ii.

186 1897 334 1917 Derretnmuni

159 1928 217 1944 nistri
230 1924 341 1949 generati».

353 257 462 280 rarum
496 246 610 281 orbem
646 241 795 287 diffusae,
833 252 890 287 ut,
921 252 1088 290 paternam

353 300 614 334 christifidelium
646 300 800 333 Altissimi
833 299 996 342 obsequiis
1029 299 1088 331 sub

353 353 441 385 suavi
465 353 632 396 religionis
657 354 732 395 iugo
758 352 1013 395 mancipatorum
1040 362 1088 384 cu-

351 417 419 439 ram
446 411 607 449 gerenteS,
632 416 682 445 ea,
708 416 789 449 quae
815 416 874 448 pro
899 406 985 438 felici
1015 416 1088 448 pro-

352 470 515 502 speroque
541 460 673 492 illorum
697 459 854 501 regimine
877 464 908 492 et
929 459 1087 502 gubernio

351 523 387 544 ac
413 513 564 554 religiosa
589 512 698 555 quiete
732 512 771 544 ab
803 522 917 546 eorum
942 512 1087 554 superio-

350 565 439 597 ribus
462 565 664 607 regularibus
682 565 815 608 provide
844 566 1087 608 prudenterque

350 618 499 651 ordinata
524 627 594 650 esse
620 623 810 658 noscuntur,
835 624 870 650 ut
895 618 983 650 firma
1007 629 1088 651 sem-

349 681 410 713 per
436 676 532 713 atque
558 670 681 703 illibata
705 671 891 714 persistant,
916 671 1087 714 apostolici

351 723 536 756 muniminis
561 723 725 766 praesidio
750 724 1007 758 corroboremus.

396 775 615 819 ς’1.Εκροῃί
652 776 814 819 siquidem
851 777 944 809 nobis
985 786 1089 819 nuper

352 830 498 862 fecerunt
518 829 626 862 dilecti
644 828 700 862 filii
719 830 830 862 Fratres
847 829 1088 873 provinciarum

351 883 383 916 S.
411 883 542 916 Antonii
575 883 607 915 in
633 883 767 916 Brasilia
800 888 831 915 et,
862 882 1088 926 Conceptionis

351 935 387 969 Β.
414 935 531 968 Mariae
557 935 695 978 Virginis
720 935 943 970 Irnmaculatae
969 935 1008 968 ad
1035 936 1090 967 ssu-

350 999 426 1021 men
451 988 630 1021 Ianuarium
665 988 795 1022 Ordinis
832 988 963 1020 fratrum
990 988 1089 1020 Mino-

350 1052 422 1074 rum
446 1041 477 1074 S.
505 1041 667 1075 Francisci
700 1042 739 1074 de
764 1040 973 1074 Observantia
1009 1050 1090 1073 nun-

352 1099 552 1138 cupatorum,
590 1094 676 1138 quod
702 1095 837 1128 dilectus
872 1094 968 1127 etiam
1005 1094 1088 1126 silius

351 1148 463 1180 Petrus
488 1147 626 1180 Marinus
650 1147 826 1181 Sormamis
857 1147 1004 1180 minister
1035 1158 1090 1190 ge-

351 1200 472 1232 neralis
509 1200 585 1232 dicti
621 1199 763 1240 Ordinis,
802 1205 837 1232 ut
874 1200 1089 1234 incommodis

352 1252 613 1296 gravissimisque
638 1253 818 1293 molestiiS‚
844 1263 926 1296 quae
964 1264 1000 1286 ex
1038 1254 1092 1286 de-

351 1305 522 1349 putatione
539 1306 835 1339 commissariorum
855 1315 1089 1350 europaeorum
1110 1315 1112 1332 ¹

352 1358 390 1391 ad
416 1359 588 1392 visitandas
614 1360 795 1402 provincias
828 1361 987 1403 praefatas
1020 1360 1091 1393 illa-

352 1420 491 1454 rumque
510 1412 656 1454 capitulis
674 1413 923 1455 praesidendum
940 1413 1022 1445 mitti
1040 1424 1091 1446 so-

350 1465 483 1499 litorum
501 1466 519 1505 ¹,
536 1466 695 1509 simulque
715 1467 939 1509 vagationibus
957 1468 1090 1500 fratrum

353 1519 407 1562 qui
434 1525 567 1562 propter
591 1529 701 1552 causas
727 1520 984 1563 appellationum
1020 1522 1091 1553 lon-

352 1572 492 1614 gissimis
517 1573 687 1606 itineribus
712 1584 744 1605 sc
769 1574 971 1607 committere
995 1583 1090 1616 coge-

351 1624 481 1664 bantur,
507 1626 700 1668 opportunis
733 1626 913 1660 rationibus
942 1636 1091 1660 occurre-

352 1682 412 1715 ret.
451 1679 624 1711 nonnullas
664 1678 888 1712 ordinationes
928 1679 958 1712 in
996 1680 1089 1712 dictis

351 1730 527 1773 provinciis
551 1731 724 1764 servandas
751 1732 825 1764 l‘ecit
850 1743 908 1775 per
933 1733 1088 1775 quasdam

351 1794 426 1815 suas
453 1789 598 1826 patentes
624 1784 744 1817 litteras
763 1784 903 1827 desuper
922 1785 1090 1828 expeditas

353 1836 476 1869 tenoris
498 1835 551 1878 qui
573 1836 728 1878 sequitur,
746 1836 914 1869 videlicet:

427 1901 438 1918 ι.-
465 1889 578 1921 Frater
605 1888 716 1921 Petrus
748 1889 887 1922 Marinus
917 1890 1112 1932 soi-maniis,

355 1955 371 1975 a
410 1942 590 1975 Mediolano
628 1943 725 1975 totius
760 1941 888 1976 Ordinis
927 1933 1113 1986 seraphici·¹

354 1996 455 2040 patris
480 1995 585 2028 nostri
618 1995 718 2028 sancti
751 1995 911 2028 Francisci
945 1972 1112 2043 ministcri

354 2049 517 2092 generalis
544 2054 575 2081 ct
600 2059 728 2088 servus,
747 2053 808 2081 etc.
828 2048 969 2081 Muneris
987 2049 1090 2081 nostri
1109 2047 1113 2075 3

355 2102 499 2134 debitum
525 2101 751 2134 indesinenter
776 2101 934 2144 exposcit,
953 2107 988 2133 ut
1008 2112 1092 2135 com-

354 2154 525 2187 missorum
556 2154 769 2187 sollicitudini
801 2159 931 2187 nostrae
963 2155 1092 2195 religio-

356 2218 466 2240 sorum
493 2208 601 2251 quieti,
618 2208 830 2241 consolationi
857 2212 888 2239 et
912 2208 1091 2248 commodo,

355 2265 512 2302 quantum
545 2260 577 2292 in
605 2260 740 2293 Domino
765 2270 954 2303 possumus,
980 2260 1114 2293 sedulo*

358 2315 579 2347 consulamus.
617 2313 839 2357 Quapropter,
864 2323 934 2346 cum
971 2318 1092 2346 certam

357 2366 566 2399 habuerimus
580 2367 726 2400 notitiam
738 2378 773 2400 ex
788 2366 997 2410 deputatione
1007 2376 1093 2399 com-
1112 2378 1114 2386 ¹

936 199 1117 222 nt'iLLffltmt
1143 200 1159 221 rt
1166 198 1181 219 (ἰ
1188 199 1293 222 ΜᾹΥΧῊΒΙ

1132 246 1237 278 tiones
1247 246 1487 288 provinciarum
1499 253 1679 280 nostrarum
1691 249 1722 281 S.
1736 250 1866 282 Antonii

1132 297 1162 330 in
1182 298 1316 330 Brasilia
1333 298 1428 331 eiss.
1446 299 1674 342 Conceptionis
1690 301 1727 333 ad
1746 302 1865 334 flumen

1131 351 1314 384 Ianuarium
1348 352 1466 393 (vulgo
1492 352 1529 384 de
1560 353 1620 385 Ra>
1652 353 1689 385 de
1714 354 1865 397 Ianeiro)

1131 405 1230 437 multa
1253 404 1479 444 incommoda,
1506 405 1690 446 molestias,
1717 406 1867 449 gravissi-

1131 467 1261 500 masque
1294 467 1453 500 expensas
1486 457 1676 501 provenire:
1709 469 1786 499 nos,
1820 464 1867 492 tot

1132 511 1293 554 tantisque
1319 512 1411 543 malis
1432 522 1493 554 pro
1513 511 1635 544 viribus
1660 512 1791 545 obviare
1816 523 1868 546 vo-

1132 564 1243 603 lentes,
1264 563 1482 606 praesentium
1504 564 1620 597 virtute
1639 575 1811 598 censemus
1823 571 1867 598 at-

1131 626 1194 658 que
1209 617 1412 649 decernimus
1427 616 1611 649 huiusmodi
1626 617 1865 651 commissarios

1131 669 1313 702 visitatores
1338 669 1369 701 in
1397 675 1564 712 posterum
1592 680 1627 702 ex
1653 670 1780 713 Europa
1800 681 1866 704 non

1131 722 1257 754 mittere
1288 732 1393 765 neque
1424 723 1599 756 mittendos
1629 733 1720 764 esse,
1747 724 1803 756 sed
1828 735 1866 757 ex

1131 774 1244 807 iisdem
1256 775 1433 818 provinciis
1451 776 1567 808 assumi
1583 776 1701 809 debere
1717 776 1866 820 sequenti

1131 828 1238 860 modo.
1251 828 1282 860 ln
1295 829 1441 871 quolibet
1451 830 1591 871 capitulo
1599 830 1786 872 provinciali
1796 840 1867 873 pro·

1131 881 1255 913 vinciae
1280 881 1311 913 S.
1332 882 1461 914 Antonii
1489 892 1505 913 a
1531 882 1716 915 definitorio
1742 884 1869 916 noviter

1132 934 1868 979 electodcsigncnturtrespatresexprovincia

1132 986 1371 1029 Conceptionis‚
1408 987 1461 1029 qui
1489 987 1631 1019 habeant
1665 988 1868 1021 conditiones

1132 1050 1191 1083 per
1214 1038 1330 1072 statuta
1355 1040 1520 1082 generalia
1545 1041 1714 1084 requisita,
1739 1041 1778 1074 ad
1806 1042 1868 1075 hoc

1133 1098 1165 1125 ut
1189 1093 1315 1136 possint
1339 1093 1468 1125 visitare
1489 1094 1665 1136 praefatam
1684 1094 1714 1127 S.
1735 1095 1884 1153 Antoniil

1132 1146 1348 1189 provinciam,
1376 1157 1514 1189 quorum
1540 1147 1669 1190 quidem
1694 1147 1789 1180 trium
1814 1157 1883 1190 ρει-ι·

1134 1205 1216 1232 trum
1240 1199 1420 1233 nominatio
1445 1200 1591 1232 mittatur
1621 1201 1659 1233 ad
1685 1200 1867 1233 ministrum

1134 1253 1319 1295 generalem
1353 1263 1412 1295 per
1437 1253 1572 1296 primam
1598 1253 1724 1286 navium
1749 1253 1782 1286 in
1806 1253 1868 1286 Eu-

1133 1315 1243 1348 ropam
1280 1306 1477 1339 venientium
1502 1306 1801 1349 opportunitatem,
1835 1306 1868 1339 in

1133 1369 1197 1402 quo
1223 1360 1249 1391 si
1273 1360 1322 1392 vel
1348 1360 1555 1402 provincialis
1592 1361 1640 1392 vel
1680 1359 1732 1393 alii
1766 1359 1869 1402 negli-

1133 1418 1245 1455 gentes
1282 1412 1402 1455 reperti
1429 1412 1568 1453 suerint,
1602 1412 1778 1456 puniantur
1800 1423 1870 1446 sus-

1133 1466 1289 1509 pensione
1315 1477 1332 1499 a
1357 1466 1422 1498 suis
1447 1466 1561 1498 officiis
1586 1476 1644 1508 per
1669 1476 1798 1508 annum,
1835 1477 1868 1499 a-

1134 1519 1248 1562 liisque
1268 1519 1382 1562 poenis
1401 1518 1533 1550 arbicrio
1551 1518 1690 1552 ministri
1708 1519 1868 1561 generalis

1134 1572 1328 1614 infligendis.
1356 1572 1389 1604 ln
1414 1572 1580 1614 provincia
1597 1582 1725 1615 quoque
1749 1571 1870 1605 Conce-

1133 1625 1252 1667 ptionis
1277 1624 1391 1657 similis
1412 1625 1592 1666 designatio
1627 1630 1659 1657 et
1693 1623 1869 1658 nominatio

1133 1678 1187 1711 siat
1210 1678 1306 1711 trium
1325 1683 1452 1721 patrum
1473 1678 1658 1721 provinoiae
1676 1677 1707 1711 S.
1727 1678 1867 1719 Antonii,

1132 1732 1209 1763 itaut
1229 1731 1376 1764 visitator
1394 1730 1490 1763 unius
1506 1731 1695 1774 provinciae
1713 1742 1750 1764 ex
1771 1732 1870 1764 altera

1133 1794 1262 1827 semper
1286 1784 1486 1817 desumatur.
1513 1784 1658 1817 Minister
1683 1789 1789 1817 autem
1814 1795 1869 1827 ge·

1133 1837 1260 1877 neralis,
1279 1837 1389 1869 habita
1414 1837 1600 1870 huiusmodi
1626 1837 1867 1877 nominatione,

1133 1901 1231 1923 unum
1257 1900 1294 1922 ex
1320 1890 1423 1922 tribus
1448 1889 1510 1922 illis
1543 1890 1642 1932 eligat
1673 1900 1770 1933 quem
1802 1901 1869 1923 ma-

1134 1944 1240 1983 luerit,
1267 1943 1402 1986 eiusque
1428 1944 1622 1976 electionem
1650 1943 1868 1987 quantocitius

1134 1997 1274 2039 potuerit
1292 1996 1477 2039 provinciae
1502 1996 1678 2030 visitandae
1696 1995 1867 2039 significet.

1133 2049 1223 2087 Quod
1242 2050 1284 2088 si,
1303 2051 1351 2083 vel
1372 2049 1412 2082 ob
1431 2050 1576 2082 locorum
1597 2050 1799 2089 distantiam,
1821 2050 1869 2083 vel

1134 2102 1347 2145 naufragium,
1372 2103 1498 2135 aliudve
1520 2103 1798 2146 impedimentum,
1815 2114 1871 2147 pa-

1137 2160 1240 2189 tentes
1259 2156 1397 2189 ministri
1419 2157 1579 2198 generalis
1600 2167 1665 2189 non
1684 2167 1872 2200 comparue-

1135 2208 1200 2240 rint
1237 2217 1302 2241 uno
1343 2216 1428 2241 anno
1465 2215 1540 2241 ante
1578 2214 1705 2253 tempus
1739 2209 1872 2253 capituli

1134 2260 1331 2299 celebrandi,
1352 2267 1428 2293 tune
1448 2261 1666 2294 definitorium
1686 2261 1870 2305 provinciae

1135 2314 1220 2347 illius
1256 2324 1338 2357 quae
1370 2314 1491 2347 visitari
1529 2315 1643 2355 debet,
1680 2315 1782 2358 possit
1812 2315 1872 2348 sibi

1135 2367 1254 2410 eligere
1278 2378 1376 2400 unuin
1402 2378 1439 2400 ex
1466 2368 1566 2401 tribus
1591 2369 1655 2401 iam
1679 2368 1869 2408 nominatis,

357 2419 577 2452 missariorum
613 2420 816 2453 visitatorum
857 2430 1093 2462 europaeorum
1136 2421 1190 2463 qui
1208 2421 1406 2464 provinciam
1423 2421 1567 2454 visitabit
1584 2427 1616 2454 et
1628 2421 1767 2464 capitulo
1784 2432 1873 2466 prae·

359 2472 398 2505 ad
429 2472 628 2505 visitationes
654 2478 686 2505 et
709 2473 923 2516 capitulorum
948 2473 1094 2506 celebra-
1110 2459 1117 2517 Ι
1136 2473 1263 2513 sidebit,
1289 2485 1360 2507 cum
1377 2480 1452 2507 voto
1474 2480 1505 2507 et
1524 2474 1673 2507 omnibus
1690 2474 1770 2515 aliis,
1791 2485 1873 2519 quae

396 2588 407 2613 ¹
430 2586 500 2613 Edtit.
522 2587 604 2614 Main.
625 2586 688 2621 legit
707 2588 855 2615 solitarum
878 2589 913 2619 (n.
934 2588 981 2621 τ.).

1137 2532 1302 2569 praestare
1337 2529 1457 2560 soleret
1489 2533 1521 2560 et
1555 2528 1691 2560 deberet
1720 2527 1793 2566 ille,
1819 2528 1873 2570 qui

1138 2589 1155 2612 a
1179 2579 1324 2613 ministro
1357 2581 1499 2622 generali
1529 2580 1759 2624 deputareturt
1786 2580 1874 2623 quod

1876 203 1925 228 aa.
1947 204 1974 229 c.
1993 205 2060 232 ωδε)
2076 194 2080 196 ’
