<?xml version="1.0" encoding="UTF-8"?>
<!DOCTYPE html PUBLIC "-//W3C//DTD XHTML 1.0 Transitional//EN"
    "http://www.w3.org/TR/xhtml1/DTD/xhtml1-transitional.dtd">
<html xmlns="http://www.w3.org/1999/xhtml" xml:lang="en" lang="en">
 <head>
  <title>
</title>
<meta http-equiv="Content-Type" content="text/html;charset=utf-8" />
  <meta name='ocr-system' content='tesseract 3.04.00' />
  <meta name='ocr-capabilities' content='ocr_page ocr_carea ocr_par ocr_line ocrx_word'/>
</head>
<body>
  <div class='ocr_page' id='page_1' title='image "./bullarumdiplomat19cath_0923.png"; bbox 0 0 2111 3157; ppageno 0'>
   <div class='ocr_carea' id='block_1_1' title="bbox 5 205 186 235">
    <p class='ocr_par' dir='ltr' id='par_1_1' title="bbox 5 205 186 235">
     <span class='ocr_line' id='line_1_1' title="bbox 5 205 186 235; baseline -0.017 0"><span class='ocrx_word' id='word_1_1' title='bbox 5 207 53 235; x_wconf 75' lang='lat' dir='ltr'>An.</span> <span class='ocrx_word' id='word_1_2' title='bbox 74 205 102 234; x_wconf 86' lang='lat' dir='ltr'>C.</span> <span class='ocrx_word' id='word_1_3' title='bbox 120 205 186 233; x_wconf 80' lang='lat'>¹688</span> 
     </span>
    </p>
   </div>
   <div class='ocr_carea' id='block_1_2' title="bbox 779 210 1115 236">
    <p class='ocr_par' dir='ltr' id='par_1_2' title="bbox 779 210 1115 236">
     <span class='ocr_line' id='line_1_2' title="bbox 779 210 1115 236; baseline 0.003 -1"><span class='ocrx_word' id='word_1_4' title='bbox 779 210 989 235; x_wconf 78' lang='lat' dir='ltr'>lNNOCENTiUS</span> <span class='ocrx_word' id='word_1_5' title='bbox 1012 213 1041 235; x_wconf 85' lang='lat' dir='ltr'>xl</span> <span class='ocrx_word' id='word_1_6' title='bbox 1068 213 1115 236; x_wconf 66' lang='lat'>1²1³.</span> 
     </span>
    </p>
   </div>
   <div class='ocr_carea' id='block_1_3' title="bbox 188 257 922 829">
    <p class='ocr_par' dir='ltr' id='par_1_3' title="bbox 190 257 922 354">
     <span class='ocr_line' id='line_1_3' title="bbox 192 257 922 301; baseline 0.004 -13"><span class='ocrx_word' id='word_1_7' title='bbox 192 257 334 289; x_wconf 78' lang='lat' dir='ltr'>secunda</span> <span class='ocrx_word' id='word_1_8' title='bbox 358 257 519 299; x_wconf 81' lang='lat' dir='ltr'>Paschae,</span> <span class='ocrx_word' id='word_1_9' title='bbox 545 258 670 301; x_wconf 83' lang='lat' dir='ltr'>legatur</span> <span class='ocrx_word' id='word_1_10' title='bbox 695 258 740 291; x_wconf 85' lang='lat' dir='ltr'>eis</span> <span class='ocrx_word' id='word_1_11' title='bbox 772 259 811 292; x_wconf 88' lang='lat' dir='ltr'>de</span> <span class='ocrx_word' id='word_1_12' title='bbox 836 261 922 292; x_wconf 77' lang='lat' dir='ltr'>carta</span> 
     </span>
     <span class='ocr_line' id='line_1_4' title="bbox 190 309 790 354; baseline 0.007 -12"><span class='ocrx_word' id='word_1_13' title='bbox 190 309 407 351; x_wconf 71' lang='lat' dir='ltr'>visitatorum,</span> <span class='ocrx_word' id='word_1_14' title='bbox 424 312 510 354; x_wconf 88' lang='lat' dir='ltr'>quod</span> <span class='ocrx_word' id='word_1_15' title='bbox 534 321 589 345; x_wconf 88' lang='lat' dir='ltr'>eos</span> <span class='ocrx_word' id='word_1_16' title='bbox 613 314 790 346; x_wconf 80' lang='lat' dir='ltr'>concernit.</span> 
     </span>
    </p>

    <p class='ocr_par' dir='ltr' id='par_1_4' title="bbox 188 363 922 829">
     <span class='ocr_line' id='line_1_5' title="bbox 235 363 921 406; baseline 0.004 -10"><span class='ocrx_word' id='word_1_17' title='bbox 235 373 278 396; x_wconf 74' lang='lat' dir='ltr'>lv,</span> <span class='ocrx_word' id='word_1_18' title='bbox 318 363 352 396; x_wconf 92' lang='lat' dir='ltr'>In</span> <span class='ocrx_word' id='word_1_19' title='bbox 388 364 506 406; x_wconf 84' lang='lat' dir='ltr'>vigiliis</span> <span class='ocrx_word' id='word_1_20' title='bbox 541 370 647 398; x_wconf 90' lang='lat' dir='ltr'>autem</span> <span class='ocrx_word' id='word_1_21' title='bbox 686 365 921 400; x_wconf 80' lang='lat' dir='ltr'>Purificationis</span> 
     </span>
     <span class='ocr_line' id='line_1_6' title="bbox 190 415 921 460; baseline 0.005 -12"><span class='ocrx_word' id='word_1_22' title='bbox 190 415 397 450; x_wconf 84' lang='lat' dir='ltr'>beatissimae</span> <span class='ocrx_word' id='word_1_23' title='bbox 421 417 536 450; x_wconf 87' lang='lat' dir='ltr'>Mariae</span> <span class='ocrx_word' id='word_1_24' title='bbox 561 418 716 460; x_wconf 82' lang='lat' dir='ltr'>Virginis,</span> <span class='ocrx_word' id='word_1_25' title='bbox 741 419 921 452; x_wconf 73' lang='lat' dir='ltr'>dominicae</span> 
     </span>
     <span class='ocr_line' id='line_1_7' title="bbox 191 469 922 511; baseline 0.004 -9"><span class='ocrx_word' id='word_1_26' title='bbox 191 470 223 502; x_wconf 91' lang='lat' dir='ltr'>in</span> <span class='ocrx_word' id='word_1_27' title='bbox 248 469 375 510; x_wconf 88' lang='lat' dir='ltr'>Palmis,</span> <span class='ocrx_word' id='word_1_28' title='bbox 400 470 634 511; x_wconf 83' lang='lat' dir='ltr'>Eucharistiae,</span> <span class='ocrx_word' id='word_1_29' title='bbox 660 471 691 504; x_wconf 88' lang='lat' dir='ltr'>S.</span> <span class='ocrx_word' id='word_1_30' title='bbox 718 472 843 505; x_wconf 91' lang='lat' dir='ltr'>loannis</span> <span class='ocrx_word' id='word_1_31' title='bbox 866 473 922 506; x_wconf 86' lang='lat' dir='ltr'>Ba-</span> 
     </span>
     <span class='ocr_line' id='line_1_8' title="bbox 190 522 921 567; baseline 0.004 -13"><span class='ocrx_word' id='word_1_32' title='bbox 190 522 319 566; x_wconf 88' lang='lat' dir='ltr'>ptistae,</span> <span class='ocrx_word' id='word_1_33' title='bbox 346 523 579 566; x_wconf 89' lang='lat' dir='ltr'>Assumptionis</span> <span class='ocrx_word' id='word_1_34' title='bbox 603 524 748 557; x_wconf 88' lang='lat' dir='ltr'>eiusdem</span> <span class='ocrx_word' id='word_1_35' title='bbox 772 525 921 567; x_wconf 81' lang='lat' dir='ltr'>Virginis,</span> 
     </span>
     <span class='ocr_line' id='line_1_9' title="bbox 190 575 921 619; baseline 0.004 -12"><span class='ocrx_word' id='word_1_36' title='bbox 190 575 339 608; x_wconf 82' lang='lat' dir='ltr'>Omnium</span> <span class='ocrx_word' id='word_1_37' title='bbox 363 575 562 616; x_wconf 88' lang='lat' dir='ltr'>Sanctorum,</span> <span class='ocrx_word' id='word_1_38' title='bbox 588 582 619 609; x_wconf 88' lang='lat' dir='ltr'>et</span> <span class='ocrx_word' id='word_1_39' title='bbox 642 577 775 609; x_wconf 85' lang='lat' dir='ltr'>aliarum</span> <span class='ocrx_word' id='word_1_40' title='bbox 799 578 921 619; x_wconf 82' lang='lat' dir='ltr'>praeci-</span> 
     </span>
     <span class='ocr_line' id='line_1_10' title="bbox 189 629 920 672; baseline 0.003 -12"><span class='ocrx_word' id='word_1_41' title='bbox 189 637 324 672; x_wconf 88' lang='lat' dir='ltr'>puarum</span> <span class='ocrx_word' id='word_1_42' title='bbox 338 629 586 668; x_wconf 83' lang='lat' dir='ltr'>solemnitatum,</span> <span class='ocrx_word' id='word_1_43' title='bbox 605 639 717 662; x_wconf 87' lang='lat' dir='ltr'>omnes</span> <span class='ocrx_word' id='word_1_44' title='bbox 733 630 771 661; x_wconf 89' lang='lat' dir='ltr'>ad</span> <span class='ocrx_word' id='word_1_45' title='bbox 790 630 920 662; x_wconf 83' lang='lat' dir='ltr'>dominu</span> 
     </span>
     <span class='ocr_line' id='line_1_11' title="bbox 190 681 919 724; baseline 0.001 -11"><span class='ocrx_word' id='word_1_46' title='bbox 190 681 392 724; x_wconf 83' lang='lat' dir='ltr'>superiorem</span> <span class='ocrx_word' id='word_1_47' title='bbox 417 681 618 721; x_wconf 85' lang='lat' dir='ltr'>conveniant,</span> <span class='ocrx_word' id='word_1_48' title='bbox 637 681 779 713; x_wconf 90' lang='lat' dir='ltr'>divinum</span> <span class='ocrx_word' id='word_1_49' title='bbox 801 681 919 714; x_wconf 77' lang='lat' dir='ltr'>ibidem</span> 
     </span>
     <span class='ocr_line' id='line_1_12' title="bbox 190 733 921 774; baseline 0 -8"><span class='ocrx_word' id='word_1_50' title='bbox 190 733 330 767; x_wconf 86' lang='lat' dir='ltr'>officium</span> <span class='ocrx_word' id='word_1_51' title='bbox 348 734 498 774; x_wconf 83' lang='lat' dir='ltr'>audituri,</span> <span class='ocrx_word' id='word_1_52' title='bbox 514 739 544 767; x_wconf 90' lang='lat' dir='ltr'>et</span> <span class='ocrx_word' id='word_1_53' title='bbox 560 734 732 766; x_wconf 83' lang='lat' dir='ltr'>refectorio</span> <span class='ocrx_word' id='word_1_54' title='bbox 749 735 921 767; x_wconf 80' lang='lat' dir='ltr'>comedant</span> 
     </span>
     <span class='ocr_line' id='line_1_13' title="bbox 188 786 513 829; baseline 0.003 -11"><span class='ocrx_word' id='word_1_55' title='bbox 188 786 363 829; x_wconf 84' lang='lat' dir='ltr'>praedictis</span> <span class='ocrx_word' id='word_1_56' title='bbox 388 786 513 820; x_wconf 84' lang='lat' dir='ltr'>diebus.</span> 
     </span>
    </p>
   </div>
   <div class='ocr_carea' id='block_1_4' title="bbox 231 839 942 895">
    <p class='ocr_par' dir='ltr' id='par_1_5' title="bbox 231 839 942 895">
     <span class='ocr_line' id='line_1_14' title="bbox 231 839 942 895; baseline 0.001 -24"><span class='ocrx_word' id='word_1_57' title='bbox 231 850 262 871; x_wconf 89' lang='lat' dir='ltr'>v.</span> <span class='ocrx_word' id='word_1_58' title='bbox 287 839 459 872; x_wconf 76' lang='lat' dir='ltr'>Ascensuri</span> <span class='ocrx_word' id='word_1_59' title='bbox 477 843 584 872; x_wconf 87' lang='lat' dir='ltr'>autem</span> <span class='ocrx_word' id='word_1_60' title='bbox 602 840 716 872; x_wconf 78' lang='lat' dir='ltr'>fratres</span> <span class='ocrx_word' id='word_1_61' title='bbox 731 840 768 872; x_wconf 87' lang='lat' dir='ltr'>ad</span> <span class='ocrx_word' id='word_1_62' title='bbox 788 840 917 872; x_wconf 86' lang='lat' dir='ltr'>domum</span> <span class='ocrx_word' id='word_1_63' title='bbox 938 861 942 895; x_wconf 65' lang='grc'>1</span> 
     </span>
    </p>
   </div>
   <div class='ocr_carea' id='block_1_5' title="bbox 181 892 918 2357">
    <p class='ocr_par' dir='ltr' id='par_1_6' title="bbox 183 892 918 1565">
     <span class='ocr_line' id='line_1_15' title="bbox 187 892 918 934; baseline 0.003 -11"><span class='ocrx_word' id='word_1_64' title='bbox 187 892 402 934; x_wconf 76' lang='lat' dir='ltr'>superiorem,</span> <span class='ocrx_word' id='word_1_65' title='bbox 427 892 514 934; x_wconf 92' lang='lat' dir='ltr'>prius</span> <span class='ocrx_word' id='word_1_66' title='bbox 539 892 576 924; x_wconf 83' lang='lat' dir='ltr'>ad</span> <span class='ocrx_word' id='word_1_67' title='bbox 599 897 841 934; x_wconf 72' lang='lat' dir='ltr'>procuratorem</span> <span class='ocrx_word' id='word_1_68' title='bbox 867 903 918 925; x_wconf 75' lang='lat' dir='ltr'>xc·</span> 
     </span>
     <span class='ocr_line' id='line_1_16' title="bbox 187 943 917 988; baseline 0 -11"><span class='ocrx_word' id='word_1_69' title='bbox 187 945 287 984; x_wconf 86' lang='lat' dir='ltr'>niant,</span> <span class='ocrx_word' id='word_1_70' title='bbox 304 949 336 976; x_wconf 94' lang='lat' dir='ltr'>et</span> <span class='ocrx_word' id='word_1_71' title='bbox 359 955 430 977; x_wconf 88' lang='lat' dir='ltr'>cum</span> <span class='ocrx_word' id='word_1_72' title='bbox 455 943 523 977; x_wconf 89' lang='lat' dir='ltr'>eius</span> <span class='ocrx_word' id='word_1_73' title='bbox 548 944 679 977; x_wconf 75' lang='lat' dir='ltr'>licentia</span> <span class='ocrx_word' id='word_1_74' title='bbox 700 955 780 977; x_wconf 82' lang='lat' dir='ltr'>ser-v</span> <span class='ocrx_word' id='word_1_75' title='bbox 777 950 828 977; x_wconf 59' lang='lat' dir='ltr'>„itu</span> <span class='ocrx_word' id='word_1_76' title='bbox 847 956 917 988; x_wconf 83' lang='lat' dir='ltr'>pei-</span> 
     </span>
     <span class='ocr_line' id='line_1_17' title="bbox 188 996 918 1040; baseline 0.001 -12"><span class='ocrx_word' id='word_1_77' title='bbox 188 1001 265 1039; x_wconf 66' lang='lat' dir='ltr'>&#39;gant</span> <span class='ocrx_word' id='word_1_78' title='bbox 289 996 417 1029; x_wconf 88' lang='lat' dir='ltr'>silentio</span> <span class='ocrx_word' id='word_1_79' title='bbox 434 1023 441 1035; x_wconf 88' lang='lat'>,</span> <span class='ocrx_word' id='word_1_80' title='bbox 475 997 561 1039; x_wconf 88' lang='lat' dir='ltr'>quod</span> <span class='ocrx_word' id='word_1_81' title='bbox 586 996 787 1039; x_wconf 79' lang='lat' dir='ltr'>praeceperit</span> <span class='ocrx_word' id='word_1_82' title='bbox 810 1003 918 1040; x_wconf 80' lang='lat' dir='ltr'>porta-</span> 
     </span>
     <span class='ocr_line' id='line_1_18' title="bbox 186 1049 915 1092; baseline 0 -11"><span class='ocrx_word' id='word_1_83' title='bbox 186 1049 262 1082; x_wconf 86' lang='lat' dir='ltr'>turi.</span> <span class='ocrx_word' id='word_1_84' title='bbox 286 1050 319 1082; x_wconf 88' lang='lat' dir='ltr'>ln</span> <span class='ocrx_word' id='word_1_85' title='bbox 344 1049 439 1081; x_wconf 90' lang='lat' dir='ltr'>domo</span> <span class='ocrx_word' id='word_1_86' title='bbox 465 1054 570 1082; x_wconf 90' lang='lat' dir='ltr'>autem</span> <span class='ocrx_word' id='word_1_87' title='bbox 596 1049 768 1092; x_wconf 79' lang='lat' dir='ltr'>superiori,</span> <span class='ocrx_word' id='word_1_88' title='bbox 784 1050 867 1082; x_wconf 84' lang='lat' dir='ltr'>sicut</span> <span class='ocrx_word' id='word_1_89' title='bbox 888 1055 915 1083; x_wconf 81' lang='lat' dir='ltr'>et</span> 
     </span>
     <span class='ocr_line' id='line_1_19' title="bbox 185 1102 914 1145; baseline 0 -10"><span class='ocrx_word' id='word_1_90' title='bbox 185 1102 319 1145; x_wconf 85' lang='lat' dir='ltr'>ubique,</span> <span class='ocrx_word' id='word_1_91' title='bbox 336 1113 353 1134; x_wconf 85' lang='lat' dir='ltr'>a</span> <span class='ocrx_word' id='word_1_92' title='bbox 373 1102 516 1145; x_wconf 84' lang='lat' dir='ltr'>vesperis</span> <span class='ocrx_word' id='word_1_93' title='bbox 531 1112 632 1144; x_wconf 89' lang='lat' dir='ltr'>usque</span> <span class='ocrx_word' id='word_1_94' title='bbox 658 1103 696 1134; x_wconf 83' lang='lat' dir='ltr'>ad</span> <span class='ocrx_word' id='word_1_95' title='bbox 723 1102 867 1145; x_wconf 83' lang='lat' dir='ltr'>primam,</span> <span class='ocrx_word' id='word_1_96' title='bbox 886 1103 914 1136; x_wconf 83' lang='lat' dir='ltr'>et</span> 
     </span>
     <span class='ocr_line' id='line_1_20' title="bbox 186 1155 916 1198; baseline 0.001 -11"><span class='ocrx_word' id='word_1_97' title='bbox 186 1166 203 1187; x_wconf 88' lang='lat' dir='ltr'>a</span> <span class='ocrx_word' id='word_1_98' title='bbox 228 1155 369 1198; x_wconf 88' lang='lat' dir='ltr'>capitulo</span> <span class='ocrx_word' id='word_1_99' title='bbox 397 1165 499 1197; x_wconf 90' lang='lat' dir='ltr'>usque</span> <span class='ocrx_word' id='word_1_100' title='bbox 525 1155 563 1187; x_wconf 90' lang='lat' dir='ltr'>ad</span> <span class='ocrx_word' id='word_1_101' title='bbox 589 1165 707 1187; x_wconf 87' lang='lat' dir='ltr'>nonam</span> <span class='ocrx_word' id='word_1_102' title='bbox 732 1155 763 1187; x_wconf 91' lang='lat' dir='ltr'>in</span> <span class='ocrx_word' id='word_1_103' title='bbox 788 1156 916 1189; x_wconf 84' lang='lat' dir='ltr'>silentio</span> 
     </span>
     <span class='ocr_line' id='line_1_21' title="bbox 184 1207 917 1250; baseline 0 -10"><span class='ocrx_word' id='word_1_104' title='bbox 184 1217 376 1250; x_wconf 86' lang='lat' dir='ltr'>permanere</span> <span class='ocrx_word' id='word_1_105' title='bbox 401 1207 542 1239; x_wconf 85' lang='lat' dir='ltr'>debeant</span> <span class='ocrx_word' id='word_1_106' title='bbox 558 1207 626 1249; x_wconf 72' lang='lat' dir='ltr'>(a),</span> <span class='ocrx_word' id='word_1_107' title='bbox 647 1207 855 1250; x_wconf 80' lang='lat' dir='ltr'>coquinarius</span> <span class='ocrx_word' id='word_1_108' title='bbox 873 1214 917 1240; x_wconf 79' lang='lat' dir='ltr'>ta-</span> 
     </span>
     <span class='ocr_line' id='line_1_22' title="bbox 185 1258 916 1292; baseline 0 0"><span class='ocrx_word' id='word_1_109' title='bbox 185 1270 260 1292; x_wconf 85' lang='lat' dir='ltr'>men</span> <span class='ocrx_word' id='word_1_110' title='bbox 293 1265 324 1291; x_wconf 91' lang='lat' dir='ltr'>et</span> <span class='ocrx_word' id='word_1_111' title='bbox 355 1259 424 1291; x_wconf 88' lang='lat' dir='ltr'>eius</span> <span class='ocrx_word' id='word_1_112' title='bbox 457 1259 620 1292; x_wconf 86' lang='lat' dir='ltr'>auditores</span> <span class='ocrx_word' id='word_1_113' title='bbox 652 1258 691 1292; x_wconf 91' lang='lat' dir='ltr'>de</span> <span class='ocrx_word' id='word_1_114' title='bbox 724 1260 916 1292; x_wconf 81' lang='lat' dir='ltr'>necessariis</span> 
     </span>
     <span class='ocr_line' id='line_1_23' title="bbox 184 1311 917 1355; baseline 0 -11"><span class='ocrx_word' id='word_1_115' title='bbox 184 1311 274 1354; x_wconf 85' lang='lat' dir='ltr'>loqui</span> <span class='ocrx_word' id='word_1_116' title='bbox 296 1318 444 1354; x_wconf 83' lang='lat' dir='ltr'>possunt.</span> <span class='ocrx_word' id='word_1_117' title='bbox 464 1312 537 1345; x_wconf 86' lang='lat' dir='ltr'>Post</span> <span class='ocrx_word' id='word_1_118' title='bbox 551 1322 703 1355; x_wconf 86' lang='lat' dir='ltr'>vesperas</span> <span class='ocrx_word' id='word_1_119' title='bbox 726 1323 796 1345; x_wconf 90' lang='lat' dir='ltr'>cum</span> <span class='ocrx_word' id='word_1_120' title='bbox 823 1313 917 1345; x_wconf 79' lang='lat' dir='ltr'>silen-</span> 
     </span>
     <span class='ocr_line' id='line_1_24' title="bbox 184 1364 917 1408; baseline 0.001 -11"><span class='ocrx_word' id='word_1_121' title='bbox 184 1365 229 1397; x_wconf 82' lang='lat' dir='ltr'>tio</span> <span class='ocrx_word' id='word_1_122' title='bbox 255 1364 418 1403; x_wconf 84' lang='lat' dir='ltr'>recedunt,</span> <span class='ocrx_word' id='word_1_123' title='bbox 437 1365 523 1407; x_wconf 89' lang='lat' dir='ltr'>quod</span> <span class='ocrx_word' id='word_1_124' title='bbox 549 1365 626 1397; x_wconf 89' lang='lat' dir='ltr'>iussi</span> <span class='ocrx_word' id='word_1_125' title='bbox 652 1371 726 1397; x_wconf 90' lang='lat' dir='ltr'>sunt</span> <span class='ocrx_word' id='word_1_126' title='bbox 751 1371 917 1408; x_wconf 86' lang='lat' dir='ltr'>reportan-</span> 
     </span>
     <span class='ocr_line' id='line_1_25' title="bbox 185 1417 915 1460; baseline 0.001 -11"><span class='ocrx_word' id='word_1_127' title='bbox 185 1423 243 1457; x_wconf 90' lang='lat' dir='ltr'>tes,</span> <span class='ocrx_word' id='word_1_128' title='bbox 262 1422 293 1450; x_wconf 89' lang='lat' dir='ltr'>et</span> <span class='ocrx_word' id='word_1_129' title='bbox 313 1422 400 1450; x_wconf 89' lang='lat' dir='ltr'>tenet</span> <span class='ocrx_word' id='word_1_130' title='bbox 417 1418 463 1450; x_wconf 89' lang='lat' dir='ltr'>eis</span> <span class='ocrx_word' id='word_1_131' title='bbox 480 1417 656 1460; x_wconf 86' lang='lat' dir='ltr'>capitulum</span> <span class='ocrx_word' id='word_1_132' title='bbox 682 1423 756 1450; x_wconf 89' lang='lat' dir='ltr'>ante</span> <span class='ocrx_word' id='word_1_133' title='bbox 781 1429 915 1450; x_wconf 87' lang='lat' dir='ltr'>coenam</span> 
     </span>
     <span class='ocr_line' id='line_1_26' title="bbox 183 1470 914 1513; baseline 0.003 -11"><span class='ocrx_word' id='word_1_134' title='bbox 183 1475 384 1513; x_wconf 88' lang='lat' dir='ltr'>procurator,</span> <span class='ocrx_word' id='word_1_135' title='bbox 410 1470 539 1513; x_wconf 88' lang='lat' dir='ltr'>quando</span> <span class='ocrx_word' id='word_1_136' title='bbox 565 1470 592 1502; x_wconf 83' lang='lat' dir='ltr'>ci</span> <span class='ocrx_word' id='word_1_137' title='bbox 618 1470 718 1502; x_wconf 86' lang='lat' dir='ltr'>risum</span> <span class='ocrx_word' id='word_1_138' title='bbox 743 1470 840 1503; x_wconf 88' lang='lat' dir='ltr'>suerit</span> <span class='ocrx_word' id='word_1_139' title='bbox 867 1472 914 1504; x_wconf 87' lang='lat' dir='ltr'>vei</span> 
     </span>
     <span class='ocr_line' id='line_1_27' title="bbox 184 1523 505 1565; baseline 0 -11"><span class='ocrx_word' id='word_1_140' title='bbox 184 1523 351 1556; x_wconf 89' lang='lat' dir='ltr'>commode</span> <span class='ocrx_word' id='word_1_141' title='bbox 376 1523 505 1565; x_wconf 87' lang='lat' dir='ltr'>poterit.</span> 
     </span>
    </p>

    <p class='ocr_par' dir='ltr' id='par_1_7' title="bbox 181 1575 915 2146">
     <span class='ocr_line' id='line_1_28' title="bbox 227 1575 912 1615; baseline 0.001 -8"><span class='ocrx_word' id='word_1_142' title='bbox 227 1586 268 1608; x_wconf 78' lang='lat' dir='ltr'>vr.</span> <span class='ocrx_word' id='word_1_143' title='bbox 296 1576 331 1607; x_wconf 89' lang='lat' dir='ltr'>ln</span> <span class='ocrx_word' id='word_1_144' title='bbox 355 1575 615 1608; x_wconf 79' lang='lat' dir='ltr'>solemnitatibus</span> <span class='ocrx_word' id='word_1_145' title='bbox 631 1575 751 1608; x_wconf 84' lang='lat' dir='ltr'>Natalis</span> <span class='ocrx_word' id='word_1_146' title='bbox 776 1575 912 1615; x_wconf 84' lang='lat' dir='ltr'>Domini,</span> 
     </span>
     <span class='ocr_line' id='line_1_29' title="bbox 183 1627 915 1660; baseline 0 0"><span class='ocrx_word' id='word_1_147' title='bbox 183 1628 325 1660; x_wconf 81' lang='lat' dir='ltr'>Paschae</span> <span class='ocrx_word' id='word_1_148' title='bbox 343 1633 375 1660; x_wconf 88' lang='lat' dir='ltr'>et</span> <span class='ocrx_word' id='word_1_149' title='bbox 388 1628 591 1660; x_wconf 82' lang='lat' dir='ltr'>Pentecostes</span> <span class='ocrx_word' id='word_1_150' title='bbox 610 1627 803 1659; x_wconf 80' lang='lat' dir='ltr'>descendant</span> <span class='ocrx_word' id='word_1_151' title='bbox 825 1629 915 1660; x_wconf 76' lang='lat' dir='ltr'>tertia</span> 
     </span>
     <span class='ocr_line' id='line_1_30' title="bbox 183 1680 914 1724; baseline 0.001 -11"><span class='ocrx_word' id='word_1_152' title='bbox 183 1680 236 1714; x_wconf 89' lang='lat' dir='ltr'>die</span> <span class='ocrx_word' id='word_1_153' title='bbox 261 1686 335 1724; x_wconf 83' lang='lat' dir='ltr'>post</span> <span class='ocrx_word' id='word_1_154' title='bbox 358 1691 515 1724; x_wconf 85' lang='lat' dir='ltr'>vesperas,</span> <span class='ocrx_word' id='word_1_155' title='bbox 540 1680 600 1712; x_wconf 90' lang='lat' dir='ltr'>nisi</span> <span class='ocrx_word' id='word_1_156' title='bbox 625 1681 666 1712; x_wconf 88' lang='lat' dir='ltr'>sit</span> <span class='ocrx_word' id='word_1_157' title='bbox 690 1680 850 1713; x_wconf 82' lang='lat' dir='ltr'>dominica</span> <span class='ocrx_word' id='word_1_158' title='bbox 867 1683 914 1714; x_wconf 74' lang='lat' dir='ltr'>vel</span> 
     </span>
     <span class='ocr_line' id='line_1_31' title="bbox 182 1733 915 1777; baseline 0 -11"><span class='ocrx_word' id='word_1_159' title='bbox 182 1734 297 1766; x_wconf 75' lang='lat' dir='ltr'>fesium</span> <span class='ocrx_word' id='word_1_160' title='bbox 321 1733 466 1777; x_wconf 85' lang='lat' dir='ltr'>capituli,</span> <span class='ocrx_word' id='word_1_161' title='bbox 490 1738 521 1765; x_wconf 86' lang='lat' dir='ltr'>et</span> <span class='ocrx_word' id='word_1_162' title='bbox 545 1738 619 1765; x_wconf 88' lang='lat' dir='ltr'>tunc</span> <span class='ocrx_word' id='word_1_163' title='bbox 644 1734 843 1765; x_wconf 84' lang='lat' dir='ltr'>descendent</span> <span class='ocrx_word' id='word_1_164' title='bbox 867 1745 915 1766; x_wconf 84' lang='lat' dir='ltr'>se-</span> 
     </span>
     <span class='ocr_line' id='line_1_32' title="bbox 183 1785 915 1830; baseline 0.003 -13"><span class='ocrx_word' id='word_1_165' title='bbox 183 1787 293 1829; x_wconf 82' lang='lat' dir='ltr'>quenti</span> <span class='ocrx_word' id='word_1_166' title='bbox 315 1787 365 1819; x_wconf 90' lang='lat' dir='ltr'>die</span> <span class='ocrx_word' id='word_1_167' title='bbox 389 1791 465 1830; x_wconf 90' lang='lat' dir='ltr'>post</span> <span class='ocrx_word' id='word_1_168' title='bbox 488 1796 652 1829; x_wconf 86' lang='lat' dir='ltr'>vesperas.</span> <span class='ocrx_word' id='word_1_169' title='bbox 679 1785 712 1817; x_wconf 93' lang='lat' dir='ltr'>ln</span> <span class='ocrx_word' id='word_1_170' title='bbox 739 1786 826 1818; x_wconf 84' lang='lat' dir='ltr'>sestis</span> <span class='ocrx_word' id='word_1_171' title='bbox 851 1787 915 1819; x_wconf 89' lang='lat' dir='ltr'>nul-</span> 
     </span>
     <span class='ocr_line' id='line_1_33' title="bbox 182 1838 915 1872; baseline -0.001 0"><span class='ocrx_word' id='word_1_172' title='bbox 182 1840 230 1872; x_wconf 89' lang='lat' dir='ltr'>lus</span> <span class='ocrx_word' id='word_1_173' title='bbox 261 1839 436 1872; x_wconf 82' lang='lat' dir='ltr'>descendat</span> <span class='ocrx_word' id='word_1_174' title='bbox 466 1839 535 1871; x_wconf 88' lang='lat' dir='ltr'>sine</span> <span class='ocrx_word' id='word_1_175' title='bbox 568 1838 697 1870; x_wconf 84' lang='lat' dir='ltr'>licentia</span> <span class='ocrx_word' id='word_1_176' title='bbox 729 1838 833 1871; x_wconf 80' lang='lat' dir='ltr'>donec</span> <span class='ocrx_word' id='word_1_177' title='bbox 863 1849 915 1871; x_wconf 88' lang='lat' dir='ltr'>vc-</span> 
     </span>
     <span class='ocr_line' id='line_1_34' title="bbox 181 1890 913 1935; baseline -0.001 -11"><span class='ocrx_word' id='word_1_178' title='bbox 181 1902 296 1935; x_wconf 84' lang='lat' dir='ltr'>sperae</span> <span class='ocrx_word' id='word_1_179' title='bbox 327 1892 445 1925; x_wconf 86' lang='lat' dir='ltr'>suerint</span> <span class='ocrx_word' id='word_1_180' title='bbox 476 1895 633 1924; x_wconf 84' lang='lat' dir='ltr'>cantatae.</span> <span class='ocrx_word' id='word_1_181' title='bbox 660 1890 716 1928; x_wconf 83' lang='lat' dir='ltr'>Qui</span> <span class='ocrx_word' id='word_1_182' title='bbox 750 1902 825 1924; x_wconf 90' lang='lat' dir='ltr'>vero</span> <span class='ocrx_word' id='word_1_183' title='bbox 851 1902 913 1923; x_wconf 88' lang='lat' dir='ltr'>non</span> 
     </span>
     <span class='ocr_line' id='line_1_35' title="bbox 182 1943 913 1986; baseline -0.001 -9"><span class='ocrx_word' id='word_1_184' title='bbox 182 1945 371 1984; x_wconf 81' lang='lat' dir='ltr'>ascendunt,</span> <span class='ocrx_word' id='word_1_185' title='bbox 382 1945 494 1978; x_wconf 89' lang='lat' dir='ltr'>diebus</span> <span class='ocrx_word' id='word_1_186' title='bbox 507 1943 650 1986; x_wconf 88' lang='lat' dir='ltr'>capituli,</span> <span class='ocrx_word' id='word_1_187' title='bbox 665 1944 761 1976; x_wconf 83' lang='lat' dir='ltr'>cellas</span> <span class='ocrx_word' id='word_1_188' title='bbox 776 1949 913 1984; x_wconf 82' lang='lat' dir='ltr'>teneant,</span> 
     </span>
     <span class='ocr_line' id='line_1_36' title="bbox 181 1997 910 2040; baseline -0.001 -10"><span class='ocrx_word' id='word_1_189' title='bbox 181 1998 243 2030; x_wconf 92' lang='lat' dir='ltr'>nisi</span> <span class='ocrx_word' id='word_1_190' title='bbox 269 2009 381 2031; x_wconf 88' lang='lat' dir='ltr'>eorum</span> <span class='ocrx_word' id='word_1_191' title='bbox 410 1998 613 2031; x_wconf 85' lang='lat' dir='ltr'>obedientiae</span> <span class='ocrx_word' id='word_1_192' title='bbox 643 1997 821 2040; x_wconf 83' lang='lat' dir='ltr'>impediant</span> <span class='ocrx_word' id='word_1_193' title='bbox 845 2008 910 2030; x_wconf 75' lang='lat' dir='ltr'>eos.</span> 
     </span>
     <span class='ocr_line' id='line_1_37' title="bbox 181 2050 914 2094; baseline -0.001 -11"><span class='ocrx_word' id='word_1_194' title='bbox 181 2050 336 2094; x_wconf 86' lang='lat' dir='ltr'>Spatium,</span> <span class='ocrx_word' id='word_1_195' title='bbox 363 2051 448 2093; x_wconf 92' lang='lat' dir='ltr'>quod</span> <span class='ocrx_word' id='word_1_196' title='bbox 474 2056 522 2083; x_wconf 91' lang='lat' dir='ltr'>est</span> <span class='ocrx_word' id='word_1_197' title='bbox 545 2052 629 2084; x_wconf 88' lang='lat' dir='ltr'>inter</span> <span class='ocrx_word' id='word_1_198' title='bbox 653 2050 778 2083; x_wconf 84' lang='lat' dir='ltr'>tertiam</span> <span class='ocrx_word' id='word_1_199' title='bbox 795 2055 826 2083; x_wconf 91' lang='lat' dir='ltr'>ct</span> <span class='ocrx_word' id='word_1_200' title='bbox 846 2060 914 2083; x_wconf 88' lang='lat' dir='ltr'>sex-</span> 
     </span>
     <span class='ocr_line' id='line_1_38' title="bbox 182 2103 647 2146; baseline 0 -11"><span class='ocrx_word' id='word_1_201' title='bbox 182 2108 258 2143; x_wconf 84' lang='lat' dir='ltr'>tam,</span> <span class='ocrx_word' id='word_1_202' title='bbox 285 2103 423 2136; x_wconf 89' lang='lat' dir='ltr'>orationi</span> <span class='ocrx_word' id='word_1_203' title='bbox 448 2103 647 2146; x_wconf 87' lang='lat' dir='ltr'>impendant.</span> 
     </span>
    </p>

    <p class='ocr_par' dir='ltr' id='par_1_8' title="bbox 181 2155 914 2357">
     <span class='ocr_line' id='line_1_39' title="bbox 225 2155 914 2190; baseline -0.003 0"><span class='ocrx_word' id='word_1_204' title='bbox 225 2166 280 2190; x_wconf 88' lang='lat' dir='ltr'>vu.</span> <span class='ocrx_word' id='word_1_205' title='bbox 307 2155 455 2189; x_wconf 82' lang='lat' dir='ltr'>Conversi</span> <span class='ocrx_word' id='word_1_206' title='bbox 480 2166 607 2188; x_wconf 90' lang='lat' dir='ltr'>servare</span> <span class='ocrx_word' id='word_1_207' title='bbox 634 2160 783 2188; x_wconf 89' lang='lat' dir='ltr'>tenentur</span> <span class='ocrx_word' id='word_1_208' title='bbox 807 2157 914 2189; x_wconf 85' lang='lat' dir='ltr'>omnia</span> 
     </span>
     <span class='ocr_line' id='line_1_40' title="bbox 181 2208 914 2252; baseline -0.003 -10"><span class='ocrx_word' id='word_1_209' title='bbox 181 2210 263 2242; x_wconf 83' lang='lat' dir='ltr'>festa</span> <span class='ocrx_word' id='word_1_210' title='bbox 287 2219 367 2252; x_wconf 83' lang='lat' dir='ltr'>quae</span> <span class='ocrx_word' id='word_1_211' title='bbox 391 2208 534 2242; x_wconf 83' lang='lat' dir='ltr'>Ecclesia</span> <span class='ocrx_word' id='word_1_212' title='bbox 558 2208 718 2251; x_wconf 85' lang='lat' dir='ltr'>praecipit</span> <span class='ocrx_word' id='word_1_213' title='bbox 749 2208 787 2240; x_wconf 89' lang='lat' dir='ltr'>ab</span> <span class='ocrx_word' id='word_1_214' title='bbox 812 2208 914 2241; x_wconf 89' lang='lat' dir='ltr'>omni-</span> 
     </span>
     <span class='ocr_line' id='line_1_41' title="bbox 181 2260 913 2304; baseline -0.003 -9"><span class='ocrx_word' id='word_1_215' title='bbox 181 2261 240 2295; x_wconf 88' lang='lat' dir='ltr'>hus</span> <span class='ocrx_word' id='word_1_216' title='bbox 264 2261 402 2301; x_wconf 88' lang='lat' dir='ltr'>servari,</span> <span class='ocrx_word' id='word_1_217' title='bbox 428 2261 460 2293; x_wconf 91' lang='lat' dir='ltr'>in</span> <span class='ocrx_word' id='word_1_218' title='bbox 486 2261 601 2304; x_wconf 85' lang='lat' dir='ltr'>quibus</span> <span class='ocrx_word' id='word_1_219' title='bbox 627 2265 753 2294; x_wconf 89' lang='lat' dir='ltr'>cessant</span> <span class='ocrx_word' id='word_1_220' title='bbox 777 2260 816 2293; x_wconf 84' lang='lat' dir='ltr'>ab</span> <span class='ocrx_word' id='word_1_221' title='bbox 837 2270 913 2304; x_wconf 88' lang='lat' dir='ltr'>ope-</span> 
     </span>
     <span class='ocr_line' id='line_1_42' title="bbox 181 2313 913 2357; baseline -0.001 -10"><span class='ocrx_word' id='word_1_222' title='bbox 181 2314 281 2348; x_wconf 84' lang='lat' dir='ltr'>ribus.</span> <span class='ocrx_word' id='word_1_223' title='bbox 297 2315 433 2347; x_wconf 79' lang='lat' dir='ltr'>Infestis</span> <span class='ocrx_word' id='word_1_224' title='bbox 456 2314 565 2353; x_wconf 86' lang='lat' dir='ltr'>etiam,</span> <span class='ocrx_word' id='word_1_225' title='bbox 581 2324 663 2356; x_wconf 85' lang='lat' dir='ltr'>quae</span> <span class='ocrx_word' id='word_1_226' title='bbox 681 2313 826 2357; x_wconf 88' lang='lat' dir='ltr'>episcopi</span> <span class='ocrx_word' id='word_1_227' title='bbox 844 2314 913 2347; x_wconf 90' lang='lat' dir='ltr'>dio-</span> 
     </span>
    </p>
   </div>
   <div class='ocr_carea' id='block_1_6' title="bbox 180 2408 913 2625">
    <p class='ocr_par' dir='ltr' id='par_1_9' title="bbox 180 2408 913 2625">
     <span class='ocr_line' id='line_1_43' title="bbox 216 2408 913 2444; baseline -0.001 -7"><span class='ocrx_word' id='word_1_228' title='bbox 216 2412 244 2442; x_wconf 82' lang='grc' dir='ltr'>α)</span> <span class='ocrx_word' id='word_1_229' title='bbox 264 2410 319 2438; x_wconf 90' lang='lat' dir='ltr'>Non</span> <span class='ocrx_word' id='word_1_230' title='bbox 335 2410 397 2436; x_wconf 89' lang='lat' dir='ltr'>inde</span> <span class='ocrx_word' id='word_1_231' title='bbox 413 2409 504 2436; x_wconf 83' lang='lat' dir='ltr'>inferri</span> <span class='ocrx_word' id='word_1_232' title='bbox 526 2409 616 2440; x_wconf 85' lang='lat' dir='ltr'>debet,</span> <span class='ocrx_word' id='word_1_233' title='bbox 633 2408 704 2444; x_wconf 87' lang='lat' dir='ltr'>quod</span> <span class='ocrx_word' id='word_1_234' title='bbox 720 2412 793 2435; x_wconf 87' lang='lat' dir='ltr'>extra</span> <span class='ocrx_word' id='word_1_235' title='bbox 808 2412 913 2443; x_wconf 83' lang='lat' dir='ltr'>tempus</span> 
     </span>
     <span class='ocr_line' id='line_1_44' title="bbox 182 2453 912 2490; baseline -0.003 -9"><span class='ocrx_word' id='word_1_236' title='bbox 182 2454 226 2482; x_wconf 86' lang='lat' dir='ltr'>hic</span> <span class='ocrx_word' id='word_1_237' title='bbox 241 2455 385 2490; x_wconf 81' lang='lat' dir='ltr'>praefixum</span> <span class='ocrx_word' id='word_1_238' title='bbox 402 2453 503 2488; x_wconf 87' lang='lat' dir='ltr'>possint</span> <span class='ocrx_word' id='word_1_239' title='bbox 517 2453 655 2480; x_wconf 88' lang='lat' dir='ltr'>silentium</span> <span class='ocrx_word' id='word_1_240' title='bbox 670 2453 793 2487; x_wconf 82' lang='lat' dir='ltr'>frangere</span> <span class='ocrx_word' id='word_1_241' title='bbox 808 2454 866 2480; x_wconf 88' lang='lat' dir='ltr'>sine</span> <span class='ocrx_word' id='word_1_242' title='bbox 882 2454 912 2480; x_wconf 87' lang='lat' dir='ltr'>ti-</span> 
     </span>
     <span class='ocr_line' id='line_1_45' title="bbox 183 2496 912 2532; baseline 0 -7"><span class='ocrx_word' id='word_1_243' title='bbox 183 2498 278 2528; x_wconf 69' lang='lat' dir='ltr'>centia.</span> <span class='ocrx_word' id='word_1_244' title='bbox 303 2498 350 2525; x_wconf 86' lang='lat' dir='ltr'>sed</span> <span class='ocrx_word' id='word_1_245' title='bbox 374 2505 468 2524; x_wconf 86' lang='lat' dir='ltr'>sensus</span> <span class='ocrx_word' id='word_1_246' title='bbox 493 2501 542 2529; x_wconf 88' lang='lat' dir='ltr'>est,</span> <span class='ocrx_word' id='word_1_247' title='bbox 563 2496 635 2532; x_wconf 89' lang='lat' dir='ltr'>quod</span> <span class='ocrx_word' id='word_1_248' title='bbox 659 2497 727 2523; x_wconf 85' lang='lat' dir='ltr'>intra</span> <span class='ocrx_word' id='word_1_249' title='bbox 751 2500 854 2531; x_wconf 83' lang='lat' dir='ltr'>teinpus</span> <span class='ocrx_word' id='word_1_250' title='bbox 869 2497 912 2525; x_wconf 83' lang='lat' dir='ltr'>liic</span> 
     </span>
     <span class='ocr_line' id='line_1_46' title="bbox 182 2540 911 2576; baseline -0.001 -8"><span class='ocrx_word' id='word_1_251' title='bbox 182 2545 300 2569; x_wconf 87' lang='lat' dir='ltr'>notatum</span> <span class='ocrx_word' id='word_1_252' title='bbox 316 2542 423 2568; x_wconf 82' lang='lat' dir='ltr'>licentia</span> <span class='ocrx_word' id='word_1_253' title='bbox 438 2549 489 2568; x_wconf 90' lang='lat' dir='ltr'>non</span> <span class='ocrx_word' id='word_1_254' title='bbox 505 2544 546 2568; x_wconf 86' lang='lat' dir='ltr'>est</span> <span class='ocrx_word' id='word_1_255' title='bbox 557 2540 681 2576; x_wconf 85' lang='lat' dir='ltr'>petenda,</span> <span class='ocrx_word' id='word_1_256' title='bbox 693 2549 742 2567; x_wconf 89' lang='lat' dir='ltr'>nec</span> <span class='ocrx_word' id='word_1_257' title='bbox 753 2540 840 2568; x_wconf 82' lang='lat' dir='ltr'>danda</span> <span class='ocrx_word' id='word_1_258' title='bbox 854 2541 911 2568; x_wconf 86' lang='lat' dir='ltr'>sine</span> 
     </span>
     <span class='ocr_line' id='line_1_47' title="bbox 180 2585 909 2625; baseline -0.001 -11"><span class='ocrx_word' id='word_1_259' title='bbox 180 2585 339 2616; x_wconf 76' lang='lat' dir='ltr'>rescissione</span> <span class='ocrx_word' id='word_1_260' title='bbox 354 2586 515 2625; x_wconf 72' lang='lat' dir='ltr'>(v·atione⁵’).</span> <span class='ocrx_word' id='word_1_261' title='bbox 531 2585 598 2613; x_wconf 84' lang='lat' dir='ltr'>Vide</span> <span class='ocrx_word' id='word_1_262' title='bbox 610 2593 683 2613; x_wconf 90' lang='lat' dir='ltr'>num.</span> <span class='ocrx_word' id='word_1_263' title='bbox 696 2591 715 2613; x_wconf 93' lang='grc' dir='ltr'>ιι</span> <span class='ocrx_word' id='word_1_264' title='bbox 730 2588 757 2614; x_wconf 85' lang='lat' dir='ltr'>et</span> <span class='ocrx_word' id='word_1_265' title='bbox 770 2591 798 2615; x_wconf 76' lang='grc' dir='ltr'>ιιι</span> <span class='ocrx_word' id='word_1_266' title='bbox 813 2593 871 2614; x_wconf 82' lang='lat' dir='ltr'>can.</span> <span class='ocrx_word' id='word_1_267' title='bbox 884 2593 909 2613; x_wconf 92' lang='lat' dir='ltr'>v.</span> 
     </span>
    </p>
   </div>
   <div class='ocr_carea' id='block_1_7' title="bbox 953 204 1884 2626">
    <p class='ocr_par' dir='ltr' id='par_1_10' title="bbox 962 204 1884 514">
     <span class='ocr_line' id='line_1_48' title="bbox 1586 204 1884 244; baseline 0.02 -6"><span class='ocrx_word' id='word_1_268' title='bbox 1586 204 1649 239; x_wconf 87' lang='grc'>887</span> <span class='ocrx_word' id='word_1_269' title='bbox 1695 214 1791 243; x_wconf 69' lang='lat' dir='ltr'>Aac</span> <span class='ocrx_word' id='word_1_270' title='bbox 1817 215 1884 244; x_wconf 69' lang='lat' dir='ltr'>ress</span> 
     </span>
     <span class='ocr_line' id='line_1_49' title="bbox 963 260 1694 302; baseline 0.005 -10"><span class='ocrx_word' id='word_1_271' title='bbox 963 260 1069 293; x_wconf 88' lang='lat' dir='ltr'>cesani</span> <span class='ocrx_word' id='word_1_272' title='bbox 1098 260 1184 293; x_wconf 81' lang='lat' dir='ltr'>iussu</span> <span class='ocrx_word' id='word_1_273' title='bbox 1216 261 1370 294; x_wconf 80' lang='lat' dir='ltr'>servanda</span> <span class='ocrx_word' id='word_1_274' title='bbox 1401 261 1564 302; x_wconf 84' lang='lat' dir='ltr'>iubentur,</span> <span class='ocrx_word' id='word_1_275' title='bbox 1597 262 1694 296; x_wconf 86' lang='lat' dir='ltr'>ctiam</span> 
     </span>
     <span class='ocr_line' id='line_1_50' title="bbox 964 314 1694 359; baseline 0.005 -14"><span class='ocrx_word' id='word_1_276' title='bbox 964 324 1088 346; x_wconf 85' lang='lat' dir='ltr'>cessare</span> <span class='ocrx_word' id='word_1_277' title='bbox 1114 314 1247 354; x_wconf 80' lang='lat' dir='ltr'>dehent,</span> <span class='ocrx_word' id='word_1_278' title='bbox 1279 319 1311 347; x_wconf 87' lang='lat' dir='ltr'>et</span> <span class='ocrx_word' id='word_1_279' title='bbox 1342 315 1509 347; x_wconf 86' lang='lat' dir='ltr'>ecclesiam</span> <span class='ocrx_word' id='word_1_280' title='bbox 1543 315 1694 359; x_wconf 79' lang='lat' dir='ltr'>frequen-</span> 
     </span>
     <span class='ocr_line' id='line_1_51' title="bbox 964 367 1695 411; baseline 0.007 -13"><span class='ocrx_word' id='word_1_281' title='bbox 964 372 1051 406; x_wconf 88' lang='lat' dir='ltr'>tare;</span> <span class='ocrx_word' id='word_1_282' title='bbox 1078 367 1161 409; x_wconf 82' lang='lat' dir='ltr'>quod</span> <span class='ocrx_word' id='word_1_283' title='bbox 1187 367 1213 399; x_wconf 88' lang='lat' dir='ltr'>si</span> <span class='ocrx_word' id='word_1_284' title='bbox 1241 367 1314 400; x_wconf 88' lang='lat' dir='ltr'>talia</span> <span class='ocrx_word' id='word_1_285' title='bbox 1340 367 1419 400; x_wconf 76' lang='lat' dir='ltr'>festa</span> <span class='ocrx_word' id='word_1_286' title='bbox 1443 368 1617 411; x_wconf 88' lang='lat' dir='ltr'>capitulum</span> <span class='ocrx_word' id='word_1_287' title='bbox 1638 369 1695 403; x_wconf 86' lang='lat' dir='ltr'>ha-</span> 
     </span>
     <span class='ocr_line' id='line_1_52' title="bbox 962 419 1693 465; baseline 0.007 -14"><span class='ocrx_word' id='word_1_288' title='bbox 962 419 1058 451; x_wconf 85' lang='lat' dir='ltr'>beant</span> <span class='ocrx_word' id='word_1_289' title='bbox 1071 420 1310 460; x_wconf 83' lang='lat' dir='ltr'>monachorum,</span> <span class='ocrx_word' id='word_1_290' title='bbox 1326 420 1422 454; x_wconf 82' lang='lat' dir='ltr'>ctiam</span> <span class='ocrx_word' id='word_1_291' title='bbox 1438 421 1514 465; x_wconf 91' lang='lat' dir='ltr'>ipsis</span> <span class='ocrx_word' id='word_1_292' title='bbox 1532 422 1693 456; x_wconf 86' lang='lat' dir='ltr'>conversis</span> 
     </span>
     <span class='ocr_line' id='line_1_53' title="bbox 962 471 1319 514; baseline 0.003 -11"><span class='ocrx_word' id='word_1_293' title='bbox 962 471 1136 514; x_wconf 88' lang='lat' dir='ltr'>capitulum</span> <span class='ocrx_word' id='word_1_294' title='bbox 1163 476 1319 505; x_wconf 83' lang='lat' dir='ltr'>tencatur.</span> 
     </span>
    </p>

    <p class='ocr_par' dir='ltr' id='par_1_11' title="bbox 961 524 1694 934">
     <span class='ocr_line' id='line_1_54' title="bbox 1006 524 1693 567; baseline 0.006 -10"><span class='ocrx_word' id='word_1_295' title='bbox 1006 534 1073 557; x_wconf 77' lang='lat' dir='ltr'>viu.</span> <span class='ocrx_word' id='word_1_296' title='bbox 1099 524 1132 556; x_wconf 88' lang='lat' dir='ltr'>lu</span> <span class='ocrx_word' id='word_1_297' title='bbox 1161 525 1369 567; x_wconf 82' lang='lat' dir='ltr'>sequentibus</span> <span class='ocrx_word' id='word_1_298' title='bbox 1401 536 1477 559; x_wconf 80' lang='lat' dir='ltr'>vero</span> <span class='ocrx_word' id='word_1_299' title='bbox 1509 527 1693 561; x_wconf 84' lang='lat' dir='ltr'>solemnita-</span> 
     </span>
     <span class='ocr_line' id='line_1_55' title="bbox 963 575 1693 619; baseline 0.007 -10"><span class='ocrx_word' id='word_1_300' title='bbox 963 575 1056 615; x_wconf 79' lang='lat' dir='ltr'>tibus,</span> <span class='ocrx_word' id='word_1_301' title='bbox 1071 577 1200 618; x_wconf 83' lang='lat' dir='ltr'>quando</span> <span class='ocrx_word' id='word_1_302' title='bbox 1216 578 1461 619; x_wconf 77' lang='lat' dir='ltr'>transferuntur,</span> <span class='ocrx_word' id='word_1_303' title='bbox 1481 589 1547 612; x_wconf 89' lang='lat' dir='ltr'>non</span> <span class='ocrx_word' id='word_1_304' title='bbox 1564 586 1693 614; x_wconf 81' lang='lat' dir='ltr'>cessent</span> 
     </span>
     <span class='ocr_line' id='line_1_56' title="bbox 963 628 1692 670; baseline 0.008 -11"><span class='ocrx_word' id='word_1_305' title='bbox 963 629 1000 660; x_wconf 80' lang='lat' dir='ltr'>ah</span> <span class='ocrx_word' id='word_1_306' title='bbox 1025 628 1189 670; x_wconf 81' lang='lat' dir='ltr'>operibus,</span> <span class='ocrx_word' id='word_1_307' title='bbox 1216 630 1270 662; x_wconf 89' lang='lat' dir='ltr'>sed</span> <span class='ocrx_word' id='word_1_308' title='bbox 1297 640 1360 663; x_wconf 89' lang='lat' dir='ltr'>non</span> <span class='ocrx_word' id='word_1_309' title='bbox 1393 631 1514 664; x_wconf 86' lang='lat' dir='ltr'>debent</span> <span class='ocrx_word' id='word_1_310' title='bbox 1544 633 1692 666; x_wconf 81' lang='lat' dir='ltr'>laborare</span> 
     </span>
     <span class='ocr_line' id='line_1_57' title="bbox 962 681 1694 726; baseline 0.008 -13"><span class='ocrx_word' id='word_1_311' title='bbox 962 681 1045 714; x_wconf 82' lang='lat' dir='ltr'>eirca</span> <span class='ocrx_word' id='word_1_312' title='bbox 1059 682 1187 714; x_wconf 88' lang='lat' dir='ltr'>domum</span> <span class='ocrx_word' id='word_1_313' title='bbox 1206 682 1417 725; x_wconf 81' lang='lat' dir='ltr'>superiorem,</span> <span class='ocrx_word' id='word_1_314' title='bbox 1436 689 1590 726; x_wconf 88' lang='lat' dir='ltr'>quantum</span> <span class='ocrx_word' id='word_1_315' title='bbox 1609 695 1694 719; x_wconf 90' lang='lat' dir='ltr'>com-</span> 
     </span>
     <span class='ocr_line' id='line_1_58' title="bbox 962 733 1693 777; baseline 0.008 -12"><span class='ocrx_word' id='word_1_316' title='bbox 962 734 1056 766; x_wconf 82' lang='lat' dir='ltr'>mode</span> <span class='ocrx_word' id='word_1_317' title='bbox 1081 733 1149 766; x_wconf 81' lang='lat' dir='ltr'>sieri</span> <span class='ocrx_word' id='word_1_318' title='bbox 1175 735 1306 777; x_wconf 69' lang='lat' dir='ltr'>poterit,</span> <span class='ocrx_word' id='word_1_319' title='bbox 1325 736 1404 768; x_wconf 87' lang='lat' dir='ltr'>Sunt</span> <span class='ocrx_word' id='word_1_320' title='bbox 1422 742 1526 769; x_wconf 86' lang='lat' dir='ltr'>autem</span> <span class='ocrx_word' id='word_1_321' title='bbox 1543 738 1693 771; x_wconf 85' lang='lat' dir='ltr'>solemni-</span> 
     </span>
     <span class='ocr_line' id='line_1_59' title="bbox 963 786 1689 831; baseline 0.008 -14"><span class='ocrx_word' id='word_1_322' title='bbox 963 791 1043 818; x_wconf 75' lang='lat' dir='ltr'>tates</span> <span class='ocrx_word' id='word_1_323' title='bbox 1081 787 1157 819; x_wconf 89' lang='lat' dir='ltr'>hac:</span> <span class='ocrx_word' id='word_1_324' title='bbox 1194 786 1367 830; x_wconf 84' lang='lat' dir='ltr'>Conceptio</span> <span class='ocrx_word' id='word_1_325' title='bbox 1404 788 1509 822; x_wconf 79' lang='lat' dir='ltr'>Matris</span> <span class='ocrx_word' id='word_1_326' title='bbox 1545 790 1689 831; x_wconf 86' lang='lat' dir='ltr'>Domini,</span> 
     </span>
     <span class='ocr_line' id='line_1_60' title="bbox 961 838 1691 886; baseline 0.007 -16"><span class='ocrx_word' id='word_1_327' title='bbox 961 838 1124 871; x_wconf 74' lang='lat' dir='ltr'>Dedicatio</span> <span class='ocrx_word' id='word_1_328' title='bbox 1160 839 1336 878; x_wconf 82' lang='lat' dir='ltr'>Ecclesiae,</span> <span class='ocrx_word' id='word_1_329' title='bbox 1376 840 1454 872; x_wconf 73' lang='lat' dir='ltr'>festa</span> <span class='ocrx_word' id='word_1_330' title='bbox 1478 841 1526 874; x_wconf 81' lang='lat' dir='ltr'>Ss.</span> <span class='ocrx_word' id='word_1_331' title='bbox 1560 842 1691 886; x_wconf 77' lang='lat' dir='ltr'>loseph,</span> 
     </span>
     <span class='ocr_line' id='line_1_61' title="bbox 962 891 1636 934; baseline 0.007 -11"><span class='ocrx_word' id='word_1_332' title='bbox 962 891 1138 931; x_wconf 71' lang='lat' dir='ltr'>Benedicti,</span> <span class='ocrx_word' id='word_1_333' title='bbox 1166 897 1196 924; x_wconf 86' lang='lat' dir='ltr'>et</span> <span class='ocrx_word' id='word_1_334' title='bbox 1220 892 1364 934; x_wconf 72' lang='lat' dir='ltr'>lingonis</span> <span class='ocrx_word' id='word_1_335' title='bbox 1390 893 1636 928; x_wconf 88' lang='lat' dir='ltr'>Lincolniensis.</span> 
     </span>
    </p>

    <p class='ocr_par' dir='ltr' id='par_1_12' title="bbox 958 944 1693 1506">
     <span class='ocr_line' id='line_1_62' title="bbox 1003 944 1692 988; baseline 0.007 -12"><span class='ocrx_word' id='word_1_336' title='bbox 1003 955 1045 977; x_wconf 80' lang='lat' dir='ltr'>ix.</span> <span class='ocrx_word' id='word_1_337' title='bbox 1072 944 1115 977; x_wconf 85' lang='lat' dir='ltr'>Nc</span> <span class='ocrx_word' id='word_1_338' title='bbox 1140 950 1266 977; x_wconf 78' lang='lat' dir='ltr'>cessent</span> <span class='ocrx_word' id='word_1_339' title='bbox 1291 946 1329 977; x_wconf 82' lang='lat' dir='ltr'>ab</span> <span class='ocrx_word' id='word_1_340' title='bbox 1356 946 1511 988; x_wconf 84' lang='lat' dir='ltr'>operibus</span> <span class='ocrx_word' id='word_1_341' title='bbox 1541 947 1572 979; x_wconf 92' lang='lat' dir='ltr'>in</span> <span class='ocrx_word' id='word_1_342' title='bbox 1599 947 1692 981; x_wconf 92' lang='lat' dir='ltr'>Com-</span> 
     </span>
     <span class='ocr_line' id='line_1_63' title="bbox 960 997 1693 1041; baseline 0.007 -13"><span class='ocrx_word' id='word_1_343' title='bbox 960 997 1108 1039; x_wconf 68' lang='lat' dir='ltr'>passione</span> <span class='ocrx_word' id='word_1_344' title='bbox 1140 997 1347 1030; x_wconf 73' lang='lat' dir='ltr'>Beatissimae</span> <span class='ocrx_word' id='word_1_345' title='bbox 1373 998 1523 1041; x_wconf 79' lang='lat' dir='ltr'>Virginis,</span> <span class='ocrx_word' id='word_1_346' title='bbox 1550 1004 1580 1032; x_wconf 84' lang='lat' dir='ltr'>et</span> <span class='ocrx_word' id='word_1_347' title='bbox 1600 1000 1693 1034; x_wconf 85' lang='lat' dir='ltr'>Prae-</span> 
     </span>
     <span class='ocr_line' id='line_1_64' title="bbox 958 1050 1691 1089; baseline 0.007 -8"><span class='ocrx_word' id='word_1_348' title='bbox 958 1050 1151 1089; x_wconf 80' lang='lat' dir='ltr'>scntatione,</span> <span class='ocrx_word' id='word_1_349' title='bbox 1188 1061 1246 1082; x_wconf 83' lang='lat' dir='ltr'>nec</span> <span class='ocrx_word' id='word_1_350' title='bbox 1277 1051 1308 1083; x_wconf 89' lang='lat' dir='ltr'>in</span> <span class='ocrx_word' id='word_1_351' title='bbox 1343 1051 1556 1085; x_wconf 85' lang='lat' dir='ltr'>Conversione</span> <span class='ocrx_word' id='word_1_352' title='bbox 1587 1053 1691 1086; x_wconf 73' lang='lat' dir='ltr'>&#39;sancti</span> 
     </span>
     <span class='ocr_line' id='line_1_65' title="bbox 960 1102 1690 1141; baseline 0.008 -8"><span class='ocrx_word' id='word_1_353' title='bbox 960 1102 1058 1141; x_wconf 79' lang='lat' dir='ltr'>Pauli,</span> <span class='ocrx_word' id='word_1_354' title='bbox 1085 1113 1143 1136; x_wconf 87' lang='lat' dir='ltr'>nec</span> <span class='ocrx_word' id='word_1_355' title='bbox 1167 1103 1198 1134; x_wconf 90' lang='lat' dir='ltr'>in</span> <span class='ocrx_word' id='word_1_356' title='bbox 1225 1103 1314 1135; x_wconf 81' lang='lat' dir='ltr'>sestis</span> <span class='ocrx_word' id='word_1_357' title='bbox 1340 1103 1386 1135; x_wconf 82' lang='lat' dir='ltr'>Ss.</span> <span class='ocrx_word' id='word_1_358' title='bbox 1415 1104 1585 1138; x_wconf 83' lang='lat' dir='ltr'>doctorum</span> <span class='ocrx_word' id='word_1_359' title='bbox 1615 1105 1690 1139; x_wconf 83' lang='lat' dir='ltr'>Gre-</span> 
     </span>
     <span class='ocr_line' id='line_1_66' title="bbox 959 1156 1689 1201; baseline 0.004 -14"><span class='ocrx_word' id='word_1_360' title='bbox 959 1156 1056 1197; x_wconf 71' lang='lat' dir='ltr'>gorii,</span> <span class='ocrx_word' id='word_1_361' title='bbox 1082 1156 1255 1195; x_wconf 79' lang='lat' dir='ltr'>Ambrosii,</span> <span class='ocrx_word' id='word_1_362' title='bbox 1283 1156 1459 1198; x_wconf 82' lang='lat' dir='ltr'>Augustini,</span> <span class='ocrx_word' id='word_1_363' title='bbox 1486 1157 1689 1201; x_wconf 73' lang='lat' dir='ltr'>Hieronymi,</span> 
     </span>
     <span class='ocr_line' id='line_1_67' title="bbox 960 1208 1690 1249; baseline 0.005 -9"><span class='ocrx_word' id='word_1_364' title='bbox 960 1219 1016 1241; x_wconf 88' lang='lat' dir='ltr'>uec</span> <span class='ocrx_word' id='word_1_365' title='bbox 1041 1208 1073 1240; x_wconf 93' lang='lat' dir='ltr'>in</span> <span class='ocrx_word' id='word_1_366' title='bbox 1098 1209 1186 1242; x_wconf 81' lang='lat' dir='ltr'>sestis</span> <span class='ocrx_word' id='word_1_367' title='bbox 1211 1209 1257 1241; x_wconf 63' lang='grc' dir='ltr'>ὃς.</span> <span class='ocrx_word' id='word_1_368' title='bbox 1286 1209 1450 1249; x_wconf 85' lang='lat' dir='ltr'>Bernardi‚</span> <span class='ocrx_word' id='word_1_369' title='bbox 1483 1209 1624 1244; x_wconf 83' lang='lat' dir='ltr'>Thomae</span> <span class='ocrx_word' id='word_1_370' title='bbox 1651 1212 1690 1244; x_wconf 73' lang='lat' dir='ltr'>(le</span> 
     </span>
     <span class='ocr_line' id='line_1_68' title="bbox 960 1261 1688 1303; baseline 0.004 -11"><span class='ocrx_word' id='word_1_371' title='bbox 960 1261 1102 1303; x_wconf 71' lang='lat' dir='ltr'>Aquino,</span> <span class='ocrx_word' id='word_1_372' title='bbox 1128 1261 1286 1303; x_wconf 74' lang='lat' dir='ltr'>Agatliae,</span> <span class='ocrx_word' id='word_1_373' title='bbox 1313 1261 1503 1294; x_wconf 84' lang='lat' dir='ltr'>Catharinae</span> <span class='ocrx_word' id='word_1_374' title='bbox 1529 1263 1688 1303; x_wconf 75' lang='lat' dir='ltr'>martvris,</span> 
     </span>
     <span class='ocr_line' id='line_1_69' title="bbox 959 1314 1691 1358; baseline 0.004 -13"><span class='ocrx_word' id='word_1_375' title='bbox 959 1317 989 1347; x_wconf 89' lang='lat' dir='ltr'>et</span> <span class='ocrx_word' id='word_1_376' title='bbox 1013 1314 1272 1347; x_wconf 84' lang='lat' dir='ltr'>Undecimillium</span> <span class='ocrx_word' id='word_1_377' title='bbox 1298 1314 1481 1356; x_wconf 68' lang='lat' dir='ltr'>Virgilium,</span> <span class='ocrx_word' id='word_1_378' title='bbox 1509 1315 1573 1358; x_wconf 83' lang='lat' dir='ltr'>qui,</span> <span class='ocrx_word' id='word_1_379' title='bbox 1592 1316 1617 1348; x_wconf 89' lang='lat' dir='ltr'>si</span> <span class='ocrx_word' id='word_1_380' title='bbox 1636 1316 1691 1348; x_wconf 89' lang='lat' dir='ltr'>ha—</span> 
     </span>
     <span class='ocr_line' id='line_1_70' title="bbox 958 1366 1691 1410; baseline 0.005 -12"><span class='ocrx_word' id='word_1_381' title='bbox 958 1366 1058 1400; x_wconf 85' lang='lat' dir='ltr'>bitant</span> <span class='ocrx_word' id='word_1_382' title='bbox 1078 1368 1109 1399; x_wconf 91' lang='lat' dir='ltr'>in</span> <span class='ocrx_word' id='word_1_383' title='bbox 1139 1367 1244 1410; x_wconf 78' lang='lat' dir='ltr'>aliqua</span> <span class='ocrx_word' id='word_1_384' title='bbox 1270 1368 1436 1410; x_wconf 79' lang='lat' dir='ltr'>parochia,</span> <span class='ocrx_word' id='word_1_385' title='bbox 1467 1379 1499 1401; x_wconf 91' lang='lat' dir='ltr'>se</span> <span class='ocrx_word' id='word_1_386' title='bbox 1528 1369 1592 1401; x_wconf 90' lang='lat' dir='ltr'>illis</span> <span class='ocrx_word' id='word_1_387' title='bbox 1619 1380 1691 1402; x_wconf 87' lang='lat' dir='ltr'>con-</span> 
     </span>
     <span class='ocr_line' id='line_1_71' title="bbox 959 1420 1689 1463; baseline 0.004 -12"><span class='ocrx_word' id='word_1_388' title='bbox 959 1420 1097 1452; x_wconf 75' lang='lat' dir='ltr'>formare</span> <span class='ocrx_word' id='word_1_389' title='bbox 1124 1420 1253 1459; x_wconf 80' lang='lat' dir='ltr'>debent,</span> <span class='ocrx_word' id='word_1_390' title='bbox 1272 1430 1343 1452; x_wconf 87' lang='lat' dir='ltr'>cum</span> <span class='ocrx_word' id='word_1_391' title='bbox 1361 1421 1476 1463; x_wconf 75' lang='lat' dir='ltr'>quibus</span> <span class='ocrx_word' id='word_1_392' title='bbox 1497 1425 1634 1462; x_wconf 88' lang='lat' dir='ltr'>manent,</span> <span class='ocrx_word' id='word_1_393' title='bbox 1657 1422 1689 1454; x_wconf 91' lang='lat' dir='ltr'>in</span> 
     </span>
     <span class='ocr_line' id='line_1_72' title="bbox 959 1468 1556 1506; baseline 0.003 -3"><span class='ocrx_word' id='word_1_394' title='bbox 959 1472 1046 1505; x_wconf 81' lang='lat' dir='ltr'>sestis</span> <span class='ocrx_word' id='word_1_395' title='bbox 1071 1472 1215 1505; x_wconf 85' lang='lat' dir='ltr'>colendis</span> <span class='ocrx_word' id='word_1_396' title='bbox 1234 1468 1283 1505; x_wconf 74' lang='lat' dir='ltr'>vel</span> <span class='ocrx_word' id='word_1_397' title='bbox 1310 1483 1375 1504; x_wconf 90' lang='lat' dir='ltr'>non</span> <span class='ocrx_word' id='word_1_398' title='bbox 1401 1474 1556 1506; x_wconf 88' lang='lat' dir='ltr'>colendis.</span> 
     </span>
    </p>

    <p class='ocr_par' dir='ltr' id='par_1_13' title="bbox 957 1524 1691 1672">
     <span class='ocr_line' id='line_1_73' title="bbox 1000 1524 1691 1559; baseline 0.004 -3"><span class='ocrx_word' id='word_1_399' title='bbox 1000 1535 1029 1556; x_wconf 83' lang='lat' dir='ltr'>x.</span> <span class='ocrx_word' id='word_1_400' title='bbox 1056 1524 1225 1557; x_wconf 89' lang='lat' dir='ltr'>Constituti</span> <span class='ocrx_word' id='word_1_401' title='bbox 1251 1528 1357 1558; x_wconf 88' lang='lat' dir='ltr'>autem</span> <span class='ocrx_word' id='word_1_402' title='bbox 1383 1525 1414 1557; x_wconf 89' lang='lat' dir='ltr'>in</span> <span class='ocrx_word' id='word_1_403' title='bbox 1441 1525 1556 1558; x_wconf 89' lang='lat' dir='ltr'>itinere</span> <span class='ocrx_word' id='word_1_404' title='bbox 1575 1526 1691 1559; x_wconf 86' lang='lat' dir='ltr'>diebus</span> 
     </span>
     <span class='ocr_line' id='line_1_74' title="bbox 959 1577 1690 1620; baseline 0.004 -11"><span class='ocrx_word' id='word_1_405' title='bbox 959 1577 1077 1609; x_wconf 78' lang='lat' dir='ltr'>sestivis</span> <span class='ocrx_word' id='word_1_406' title='bbox 1101 1577 1228 1609; x_wconf 88' lang='lat' dir='ltr'>Ordinis</span> <span class='ocrx_word' id='word_1_407' title='bbox 1253 1577 1364 1611; x_wconf 87' lang='lat' dir='ltr'>missas</span> <span class='ocrx_word' id='word_1_408' title='bbox 1385 1578 1495 1611; x_wconf 86' lang='lat' dir='ltr'>audire</span> <span class='ocrx_word' id='word_1_409' title='bbox 1514 1579 1643 1620; x_wconf 87' lang='lat' dir='ltr'>debent,</span> <span class='ocrx_word' id='word_1_410' title='bbox 1663 1580 1690 1612; x_wconf 87' lang='lat' dir='ltr'>si</span> 
     </span>
     <span class='ocr_line' id='line_1_75' title="bbox 957 1634 1102 1672; baseline 0 -11"><span class='ocrx_word' id='word_1_411' title='bbox 957 1634 1102 1672; x_wconf 72' lang='lat' dir='ltr'>possunt.</span> 
     </span>
    </p>

    <p class='ocr_par' dir='ltr' id='par_1_14' title="bbox 954 1681 1883 2397">
     <span class='ocr_line' id='line_1_76' title="bbox 1002 1681 1691 1726; baseline 0.004 -12"><span class='ocrx_word' id='word_1_412' title='bbox 1002 1692 1022 1714; x_wconf 85' lang='lat'>1.</span> <span class='ocrx_word' id='word_1_413' title='bbox 1050 1681 1083 1714; x_wconf 89' lang='lat' dir='ltr'>ln</span> <span class='ocrx_word' id='word_1_414' title='bbox 1110 1681 1253 1713; x_wconf 84' lang='lat' dir='ltr'>Adventu</span> <span class='ocrx_word' id='word_1_415' title='bbox 1281 1681 1598 1726; x_wconf 78' lang='lat' dir='ltr'>etQuinquagesima</span> <span class='ocrx_word' id='word_1_416' title='bbox 1616 1695 1691 1718; x_wconf 90' lang='lat' dir='ltr'>con-</span> 
     </span>
     <span class='ocr_line' id='line_1_77' title="bbox 958 1734 1786 1791; baseline 0.006 -26"><span class='ocrx_word' id='word_1_417' title='bbox 958 1734 1039 1766; x_wconf 81' lang='lat' dir='ltr'>versi</span> <span class='ocrx_word' id='word_1_418' title='bbox 1065 1744 1123 1776; x_wconf 81' lang='lat' dir='ltr'>pei</span> <span class='ocrx_word' id='word_1_419' title='bbox 1147 1734 1292 1776; x_wconf 78' lang='lat' dir='ltr'>singulas</span> <span class='ocrx_word' id='word_1_420' title='bbox 1317 1735 1537 1768; x_wconf 85' lang='lat' dir='ltr'>hebdomadas</span> <span class='ocrx_word' id='word_1_421' title='bbox 1570 1736 1772 1791; x_wconf 45' lang='lat' dir='ltr'>singulisrmw·</span> <span class='ocrx_word' id='word_1_422' title='bbox 1761 1754 1786 1766; x_wconf 89' lang='grc' dir='ltr'>ιιι</span> 
     </span>
     <span class='ocr_line' id='line_1_78' title="bbox 958 1772 1787 1830; baseline 0.008 -13"><span class='ocrx_word' id='word_1_423' title='bbox 958 1786 1100 1823; x_wconf 79' lang='lat' dir='ltr'>s1n⁰ulis</span> <span class='ocrx_word' id='word_1_424' title='bbox 1126 1787 1289 1829; x_wconf 88' lang='lat' dir='ltr'>accipiunt</span> <span class='ocrx_word' id='word_1_425' title='bbox 1313 1787 1500 1830; x_wconf 83' lang='lat' dir='ltr'>disciplinas</span> <span class='ocrx_word' id='word_1_426' title='bbox 1535 1789 1567 1821; x_wconf 93' lang='lat' dir='ltr'>in</span> <span class='ocrx_word' id='word_1_427' title='bbox 1593 1772 1732 1823; x_wconf 53' lang='lat' dir='ltr'>domoiii</span> <span class='ocrx_word' id='word_1_428' title='bbox 1730 1774 1787 1819; x_wconf 62' lang='lat' dir='ltr'>*iiiiii</span> 
     </span>
     <span class='ocr_line' id='line_1_79' title="bbox 957 1830 1883 1884; baseline 0.005 -12"><span class='ocrx_word' id='word_1_429' title='bbox 957 1839 1099 1872; x_wconf 72' lang='lat' dir='ltr'>iut&#39;eiioii</span> <span class='ocrx_word' id='word_1_430' title='bbox 1132 1839 1162 1871; x_wconf 91' lang='lat' dir='ltr'>in</span> <span class='ocrx_word' id='word_1_431' title='bbox 1188 1840 1324 1872; x_wconf 79' lang='lat' dir='ltr'>ecclesia</span> <span class='ocrx_word' id='word_1_432' title='bbox 1349 1841 1387 1872; x_wconf 84' lang='lat' dir='ltr'>de</span> <span class='ocrx_word' id='word_1_433' title='bbox 1413 1851 1506 1873; x_wconf 87' lang='lat' dir='ltr'>manu</span> <span class='ocrx_word' id='word_1_434' title='bbox 1536 1852 1689 1884; x_wconf 76' lang='lat' dir='ltr'>procuia-</span> <span class='ocrx_word' id='word_1_435' title='bbox 1700 1830 1781 1877; x_wconf 50' lang='grc' dir='ltr'>ιῗιῖιιῖιι·</span> <span class='ocrx_word' id='word_1_436' title='bbox 1785 1832 1883 1872; x_wconf 47' lang='grc' dir='ltr'>ιιιιῖιυιίἶΙῐι</span> 
     </span>
     <span class='ocr_line' id='line_1_80' title="bbox 958 1892 1689 1935; baseline 0.005 -10"><span class='ocrx_word' id='word_1_437' title='bbox 958 1892 1043 1932; x_wconf 74' lang='lat' dir='ltr'>toris,</span> <span class='ocrx_word' id='word_1_438' title='bbox 1062 1892 1153 1924; x_wconf 86' lang='lat' dir='ltr'>dictis</span> <span class='ocrx_word' id='word_1_439' title='bbox 1171 1892 1334 1925; x_wconf 85' lang='lat' dir='ltr'>matutinis</span> <span class='ocrx_word' id='word_1_440' title='bbox 1360 1903 1419 1935; x_wconf 88' lang='lat' dir='ltr'>per</span> <span class='ocrx_word' id='word_1_441' title='bbox 1444 1903 1528 1926; x_wconf 88' lang='lat' dir='ltr'>eum.</span> <span class='ocrx_word' id='word_1_442' title='bbox 1555 1894 1586 1927; x_wconf 86' lang='lat' dir='ltr'>Si</span> <span class='ocrx_word' id='word_1_443' title='bbox 1612 1906 1689 1929; x_wconf 84' lang='lat' dir='ltr'>veio</span> 
     </span>
     <span class='ocr_line' id='line_1_81' title="bbox 957 1944 1688 1993; baseline 0.004 -16"><span class='ocrx_word' id='word_1_444' title='bbox 957 1955 1021 1977; x_wconf 91' lang='lat' dir='ltr'>non</span> <span class='ocrx_word' id='word_1_445' title='bbox 1058 1944 1203 1993; x_wconf 77' lang='lat' dir='ltr'>interfuit</span> <span class='ocrx_word' id='word_1_446' title='bbox 1242 1950 1450 1986; x_wconf 78' lang='lat' dir='ltr'>procurator,</span> <span class='ocrx_word' id='word_1_447' title='bbox 1487 1946 1595 1980; x_wconf 87' lang='lat' dir='ltr'>dicant</span> <span class='ocrx_word' id='word_1_448' title='bbox 1629 1959 1688 1990; x_wconf 89' lang='lat' dir='ltr'>pro</span> 
     </span>
     <span class='ocr_line' id='line_1_82' title="bbox 958 1996 1689 2039; baseline 0.005 -10"><span class='ocrx_word' id='word_1_449' title='bbox 958 1996 1128 2039; x_wconf 74' lang='lat' dir='ltr'>disciplina</span> <span class='ocrx_word' id='word_1_450' title='bbox 1163 2002 1212 2028; x_wconf 88' lang='lat' dir='ltr'>ter</span> <span class='ocrx_word' id='word_1_451' title='bbox 1236 1997 1335 2029; x_wconf 70' lang='lat' dir='ltr'>Pater</span> <span class='ocrx_word' id='word_1_452' title='bbox 1359 2001 1463 2029; x_wconf 77' lang='lat' dir='ltr'>noster</span> <span class='ocrx_word' id='word_1_453' title='bbox 1488 2004 1519 2030; x_wconf 91' lang='lat' dir='ltr'>et</span> <span class='ocrx_word' id='word_1_454' title='bbox 1551 2003 1597 2032; x_wconf 84' lang='lat' dir='ltr'>ter</span> <span class='ocrx_word' id='word_1_455' title='bbox 1622 2000 1689 2033; x_wconf 83' lang='lat' dir='ltr'>Ave</span> 
     </span>
     <span class='ocr_line' id='line_1_83' title="bbox 956 2049 1689 2092; baseline 0.008 -12"><span class='ocrx_word' id='word_1_456' title='bbox 956 2049 1065 2081; x_wconf 75' lang='lat' dir='ltr'>Maria</span> <span class='ocrx_word' id='word_1_457' title='bbox 1096 2059 1167 2081; x_wconf 92' lang='lat' dir='ltr'>cum</span> <span class='ocrx_word' id='word_1_458' title='bbox 1202 2059 1218 2080; x_wconf 92' lang='lat' dir='ltr'>a</span> <span class='ocrx_word' id='word_1_459' title='bbox 1243 2053 1449 2092; x_wconf 87' lang='lat' dir='ltr'>procuratore</span> <span class='ocrx_word' id='word_1_460' title='bbox 1475 2051 1570 2083; x_wconf 82' lang='lat' dir='ltr'>datur</span> <span class='ocrx_word' id='word_1_461' title='bbox 1595 2052 1689 2086; x_wconf 90' lang='lat' dir='ltr'>disci·</span> 
     </span>
     <span class='ocr_line' id='line_1_84' title="bbox 956 2101 1686 2147; baseline 0.007 -14"><span class='ocrx_word' id='word_1_462' title='bbox 956 2102 1054 2144; x_wconf 88' lang='lat' dir='ltr'>plina.</span> <span class='ocrx_word' id='word_1_463' title='bbox 1082 2101 1115 2133; x_wconf 93' lang='lat' dir='ltr'>In</span> <span class='ocrx_word' id='word_1_464' title='bbox 1141 2101 1236 2134; x_wconf 89' lang='lat' dir='ltr'>domo</span> <span class='ocrx_word' id='word_1_465' title='bbox 1258 2112 1334 2134; x_wconf 89' lang='lat' dir='ltr'>vero</span> <span class='ocrx_word' id='word_1_466' title='bbox 1352 2103 1510 2145; x_wconf 87' lang='lat' dir='ltr'>superiori</span> <span class='ocrx_word' id='word_1_467' title='bbox 1532 2114 1548 2136; x_wconf 88' lang='lat' dir='ltr'>a</span> <span class='ocrx_word' id='word_1_468' title='bbox 1568 2105 1686 2147; x_wconf 88' lang='lat' dir='ltr'>priore,</span> 
     </span>
     <span class='ocr_line' id='line_1_85' title="bbox 955 2154 1686 2198; baseline 0.008 -13"><span class='ocrx_word' id='word_1_469' title='bbox 955 2156 1015 2193; x_wconf 82' lang='lat' dir='ltr'>vel,</span> <span class='ocrx_word' id='word_1_470' title='bbox 1037 2164 1073 2186; x_wconf 87' lang='lat' dir='ltr'>eo</span> <span class='ocrx_word' id='word_1_471' title='bbox 1094 2154 1239 2193; x_wconf 85' lang='lat' dir='ltr'>absente,</span> <span class='ocrx_word' id='word_1_472' title='bbox 1266 2164 1283 2186; x_wconf 91' lang='lat' dir='ltr'>a</span> <span class='ocrx_word' id='word_1_473' title='bbox 1307 2155 1438 2195; x_wconf 86' lang='lat' dir='ltr'>vicario,</span> <span class='ocrx_word' id='word_1_474' title='bbox 1467 2160 1539 2188; x_wconf 89' lang='lat' dir='ltr'>ante</span> <span class='ocrx_word' id='word_1_475' title='bbox 1564 2156 1686 2198; x_wconf 82' lang='lat' dir='ltr'>laudes,</span> 
     </span>
     <span class='ocr_line' id='line_1_86' title="bbox 955 2206 1688 2249; baseline 0.005 -10"><span class='ocrx_word' id='word_1_476' title='bbox 955 2206 1143 2249; x_wconf 87' lang='lat' dir='ltr'>disciplinas</span> <span class='ocrx_word' id='word_1_477' title='bbox 1168 2206 1339 2248; x_wconf 88' lang='lat' dir='ltr'>recipiunt.</span> <span class='ocrx_word' id='word_1_478' title='bbox 1366 2207 1399 2239; x_wconf 89' lang='lat' dir='ltr'>ld</span> <span class='ocrx_word' id='word_1_479' title='bbox 1424 2212 1529 2240; x_wconf 86' lang='lat' dir='ltr'>autem</span> <span class='ocrx_word' id='word_1_480' title='bbox 1551 2208 1586 2241; x_wconf 77' lang='lat' dir='ltr'>sn</span> <span class='ocrx_word' id='word_1_481' title='bbox 1610 2210 1688 2243; x_wconf 73' lang='lat' dir='ltr'>seria</span> 
     </span>
     <span class='ocr_line' id='line_1_87' title="bbox 955 2258 1688 2303; baseline 0.005 -12"><span class='ocrx_word' id='word_1_482' title='bbox 955 2259 1105 2297; x_wconf 82' lang='lat' dir='ltr'>secunda,</span> <span class='ocrx_word' id='word_1_483' title='bbox 1138 2258 1198 2290; x_wconf 90' lang='lat' dir='ltr'>nisi</span> <span class='ocrx_word' id='word_1_484' title='bbox 1225 2263 1300 2291; x_wconf 90' lang='lat' dir='ltr'>tunc</span> <span class='ocrx_word' id='word_1_485' title='bbox 1332 2259 1447 2291; x_wconf 82' lang='lat' dir='ltr'>festum</span> <span class='ocrx_word' id='word_1_486' title='bbox 1480 2260 1610 2303; x_wconf 88' lang='lat' dir='ltr'>capituli</span> <span class='ocrx_word' id='word_1_487' title='bbox 1635 2272 1688 2295; x_wconf 90' lang='lat' dir='ltr'>oc-</span> 
     </span>
     <span class='ocr_line' id='line_1_88' title="bbox 954 2311 1687 2354; baseline 0.004 -10"><span class='ocrx_word' id='word_1_488' title='bbox 954 2317 1077 2351; x_wconf 84' lang='lat' dir='ltr'>currat,</span> <span class='ocrx_word' id='word_1_489' title='bbox 1111 2311 1143 2343; x_wconf 95' lang='lat' dir='ltr'>in</span> <span class='ocrx_word' id='word_1_490' title='bbox 1168 2321 1232 2354; x_wconf 89' lang='lat' dir='ltr'>quo</span> <span class='ocrx_word' id='word_1_491' title='bbox 1257 2322 1331 2344; x_wconf 86' lang='lat' dir='ltr'>casu</span> <span class='ocrx_word' id='word_1_492' title='bbox 1355 2312 1394 2345; x_wconf 92' lang='lat' dir='ltr'>ad</span> <span class='ocrx_word' id='word_1_493' title='bbox 1420 2313 1533 2346; x_wconf 83' lang='lat' dir='ltr'>seriam</span> <span class='ocrx_word' id='word_1_494' title='bbox 1559 2314 1687 2348; x_wconf 81' lang='lat' dir='ltr'>tertiam</span> 
     </span>
     <span class='ocr_line' id='line_1_89' title="bbox 955 2364 1114 2397; baseline -0.006 0"><span class='ocrx_word' id='word_1_495' title='bbox 955 2364 1114 2397; x_wconf 76' lang='lat' dir='ltr'>differtur.</span> 
     </span>
    </p>

    <p class='ocr_par' dir='ltr' id='par_1_15' title="bbox 953 2417 1685 2567">
     <span class='ocr_line' id='line_1_90' title="bbox 998 2417 1685 2461; baseline 0.007 -11"><span class='ocrx_word' id='word_1_496' title='bbox 998 2427 1031 2451; x_wconf 90' lang='grc' dir='ltr'>ιι.</span> <span class='ocrx_word' id='word_1_497' title='bbox 1059 2417 1221 2457; x_wconf 87' lang='lat' dir='ltr'>Cinercm,</span> <span class='ocrx_word' id='word_1_498' title='bbox 1258 2418 1312 2461; x_wconf 90' lang='lat' dir='ltr'>qui</span> <span class='ocrx_word' id='word_1_499' title='bbox 1348 2419 1463 2452; x_wconf 87' lang='lat' dir='ltr'>adsunt</span> <span class='ocrx_word' id='word_1_500' title='bbox 1499 2419 1532 2452; x_wconf 94' lang='lat' dir='ltr'>in</span> <span class='ocrx_word' id='word_1_501' title='bbox 1567 2422 1685 2455; x_wconf 86' lang='lat' dir='ltr'>sacello</span> 
     </span>
     <span class='ocr_line' id='line_1_91' title="bbox 954 2469 1682 2514; baseline 0.004 -11"><span class='ocrx_word' id='word_1_502' title='bbox 954 2471 1064 2503; x_wconf 89' lang='lat' dir='ltr'>domus</span> <span class='ocrx_word' id='word_1_503' title='bbox 1088 2469 1261 2509; x_wconf 79' lang='lat' dir='ltr'>inferioris,</span> <span class='ocrx_word' id='word_1_504' title='bbox 1284 2470 1322 2502; x_wconf 88' lang='lat' dir='ltr'>de</span> <span class='ocrx_word' id='word_1_505' title='bbox 1346 2481 1440 2503; x_wconf 89' lang='lat' dir='ltr'>manu</span> <span class='ocrx_word' id='word_1_506' title='bbox 1463 2474 1682 2514; x_wconf 86' lang='lat' dir='ltr'>procuratoris</span> 
     </span>
     <span class='ocr_line' id='line_1_92' title="bbox 953 2521 1681 2567; baseline 0.005 -13"><span class='ocrx_word' id='word_1_507' title='bbox 953 2521 1117 2565; x_wconf 85' lang='lat' dir='ltr'>accipiant,</span> <span class='ocrx_word' id='word_1_508' title='bbox 1144 2521 1197 2565; x_wconf 92' lang='lat' dir='ltr'>qui</span> <span class='ocrx_word' id='word_1_509' title='bbox 1222 2532 1297 2555; x_wconf 89' lang='lat' dir='ltr'>vero</span> <span class='ocrx_word' id='word_1_510' title='bbox 1322 2523 1354 2555; x_wconf 92' lang='lat' dir='ltr'>in</span> <span class='ocrx_word' id='word_1_511' title='bbox 1380 2523 1475 2556; x_wconf 85' lang='lat' dir='ltr'>domo</span> <span class='ocrx_word' id='word_1_512' title='bbox 1505 2525 1681 2567; x_wconf 84' lang='lat' dir='ltr'>superiori,</span> 
     </span>
    </p>

    <p class='ocr_par' dir='ltr' id='par_1_16' title="bbox 953 2575 1680 2626">
     <span class='ocr_line' id='line_1_93' title="bbox 953 2575 1680 2626; baseline 0.004 -17"><span class='ocrx_word' id='word_1_513' title='bbox 953 2577 991 2611; x_wconf 87' lang='lat' dir='ltr'>‹le</span> <span class='ocrx_word' id='word_1_514' title='bbox 1016 2585 1113 2610; x_wconf 87' lang='lat' dir='ltr'>manu</span> <span class='ocrx_word' id='word_1_515' title='bbox 1137 2575 1312 2609; x_wconf 87' lang='lat' dir='ltr'>sacerdotis</span> <span class='ocrx_word' id='word_1_516' title='bbox 1337 2575 1600 2614; x_wconf 84' lang='lat' dir='ltr'>hebdomadarii:</span> <span class='ocrx_word' id='word_1_517' title='bbox 1626 2579 1680 2626; x_wconf 85' lang='lat' dir='ltr'>qui</span> 
     </span>
    </p>
   </div>
   <div class='ocr_carea' id='block_1_8' title="bbox 1728 1694 1884 1793">
    <p class='ocr_par' dir='ltr' id='par_1_17' title="bbox 1734 1694 1851 1715">
     <span class='ocr_line' id='line_1_94' title="bbox 1734 1694 1851 1715; baseline 0.017 -2"><span class='ocrx_word' id='word_1_518' title='bbox 1734 1694 1775 1714; x_wconf 72' lang='lat' dir='ltr'>CAr</span> <span class='ocrx_word' id='word_1_519' title='bbox 1765 1701 1802 1715; x_wconf 63' lang='grc' dir='ltr'>ΜΤ</span> <span class='ocrx_word' id='word_1_520' title='bbox 1818 1695 1851 1715; x_wconf 85' lang='lat' dir='ltr'>ill.</span> 
     </span>
    </p>

    <p class='ocr_par' dir='ltr' id='par_1_18' title="bbox 1728 1720 1884 1746">
     <span class='ocr_line' id='line_1_95' title="bbox 1728 1720 1884 1746; baseline 0.013 -6"><span class='ocrx_word' id='word_1_521' title='bbox 1728 1720 1755 1740; x_wconf 61' lang='lat' dir='ltr'>[in</span> <span class='ocrx_word' id='word_1_522' title='bbox 1772 1722 1783 1740; x_wconf 79' lang='grc' dir='ltr'>ιι</span> <span class='ocrx_word' id='word_1_523' title='bbox 1819 1723 1884 1746; x_wconf 66' lang='lat' dir='ltr'>utin-‘1</span> 
     </span>
    </p>

    <p class='ocr_par' dir='ltr' id='par_1_19' title="bbox 1796 1728 1883 1793">
     <span class='ocr_line' id='line_1_96' title="bbox 1796 1728 1883 1773; baseline 0.03 -8.636"><span class='ocrx_word' id='word_1_524' title='bbox 1796 1728 1830 1765; x_wconf 30' lang='grc' dir='ltr'>Νιλιι1</span> <span class='ocrx_word' id='word_1_525' title='bbox 1838 1754 1883 1773; x_wconf 77' lang='grc' dir='ltr'>μιι·</span> 
     </span>
     <span class='ocr_line' id='line_1_97' title="bbox 1836 1781 1874 1793; baseline -0.026 0"><span class='ocrx_word' id='word_1_526' title='bbox 1836 1783 1844 1793; x_wconf 51' lang='grc' dir='ltr'><strong><em>θ</em></strong></span> <span class='ocrx_word' id='word_1_527' title='bbox 1857 1781 1874 1792; x_wconf 66' lang='lat' dir='ltr'>:ti</span> 
     </span>
    </p>
   </div>
   <div class='ocr_carea' id='block_1_9' title="bbox 1785 1775 1883 1831">
    <p class='ocr_par' dir='ltr' id='par_1_20' title="bbox 1785 1775 1883 1831">
     <span class='ocr_line' id='line_1_98' title="bbox 1785 1775 1883 1831; baseline 0 1326"><span class='ocrx_word' id='word_1_528' title='bbox 1785 1775 1883 1831; x_wconf 95' lang='lat' dir='ltr'> </span> 
     </span>
    </p>
   </div>
  </div>
 </body>
</html>
