2111 3157
138 198 191 225 An.
208 197 237 225 c.
262 199 330 227 tss79
376 192 441 226 <2024

193 1519 202 1531 a.
225 1512 329 1532 electione

146 1540 297 1565 praelatorum,

332 256 459 283 sanctae
485 250 656 282 memoriae
682 248 801 281 Urbani
825 248 888 279 vlu
913 257 973 289 pro
1009 247 1063 279 Re-

334 303 476 335 formatis
501 302 667 345 incipienti
693 301 871 333 Militantis
894 299 1062 336 Ecclesiae,

333 355 391 387 sub
416 356 523 387 datum
549 355 599 387 die
624 365 633 387 1
659 353 803 386 octobris
831 352 906 384 anni
931 361 1062 391 innexu,

334 418 414 450 quae
446 407 553 439 onmia
585 406 718 438 omnino
758 404 960 437 observanda
991 409 1066 436 sunt

333 459 392 491 sub
416 459 530 501 poenis
556 457 587 490 in
606 458 726 490 eisdem
747 457 861 489 litteris
878 455 1064 499 apostolicis

333 511 513 553 contentis)
549 510 714 554 praedicta
752 514 872 542 statuta
910 513 1066 552 quantum

333 563 370 595 ad
396 563 505 596 omnia
528 563 567 595 ad
592 562 786 595 strictiorem
803 562 932 605 regulae
957 562 1067 594 obser-

333 615 482 655 vantiam,
498 616 680 658 regularem
691 615 904 658 disciplinam,
921 615 1068 657 frequen—

336 668 411 700 tiam
436 668 526 701 chori
560 673 591 700 et
623 668 770 700 mentalis
802 667 958 700 orationis
990 666 1068 698 assi-

335 721 504 761 stentiam,
542 720 685 753 omnium
722 719 985 753 communitatum
1017 718 1068 750 die

335 779 497 816 noctuque
516 773 647 806 omnino
664 778 696 805 et
713 772 1013 815 indispensabiliter
1030 772 1068 804 ab

336 826 484 858 omnibus
509 825 541 858 in
566 824 741 868 praedictis
760 824 970 856 conventibus
988 834 1070 855 eom-

336 878 536 911 morantibus
561 878 783 914 observentur,
814 876 856 907 ita
890 882 925 907 ut
949 876 981 907 in
1008 875 1070 907 illis

337 930 452 969 nullus,
471 940 534 962 non
559 930 669 961 valens
694 933 828 970 propter
853 927 1070 959 infirmitatem

338 992 541 1014 communem
555 981 642 1013 illam
656 981 751 1013 vitam
770 980 874 1023 sequi,
891 980 996 1022 possit
1008 980 1072 1011 col-

338 1034 450 1073 locari,
467 1039 499 1066 et
518 1033 572 1076 qui
598 1033 629 1065 in
658 1033 894 1075 praedictorum
921 1032 1072 1064 observa-

338 1085 425 1118 tione
451 1086 657 1118 defectuosus
683 1084 788 1124 fuerit,
812 1085 850 1115 ab
868 1084 945 1126 ipsis
966 1085 1074 1126 expel-

339 1140 433 1171 latur.
484 1138 653 1170 Monentur
692 1142 801 1169 autem
837 1137 1069 1179 provinciales,

339 1191 444 1234 quod,
471 1191 547 1223 duni
572 1201 637 1223 non
670 1190 852 1223 constiterit
883 1188 1072 1221 indubitatis

339 1243 531 1276 testimoniis
556 1242 588 1274 in
606 1242 780 1285 praedictis
798 1241 1006 1275 conventibus
1026 1250 1075 1272 re-

341 1295 565 1327 formationem
596 1305 667 1327 esse
694 1294 725 1326 in
751 1294 924 1337 pristinum
958 1298 1072 1324 statum

340 1348 521 1380 restitutam
553 1352 585 1380 et
620 1347 653 1379 in
690 1347 736 1379 eis
771 1347 936 1389 praedicta
967 1345 1074 1378 onmia

340 1400 532 1432 adamussim
557 1400 729 1438 observari,
755 1400 918 1432 licentiam
936 1398 1074 1430 novitios

340 1452 495 1485 induendi
519 1463 586 1485 non
611 1452 816 1484 obtinebunt.

384 1504 461 1543 Quia
487 1515 522 1537 ex
548 1505 633 1537 bona
664 1505 882 1547 praelatorum
914 1503 1075 1535 electione

340 1557 516 1599 praecipue
540 1556 662 1599 pendet
685 1555 853 1597 religionis
878 1556 1075 1594 reformatio,

341 1609 483 1641 districte
519 1608 731 1651 praecipitur,
767 1613 801 1639 ut
833 1608 1073 1649 guardianatus‚

340 1666 509 1703 ceteraque
535 1660 702 1701 regiminis
727 1659 832 1692 officia
856 1659 989 1691 omnino
1016 1659 1076 1691 dis-

341 1713 522 1744 tribuantur
547 1718 645 1754 prout
665 1712 747 1744 ratio
765 1712 955 1744 meritorum
981 1712 1076 1754 (sup-

340 1767 444 1808 posita
468 1765 613 1808 corporis
649 1765 857 1806 valetudine)
895 1765 1077 1797 cuiuscum-

342 1829 404 1861 que
430 1817 642 1860 promovendi
674 1823 704 1849 et
736 1818 856 1849 bonum
889 1817 1075 1859 provinciae

342 1870 492 1911 exegerit,
510 1871 601 1902 nullo
620 1870 730 1901 habito
747 1875 893 1911 respectu
913 1870 951 1901 ad
970 1875 1077 1912 patres

343 1932 569 1964 (moscumquo,
597 1922 651 1963 qui
677 1922 783 1953 officio
811 1922 909 1954 functi
935 1927 1009 1954 sunt
1029 1924 1077 1955 vel

344 1976 530 2015 funguntur,
549 1975 608 2006 sub
629 1976 741 2016 poena,
768 1974 959 2016 provinciali
985 1974 1078 2006 aliter

345 2026 550 2069 proponenti,
576 2026 802 2068 suspensionis
827 2026 866 2057 ab
892 2026 996 2058 officio
1022 2037 1080 2068 per

344 2084 517 2117 semestre,
544 2079 688 2120 patribus
721 2084 827 2110 autem
859 2079 926 2110 sive
952 2078 990 2110 de
1013 2088 1080 2110 cor-

344 2141 423 2173 pore
448 2130 620 2163 delinitorii
646 2130 710 2162 sive
743 2135 831 2163 extra
848 2130 928 2162 illud
949 2130 1079 2172 exigen-

345 2184 429 2215 tibus
455 2183 702 2225 guardianatum
739 2188 793 2215 ant
824 2183 909 2215 aliud
939 2183 1079 2216 officium

344 2245 419 2267 suae
444 2235 678 2274 satisfactionis,
711 2235 770 2267 sub
806 2237 911 2277 poena
934 2235 1080 2278 proprie-

345 2287 433 2319 tariis
458 2287 670 2330 praescripta.
694 2286 784 2324 Quod
810 2293 844 2319 ut
868 2288 1010 2319 exactius
1029 2287 1080 2319 ob-

344 2345 491 2373 servetur
515 2345 547 2372 et
570 2340 751 2372 contrariae
770 2341 959 2373 relaxationi
981 2351 1081 2373 reme-

346 2393 433 2425 dium
459 2398 653 2436 apponatur‚
682 2393 719 2425 de
746 2403 828 2425 novo
849 2393 1031 2425 admittitur
1051 2398 1081 2425 et

345 2445 515 2478 intimatur
538 2445 725 2477 constitutio
751 2451 881 2478 sanctae
907 2446 1080 2478 memoriae

346 2498 465 2531 Urbani
490 2497 552 2529 Vllt
580 2507 661 2539 quae
698 2498 811 2540 incipit
831 2498 1008 2530 Militantis
1024 2498 1081 2531 Ec-

347 2551 471 2587 clesiae,
488 2550 544 2581 sub
563 2550 669 2581 datum
689 2550 739 2582 die
759 2560 767 2583 t
783 2550 861 2582 iunii
874 2551 947 2584 anni
965 2560 1080 2589 nincxt,

905 199 1084 224 emmanu-ix
1104 194 1259 222 nonnum
1842 193 1892 220 An.
1910 192 1938 220 C.
1962 193 2030 221 1679
2061 177 2066 182 ”

1105 245 1322 278 communiter
1357 244 1515 286 appellata
1548 244 1613 276 Pro
1644 242 1839 275 restituendo

1105 297 1251 336 cando-re,
1276 307 1348 329 cum
1377 296 1527 329 omnibus
1547 295 1751 328 facultatibus
1773 301 1838 328 tum

1107 349 1363 382 eminentissimo
1390 348 1545 381 cardinali
1571 348 1755 391 protectori,
1774 353 1840 380 tum

1107 402 1255 434 ministro
1280 407 1311 434 et
1328 400 1549 433 commissario
1570 400 1775 442 generalibus
1808 400 1840 432 in

1108 457 1143 487 ea
1168 465 1225 498 pro
1250 454 1417 499 praedicto
1437 452 1580 486 remedio
1602 452 1774 485 efficaciter
1791 462 1844 495 ap-

1109 508 1262 550 ponendo
1288 507 1462 541 concessis.

1152 560 1229 592 Item
1252 560 1450 603 praecipitur
1480 559 1630 592 omnibus
1655 564 1687 591 et
1712 558 1843 602 quibus·
1879 573 1989 596 naseins.

1110 623 1247 656 cumque
1272 613 1417 656 patribus
1434 618 1465 645 et
1486 612 1646 651 fratribus,
1668 612 1844 644 cuiuscum-

1111 676 1173 708 que
1205 666 1269 698 sint
1305 665 1504 698 conditionis
1530 670 1561 697 et
1586 665 1757 708 qualitatis,
1784 664 1843 696 sub

1111 720 1216 761 poena
1240 718 1431 761 privationis
1456 724 1585 750 actuum
1622 717 1843 760 legitimorum

1112 781 1169 813 per
1194 771 1393 810 sexennium,
1418 776 1451 803 ut
1477 772 1583 803 nullus
1608 780 1720 803 eorum
1746 770 1847 813 possit

1113 824 1234 855 habere
1259 824 1298 856 ad
1323 834 1415 856 suum
1439 834 1531 855 usum
1552 823 1611 855 nisi
1630 823 1757 856 unicam
1783 825 1846 856 cel-

1113 876 1187 914 lam,
1213 886 1329 919 nempe
1366 876 1451 908 illius
1488 880 1673 915 conventus,
1710 875 1740 907 in
1781 886 1846 918 quo

1113 933 1259 959 moratur
1283 929 1322 960 de
1349 928 1475 967 familia,
1502 928 1569 960 sive
1594 928 1751 966 subditus,
1781 927 1847 960 sive

1114 981 1288 1022 praelatus.
1315 979 1489 1011 Guardiani
1515 984 1632 1019 autem,
1660 979 1718 1012 sub
1743 982 1848 1022 poena

1114 1032 1302 1075 privationis
1333 1031 1429 1064 officii
1445 1058 1452 1071 ‚
1480 1033 1594 1064 cellam
1619 1023 1848 1075 cuiuscumque

1115 1090 1240 1127 patrum
1266 1084 1298 1116 in
1324 1088 1481 1116 conventu
1506 1094 1564 1116 suo
1582 1084 1621 1116 de
1648 1084 1767 1116 familia
1784 1095 1849 1117 non

1115 1137 1382 1169 commorantium
1407 1136 1499 1168 alteri
1524 1136 1677 1178 religioso
1702 1136 1763 1168 sibi
1781 1137 1851 1169 sub-

1116 1189 1182 1221 dito
1217 1189 1408 1221 concedant.
1436 1188 1520 1226 Quae
1557 1189 1664 1221 omnia
1701 1189 1851 1221 minister

1116 1241 1321 1284 provincialis
1347 1241 1379 1272 in
1405 1242 1472 1273 suis
1496 1241 1733 1273 visitationibus
1754 1241 1851 1275 omni-

1118 1304 1157 1327 no
1183 1293 1349 1326 observari
1376 1293 1477 1332 faciat,
1503 1294 1561 1325 suh
1586 1296 1691 1336 poena
1717 1304 1853 1336 suspen-

1118 1346 1216 1379 sionis
1241 1346 1336 1378 officii
1361 1356 1420 1388 per
1444 1356 1497 1377 sex
1523 1355 1661 1378 menses.

1161 1399 1237 1431 Item
1263 1398 1413 1430 statuitur
1443 1398 1528 1440 quod
1547 1399 1655 1430 nullus
1681 1398 1755 1440 eligi
1777 1408 1852 1441 pos·
1889 1408 1918 1428 ne
1938 1407 2044 1437 prauam.

1117 1452 1157 1483 sit
1183 1451 1212 1483 in
1239 1452 1430 1493 praelatum,
1450 1450 1502 1492 qui
1524 1450 1621 1482 vitam
1645 1460 1851 1483 communem
1862 1441 1908 1482 iffi
1938 1436 2004 1460 ΨΜ
2020 1437 2043 1454 ‘¹'

1118 1515 1181 1537 non
1208 1510 1377 1546 sequatur,
1406 1504 1468 1535 hoe
1493 1507 1560 1543 est,
1588 1503 1641 1546 qui
1667 1503 1853 1546 frequenter

1118 1556 1249 1600 equitet,
1276 1567 1331 1588 seu
1357 1555 1588 1594 infirmitatem,
1618 1566 1681 1598 qua
1705 1557 1745 1588 ab
1771 1555 1854 1588 obli-

1118 1609 1245 1651 gatione
1263 1608 1427 1651 peditandi
1447 1613 1626 1647 excusetur,
1649 1608 1778 1648 habeat,
1798 1608 1852 1651 qui

1118 1661 1257 1693 camisiis
1293 1666 1346 1692 aut
1372 1660 1465 1692 lineis
1490 1665 1606 1700 utatur,
1631 1662 1680 1693 vel
1709 1661 1793 1703 apud
1819 1671 1852 1693 se

1118 1715 1167 1746 vel
1194 1714 1224 1745 in
1250 1715 1346 1752 lecto,
1375 1712 1428 1755 qui
1454 1713 1611 1744 calceatus
1635 1713 1776 1752 incedat,
1798 1713 1853 1756 qui

1118 1766 1238 1798 ieiunia
1251 1766 1414 1798 Ecclesiae
1441 1771 1468 1797 et
1497 1766 1627 1806 regulae
1653 1776 1719 1798 non
1745 1766 1854 1799 obser-

1118 1824 1178 1858 vet,
1204 1819 1257 1861 qui
1283 1818 1456 1860 aliquando
1482 1819 1564 1850 visus
1589 1818 1629 1849 sit
1653 1823 1853 1851 contrectare

1119 1871 1295 1913 pecunias,
1320 1871 1380 1902 nisi
1415 1871 1475 1902 iam
1502 1881 1560 1913 per
1591 1871 1767 1903 triennium
1793 1872 1855 1903 sal·
1899 1870 1902 1872 ’

1121 1930 1184 1956 tem
1217 1923 1404 1955 emendatus
1437 1923 1486 1962 sit,
1513 1923 1567 1966 qui
1591 1923 1781 1956 notabiliter
1816 1924 1857 1956 sit

1122 1976 1329 2008 defectuosus
1354 1976 1385 2006 in
1412 1976 1593 2008 assistendo
1618 1976 1856 2008 communitati-

1121 2028 1180 2059 bus
1206 2027 1296 2059 cliori
1324 2033 1356 2059 et
1380 2028 1553 2065 refectorii,
1581 2038 1616 2059 ac
1643 2028 1723 2067 aliis,
1759 2033 1857 2071 prout

1122 2080 1181 2112 sibi
1219 2080 1248 2111 in
1285 2080 1568 2112 constitutionibus
1606 2080 1852 2122 praescribitur.

1121 2133 1243 2165 Electio
1268 2138 1373 2164 autem
1412 2133 1518 2171 illius,
1557 2133 1610 2174 qui
1646 2132 1678 2164 in
1708 2132 1855 2165 omnibus

1122 2185 1308 2228 praemissis
1340 2185 1435 2216 vitain
1467 2195 1668 2217 communem
1706 2196 1769 2218 non
1806 2196 1856 2217 se-

1123 2242 1247 2279 quatur,
1266 2237 1421 2269 irritanda
1443 2237 1482 2270 sit
1503 2248 1518 2269 a
1537 2238 1679 2278 praelato
1702 2237 1854 2278 generali,

1123 2291 1216 2331 capta
1234 2289 1458 2321 informatione
1477 2289 1706 2321 extraiudiciali
1725 2300 1784 2331 pro
1802 2291 1856 2321 sua

1124 2341 1333 2379 conscientia,
1361 2341 1430 2373 sine
1461 2340 1595 2383 strepitu
1628 2341 1750 2380 iudicii,
1784 2351 1856 2373 cum

1124 2393 1259 2425 consilio
1275 2398 1395 2425 tantum
1413 2398 1444 2426 et
1461 2403 1590 2425 assensu
1610 2393 1704 2425 trium
1718 2398 1856 2436 patrum,

1124 2446 1176 2489 qui
1210 2446 1425 2488 provinciales
1458 2447 1508 2478 vel
1541 2446 1580 2477 ad
1609 2446 1714 2478 minus
1746 2447 1857 2479 desini-

1125 2504 1210 2530 tores
1236 2498 1419 2540 provinciae
1445 2498 1509 2530 sint
1525 2499 1573 2530 vel
1599 2498 1734 2539 fuerint;
1760 2509 1857 2541 super

1126 2560 1189 2595 quo
1215 2561 1324 2582 curum
1356 2550 1570 2583 conscientias
1601 2561 1789 2590 oneramus,
1816 2561 1857 2584 ne
