<?xml version="1.0" encoding="UTF-8"?>
<!DOCTYPE html PUBLIC "-//W3C//DTD XHTML 1.0 Transitional//EN"
    "http://www.w3.org/TR/xhtml1/DTD/xhtml1-transitional.dtd">
<html xmlns="http://www.w3.org/1999/xhtml" xml:lang="en" lang="en">
 <head>
  <title>
</title>
<meta http-equiv="Content-Type" content="text/html;charset=utf-8" />
  <meta name='ocr-system' content='tesseract 3.04.00' />
  <meta name='ocr-capabilities' content='ocr_page ocr_carea ocr_par ocr_line ocrx_word'/>
</head>
<body>
  <div class='ocr_page' id='page_1' title='image "./bullarumdiplomat19cath_0775.png"; bbox 0 0 2111 3157; ppageno 0'>
   <div class='ocr_carea' id='block_1_1' title="bbox 16 237 196 268">
    <p class='ocr_par' dir='ltr' id='par_1_1' title="bbox 16 237 196 268">
     <span class='ocr_line' id='line_1_1' title="bbox 16 237 196 268; baseline -0.017 -1"><span class='ocrx_word' id='word_1_1' title='bbox 16 240 64 268; x_wconf 60' lang='lat' dir='ltr'>Aw.</span> <span class='ocrx_word' id='word_1_2' title='bbox 85 239 113 265; x_wconf 89' lang='lat' dir='ltr'>C.</span> <span class='ocrx_word' id='word_1_3' title='bbox 134 237 196 265; x_wconf 66' lang='lat'>1⁶87</span> 
     </span>
    </p>
   </div>
   <div class='ocr_carea' id='block_1_2' title="bbox 191 285 934 2650">
    <p class='ocr_par' dir='ltr' id='par_1_2' title="bbox 203 285 934 531">
     <span class='ocr_line' id='line_1_2' title="bbox 205 285 933 327; baseline -0.003 -8"><span class='ocrx_word' id='word_1_4' title='bbox 205 287 385 327; x_wconf 87' lang='lat' dir='ltr'>communi,</span> <span class='ocrx_word' id='word_1_5' title='bbox 411 291 443 320; x_wconf 89' lang='lat' dir='ltr'>et</span> <span class='ocrx_word' id='word_1_6' title='bbox 465 286 490 320; x_wconf 89' lang='lat' dir='ltr'>si</span> <span class='ocrx_word' id='word_1_7' title='bbox 515 286 597 320; x_wconf 89' lang='lat' dir='ltr'>inter</span> <span class='ocrx_word' id='word_1_8' title='bbox 620 285 856 320; x_wconf 88' lang='lat' dir='ltr'>hebdomadam</span> <span class='ocrx_word' id='word_1_9' title='bbox 881 296 933 318; x_wconf 85' lang='lat' dir='ltr'>ac—</span> 
     </span>
     <span class='ocr_line' id='line_1_3' title="bbox 204 338 934 383; baseline -0.003 -11"><span class='ocrx_word' id='word_1_10' title='bbox 204 339 282 372; x_wconf 84' lang='lat' dir='ltr'>cidit</span> <span class='ocrx_word' id='word_1_11' title='bbox 306 340 412 383; x_wconf 85' lang='lat' dir='ltr'>aliqua</span> <span class='ocrx_word' id='word_1_12' title='bbox 443 340 599 373; x_wconf 88' lang='lat' dir='ltr'>solemnis</span> <span class='ocrx_word' id='word_1_13' title='bbox 630 339 788 379; x_wconf 74' lang='lat' dir='ltr'><strong>festivitas,</strong></span> <span class='ocrx_word' id='word_1_14' title='bbox 813 338 934 381; x_wconf 85' lang='lat' dir='ltr'>poterit</span> 
     </span>
     <span class='ocr_line' id='line_1_4' title="bbox 204 390 931 435; baseline -0.003 -11"><span class='ocrx_word' id='word_1_15' title='bbox 204 393 385 426; x_wconf 88' lang='lat' dir='ltr'>communio</span> <span class='ocrx_word' id='word_1_16' title='bbox 406 392 561 426; x_wconf 84' lang='lat' dir='ltr'>anteverti</span> <span class='ocrx_word' id='word_1_17' title='bbox 582 403 637 425; x_wconf 86' lang='lat' dir='ltr'>seu</span> <span class='ocrx_word' id='word_1_18' title='bbox 656 391 808 435; x_wconf 91' lang='lat' dir='ltr'>potsponi</span> <span class='ocrx_word' id='word_1_19' title='bbox 833 390 931 423; x_wconf 88' lang='lat' dir='ltr'>seriae</span> 
     </span>
     <span class='ocr_line' id='line_1_5' title="bbox 204 443 931 488; baseline -0.003 -11"><span class='ocrx_word' id='word_1_20' title='bbox 204 445 355 488; x_wconf 80' lang='lat' dir='ltr'><strong>quintae,</strong></span> <span class='ocrx_word' id='word_1_21' title='bbox 382 446 468 479; x_wconf 90' lang='lat' dir='ltr'>illam</span> <span class='ocrx_word' id='word_1_22' title='bbox 501 446 540 478; x_wconf 90' lang='lat' dir='ltr'>ad</span> <span class='ocrx_word' id='word_1_23' title='bbox 572 445 774 478; x_wconf 80' lang='lat' dir='ltr'>festivitatem</span> <span class='ocrx_word' id='word_1_24' title='bbox 798 443 931 477; x_wconf 81' lang='lat' dir='ltr'>transse-</span> 
     </span>
     <span class='ocr_line' id='line_1_6' title="bbox 203 499 317 531; baseline 0.009 -1"><span class='ocrx_word' id='word_1_25' title='bbox 203 499 317 531; x_wconf 88' lang='lat' dir='ltr'>rendo.</span> 
     </span>
    </p>

    <p class='ocr_par' dir='ltr' id='par_1_3' title="bbox 195 549 932 1108">
     <span class='ocr_line' id='line_1_7' title="bbox 246 549 931 594; baseline -0.004 -11"><span class='ocrx_word' id='word_1_26' title='bbox 246 550 277 583; x_wconf 72' lang='grc' dir='ltr'>ΕΞ.</span> <span class='ocrx_word' id='word_1_27' title='bbox 296 551 380 584; x_wconf 75' lang='lat' dir='ltr'>Hora</span> <span class='ocrx_word' id='word_1_28' title='bbox 408 551 550 584; x_wconf 77' lang='lat' dir='ltr'>secunda</span> <span class='ocrx_word' id='word_1_29' title='bbox 575 549 799 594; x_wconf 74' lang='lat' dir='ltr'>pomeridiana</span> <span class='ocrx_word' id='word_1_30' title='bbox 820 558 931 582; x_wconf 89' lang='lat' dir='ltr'>omnes</span> 
     </span>
     <span class='ocr_line' id='line_1_8' title="bbox 201 601 932 646; baseline -0.003 -10"><span class='ocrx_word' id='word_1_31' title='bbox 201 602 235 636; x_wconf 85' lang='lat' dir='ltr'>in</span> <span class='ocrx_word' id='word_1_32' title='bbox 259 603 397 636; x_wconf 76' lang='lat' dir='ltr'>ecelesia</span> <span class='ocrx_word' id='word_1_33' title='bbox 416 603 603 646; x_wconf 82' lang='lat' dir='ltr'>congregati</span> <span class='ocrx_word' id='word_1_34' title='bbox 624 602 803 635; x_wconf 83' lang='lat' dir='ltr'>recitabunt</span> <span class='ocrx_word' id='word_1_35' title='bbox 827 601 932 634; x_wconf 88' lang='lat' dir='ltr'>statio-</span> 
     </span>
     <span class='ocr_line' id='line_1_9' title="bbox 201 655 932 698; baseline -0.005 -8"><span class='ocrx_word' id='word_1_36' title='bbox 201 666 274 689; x_wconf 87' lang='lat' dir='ltr'>nem</span> <span class='ocrx_word' id='word_1_37' title='bbox 305 656 357 690; x_wconf 88' lang='lat' dir='ltr'>SS.</span> <span class='ocrx_word' id='word_1_38' title='bbox 385 657 598 696; x_wconf 87' lang='lat' dir='ltr'>Sacramenti,</span> <span class='ocrx_word' id='word_1_39' title='bbox 631 660 663 688; x_wconf 85' lang='lat' dir='ltr'>et</span> <span class='ocrx_word' id='word_1_40' title='bbox 686 660 759 698; x_wconf 89' lang='lat' dir='ltr'>post</span> <span class='ocrx_word' id='word_1_41' title='bbox 783 655 849 687; x_wconf 89' lang='lat' dir='ltr'>eius</span> <span class='ocrx_word' id='word_1_42' title='bbox 881 665 932 687; x_wconf 86' lang='lat' dir='ltr'>ve-</span> 
     </span>
     <span class='ocr_line' id='line_1_10' title="bbox 199 708 929 752; baseline -0.004 -11"><span class='ocrx_word' id='word_1_43' title='bbox 199 710 400 742; x_wconf 87' lang='lat' dir='ltr'>nerationem</span> <span class='ocrx_word' id='word_1_44' title='bbox 425 710 550 752; x_wconf 75' lang='lat' dir='ltr'>legetur</span> <span class='ocrx_word' id='word_1_45' title='bbox 574 719 670 740; x_wconf 89' lang='lat' dir='ltr'>unum</span> <span class='ocrx_word' id='word_1_46' title='bbox 696 708 870 750; x_wconf 78' lang='lat' dir='ltr'>capitulum</span> <span class='ocrx_word' id='word_1_47' title='bbox 894 718 929 739; x_wconf 77' lang='lat' dir='ltr'>ex</span> 
     </span>
     <span class='ocr_line' id='line_1_11' title="bbox 199 759 930 803; baseline -0.005 -9"><span class='ocrx_word' id='word_1_48' title='bbox 199 762 284 794; x_wconf 87' lang='lat' dir='ltr'>libro</span> <span class='ocrx_word' id='word_1_49' title='bbox 309 762 359 794; x_wconf 88' lang='lat' dir='ltr'>cui</span> <span class='ocrx_word' id='word_1_50' title='bbox 386 762 496 794; x_wconf 86' lang='lat' dir='ltr'>titulus</span> <span class='ocrx_word' id='word_1_51' title='bbox 523 762 726 803; x_wconf 74' lang='lat' dir='ltr'><em>Contemptus</em></span> <span class='ocrx_word' id='word_1_52' title='bbox 749 759 873 799; x_wconf 64' lang='lat' dir='ltr'>mundi,</span> <span class='ocrx_word' id='word_1_53' title='bbox 900 764 930 791; x_wconf 86' lang='lat' dir='ltr'>et</span> 
     </span>
     <span class='ocr_line' id='line_1_12' title="bbox 199 813 932 855; baseline -0.004 -9"><span class='ocrx_word' id='word_1_54' title='bbox 199 814 314 847; x_wconf 83' lang='lat' dir='ltr'>deinde</span> <span class='ocrx_word' id='word_1_55' title='bbox 342 825 453 847; x_wconf 86' lang='lat' dir='ltr'>omnes</span> <span class='ocrx_word' id='word_1_56' title='bbox 478 814 623 847; x_wconf 86' lang='lat' dir='ltr'>ordinate</span> <span class='ocrx_word' id='word_1_57' title='bbox 649 813 824 855; x_wconf 74' lang='lat' dir='ltr'>procedent</span> <span class='ocrx_word' id='word_1_58' title='bbox 848 813 932 854; x_wconf 89' lang='lat' dir='ltr'>psal-</span> 
     </span>
     <span class='ocr_line' id='line_1_13' title="bbox 197 865 932 908; baseline -0.003 -10"><span class='ocrx_word' id='word_1_59' title='bbox 197 876 283 898; x_wconf 92' lang='lat' dir='ltr'>mum</span> <span class='ocrx_word' id='word_1_60' title='bbox 308 866 458 898; x_wconf 72' lang='lat' dir='ltr'><em>Miserere</em></span> <span class='ocrx_word' id='word_1_61' title='bbox 481 866 652 898; x_wconf 84' lang='lat' dir='ltr'>recitantes</span> <span class='ocrx_word' id='word_1_62' title='bbox 669 876 769 908; x_wconf 87' lang='lat' dir='ltr'>usque</span> <span class='ocrx_word' id='word_1_63' title='bbox 791 865 829 897; x_wconf 90' lang='lat' dir='ltr'>ad</span> <span class='ocrx_word' id='word_1_64' title='bbox 849 865 932 896; x_wconf 77' lang='lat' dir='ltr'>vale-</span> 
     </span>
     <span class='ocr_line' id='line_1_14' title="bbox 199 917 932 961; baseline -0.003 -11"><span class='ocrx_word' id='word_1_65' title='bbox 199 918 395 950; x_wconf 86' lang='lat' dir='ltr'>tudinarium</span> <span class='ocrx_word' id='word_1_66' title='bbox 420 918 609 961; x_wconf 80' lang='lat' dir='ltr'>principale,</span> <span class='ocrx_word' id='word_1_67' title='bbox 628 923 659 950; x_wconf 90' lang='lat' dir='ltr'>et</span> <span class='ocrx_word' id='word_1_68' title='bbox 676 918 738 950; x_wconf 84' lang='lat' dir='ltr'>hoe</span> <span class='ocrx_word' id='word_1_69' title='bbox 756 917 846 949; x_wconf 88' lang='lat' dir='ltr'>finito</span> <span class='ocrx_word' id='word_1_70' title='bbox 860 927 932 960; x_wconf 88' lang='lat' dir='ltr'>par-</span> 
     </span>
     <span class='ocr_line' id='line_1_15' title="bbox 196 970 931 1003; baseline 0 -1"><span class='ocrx_word' id='word_1_71' title='bbox 196 970 278 1003; x_wconf 88' lang='lat' dir='ltr'>titim</span> <span class='ocrx_word' id='word_1_72' title='bbox 303 971 341 1002; x_wconf 87' lang='lat' dir='ltr'>ad</span> <span class='ocrx_word' id='word_1_73' title='bbox 366 970 428 1002; x_wconf 87' lang='lat' dir='ltr'>alia</span> <span class='ocrx_word' id='word_1_74' title='bbox 453 971 613 1003; x_wconf 82' lang='lat' dir='ltr'>divertent</span> <span class='ocrx_word' id='word_1_75' title='bbox 636 971 674 1002; x_wconf 91' lang='lat' dir='ltr'>ad</span> <span class='ocrx_word' id='word_1_76' title='bbox 692 970 887 1002; x_wconf 85' lang='lat' dir='ltr'>verrendum</span> <span class='ocrx_word' id='word_1_77' title='bbox 902 975 931 1002; x_wconf 90' lang='lat' dir='ltr'>et</span> 
     </span>
     <span class='ocr_line' id='line_1_16' title="bbox 197 1022 932 1055; baseline 0 -1"><span class='ocrx_word' id='word_1_78' title='bbox 197 1023 403 1055; x_wconf 87' lang='lat' dir='ltr'>sternendum</span> <span class='ocrx_word' id='word_1_79' title='bbox 439 1024 540 1055; x_wconf 89' lang='lat' dir='ltr'>lectos</span> <span class='ocrx_word' id='word_1_80' title='bbox 571 1022 773 1055; x_wconf 83' lang='lat' dir='ltr'>infirmorum</span> <span class='ocrx_word' id='word_1_81' title='bbox 806 1027 836 1054; x_wconf 89' lang='lat' dir='ltr'>et</span> <span class='ocrx_word' id='word_1_82' title='bbox 860 1032 932 1054; x_wconf 89' lang='lat' dir='ltr'>con-</span> 
     </span>
     <span class='ocr_line' id='line_1_17' title="bbox 195 1075 440 1108; baseline 0 -1"><span class='ocrx_word' id='word_1_83' title='bbox 195 1075 440 1108; x_wconf 79' lang='lat' dir='ltr'>valescentium.</span> 
     </span>
    </p>

    <p class='ocr_par' dir='ltr' id='par_1_4' title="bbox 191 1127 931 1802">
     <span class='ocr_line' id='line_1_18' title="bbox 249 1127 931 1171; baseline -0.001 -10"><span class='ocrx_word' id='word_1_84' title='bbox 249 1127 281 1161; x_wconf 80' lang='grc'>3.</span> <span class='ocrx_word' id='word_1_85' title='bbox 314 1128 400 1160; x_wconf 77' lang='lat' dir='ltr'>Hora</span> <span class='ocrx_word' id='word_1_86' title='bbox 434 1131 545 1171; x_wconf 77' lang='lat' dir='ltr'>quarta</span> <span class='ocrx_word' id='word_1_87' title='bbox 586 1139 655 1160; x_wconf 91' lang='lat' dir='ltr'>cum</span> <span class='ocrx_word' id='word_1_88' title='bbox 691 1128 821 1161; x_wconf 73' lang='lat' dir='ltr'>dimidia</span> <span class='ocrx_word' id='word_1_89' title='bbox 857 1133 931 1170; x_wconf 86' lang='lat' dir='ltr'>post</span> 
     </span>
     <span class='ocr_line' id='line_1_19' title="bbox 195 1179 931 1214; baseline 0.001 -3"><span class='ocrx_word' id='word_1_90' title='bbox 195 1179 363 1212; x_wconf 78' lang='lat' dir='ltr'>meridiem</span> <span class='ocrx_word' id='word_1_91' title='bbox 390 1180 576 1213; x_wconf 72' lang='lat' dir='ltr'>recitabitur</span> <span class='ocrx_word' id='word_1_92' title='bbox 596 1191 716 1213; x_wconf 85' lang='lat' dir='ltr'>corona</span> <span class='ocrx_word' id='word_1_93' title='bbox 734 1181 848 1214; x_wconf 83' lang='lat' dir='ltr'>Beatae</span> <span class='ocrx_word' id='word_1_94' title='bbox 867 1181 931 1212; x_wconf 73' lang='lat' dir='ltr'>Vir-</span> 
     </span>
     <span class='ocr_line' id='line_1_20' title="bbox 196 1232 930 1276; baseline 0.003 -12"><span class='ocrx_word' id='word_1_95' title='bbox 196 1232 280 1274; x_wconf 84' lang='lat' dir='ltr'>ginis</span> <span class='ocrx_word' id='word_1_96' title='bbox 307 1232 456 1266; x_wconf 81' lang='lat' dir='ltr'>dominae</span> <span class='ocrx_word' id='word_1_97' title='bbox 474 1238 601 1266; x_wconf 86' lang='lat' dir='ltr'>nostrae</span> <span class='ocrx_word' id='word_1_98' title='bbox 620 1239 745 1276; x_wconf 87' lang='lat' dir='ltr'>septem</span> <span class='ocrx_word' id='word_1_99' title='bbox 767 1233 930 1276; x_wconf 67' lang='lat' dir='ltr'>mysterio-</span> 
     </span>
     <span class='ocr_line' id='line_1_21' title="bbox 195 1285 929 1325; baseline 0.004 -9"><span class='ocrx_word' id='word_1_100' title='bbox 195 1295 276 1325; x_wconf 82' lang='lat' dir='ltr'>rum,</span> <span class='ocrx_word' id='word_1_101' title='bbox 300 1290 330 1317; x_wconf 91' lang='lat' dir='ltr'>et</span> <span class='ocrx_word' id='word_1_102' title='bbox 355 1285 484 1318; x_wconf 86' lang='lat' dir='ltr'>finietur</span> <span class='ocrx_word' id='word_1_103' title='bbox 507 1297 580 1318; x_wconf 84' lang='lat' dir='ltr'>cum</span> <span class='ocrx_word' id='word_1_104' title='bbox 600 1287 743 1319; x_wconf 85' lang='lat' dir='ltr'>examine</span> <span class='ocrx_word' id='word_1_105' title='bbox 762 1287 929 1319; x_wconf 83' lang='lat' dir='ltr'>conscien-</span> 
     </span>
     <span class='ocr_line' id='line_1_22' title="bbox 195 1337 930 1380; baseline 0.004 -12"><span class='ocrx_word' id='word_1_106' title='bbox 195 1337 256 1370; x_wconf 85' lang='lat' dir='ltr'>tiae</span> <span class='ocrx_word' id='word_1_107' title='bbox 281 1338 450 1380; x_wconf 78' lang='lat' dir='ltr'>quadranti</span> <span class='ocrx_word' id='word_1_108' title='bbox 480 1339 579 1371; x_wconf 88' lang='lat' dir='ltr'>horae</span> <span class='ocrx_word' id='word_1_109' title='bbox 603 1339 763 1378; x_wconf 86' lang='lat' dir='ltr'>duraturo,</span> <span class='ocrx_word' id='word_1_110' title='bbox 786 1345 816 1371; x_wconf 86' lang='lat' dir='ltr'>et</span> <span class='ocrx_word' id='word_1_111' title='bbox 838 1340 930 1371; x_wconf 78' lang='lat' dir='ltr'>adve-</span> 
     </span>
     <span class='ocr_line' id='line_1_23' title="bbox 193 1390 928 1432; baseline 0.001 -10"><span class='ocrx_word' id='word_1_112' title='bbox 193 1396 396 1432; x_wconf 77' lang='lat' dir='ltr'>sperascente</span> <span class='ocrx_word' id='word_1_113' title='bbox 416 1390 476 1429; x_wconf 89' lang='lat' dir='ltr'>die,</span> <span class='ocrx_word' id='word_1_114' title='bbox 496 1391 570 1424; x_wconf 89' lang='lat' dir='ltr'>dato</span> <span class='ocrx_word' id='word_1_115' title='bbox 595 1391 632 1424; x_wconf 85' lang='lat' dir='ltr'>ad</span> <span class='ocrx_word' id='word_1_116' title='bbox 659 1391 820 1423; x_wconf 83' lang='lat' dir='ltr'>orationes</span> <span class='ocrx_word' id='word_1_117' title='bbox 845 1402 928 1424; x_wconf 85' lang='lat' dir='ltr'>cam-</span> 
     </span>
     <span class='ocr_line' id='line_1_24' title="bbox 192 1442 927 1484; baseline 0.004 -11"><span class='ocrx_word' id='word_1_118' title='bbox 192 1452 296 1484; x_wconf 83' lang='lat' dir='ltr'>panae</span> <span class='ocrx_word' id='word_1_119' title='bbox 322 1442 431 1484; x_wconf 83' lang='lat' dir='ltr'>signo,</span> <span class='ocrx_word' id='word_1_120' title='bbox 459 1443 634 1476; x_wconf 84' lang='lat' dir='ltr'>habebitur</span> <span class='ocrx_word' id='word_1_121' title='bbox 658 1454 719 1476; x_wconf 85' lang='lat' dir='ltr'>una</span> <span class='ocrx_word' id='word_1_122' title='bbox 745 1444 826 1476; x_wconf 85' lang='lat' dir='ltr'>hora</span> <span class='ocrx_word' id='word_1_123' title='bbox 850 1454 927 1477; x_wconf 87' lang='lat' dir='ltr'>ora—</span> 
     </span>
     <span class='ocr_line' id='line_1_25' title="bbox 192 1494 926 1539; baseline 0.004 -13"><span class='ocrx_word' id='word_1_124' title='bbox 192 1494 289 1527; x_wconf 83' lang='lat' dir='ltr'>tionis</span> <span class='ocrx_word' id='word_1_125' title='bbox 314 1495 482 1535; x_wconf 73' lang='lat' dir='ltr'>mentalis,</span> <span class='ocrx_word' id='word_1_126' title='bbox 510 1496 549 1528; x_wconf 86' lang='lat' dir='ltr'>ad</span> <span class='ocrx_word' id='word_1_127' title='bbox 575 1506 668 1539; x_wconf 87' lang='lat' dir='ltr'>quam</span> <span class='ocrx_word' id='word_1_128' title='bbox 696 1502 814 1539; x_wconf 86' lang='lat' dir='ltr'>puncta</span> <span class='ocrx_word' id='word_1_129' title='bbox 841 1497 926 1529; x_wconf 11' lang='lat' dir='ltr'>talahit</span> 
     </span>
     <span class='ocr_line' id='line_1_26' title="bbox 192 1547 925 1592; baseline 0.004 -14"><span class='ocrx_word' id='word_1_130' title='bbox 192 1547 290 1579; x_wconf 80' lang='lat' dir='ltr'>frater</span> <span class='ocrx_word' id='word_1_131' title='bbox 314 1548 496 1590; x_wconf 70' lang='lat' dir='ltr'>praefectus</span> <span class='ocrx_word' id='word_1_132' title='bbox 521 1560 555 1581; x_wconf 84' lang='lat' dir='ltr'>ex</span> <span class='ocrx_word' id='word_1_133' title='bbox 581 1560 645 1581; x_wconf 91' lang='lat' dir='ltr'>uno</span> <span class='ocrx_word' id='word_1_134' title='bbox 670 1550 844 1588; x_wconf 80' lang='lat' dir='ltr'>librorum,</span> <span class='ocrx_word' id='word_1_135' title='bbox 873 1550 925 1592; x_wconf 83' lang='lat' dir='ltr'>qui</span> 
     </span>
     <span class='ocr_line' id='line_1_27' title="bbox 193 1599 928 1645; baseline 0.003 -13"><span class='ocrx_word' id='word_1_136' title='bbox 193 1599 232 1632; x_wconf 87' lang='lat' dir='ltr'>de</span> <span class='ocrx_word' id='word_1_137' title='bbox 257 1600 317 1633; x_wconf 86' lang='lat' dir='ltr'>hac</span> <span class='ocrx_word' id='word_1_138' title='bbox 343 1606 441 1643; x_wconf 78' lang='lat' dir='ltr'>agunt</span> <span class='ocrx_word' id='word_1_139' title='bbox 465 1602 606 1641; x_wconf 77' lang='lat' dir='ltr'>materia,</span> <span class='ocrx_word' id='word_1_140' title='bbox 629 1607 660 1634; x_wconf 88' lang='lat' dir='ltr'>et</span> <span class='ocrx_word' id='word_1_141' title='bbox 676 1608 745 1634; x_wconf 89' lang='lat' dir='ltr'>sunt</span> <span class='ocrx_word' id='word_1_142' title='bbox 762 1608 853 1645; x_wconf 80' lang='lat' dir='ltr'>pater</span> <span class='ocrx_word' id='word_1_143' title='bbox 870 1603 928 1634; x_wconf 83' lang='lat' dir='ltr'>sra-</span> 
     </span>
     <span class='ocr_line' id='line_1_28' title="bbox 191 1653 926 1698; baseline 0.003 -13"><span class='ocrx_word' id='word_1_144' title='bbox 191 1657 240 1685; x_wconf 82' lang='lat' dir='ltr'>ter</span> <span class='ocrx_word' id='word_1_145' title='bbox 263 1653 442 1686; x_wconf 86' lang='lat' dir='ltr'>Ludovieus</span> <span class='ocrx_word' id='word_1_146' title='bbox 478 1654 702 1694; x_wconf 81' lang='lat' dir='ltr'>Granatensis,</span> <span class='ocrx_word' id='word_1_147' title='bbox 729 1661 820 1698; x_wconf 88' lang='lat' dir='ltr'>pater</span> <span class='ocrx_word' id='word_1_148' title='bbox 844 1655 926 1687; x_wconf 74' lang='lat' dir='ltr'>&#39;l&#39;ho-</span> 
     </span>
     <span class='ocr_line' id='line_1_29' title="bbox 192 1706 925 1749; baseline 0.004 -11"><span class='ocrx_word' id='word_1_149' title='bbox 192 1716 260 1738; x_wconf 88' lang='lat' dir='ltr'>mas</span> <span class='ocrx_word' id='word_1_150' title='bbox 288 1706 326 1739; x_wconf 88' lang='lat' dir='ltr'>de</span> <span class='ocrx_word' id='word_1_151' title='bbox 351 1706 552 1747; x_wconf 71' lang='lat' dir='ltr'>Villacastin,</span> <span class='ocrx_word' id='word_1_152' title='bbox 577 1707 757 1747; x_wconf 86' lang='lat' dir='ltr'>Falconius,</span> <span class='ocrx_word' id='word_1_153' title='bbox 780 1711 833 1741; x_wconf 88' lang='lat' dir='ltr'>aut</span> <span class='ocrx_word' id='word_1_154' title='bbox 857 1709 925 1749; x_wconf 77' lang='lat' dir='ltr'>alii;</span> 
     </span>
     <span class='ocr_line' id='line_1_30' title="bbox 191 1758 881 1802; baseline 0.001 -12"><span class='ocrx_word' id='word_1_155' title='bbox 191 1758 355 1802; x_wconf 82' lang='lat' dir='ltr'>finemque</span> <span class='ocrx_word' id='word_1_156' title='bbox 381 1758 549 1802; x_wconf 87' lang='lat' dir='ltr'>imponent</span> <span class='ocrx_word' id='word_1_157' title='bbox 574 1765 644 1792; x_wconf 84' lang='lat' dir='ltr'>actu</span> <span class='ocrx_word' id='word_1_158' title='bbox 666 1760 881 1793; x_wconf 67' lang='lat' dir='ltr'>contritionis,</span> 
     </span>
    </p>

    <p class='ocr_par' dir='ltr' id='par_1_5' title="bbox 191 1811 928 2220">
     <span class='ocr_line' id='line_1_31' title="bbox 236 1811 927 1855; baseline 0.003 -11"><span class='ocrx_word' id='word_1_159' title='bbox 236 1812 250 1855; x_wconf 62' lang='grc' dir='ltr'><strong>ἓ</strong></span> <span class='ocrx_word' id='word_1_160' title='bbox 277 1811 309 1844; x_wconf 69' lang='grc'>4.</span> <span class='ocrx_word' id='word_1_161' title='bbox 336 1811 529 1844; x_wconf 72' lang='lat' dir='ltr'>Duodecima</span> <span class='ocrx_word' id='word_1_162' title='bbox 554 1815 711 1845; x_wconf 76' lang='lat' dir='ltr'>nocturna</span> <span class='ocrx_word' id='word_1_163' title='bbox 735 1819 869 1855; x_wconf 78' lang='lat' dir='ltr'>surgent</span> <span class='ocrx_word' id='word_1_164' title='bbox 893 1824 927 1846; x_wconf 86' lang='lat' dir='ltr'>o-</span> 
     </span>
     <span class='ocr_line' id='line_1_32' title="bbox 191 1864 928 1908; baseline 0.001 -12"><span class='ocrx_word' id='word_1_165' title='bbox 191 1874 282 1897; x_wconf 89' lang='lat' dir='ltr'>mnes</span> <span class='ocrx_word' id='word_1_166' title='bbox 309 1864 465 1907; x_wconf 79' lang='lat' dir='ltr'>(exceptis</span> <span class='ocrx_word' id='word_1_167' title='bbox 489 1865 569 1904; x_wconf 89' lang='lat' dir='ltr'>illis,</span> <span class='ocrx_word' id='word_1_168' title='bbox 597 1865 650 1907; x_wconf 82' lang='lat' dir='ltr'>qui</span> <span class='ocrx_word' id='word_1_169' title='bbox 683 1867 861 1908; x_wconf 79' lang='lat' dir='ltr'>superioris</span> <span class='ocrx_word' id='word_1_170' title='bbox 887 1866 928 1898; x_wconf 93' lang='lat' dir='ltr'>iu-</span> 
     </span>
     <span class='ocr_line' id='line_1_33' title="bbox 193 1917 925 1961; baseline 0.003 -11"><span class='ocrx_word' id='word_1_171' title='bbox 193 1917 276 1950; x_wconf 89' lang='lat' dir='ltr'>dicio</span> <span class='ocrx_word' id='word_1_172' title='bbox 297 1917 440 1960; x_wconf 76' lang='lat' dir='ltr'>legitime</span> <span class='ocrx_word' id='word_1_173' title='bbox 458 1918 577 1950; x_wconf 88' lang='lat' dir='ltr'>suerint</span> <span class='ocrx_word' id='word_1_174' title='bbox 594 1918 764 1961; x_wconf 86' lang='lat' dir='ltr'>impediti),</span> <span class='ocrx_word' id='word_1_175' title='bbox 779 1924 810 1952; x_wconf 84' lang='lat' dir='ltr'>et</span> <span class='ocrx_word' id='word_1_176' title='bbox 832 1921 925 1953; x_wconf 88' lang='lat' dir='ltr'>simul</span> 
     </span>
     <span class='ocr_line' id='line_1_34' title="bbox 191 1969 926 2005; baseline 0.005 -4"><span class='ocrx_word' id='word_1_177' title='bbox 191 1969 223 2002; x_wconf 91' lang='lat' dir='ltr'>in</span> <span class='ocrx_word' id='word_1_178' title='bbox 249 1970 383 2003; x_wconf 78' lang='lat' dir='ltr'>ecclesia</span> <span class='ocrx_word' id='word_1_179' title='bbox 415 1970 594 2003; x_wconf 80' lang='lat' dir='ltr'>recitabunt</span> <span class='ocrx_word' id='word_1_180' title='bbox 626 1982 778 2004; x_wconf 83' lang='lat' dir='ltr'>coronam</span> <span class='ocrx_word' id='word_1_181' title='bbox 812 1973 926 2005; x_wconf 77' lang='lat' dir='ltr'>Beatae</span> 
     </span>
     <span class='ocr_line' id='line_1_35' title="bbox 191 2022 926 2067; baseline 0.004 -12"><span class='ocrx_word' id='word_1_182' title='bbox 191 2022 306 2055; x_wconf 87' lang='lat' dir='ltr'>Mariae</span> <span class='ocrx_word' id='word_1_183' title='bbox 328 2022 467 2064; x_wconf 74' lang='lat' dir='ltr'>Virginis</span> <span class='ocrx_word' id='word_1_184' title='bbox 492 2033 562 2055; x_wconf 86' lang='lat' dir='ltr'>eum</span> <span class='ocrx_word' id='word_1_185' title='bbox 589 2024 788 2056; x_wconf 80' lang='lat' dir='ltr'>orationihus</span> <span class='ocrx_word' id='word_1_186' title='bbox 816 2036 926 2067; x_wconf 83' lang='lat' dir='ltr'>appro-</span> 
     </span>
     <span class='ocr_line' id='line_1_36' title="bbox 191 2075 927 2110; baseline 0.001 -1"><span class='ocrx_word' id='word_1_187' title='bbox 191 2075 274 2109; x_wconf 83' lang='lat' dir='ltr'>batis</span> <span class='ocrx_word' id='word_1_188' title='bbox 300 2076 337 2107; x_wconf 87' lang='lat' dir='ltr'>de</span> <span class='ocrx_word' id='word_1_189' title='bbox 366 2075 545 2108; x_wconf 87' lang='lat' dir='ltr'>Imitatione</span> <span class='ocrx_word' id='word_1_190' title='bbox 565 2076 727 2109; x_wconf 70' lang='lat' dir='ltr'>Passionis</span> <span class='ocrx_word' id='word_1_191' title='bbox 748 2078 818 2109; x_wconf 87' lang='lat' dir='ltr'>lesu</span> <span class='ocrx_word' id='word_1_192' title='bbox 836 2078 927 2110; x_wconf 80' lang='lat' dir='ltr'>Chri-</span> 
     </span>
     <span class='ocr_line' id='line_1_37' title="bbox 193 2127 927 2173; baseline 0.003 -13"><span class='ocrx_word' id='word_1_193' title='bbox 193 2127 244 2167; x_wconf 87' lang='lat' dir='ltr'>sti,</span> <span class='ocrx_word' id='word_1_194' title='bbox 264 2133 359 2170; x_wconf 85' lang='lat' dir='ltr'>prout</span> <span class='ocrx_word' id='word_1_195' title='bbox 378 2133 449 2160; x_wconf 86' lang='lat' dir='ltr'>sunt</span> <span class='ocrx_word' id='word_1_196' title='bbox 467 2127 499 2160; x_wconf 87' lang='lat' dir='ltr'>in</span> <span class='ocrx_word' id='word_1_197' title='bbox 516 2128 631 2160; x_wconf 86' lang='lat' dir='ltr'>diurno</span> <span class='ocrx_word' id='word_1_198' title='bbox 652 2130 771 2162; x_wconf 84' lang='lat' dir='ltr'>tenoris</span> <span class='ocrx_word' id='word_1_199' title='bbox 793 2141 927 2173; x_wconf 81' lang='lat' dir='ltr'>sequeu-</span> 
     </span>
     <span class='ocr_line' id='line_1_38' title="bbox 192 2180 436 2220; baseline -0.004 -8"><span class='ocrx_word' id='word_1_200' title='bbox 192 2180 240 2220; x_wconf 78' lang='lat' dir='ltr'>tis,</span> <span class='ocrx_word' id='word_1_201' title='bbox 266 2180 436 2212; x_wconf 77' lang='lat' dir='ltr'>videlicet:</span> 
     </span>
    </p>

    <p class='ocr_par' dir='ltr' id='par_1_6' title="bbox 193 2232 927 2483">
     <span class='ocr_line' id='line_1_39' title="bbox 242 2232 926 2273; baseline 0.006 -10"><span class='ocrx_word' id='word_1_202' title='bbox 242 2244 255 2263; x_wconf 66' lang='grc' dir='ltr'><em>α</em></span> <span class='ocrx_word' id='word_1_203' title='bbox 275 2232 298 2265; x_wconf 93' lang='grc' dir='ltr'>Ο</span> <span class='ocrx_word' id='word_1_204' title='bbox 324 2232 457 2265; x_wconf 83' lang='lat' dir='ltr'>Domine</span> <span class='ocrx_word' id='word_1_205' title='bbox 480 2232 547 2265; x_wconf 83' lang='lat' dir='ltr'>lesu</span> <span class='ocrx_word' id='word_1_206' title='bbox 566 2232 701 2273; x_wconf 78' lang='lat' dir='ltr'>Christe,</span> <span class='ocrx_word' id='word_1_207' title='bbox 722 2235 822 2267; x_wconf 88' lang='lat' dir='ltr'>adoro</span> <span class='ocrx_word' id='word_1_208' title='bbox 849 2241 877 2267; x_wconf 86' lang='lat' dir='ltr'>te</span> <span class='ocrx_word' id='word_1_209' title='bbox 896 2236 926 2267; x_wconf 88' lang='lat' dir='ltr'>in</span> 
     </span>
     <span class='ocr_line' id='line_1_40' title="bbox 194 2285 925 2330; baseline 0.004 -12"><span class='ocrx_word' id='word_1_210' title='bbox 194 2296 289 2318; x_wconf 85' lang='lat' dir='ltr'>cruce</span> <span class='ocrx_word' id='word_1_211' title='bbox 315 2285 527 2328; x_wconf 81' lang='lat' dir='ltr'>pendentem,</span> <span class='ocrx_word' id='word_1_212' title='bbox 554 2291 585 2317; x_wconf 89' lang='lat' dir='ltr'>et</span> <span class='ocrx_word' id='word_1_213' title='bbox 608 2296 758 2320; x_wconf 86' lang='lat' dir='ltr'>coronam</span> <span class='ocrx_word' id='word_1_214' title='bbox 783 2287 925 2330; x_wconf 82' lang='lat' dir='ltr'>spineam</span> 
     </span>
     <span class='ocr_line' id='line_1_41' title="bbox 193 2338 927 2381; baseline 0.004 -11"><span class='ocrx_word' id='word_1_215' title='bbox 193 2338 226 2370; x_wconf 92' lang='lat' dir='ltr'>in</span> <span class='ocrx_word' id='word_1_216' title='bbox 251 2338 354 2381; x_wconf 89' lang='lat' dir='ltr'>eapite</span> <span class='ocrx_word' id='word_1_217' title='bbox 379 2344 580 2380; x_wconf 82' lang='lat' dir='ltr'>portantem:</span> <span class='ocrx_word' id='word_1_218' title='bbox 607 2339 766 2381; x_wconf 84' lang='lat' dir='ltr'>deprecor</span> <span class='ocrx_word' id='word_1_219' title='bbox 783 2348 811 2373; x_wconf 86' lang='lat' dir='ltr'>tc</span> <span class='ocrx_word' id='word_1_220' title='bbox 829 2346 862 2372; x_wconf 90' lang='lat' dir='ltr'>ut</span> <span class='ocrx_word' id='word_1_221' title='bbox 879 2351 927 2373; x_wconf 86' lang='lat' dir='ltr'>me</span> 
     </span>
     <span class='ocr_line' id='line_1_42' title="bbox 195 2391 925 2434; baseline 0.004 -11"><span class='ocrx_word' id='word_1_222' title='bbox 195 2396 248 2423; x_wconf 88' lang='lat' dir='ltr'>tua</span> <span class='ocrx_word' id='word_1_223' title='bbox 272 2401 348 2423; x_wconf 79' lang='lat' dir='ltr'>crux</span> <span class='ocrx_word' id='word_1_224' title='bbox 374 2391 491 2423; x_wconf 82' lang='lat' dir='ltr'>liberet</span> <span class='ocrx_word' id='word_1_225' title='bbox 515 2391 553 2423; x_wconf 88' lang='lat' dir='ltr'>ab</span> <span class='ocrx_word' id='word_1_226' title='bbox 578 2392 694 2432; x_wconf 82' lang='lat' dir='ltr'>angelo</span> <span class='ocrx_word' id='word_1_227' title='bbox 713 2393 925 2434; x_wconf 81' lang='lat' dir='ltr'>percutiente.</span> 
     </span>
     <span class='ocr_line' id='line_1_43' title="bbox 197 2443 808 2483; baseline 0.002 -8"><span class='ocrx_word' id='word_1_228' title='bbox 197 2443 307 2476; x_wconf 83' lang='lat' dir='ltr'>Amen.</span> <span class='ocrx_word' id='word_1_229' title='bbox 335 2444 434 2476; x_wconf 78' lang='lat' dir='ltr'>Pater</span> <span class='ocrx_word' id='word_1_230' title='bbox 457 2447 575 2483; x_wconf 77' lang='lat' dir='ltr'>noster,</span> <span class='ocrx_word' id='word_1_231' title='bbox 601 2444 667 2476; x_wconf 76' lang='lat' dir='ltr'>Ave</span> <span class='ocrx_word' id='word_1_232' title='bbox 690 2443 808 2476; x_wconf 75' lang='lat' dir='ltr'>Maria.</span> 
     </span>
    </p>

    <p class='ocr_par' dir='ltr' id='par_1_7' title="bbox 197 2495 927 2650">
     <span class='ocr_line' id='line_1_44' title="bbox 245 2495 925 2536; baseline 0.007 -10"><span class='ocrx_word' id='word_1_233' title='bbox 245 2508 257 2526; x_wconf 70' lang='grc' dir='ltr'>ι(</span> <span class='ocrx_word' id='word_1_234' title='bbox 282 2495 305 2528; x_wconf 91' lang='lat' dir='ltr'>O</span> <span class='ocrx_word' id='word_1_235' title='bbox 329 2495 461 2528; x_wconf 80' lang='lat' dir='ltr'>Domine</span> <span class='ocrx_word' id='word_1_236' title='bbox 477 2495 544 2528; x_wconf 87' lang='lat' dir='ltr'>lesu</span> <span class='ocrx_word' id='word_1_237' title='bbox 563 2495 698 2536; x_wconf 84' lang='lat' dir='ltr'>Christe,</span> <span class='ocrx_word' id='word_1_238' title='bbox 724 2497 823 2530; x_wconf 90' lang='lat' dir='ltr'>adoro</span> <span class='ocrx_word' id='word_1_239' title='bbox 845 2503 873 2531; x_wconf 87' lang='lat' dir='ltr'>te</span> <span class='ocrx_word' id='word_1_240' title='bbox 894 2499 925 2531; x_wconf 86' lang='lat' dir='ltr'>in</span> 
     </span>
     <span class='ocr_line' id='line_1_45' title="bbox 197 2549 925 2593; baseline 0.004 -12"><span class='ocrx_word' id='word_1_241' title='bbox 197 2558 288 2582; x_wconf 82' lang='lat' dir='ltr'>cruce</span> <span class='ocrx_word' id='word_1_242' title='bbox 304 2550 513 2589; x_wconf 85' lang='lat' dir='ltr'>vulneratum,</span> <span class='ocrx_word' id='word_1_243' title='bbox 530 2549 601 2582; x_wconf 83' lang='lat' dir='ltr'>selle</span> <span class='ocrx_word' id='word_1_244' title='bbox 615 2554 646 2581; x_wconf 90' lang='lat' dir='ltr'>et</span> <span class='ocrx_word' id='word_1_245' title='bbox 662 2555 750 2583; x_wconf 83' lang='lat' dir='ltr'>aceto</span> <span class='ocrx_word' id='word_1_246' title='bbox 767 2555 925 2593; x_wconf 81' lang='lat' dir='ltr'>potatum;</span> 
     </span>
     <span class='ocr_line' id='line_1_46' title="bbox 198 2601 927 2650; baseline 0.007 -16"><span class='ocrx_word' id='word_1_247' title='bbox 198 2601 354 2650; x_wconf 65' lang='lat' dir='ltr'>deprecor</span> <span class='ocrx_word' id='word_1_248' title='bbox 386 2607 417 2635; x_wconf 88' lang='lat' dir='ltr'>te</span> <span class='ocrx_word' id='word_1_249' title='bbox 441 2608 476 2635; x_wconf 89' lang='lat' dir='ltr'>ut</span> <span class='ocrx_word' id='word_1_250' title='bbox 506 2603 640 2635; x_wconf 84' lang='lat' dir='ltr'>vulnera</span> <span class='ocrx_word' id='word_1_251' title='bbox 665 2608 717 2636; x_wconf 83' lang='lat' dir='ltr'>tua</span> <span class='ocrx_word' id='word_1_252' title='bbox 740 2603 857 2647; x_wconf 81' lang='lat' dir='ltr'>sintin</span> <span class='ocrx_word' id='word_1_253' title='bbox 882 2615 927 2639; x_wconf 80' lang='lat' dir='ltr'>re-</span> 
     </span>
    </p>
   </div>
   <div class='ocr_carea' id='block_1_3' title="bbox 783 236 1122 262">
    <p class='ocr_par' dir='ltr' id='par_1_8' title="bbox 783 236 1122 262">
     <span class='ocr_line' id='line_1_47' title="bbox 783 236 1122 262; baseline -0.003 -1"><span class='ocrx_word' id='word_1_254' title='bbox 783 236 996 262; x_wconf 78' lang='lat' dir='ltr'>tNNOCENTms</span> <span class='ocrx_word' id='word_1_255' title='bbox 1017 237 1049 260; x_wconf 66' lang='lat' dir='ltr'>m</span> <span class='ocrx_word' id='word_1_256' title='bbox 1072 236 1122 260; x_wconf 72' lang='lat' dir='ltr'>Pr.</span> 
     </span>
    </p>
   </div>
   <div class='ocr_carea' id='block_1_4' title="bbox 944 1279 952 2625">
    <p class='ocr_par' dir='ltr' id='par_1_9' title="bbox 944 1279 952 2625">
     <span class='ocr_line' id='line_1_48' title="bbox 944 1279 952 2625; baseline 0 0"><span class='ocrx_word' id='word_1_257' title='bbox 944 1279 952 2625; x_wconf 95' lang='lat' dir='ltr'> </span> 
     </span>
    </p>
   </div>
   <div class='ocr_carea' id='block_1_5' title="bbox 967 283 1716 2638">
    <p class='ocr_par' dir='ltr' id='par_1_10' title="bbox 974 283 1707 377">
     <span class='ocr_line' id='line_1_49' title="bbox 974 283 1707 318; baseline -0.001 -2"><span class='ocrx_word' id='word_1_258' title='bbox 974 285 1114 317; x_wconf 84' lang='lat' dir='ltr'>medium</span> <span class='ocrx_word' id='word_1_259' title='bbox 1151 283 1275 318; x_wconf 86' lang='lat' dir='ltr'>animae</span> <span class='ocrx_word' id='word_1_260' title='bbox 1313 292 1416 318; x_wconf 86' lang='lat' dir='ltr'>meae.</span> <span class='ocrx_word' id='word_1_261' title='bbox 1457 283 1571 316; x_wconf 78' lang='lat' dir='ltr'>Amen.</span> <span class='ocrx_word' id='word_1_262' title='bbox 1607 283 1707 316; x_wconf 80' lang='lat' dir='ltr'>Pater</span> 
     </span>
     <span class='ocr_line' id='line_1_50' title="bbox 974 337 1318 377; baseline 0.003 -8"><span class='ocrx_word' id='word_1_263' title='bbox 974 341 1089 377; x_wconf 80' lang='lat' dir='ltr'>noster,</span> <span class='ocrx_word' id='word_1_264' title='bbox 1116 337 1183 370; x_wconf 81' lang='lat' dir='ltr'>Ave</span> <span class='ocrx_word' id='word_1_265' title='bbox 1199 337 1318 370; x_wconf 81' lang='lat' dir='ltr'>Maria.</span> 
     </span>
    </p>

    <p class='ocr_par' dir='ltr' id='par_1_11' title="bbox 972 390 1708 797">
     <span class='ocr_line' id='line_1_51' title="bbox 1022 390 1705 434; baseline 0.003 -13"><span class='ocrx_word' id='word_1_266' title='bbox 1022 402 1034 420; x_wconf 69' lang='grc' dir='ltr'><strong><em>α</em></strong></span> <span class='ocrx_word' id='word_1_267' title='bbox 1048 390 1071 422; x_wconf 92' lang='lat' dir='ltr'>O</span> <span class='ocrx_word' id='word_1_268' title='bbox 1085 390 1219 434; x_wconf 84' lang='lat' dir='ltr'>Domine</span> <span class='ocrx_word' id='word_1_269' title='bbox 1234 391 1304 423; x_wconf 89' lang='lat' dir='ltr'>lesu</span> <span class='ocrx_word' id='word_1_270' title='bbox 1319 390 1453 431; x_wconf 88' lang='lat' dir='ltr'>Christe,</span> <span class='ocrx_word' id='word_1_271' title='bbox 1471 396 1605 433; x_wconf 90' lang='lat' dir='ltr'>propter</span> <span class='ocrx_word' id='word_1_272' title='bbox 1617 390 1705 423; x_wconf 85' lang='lat' dir='ltr'>illam</span> 
     </span>
     <span class='ocr_line' id='line_1_52' title="bbox 972 441 1706 486; baseline 0.003 -12"><span class='ocrx_word' id='word_1_273' title='bbox 972 441 1229 483; x_wconf 82' lang='lat' dir='ltr'>amaritudinem,</span> <span class='ocrx_word' id='word_1_274' title='bbox 1256 453 1351 486; x_wconf 88' lang='lat' dir='ltr'>quam</span> <span class='ocrx_word' id='word_1_275' title='bbox 1375 454 1434 486; x_wconf 88' lang='lat' dir='ltr'>pro</span> <span class='ocrx_word' id='word_1_276' title='bbox 1455 453 1506 475; x_wconf 88' lang='lat' dir='ltr'>me</span> <span class='ocrx_word' id='word_1_277' title='bbox 1524 442 1706 476; x_wconf 88' lang='lat' dir='ltr'>miserrimo</span> 
     </span>
     <span class='ocr_line' id='line_1_53' title="bbox 973 495 1704 535; baseline 0.004 -10"><span class='ocrx_word' id='word_1_278' title='bbox 973 495 1149 527; x_wconf 81' lang='lat' dir='ltr'>sustinuisti</span> <span class='ocrx_word' id='word_1_279' title='bbox 1174 495 1206 527; x_wconf 93' lang='lat' dir='ltr'>in</span> <span class='ocrx_word' id='word_1_280' title='bbox 1224 505 1318 528; x_wconf 88' lang='lat' dir='ltr'>cruce</span> <span class='ocrx_word' id='word_1_281' title='bbox 1330 522 1338 535; x_wconf 90' lang='lat'>,</span> <span class='ocrx_word' id='word_1_282' title='bbox 1357 496 1492 528; x_wconf 87' lang='lat' dir='ltr'>maxime</span> <span class='ocrx_word' id='word_1_283' title='bbox 1510 496 1542 528; x_wconf 92' lang='lat' dir='ltr'>in</span> <span class='ocrx_word' id='word_1_284' title='bbox 1559 496 1614 528; x_wconf 72' lang='lat' dir='ltr'>illa</span> <span class='ocrx_word' id='word_1_285' title='bbox 1627 495 1704 528; x_wconf 75' lang='lat' dir='ltr'>hora</span> 
     </span>
     <span class='ocr_line' id='line_1_54' title="bbox 973 547 1696 591; baseline 0.003 -13"><span class='ocrx_word' id='word_1_286' title='bbox 973 547 1101 588; x_wconf 85' lang='lat' dir='ltr'>quando</span> <span class='ocrx_word' id='word_1_287' title='bbox 1126 548 1232 580; x_wconf 85' lang='lat' dir='ltr'>anima</span> <span class='ocrx_word' id='word_1_288' title='bbox 1258 553 1310 580; x_wconf 86' lang='lat' dir='ltr'>tua</span> <span class='ocrx_word' id='word_1_289' title='bbox 1335 558 1463 591; x_wconf 80' lang='lat' dir='ltr'>egressa</span> <span class='ocrx_word' id='word_1_290' title='bbox 1488 553 1537 581; x_wconf 88' lang='lat' dir='ltr'>est</span> <span class='ocrx_word' id='word_1_291' title='bbox 1557 548 1595 580; x_wconf 87' lang='lat' dir='ltr'>de</span> <span class='ocrx_word' id='word_1_292' title='bbox 1613 547 1696 580; x_wconf 86' lang='lat' dir='ltr'>bene</span> 
     </span>
     <span class='ocr_line' id='line_1_55' title="bbox 973 596 1707 643; baseline 0.005 -14"><span class='ocrx_word' id='word_1_293' title='bbox 973 598 1057 630; x_wconf 91' lang='lat' dir='ltr'>dicto</span> <span class='ocrx_word' id='word_1_294' title='bbox 1083 609 1221 642; x_wconf 77' lang='lat' dir='ltr'>corpore</span> <span class='ocrx_word' id='word_1_295' title='bbox 1247 596 1320 641; x_wconf 71' lang='lat' dir='ltr'>tuo,</span> <span class='ocrx_word' id='word_1_296' title='bbox 1349 601 1507 643; x_wconf 88' lang='lat' dir='ltr'>deprecor</span> <span class='ocrx_word' id='word_1_297' title='bbox 1531 607 1583 641; x_wconf 87' lang='lat' dir='ltr'>te,</span> <span class='ocrx_word' id='word_1_298' title='bbox 1616 600 1707 633; x_wconf 87' lang='lat' dir='ltr'>mise-</span> 
     </span>
     <span class='ocr_line' id='line_1_56' title="bbox 972 653 1708 696; baseline 0.005 -14"><span class='ocrx_word' id='word_1_299' title='bbox 972 661 1044 684; x_wconf 90' lang='lat' dir='ltr'>rere</span> <span class='ocrx_word' id='word_1_300' title='bbox 1076 653 1201 685; x_wconf 87' lang='lat' dir='ltr'>animae</span> <span class='ocrx_word' id='word_1_301' title='bbox 1237 664 1328 686; x_wconf 86' lang='lat' dir='ltr'>meae</span> <span class='ocrx_word' id='word_1_302' title='bbox 1358 653 1390 685; x_wconf 91' lang='lat' dir='ltr'>in</span> <span class='ocrx_word' id='word_1_303' title='bbox 1416 664 1547 696; x_wconf 79' lang='lat' dir='ltr'>egressu</span> <span class='ocrx_word' id='word_1_304' title='bbox 1572 664 1649 693; x_wconf 90' lang='lat' dir='ltr'>suo,</span> <span class='ocrx_word' id='word_1_305' title='bbox 1677 659 1708 686; x_wconf 88' lang='lat' dir='ltr'>et</span> 
     </span>
     <span class='ocr_line' id='line_1_57' title="bbox 972 704 1707 745; baseline 0.004 -9"><span class='ocrx_word' id='word_1_306' title='bbox 972 704 1093 745; x_wconf 76' lang='lat' dir='ltr'>perduc</span> <span class='ocrx_word' id='word_1_307' title='bbox 1118 716 1186 737; x_wconf 88' lang='lat' dir='ltr'>eam</span> <span class='ocrx_word' id='word_1_308' title='bbox 1211 706 1243 737; x_wconf 90' lang='lat' dir='ltr'>in</span> <span class='ocrx_word' id='word_1_309' title='bbox 1267 707 1364 738; x_wconf 88' lang='lat' dir='ltr'>vitam</span> <span class='ocrx_word' id='word_1_310' title='bbox 1390 712 1566 739; x_wconf 82' lang='lat' dir='ltr'>aeternam.</span> <span class='ocrx_word' id='word_1_311' title='bbox 1593 707 1707 739; x_wconf 86' lang='lat' dir='ltr'>Amen.</span> 
     </span>
     <span class='ocr_line' id='line_1_58' title="bbox 973 756 1442 797; baseline 0.009 -11"><span class='ocrx_word' id='word_1_312' title='bbox 973 756 1069 787; x_wconf 76' lang='lat' dir='ltr'>Puter</span> <span class='ocrx_word' id='word_1_313' title='bbox 1092 762 1208 797; x_wconf 74' lang='lat' dir='ltr'>noster,</span> <span class='ocrx_word' id='word_1_314' title='bbox 1235 758 1303 790; x_wconf 64' lang='lat' dir='ltr'>Avo</span> <span class='ocrx_word' id='word_1_315' title='bbox 1322 758 1442 791; x_wconf 76' lang='lat' dir='ltr'>Maria.</span> 
     </span>
    </p>

    <p class='ocr_par' dir='ltr' id='par_1_12' title="bbox 972 808 1709 1052">
     <span class='ocr_line' id='line_1_59' title="bbox 1021 808 1708 849; baseline 0.009 -9"><span class='ocrx_word' id='word_1_316' title='bbox 1021 821 1034 839; x_wconf 61' lang='grc' dir='ltr'>α</span> <span class='ocrx_word' id='word_1_317' title='bbox 1048 808 1071 840; x_wconf 89' lang='lat' dir='ltr'>O</span> <span class='ocrx_word' id='word_1_318' title='bbox 1096 809 1230 841; x_wconf 86' lang='lat' dir='ltr'>Domine</span> <span class='ocrx_word' id='word_1_319' title='bbox 1252 810 1319 842; x_wconf 88' lang='lat' dir='ltr'>Iesu</span> <span class='ocrx_word' id='word_1_320' title='bbox 1338 810 1471 849; x_wconf 80' lang='lat' dir='ltr'>Christe,</span> <span class='ocrx_word' id='word_1_321' title='bbox 1490 813 1589 845; x_wconf 86' lang='lat' dir='ltr'>adoro</span> <span class='ocrx_word' id='word_1_322' title='bbox 1604 817 1633 845; x_wconf 82' lang='lat' dir='ltr'>te</span> <span class='ocrx_word' id='word_1_323' title='bbox 1653 813 1708 845; x_wconf 85' lang='lat' dir='ltr'>de-</span> 
     </span>
     <span class='ocr_line' id='line_1_60' title="bbox 972 862 1709 898; baseline 0.007 -6"><span class='ocrx_word' id='word_1_324' title='bbox 972 862 1178 894; x_wconf 80' lang='lat' dir='ltr'>scendentem</span> <span class='ocrx_word' id='word_1_325' title='bbox 1197 863 1234 894; x_wconf 87' lang='lat' dir='ltr'>ad</span> <span class='ocrx_word' id='word_1_326' title='bbox 1252 863 1372 895; x_wconf 78' lang='lat' dir='ltr'>inferos</span> <span class='ocrx_word' id='word_1_327' title='bbox 1391 868 1423 896; x_wconf 90' lang='lat' dir='ltr'>et</span> <span class='ocrx_word' id='word_1_328' title='bbox 1447 864 1638 897; x_wconf 82' lang='lat' dir='ltr'>liberantem</span> <span class='ocrx_word' id='word_1_329' title='bbox 1657 868 1709 898; x_wconf 78' lang='lat' dir='ltr'>ca-</span> 
     </span>
     <span class='ocr_line' id='line_1_61' title="bbox 973 914 1706 959; baseline 0.008 -14"><span class='ocrx_word' id='word_1_330' title='bbox 973 914 1098 956; x_wconf 76' lang='lat' dir='ltr'>ptivos:</span> <span class='ocrx_word' id='word_1_331' title='bbox 1133 915 1290 957; x_wconf 85' lang='lat' dir='ltr'>deprecor</span> <span class='ocrx_word' id='word_1_332' title='bbox 1325 921 1372 955; x_wconf 89' lang='lat' dir='ltr'>te,</span> <span class='ocrx_word' id='word_1_333' title='bbox 1399 927 1439 949; x_wconf 88' lang='lat' dir='ltr'>ne</span> <span class='ocrx_word' id='word_1_334' title='bbox 1465 918 1630 959; x_wconf 85' lang='lat' dir='ltr'>permittas</span> <span class='ocrx_word' id='word_1_335' title='bbox 1655 929 1706 951; x_wconf 88' lang='lat' dir='ltr'>me</span> 
     </span>
     <span class='ocr_line' id='line_1_62' title="bbox 974 967 1708 1011; baseline 0.008 -13"><span class='ocrx_word' id='word_1_336' title='bbox 974 967 1047 999; x_wconf 82' lang='lat' dir='ltr'>illue</span> <span class='ocrx_word' id='word_1_337' title='bbox 1073 967 1219 1000; x_wconf 89' lang='lat' dir='ltr'>introire.</span> <span class='ocrx_word' id='word_1_338' title='bbox 1247 970 1360 1002; x_wconf 84' lang='lat' dir='ltr'>Amen.</span> <span class='ocrx_word' id='word_1_339' title='bbox 1389 971 1489 1003; x_wconf 79' lang='lat' dir='ltr'>Pater</span> <span class='ocrx_word' id='word_1_340' title='bbox 1508 975 1623 1011; x_wconf 72' lang='lat' dir='ltr'>noster,</span> <span class='ocrx_word' id='word_1_341' title='bbox 1642 972 1708 1004; x_wconf 86' lang='lat' dir='ltr'>Ave</span> 
     </span>
     <span class='ocr_line' id='line_1_63' title="bbox 973 1019 1091 1052; baseline 0 -1"><span class='ocrx_word' id='word_1_342' title='bbox 973 1019 1091 1052; x_wconf 73' lang='lat' dir='ltr'>Maria.</span> 
     </span>
    </p>

    <p class='ocr_par' dir='ltr' id='par_1_13' title="bbox 970 1072 1709 1375">
     <span class='ocr_line' id='line_1_64' title="bbox 1022 1072 1707 1115; baseline 0.009 -11"><span class='ocrx_word' id='word_1_343' title='bbox 1022 1084 1034 1103; x_wconf 69' lang='grc' dir='ltr'>α</span> <span class='ocrx_word' id='word_1_344' title='bbox 1048 1072 1071 1105; x_wconf 91' lang='lat' dir='ltr'><strong>O</strong></span> <span class='ocrx_word' id='word_1_345' title='bbox 1089 1073 1221 1108; x_wconf 87' lang='lat' dir='ltr'>Domine</span> <span class='ocrx_word' id='word_1_346' title='bbox 1240 1075 1310 1107; x_wconf 88' lang='lat' dir='ltr'>Iesu</span> <span class='ocrx_word' id='word_1_347' title='bbox 1330 1075 1467 1115; x_wconf 87' lang='lat' dir='ltr'>Christe,</span> <span class='ocrx_word' id='word_1_348' title='bbox 1487 1076 1587 1109; x_wconf 88' lang='lat' dir='ltr'>adoro</span> <span class='ocrx_word' id='word_1_349' title='bbox 1605 1081 1635 1109; x_wconf 85' lang='lat' dir='ltr'>te</span> <span class='ocrx_word' id='word_1_350' title='bbox 1661 1087 1707 1110; x_wconf 88' lang='lat' dir='ltr'>re-</span> 
     </span>
     <span class='ocr_line' id='line_1_65' title="bbox 972 1128 1708 1167; baseline 0.008 -11"><span class='ocrx_word' id='word_1_351' title='bbox 972 1131 1158 1167; x_wconf 76' lang='lat' dir='ltr'>surgentem</span> <span class='ocrx_word' id='word_1_352' title='bbox 1184 1138 1201 1159; x_wconf 88' lang='lat' dir='ltr'>a</span> <span class='ocrx_word' id='word_1_353' title='bbox 1232 1128 1386 1167; x_wconf 86' lang='lat' dir='ltr'>mortuis,</span> <span class='ocrx_word' id='word_1_354' title='bbox 1413 1129 1643 1162; x_wconf 84' lang='lat' dir='ltr'>ascendentem</span> <span class='ocrx_word' id='word_1_355' title='bbox 1669 1130 1708 1162; x_wconf 87' lang='lat' dir='ltr'>ad</span> 
     </span>
     <span class='ocr_line' id='line_1_66' title="bbox 971 1179 1709 1223; baseline 0.007 -14"><span class='ocrx_word' id='word_1_356' title='bbox 971 1180 1086 1217; x_wconf 82' lang='lat' dir='ltr'>caelos,</span> <span class='ocrx_word' id='word_1_357' title='bbox 1112 1179 1342 1223; x_wconf 73' lang='lat' dir='ltr'>sedentemque</span> <span class='ocrx_word' id='word_1_358' title='bbox 1376 1182 1414 1213; x_wconf 88' lang='lat' dir='ltr'>ad</span> <span class='ocrx_word' id='word_1_359' title='bbox 1449 1182 1614 1214; x_wconf 81' lang='lat' dir='ltr'>dexteram</span> <span class='ocrx_word' id='word_1_360' title='bbox 1654 1182 1709 1214; x_wconf 81' lang='lat' dir='ltr'>Pa-</span> 
     </span>
     <span class='ocr_line' id='line_1_67' title="bbox 972 1231 1709 1278; baseline 0.007 -16"><span class='ocrx_word' id='word_1_361' title='bbox 972 1231 1047 1263; x_wconf 81' lang='lat' dir='ltr'>tris:</span> <span class='ocrx_word' id='word_1_362' title='bbox 1075 1232 1233 1274; x_wconf 82' lang='lat' dir='ltr'>deprecor</span> <span class='ocrx_word' id='word_1_363' title='bbox 1258 1238 1307 1272; x_wconf 86' lang='lat' dir='ltr'>te,</span> <span class='ocrx_word' id='word_1_364' title='bbox 1334 1239 1368 1265; x_wconf 89' lang='lat' dir='ltr'>ut</span> <span class='ocrx_word' id='word_1_365' title='bbox 1392 1234 1470 1266; x_wconf 84' lang='lat' dir='ltr'>illue</span> <span class='ocrx_word' id='word_1_366' title='bbox 1500 1240 1528 1267; x_wconf 91' lang='lat' dir='ltr'>te</span> <span class='ocrx_word' id='word_1_367' title='bbox 1560 1235 1649 1278; x_wconf 85' lang='lat' dir='ltr'>sequi</span> <span class='ocrx_word' id='word_1_368' title='bbox 1676 1240 1709 1268; x_wconf 88' lang='lat' dir='ltr'>et</span> 
     </span>
     <span class='ocr_line' id='line_1_68' title="bbox 971 1283 1709 1326; baseline 0.007 -12"><span class='ocrx_word' id='word_1_369' title='bbox 971 1283 1025 1314; x_wconf 86' lang='lat' dir='ltr'>tibi</span> <span class='ocrx_word' id='word_1_370' title='bbox 1055 1286 1255 1326; x_wconf 85' lang='lat' dir='ltr'>praesentari</span> <span class='ocrx_word' id='word_1_371' title='bbox 1285 1296 1422 1319; x_wconf 88' lang='lat' dir='ltr'>merear.</span> <span class='ocrx_word' id='word_1_372' title='bbox 1462 1288 1575 1321; x_wconf 82' lang='lat' dir='ltr'>Amen.</span> <span class='ocrx_word' id='word_1_373' title='bbox 1608 1289 1709 1321; x_wconf 78' lang='lat' dir='ltr'>Pater</span> 
     </span>
     <span class='ocr_line' id='line_1_69' title="bbox 970 1337 1321 1375; baseline 0.009 -8"><span class='ocrx_word' id='word_1_374' title='bbox 970 1341 1084 1375; x_wconf 59' lang='lat' dir='ltr'>noster,</span> <span class='ocrx_word' id='word_1_375' title='bbox 1110 1337 1177 1370; x_wconf 70' lang='lat' dir='ltr'>Ave</span> <span class='ocrx_word' id='word_1_376' title='bbox 1203 1339 1321 1371; x_wconf 73' lang='grc' dir='ltr'><em>Μανία.</em></span> 
     </span>
    </p>

    <p class='ocr_par' dir='ltr' id='par_1_14' title="bbox 968 1390 1708 1641">
     <span class='ocr_line' id='line_1_70' title="bbox 1019 1390 1706 1436; baseline 0.012 -16"><span class='ocrx_word' id='word_1_377' title='bbox 1019 1402 1030 1419; x_wconf 73' lang='grc' dir='ltr'><em>α</em></span> <span class='ocrx_word' id='word_1_378' title='bbox 1047 1390 1069 1422; x_wconf 88' lang='lat' dir='ltr'>O</span> <span class='ocrx_word' id='word_1_379' title='bbox 1089 1390 1221 1423; x_wconf 88' lang='lat' dir='ltr'>Domine</span> <span class='ocrx_word' id='word_1_380' title='bbox 1240 1391 1312 1424; x_wconf 84' lang='lat' dir='ltr'>lesu</span> <span class='ocrx_word' id='word_1_381' title='bbox 1328 1391 1468 1432; x_wconf 79' lang='lat' dir='ltr'>Christe,</span> <span class='ocrx_word' id='word_1_382' title='bbox 1484 1399 1596 1436; x_wconf 86' lang='lat' dir='ltr'>pastor</span> <span class='ocrx_word' id='word_1_383' title='bbox 1612 1395 1706 1435; x_wconf 86' lang='lat' dir='ltr'>bone,</span> 
     </span>
     <span class='ocr_line' id='line_1_71' title="bbox 969 1441 1707 1487; baseline 0.009 -14"><span class='ocrx_word' id='word_1_384' title='bbox 969 1441 1068 1474; x_wconf 84' lang='lat' dir='ltr'>iustos</span> <span class='ocrx_word' id='word_1_385' title='bbox 1105 1453 1282 1484; x_wconf 83' lang='lat' dir='ltr'>conserva,</span> <span class='ocrx_word' id='word_1_386' title='bbox 1317 1451 1507 1487; x_wconf 84' lang='lat' dir='ltr'>peccatores</span> <span class='ocrx_word' id='word_1_387' title='bbox 1553 1447 1707 1487; x_wconf 79' lang='lat' dir='ltr'>iustilica,</span> 
     </span>
     <span class='ocr_line' id='line_1_72' title="bbox 969 1496 1707 1543; baseline 0.007 -16"><span class='ocrx_word' id='word_1_388' title='bbox 969 1496 1118 1527; x_wconf 87' lang='lat' dir='ltr'>omnibus</span> <span class='ocrx_word' id='word_1_389' title='bbox 1144 1496 1292 1529; x_wconf 72' lang='lat' dir='ltr'>fidelibus</span> <span class='ocrx_word' id='word_1_390' title='bbox 1317 1498 1479 1538; x_wconf 87' lang='lat' dir='ltr'>miserere,</span> <span class='ocrx_word' id='word_1_391' title='bbox 1499 1504 1530 1531; x_wconf 83' lang='lat' dir='ltr'>et</span> <span class='ocrx_word' id='word_1_392' title='bbox 1547 1501 1707 1543; x_wconf 85' lang='lat' dir='ltr'>propitius</span> 
     </span>
     <span class='ocr_line' id='line_1_73' title="bbox 968 1549 1708 1593; baseline 0.007 -12"><span class='ocrx_word' id='word_1_393' title='bbox 968 1554 1036 1581; x_wconf 77' lang='lat' dir='ltr'>esto</span> <span class='ocrx_word' id='word_1_394' title='bbox 1062 1549 1139 1580; x_wconf 88' lang='lat' dir='ltr'>mihi</span> <span class='ocrx_word' id='word_1_395' title='bbox 1166 1550 1490 1593; x_wconf 67' lang='lat' dir='ltr'>maximopeeeatori.</span> <span class='ocrx_word' id='word_1_396' title='bbox 1511 1553 1625 1585; x_wconf 84' lang='lat' dir='ltr'>Amen.</span> <span class='ocrx_word' id='word_1_397' title='bbox 1642 1554 1708 1586; x_wconf 79' lang='lat' dir='ltr'>Pa-</span> 
     </span>
     <span class='ocr_line' id='line_1_74' title="bbox 969 1602 1391 1641; baseline 0.007 -9"><span class='ocrx_word' id='word_1_398' title='bbox 969 1605 1014 1633; x_wconf 79' lang='lat' dir='ltr'>ter</span> <span class='ocrx_word' id='word_1_399' title='bbox 1037 1606 1152 1641; x_wconf 57' lang='lat' dir='ltr'>nasum,</span> <span class='ocrx_word' id='word_1_400' title='bbox 1180 1602 1246 1634; x_wconf 69' lang='lat' dir='ltr'>Aee</span> <span class='ocrx_word' id='word_1_401' title='bbox 1270 1603 1391 1636; x_wconf 75' lang='lat' dir='ltr'>Maria.</span> 
     </span>
    </p>

    <p class='ocr_par' dir='ltr' id='par_1_15' title="bbox 968 1654 1708 1896">
     <span class='ocr_line' id='line_1_75' title="bbox 1017 1654 1707 1696; baseline 0.01 -11"><span class='ocrx_word' id='word_1_402' title='bbox 1017 1654 1066 1686; x_wconf 74' lang='lat' dir='ltr'>«O</span> <span class='ocrx_word' id='word_1_403' title='bbox 1091 1654 1223 1687; x_wconf 87' lang='lat' dir='ltr'>Domine</span> <span class='ocrx_word' id='word_1_404' title='bbox 1248 1655 1318 1687; x_wconf 85' lang='lat' dir='ltr'>Iesu</span> <span class='ocrx_word' id='word_1_405' title='bbox 1336 1656 1474 1696; x_wconf 86' lang='lat' dir='ltr'>Christe,</span> <span class='ocrx_word' id='word_1_406' title='bbox 1500 1658 1599 1691; x_wconf 89' lang='lat' dir='ltr'>adoro</span> <span class='ocrx_word' id='word_1_407' title='bbox 1619 1664 1647 1692; x_wconf 91' lang='lat' dir='ltr'>te</span> <span class='ocrx_word' id='word_1_408' title='bbox 1674 1660 1707 1692; x_wconf 87' lang='lat' dir='ltr'>in</span> 
     </span>
     <span class='ocr_line' id='line_1_76' title="bbox 968 1707 1705 1749; baseline 0.008 -12"><span class='ocrx_word' id='word_1_409' title='bbox 968 1707 1141 1748; x_wconf 81' lang='lat' dir='ltr'>sepulchro</span> <span class='ocrx_word' id='word_1_410' title='bbox 1156 1707 1305 1749; x_wconf 86' lang='lat' dir='ltr'>positum,</span> <span class='ocrx_word' id='word_1_411' title='bbox 1322 1708 1443 1740; x_wconf 77' lang='lat' dir='ltr'>mirrha</span> <span class='ocrx_word' id='word_1_412' title='bbox 1462 1715 1492 1742; x_wconf 84' lang='lat' dir='ltr'>et</span> <span class='ocrx_word' id='word_1_413' title='bbox 1507 1712 1705 1743; x_wconf 71' lang='lat' dir='ltr'>aromatibus</span> 
     </span>
     <span class='ocr_line' id='line_1_77' title="bbox 968 1759 1708 1801; baseline 0.009 -11"><span class='ocrx_word' id='word_1_414' title='bbox 968 1759 1133 1791; x_wconf 71' lang='lat' dir='ltr'>conditum</span> <span class='ocrx_word' id='word_1_415' title='bbox 1152 1770 1157 1790; x_wconf 78' lang='lat' dir='ltr'><em>z</em></span> <span class='ocrx_word' id='word_1_416' title='bbox 1185 1760 1345 1801; x_wconf 76' lang='lat' dir='ltr'>deprecor</span> <span class='ocrx_word' id='word_1_417' title='bbox 1374 1766 1411 1801; x_wconf 87' lang='lat' dir='ltr'>te,</span> <span class='ocrx_word' id='word_1_418' title='bbox 1428 1767 1462 1793; x_wconf 87' lang='lat' dir='ltr'>ut</span> <span class='ocrx_word' id='word_1_419' title='bbox 1484 1768 1537 1795; x_wconf 88' lang='lat' dir='ltr'>tua</span> <span class='ocrx_word' id='word_1_420' title='bbox 1561 1774 1649 1796; x_wconf 88' lang='lat' dir='ltr'>mors</span> <span class='ocrx_word' id='word_1_421' title='bbox 1667 1764 1708 1798; x_wconf 81' lang='lat' dir='ltr'>sit</span> 
     </span>
     <span class='ocr_line' id='line_1_78' title="bbox 969 1812 1708 1856; baseline 0.011 -14"><span class='ocrx_word' id='word_1_422' title='bbox 969 1812 1029 1843; x_wconf 72' lang='lat' dir='ltr'>vita</span> <span class='ocrx_word' id='word_1_423' title='bbox 1054 1822 1134 1844; x_wconf 82' lang='lat' dir='ltr'>mea.</span> <span class='ocrx_word' id='word_1_424' title='bbox 1163 1813 1276 1845; x_wconf 80' lang='lat' dir='ltr'>Amen.</span> <span class='ocrx_word' id='word_1_425' title='bbox 1299 1814 1401 1847; x_wconf 77' lang='lat' dir='ltr'>Pater</span> <span class='ocrx_word' id='word_1_426' title='bbox 1420 1819 1538 1856; x_wconf 73' lang='lat' dir='ltr'>noster,</span> <span class='ocrx_word' id='word_1_427' title='bbox 1560 1816 1626 1849; x_wconf 77' lang='lat' dir='ltr'>Are</span> <span class='ocrx_word' id='word_1_428' title='bbox 1639 1818 1708 1850; x_wconf 76' lang='lat' dir='ltr'>Ma-</span> 
     </span>
     <span class='ocr_line' id='line_1_79' title="bbox 970 1864 1074 1896; baseline 0.01 -1"><span class='ocrx_word' id='word_1_429' title='bbox 970 1864 1020 1896; x_wconf 79' lang='lat' dir='ltr'>ria</span> <span class='ocrx_word' id='word_1_430' title='bbox 1046 1877 1074 1896; x_wconf 73' lang='grc'>».</span> 
     </span>
    </p>

    <p class='ocr_par' dir='ltr' id='par_1_16' title="bbox 967 1918 1716 2638">
     <span class='ocr_line' id='line_1_80' title="bbox 1013 1918 1704 1957; baseline 0.012 -8"><span class='ocrx_word' id='word_1_431' title='bbox 1013 1918 1047 1949; x_wconf 76' lang='lat' dir='ltr'>Et</span> <span class='ocrx_word' id='word_1_432' title='bbox 1073 1918 1212 1951; x_wconf 84' lang='lat' dir='ltr'>dilatatis</span> <span class='ocrx_word' id='word_1_433' title='bbox 1237 1920 1275 1952; x_wconf 89' lang='lat' dir='ltr'>ad</span> <span class='ocrx_word' id='word_1_434' title='bbox 1293 1921 1394 1952; x_wconf 81' lang='lat' dir='ltr'>erucis</span> <span class='ocrx_word' id='word_1_435' title='bbox 1413 1921 1545 1955; x_wconf 81' lang='lat' dir='ltr'>sormam</span> <span class='ocrx_word' id='word_1_436' title='bbox 1562 1922 1704 1957; x_wconf 83' lang='lat' dir='ltr'>brachiis</span> 
     </span>
     <span class='ocr_line' id='line_1_81' title="bbox 969 1971 1705 2017; baseline 0.011 -14"><span class='ocrx_word' id='word_1_437' title='bbox 969 1971 1157 2003; x_wconf 69' lang='lat' dir='ltr'>rerimbihu·</span> <span class='ocrx_word' id='word_1_438' title='bbox 1182 1973 1274 2005; x_wconf 86' lang='lat' dir='ltr'>statio</span> <span class='ocrx_word' id='word_1_439' title='bbox 1300 1974 1351 2006; x_wconf 79' lang='lat' dir='ltr'>SS.</span> <span class='ocrx_word' id='word_1_440' title='bbox 1379 1974 1588 2017; x_wconf 78' lang='lat' dir='ltr'>Sacramenti,</span> <span class='ocrx_word' id='word_1_441' title='bbox 1615 1984 1647 2010; x_wconf 90' lang='lat' dir='ltr'>et</span> <span class='ocrx_word' id='word_1_442' title='bbox 1671 1978 1705 2011; x_wconf 84' lang='lat' dir='ltr'>in</span> 
     </span>
     <span class='ocr_line' id='line_1_82' title="bbox 968 2024 1704 2067; baseline 0.012 -12"><span class='ocrx_word' id='word_1_443' title='bbox 968 2024 1108 2067; x_wconf 68' lang='lat' dir='ltr'>vesperis</span> <span class='ocrx_word' id='word_1_444' title='bbox 1135 2025 1340 2058; x_wconf 78' lang='lat' dir='ltr'>festivitatum</span> <span class='ocrx_word' id='word_1_445' title='bbox 1367 2027 1487 2059; x_wconf 83' lang='lat' dir='ltr'>domini</span> <span class='ocrx_word' id='word_1_446' title='bbox 1514 2031 1612 2062; x_wconf 89' lang='lat' dir='ltr'>nostri</span> <span class='ocrx_word' id='word_1_447' title='bbox 1632 2031 1704 2063; x_wconf 87' lang='lat' dir='ltr'>lesu</span> 
     </span>
     <span class='ocr_line' id='line_1_83' title="bbox 968 2077 1703 2123; baseline 0.012 -15"><span class='ocrx_word' id='word_1_448' title='bbox 968 2077 1093 2117; x_wconf 82' lang='lat' dir='ltr'>Christi,</span> <span class='ocrx_word' id='word_1_449' title='bbox 1121 2083 1152 2109; x_wconf 86' lang='lat' dir='ltr'>et</span> <span class='ocrx_word' id='word_1_450' title='bbox 1176 2078 1289 2111; x_wconf 85' lang='lat' dir='ltr'>heatae</span> <span class='ocrx_word' id='word_1_451' title='bbox 1315 2079 1431 2112; x_wconf 85' lang='lat' dir='ltr'>Mariae</span> <span class='ocrx_word' id='word_1_452' title='bbox 1457 2081 1606 2123; x_wconf 77' lang='lat' dir='ltr'>Virginis,</span> <span class='ocrx_word' id='word_1_453' title='bbox 1631 2094 1703 2116; x_wconf 89' lang='lat' dir='ltr'>san-</span> 
     </span>
     <span class='ocr_line' id='line_1_84' title="bbox 969 2131 1703 2172; baseline 0.015 -13"><span class='ocrx_word' id='word_1_454' title='bbox 969 2134 1092 2161; x_wconf 84' lang='lat' dir='ltr'>ctorum</span> <span class='ocrx_word' id='word_1_455' title='bbox 1119 2131 1357 2172; x_wconf 79' lang='lat' dir='ltr'>Apostolorum,</span> <span class='ocrx_word' id='word_1_456' title='bbox 1377 2137 1408 2163; x_wconf 87' lang='lat' dir='ltr'>et</span> <span class='ocrx_word' id='word_1_457' title='bbox 1425 2133 1525 2165; x_wconf 75' lang='lat' dir='ltr'>saneti</span> <span class='ocrx_word' id='word_1_458' title='bbox 1544 2135 1703 2170; x_wconf 73' lang='lat' dir='ltr'>Dominio-i</span> 
     </span>
     <span class='ocr_line' id='line_1_85' title="bbox 969 2182 1702 2229; baseline 0.011 -16"><span class='ocrx_word' id='word_1_459' title='bbox 969 2194 1004 2214; x_wconf 83' lang='lat' dir='ltr'>ar</span> <span class='ocrx_word' id='word_1_460' title='bbox 1026 2182 1123 2214; x_wconf 70' lang='lat' dir='ltr'>sancti</span> <span class='ocrx_word' id='word_1_461' title='bbox 1144 2183 1316 2222; x_wconf 82' lang='lat' dir='ltr'>Francisci,</span> <span class='ocrx_word' id='word_1_462' title='bbox 1334 2184 1482 2217; x_wconf 88' lang='lat' dir='ltr'>Omnium</span> <span class='ocrx_word' id='word_1_463' title='bbox 1500 2186 1702 2229; x_wconf 84' lang='lat' dir='ltr'>Sanctorum,</span> 
     </span>
     <span class='ocr_line' id='line_1_86' title="bbox 969 2235 1700 2282; baseline 0.011 -17"><span class='ocrx_word' id='word_1_464' title='bbox 969 2235 999 2266; x_wconf 84' lang='lat' dir='ltr'>S.</span> <span class='ocrx_word' id='word_1_465' title='bbox 1040 2235 1168 2277; x_wconf 82' lang='lat' dir='ltr'>losephi</span> <span class='ocrx_word' id='word_1_466' title='bbox 1193 2262 1200 2275; x_wconf 95' lang='lat'>,</span> <span class='ocrx_word' id='word_1_467' title='bbox 1238 2235 1268 2267; x_wconf 90' lang='lat' dir='ltr'>S.</span> <span class='ocrx_word' id='word_1_468' title='bbox 1315 2236 1671 2282; x_wconf 70' lang='lat' dir='ltr'>lllichaelisarchangeli</span> <span class='ocrx_word' id='word_1_469' title='bbox 1692 2267 1700 2280; x_wconf 92' lang='lat'>,</span> 
     </span>
     <span class='ocr_line' id='line_1_87' title="bbox 969 2287 1702 2332; baseline 0.01 -13"><span class='ocrx_word' id='word_1_470' title='bbox 969 2288 999 2319; x_wconf 91' lang='lat' dir='ltr'>S.</span> <span class='ocrx_word' id='word_1_471' title='bbox 1016 2287 1173 2320; x_wconf 80' lang='lat' dir='ltr'>Gabrielis</span> <span class='ocrx_word' id='word_1_472' title='bbox 1191 2292 1222 2320; x_wconf 91' lang='lat' dir='ltr'>et</span> <span class='ocrx_word' id='word_1_473' title='bbox 1246 2288 1277 2320; x_wconf 89' lang='lat' dir='ltr'>S.</span> <span class='ocrx_word' id='word_1_474' title='bbox 1298 2289 1468 2322; x_wconf 80' lang='lat' dir='ltr'>Theresiae</span> <span class='ocrx_word' id='word_1_475' title='bbox 1487 2301 1503 2323; x_wconf 88' lang='lat' dir='ltr'>a</span> <span class='ocrx_word' id='word_1_476' title='bbox 1524 2291 1602 2332; x_wconf 78' lang='lat' dir='ltr'>lesu,</span> <span class='ocrx_word' id='word_1_477' title='bbox 1620 2294 1702 2326; x_wconf 86' lang='lat' dir='ltr'>reci-</span> 
     </span>
     <span class='ocr_line' id='line_1_88' title="bbox 970 2337 1701 2387; baseline 0.011 -15"><span class='ocrx_word' id='word_1_478' title='bbox 970 2337 1093 2373; x_wconf 31' lang='lat' dir='ltr'>tabunt-⁴</span> <span class='ocrx_word' id='word_1_479' title='bbox 1123 2342 1284 2383; x_wconf 74' lang='lat' dir='ltr'>integrum</span> <span class='ocrx_word' id='word_1_480' title='bbox 1321 2343 1479 2376; x_wconf 82' lang='lat' dir='ltr'>rosarium</span> <span class='ocrx_word' id='word_1_481' title='bbox 1515 2345 1701 2387; x_wconf 84' lang='lat' dir='ltr'>quindecim</span> 
     </span>
     <span class='ocr_line' id='line_1_89' title="bbox 969 2394 1702 2436; baseline 0.011 -12"><span class='ocrx_word' id='word_1_482' title='bbox 969 2394 1201 2436; x_wconf 68' lang='lat' dir='ltr'>mysteriorum,</span> <span class='ocrx_word' id='word_1_483' title='bbox 1224 2400 1255 2427; x_wconf 87' lang='lat' dir='ltr'>et</span> <span class='ocrx_word' id='word_1_484' title='bbox 1275 2395 1415 2428; x_wconf 81' lang='lat' dir='ltr'>dilatatis</span> <span class='ocrx_word' id='word_1_485' title='bbox 1441 2396 1472 2428; x_wconf 90' lang='lat' dir='ltr'>in</span> <span class='ocrx_word' id='word_1_486' title='bbox 1486 2408 1612 2431; x_wconf 86' lang='lat' dir='ltr'>crucem</span> <span class='ocrx_word' id='word_1_487' title='bbox 1630 2400 1702 2432; x_wconf 75' lang='lat' dir='ltr'>bra-</span> 
     </span>
     <span class='ocr_line' id='line_1_90' title="bbox 969 2447 1716 2494; baseline 0.008 -17"><span class='ocrx_word' id='word_1_488' title='bbox 969 2447 1061 2485; x_wconf 83' lang='lat' dir='ltr'>chiis,</span> <span class='ocrx_word' id='word_1_489' title='bbox 1078 2447 1293 2488; x_wconf 80' lang='lat' dir='ltr'>supradictam</span> <span class='ocrx_word' id='word_1_490' title='bbox 1309 2449 1496 2490; x_wconf 82' lang='lat' dir='ltr'>stationem;</span> <span class='ocrx_word' id='word_1_491' title='bbox 1516 2455 1555 2490; x_wconf 89' lang='lat' dir='ltr'>et,</span> <span class='ocrx_word' id='word_1_492' title='bbox 1576 2452 1716 2494; x_wconf 79' lang='lat' dir='ltr'>quoties.</span> 
     </span>
     <span class='ocr_line' id='line_1_91' title="bbox 970 2499 1700 2544; baseline 0.01 -14"><span class='ocrx_word' id='word_1_493' title='bbox 970 2499 1147 2530; x_wconf 68' lang='lat' dir='ltr'>recitabunt</span> <span class='ocrx_word' id='word_1_494' title='bbox 1177 2499 1260 2532; x_wconf 84' lang='lat' dir='ltr'>dicta</span> <span class='ocrx_word' id='word_1_495' title='bbox 1294 2501 1458 2542; x_wconf 76' lang='lat' dir='ltr'>quindena</span> <span class='ocrx_word' id='word_1_496' title='bbox 1494 2504 1656 2544; x_wconf 82' lang='lat' dir='ltr'>mysteria,</span> <span class='ocrx_word' id='word_1_497' title='bbox 1682 2516 1700 2537; x_wconf 78' lang='lat' dir='ltr'>a</span> 
     </span>
     <span class='ocr_line' id='line_1_92' title="bbox 969 2552 1709 2598; baseline 0.005 -16"><span class='ocrx_word' id='word_1_498' title='bbox 969 2552 1075 2584; x_wconf 83' lang='lat' dir='ltr'>relatis</span> <span class='ocrx_word' id='word_1_499' title='bbox 1099 2552 1259 2586; x_wconf 84' lang='lat' dir='ltr'>Passionis</span> <span class='ocrx_word' id='word_1_500' title='bbox 1274 2553 1486 2598; x_wconf 4' lang='lat' dir='ltr'>,orationihus</span> <span class='ocrx_word' id='word_1_501' title='bbox 1508 2556 1709 2598; x_wconf 48' lang='lat' dir='ltr'>supersodom</span> 
     </span>
     <span class='ocr_line' id='line_1_93' title="bbox 967 2604 1064 2638; baseline 0.021 -2"><span class='ocrx_word' id='word_1_502' title='bbox 967 2604 1064 2638; x_wconf 86' lang='lat' dir='ltr'>bitur.</span> 
     </span>
    </p>
   </div>
   <div class='ocr_carea' id='block_1_6' title="bbox 1598 226 1897 262">
    <p class='ocr_par' dir='ltr' id='par_1_17' title="bbox 1598 226 1897 262">
     <span class='ocr_line' id='line_1_94' title="bbox 1598 226 1897 262; baseline 0.017 -5"><span class='ocrx_word' id='word_1_503' title='bbox 1598 226 1665 258; x_wconf 68' lang='lat'>730</span> <span class='ocrx_word' id='word_1_504' title='bbox 1710 234 1761 262; x_wconf 80' lang='lat' dir='ltr'>An.</span> <span class='ocrx_word' id='word_1_505' title='bbox 1782 234 1812 261; x_wconf 87' lang='lat' dir='ltr'>C.</span> <span class='ocrx_word' id='word_1_506' title='bbox 1831 233 1897 262; x_wconf 70' lang='lat'>1687</span> 
     </span>
    </p>
   </div>
  </div>
 </body>
</html>
