<?xml version="1.0" encoding="UTF-8"?>
<!DOCTYPE html PUBLIC "-//W3C//DTD XHTML 1.0 Transitional//EN"
    "http://www.w3.org/TR/xhtml1/DTD/xhtml1-transitional.dtd">
<html xmlns="http://www.w3.org/1999/xhtml" xml:lang="en" lang="en">
 <head>
  <title>
</title>
<meta http-equiv="Content-Type" content="text/html;charset=utf-8" />
  <meta name='ocr-system' content='tesseract 3.04.00' />
  <meta name='ocr-capabilities' content='ocr_page ocr_carea ocr_par ocr_line ocrx_word'/>
</head>
<body>
  <div class='ocr_page' id='page_1' title='image "./bullarumdiplomat19cath_1019.png"; bbox 0 0 2111 3157; ppageno 0'>
   <div class='ocr_carea' id='block_1_1' title="bbox 819 204 1663 238">
    <p class='ocr_par' dir='ltr' id='par_1_1' title="bbox 819 204 1663 238">
     <span class='ocr_line' id='line_1_1' title="bbox 819 204 1663 238; baseline 0.004 -4"><span class='ocrx_word' id='word_1_1' title='bbox 819 211 913 235; x_wconf 71' lang='lat' dir='ltr'>innax</span> <span class='ocrx_word' id='word_1_2' title='bbox 941 212 1043 235; x_wconf 71' lang='lat' dir='ltr'>aenum</span> <span class='ocrx_word' id='word_1_3' title='bbox 1600 204 1663 238; x_wconf 79' lang='lat'>983</span> 
     </span>
    </p>
   </div>
   <div class='ocr_carea' id='block_1_2' title="bbox 162 259 1708 2614">
    <p class='ocr_par' dir='ltr' id='par_1_2' title="bbox 165 259 1311 303">
     <span class='ocr_line' id='line_1_2' title="bbox 165 259 1311 303; baseline 0.004 -11"><span class='ocrx_word' id='word_1_4' title='bbox 165 260 280 293; x_wconf 84' lang='lat' dir='ltr'>Mariae</span> <span class='ocrx_word' id='word_1_5' title='bbox 303 260 361 303; x_wconf 85' lang='lat' dir='ltr'>(S.)</span> <span class='ocrx_word' id='word_1_6' title='bbox 386 259 425 292; x_wconf 90' lang='lat' dir='ltr'>de</span> <span class='ocrx_word' id='word_1_7' title='bbox 447 259 638 303; x_wconf 87' lang='lat' dir='ltr'>Campitellis</span> <span class='ocrx_word' id='word_1_8' title='bbox 663 261 804 303; x_wconf 85' lang='lat' dir='ltr'>ecclesia,</span> <span class='ocrx_word' id='word_1_9' title='bbox 830 262 901 295; x_wconf 77' lang='lat' dir='ltr'>vide</span> <span class='ocrx_word' id='word_1_10' title='bbox 925 263 954 295; x_wconf 88' lang='lat' dir='ltr'>S.</span> <span class='ocrx_word' id='word_1_11' title='bbox 979 263 1093 296; x_wconf 85' lang='lat' dir='ltr'>Mariae</span> <span class='ocrx_word' id='word_1_12' title='bbox 1118 264 1148 296; x_wconf 91' lang='lat' dir='ltr'>in</span> <span class='ocrx_word' id='word_1_13' title='bbox 1174 264 1311 297; x_wconf 88' lang='lat' dir='ltr'>Porticu.</span> 
     </span>
    </p>

    <p class='ocr_par' dir='ltr' id='par_1_3' title="bbox 164 312 1706 466">
     <span class='ocr_line' id='line_1_3' title="bbox 164 312 1705 360; baseline 0.005 -16"><span class='ocrx_word' id='word_1_14' title='bbox 164 312 331 345; x_wconf 88' lang='lat' dir='ltr'>Masserani</span> <span class='ocrx_word' id='word_1_15' title='bbox 355 312 533 355; x_wconf 87' lang='lat' dir='ltr'>principem</span> <span class='ocrx_word' id='word_1_16' title='bbox 558 312 639 344; x_wconf 92' lang='lat' dir='ltr'>inter</span> <span class='ocrx_word' id='word_1_17' title='bbox 664 318 694 345; x_wconf 87' lang='lat' dir='ltr'>et</span> <span class='ocrx_word' id='word_1_18' title='bbox 710 314 858 347; x_wconf 81' lang='lat' dir='ltr'>vassallos</span> <span class='ocrx_word' id='word_1_19' title='bbox 879 325 952 347; x_wconf 91' lang='lat' dir='ltr'>suos</span> <span class='ocrx_word' id='word_1_20' title='bbox 972 325 1065 347; x_wconf 88' lang='lat' dir='ltr'>causa</span> <span class='ocrx_word' id='word_1_21' title='bbox 1085 315 1293 348; x_wconf 72' lang='lat' dir='ltr'>committitur</span> <span class='ocrx_word' id='word_1_22' title='bbox 1317 316 1466 360; x_wconf 89' lang='lat' dir='ltr'>episcopo</span> <span class='ocrx_word' id='word_1_23' title='bbox 1490 317 1705 352; x_wconf 78' lang='lat' dir='ltr'>Alexandrino</span> 
     </span>
     <span class='ocr_line' id='line_1_4' title="bbox 252 365 1706 412; baseline 0.004 -15"><span class='ocrx_word' id='word_1_24' title='bbox 252 365 433 408; x_wconf 90' lang='lat' dir='ltr'>provinciae</span> <span class='ocrx_word' id='word_1_25' title='bbox 456 365 707 405; x_wconf 88' lang='lat' dir='ltr'>Mediolanensis,</span> <span class='ocrx_word' id='word_1_26' title='bbox 731 365 773 398; x_wconf 77' lang='lat'>43</span> <span class='ocrx_word' id='word_1_27' title='bbox 798 366 830 405; x_wconf 79' lang='lat' dir='ltr'>b;</span> <span class='ocrx_word' id='word_1_28' title='bbox 856 367 1022 399; x_wconf 88' lang='lat' dir='ltr'>Masserani</span> <span class='ocrx_word' id='word_1_29' title='bbox 1049 373 1132 400; x_wconf 89' lang='lat' dir='ltr'>terra</span> <span class='ocrx_word' id='word_1_30' title='bbox 1158 373 1204 400; x_wconf 87' lang='lat' dir='ltr'>est</span> <span class='ocrx_word' id='word_1_31' title='bbox 1228 368 1355 400; x_wconf 88' lang='lat' dir='ltr'>feudum</span> <span class='ocrx_word' id='word_1_32' title='bbox 1383 369 1470 402; x_wconf 90' lang='lat' dir='ltr'>Sedis</span> <span class='ocrx_word' id='word_1_33' title='bbox 1494 370 1706 412; x_wconf 79' lang='lat' dir='ltr'>Apostolieae,</span> 
     </span>
     <span class='ocr_line' id='line_1_5' title="bbox 252 417 1703 466; baseline 0.006 -18"><span class='ocrx_word' id='word_1_34' title='bbox 252 417 316 450; x_wconf 85' lang='lat'>665</span> <span class='ocrx_word' id='word_1_35' title='bbox 337 428 374 456; x_wconf 80' lang='grc' dir='ltr'>α;</span> <span class='ocrx_word' id='word_1_36' title='bbox 389 417 487 460; x_wconf 91' lang='lat' dir='ltr'>ipsius</span> <span class='ocrx_word' id='word_1_37' title='bbox 510 417 669 457; x_wconf 81' lang='lat' dir='ltr'>alienatio,</span> <span class='ocrx_word' id='word_1_38' title='bbox 687 417 863 451; x_wconf 78' lang='lat' dir='ltr'>inconsulta</span> <span class='ocrx_word' id='word_1_39' title='bbox 884 419 962 452; x_wconf 83' lang='lat' dir='ltr'>Sede</span> <span class='ocrx_word' id='word_1_40' title='bbox 979 421 1161 462; x_wconf 88' lang='lat' dir='ltr'>Apostolica</span> <span class='ocrx_word' id='word_1_41' title='bbox 1184 421 1275 460; x_wconf 87' lang='lat' dir='ltr'>facta,</span> <span class='ocrx_word' id='word_1_42' title='bbox 1296 421 1450 462; x_wconf 88' lang='lat' dir='ltr'>irritatur,</span> <span class='ocrx_word' id='word_1_43' title='bbox 1471 421 1536 454; x_wconf 83' lang='lat'>665</span> <span class='ocrx_word' id='word_1_44' title='bbox 1553 434 1574 455; x_wconf 86' lang='grc' dir='ltr'><em>α</em></span> <span class='ocrx_word' id='word_1_45' title='bbox 1593 428 1622 455; x_wconf 92' lang='lat' dir='ltr'>et</span> <span class='ocrx_word' id='word_1_46' title='bbox 1638 434 1703 466; x_wconf 84' lang='lat' dir='ltr'>seq.</span> 
     </span>
    </p>

    <p class='ocr_par' dir='ltr' id='par_1_4' title="bbox 164 469 1706 661">
     <span class='ocr_line' id='line_1_6' title="bbox 164 469 1706 517; baseline 0.003 -14"><span class='ocrx_word' id='word_1_47' title='bbox 164 469 391 503; x_wconf 84' lang='lat' dir='ltr'>Maximilianus</span> <span class='ocrx_word' id='word_1_48' title='bbox 415 469 427 501; x_wconf 97' lang='grc' dir='ltr'>Ι</span> <span class='ocrx_word' id='word_1_49' title='bbox 451 469 600 502; x_wconf 89' lang='lat' dir='ltr'>Bavariae</span> <span class='ocrx_word' id='word_1_50' title='bbox 624 470 687 502; x_wconf 84' lang='lat' dir='ltr'>dux</span> <span class='ocrx_word' id='word_1_51' title='bbox 710 471 933 504; x_wconf 76' lang='lat' dir='ltr'>instantissime</span> <span class='ocrx_word' id='word_1_52' title='bbox 949 473 1182 505; x_wconf 86' lang='lat' dir='ltr'>commendavit</span> <span class='ocrx_word' id='word_1_53' title='bbox 1205 473 1277 506; x_wconf 88' lang='lat' dir='ltr'>Sedi</span> <span class='ocrx_word' id='word_1_54' title='bbox 1302 474 1501 517; x_wconf 80' lang='lat' dir='ltr'>Apostolicae</span> <span class='ocrx_word' id='word_1_55' title='bbox 1525 474 1706 507; x_wconf 87' lang='lat' dir='ltr'>institutum</span> 
     </span>
     <span class='ocr_line' id='line_1_7' title="bbox 252 521 1705 565; baseline 0.005 -12"><span class='ocrx_word' id='word_1_56' title='bbox 252 522 441 554; x_wconf 88' lang='lat' dir='ltr'>clericorum</span> <span class='ocrx_word' id='word_1_57' title='bbox 474 521 684 554; x_wconf 89' lang='lat' dir='ltr'>saecularium</span> <span class='ocrx_word' id='word_1_58' title='bbox 710 522 742 554; x_wconf 90' lang='lat' dir='ltr'>in</span> <span class='ocrx_word' id='word_1_59' title='bbox 766 524 927 555; x_wconf 90' lang='lat' dir='ltr'>communi</span> <span class='ocrx_word' id='word_1_60' title='bbox 952 524 1134 565; x_wconf 89' lang='lat' dir='ltr'>viventium,</span> <span class='ocrx_word' id='word_1_61' title='bbox 1159 525 1219 557; x_wconf 44' lang='lat'>24⁴1</span> <span class='ocrx_word' id='word_1_62' title='bbox 1249 526 1284 565; x_wconf 85' lang='lat' dir='ltr'>b;</span> <span class='ocrx_word' id='word_1_63' title='bbox 1302 526 1376 558; x_wconf 91' lang='lat' dir='ltr'>item</span> <span class='ocrx_word' id='word_1_64' title='bbox 1403 527 1552 560; x_wconf 88' lang='lat' dir='ltr'>unionem</span> <span class='ocrx_word' id='word_1_65' title='bbox 1579 537 1705 560; x_wconf 90' lang='lat' dir='ltr'>monas—</span> 
     </span>
     <span class='ocr_line' id='line_1_8' title="bbox 251 574 1704 621; baseline 0.005 -15"><span class='ocrx_word' id='word_1_66' title='bbox 251 575 404 607; x_wconf 90' lang='lat' dir='ltr'>teriorum</span> <span class='ocrx_word' id='word_1_67' title='bbox 436 580 467 607; x_wconf 89' lang='lat' dir='ltr'>et</span> <span class='ocrx_word' id='word_1_68' title='bbox 497 574 725 608; x_wconf 75' lang='lat' dir='ltr'>institutionem</span> <span class='ocrx_word' id='word_1_69' title='bbox 758 575 1018 618; x_wconf 80' lang='lat' dir='ltr'>Congregationis</span> <span class='ocrx_word' id='word_1_70' title='bbox 1054 577 1448 612; x_wconf 86' lang='lat' dir='ltr'>Benedictino-Bavaricae</span> <span class='ocrx_word' id='word_1_71' title='bbox 1485 579 1552 612; x_wconf 79' lang='lat' dir='ltr'>fieri</span> <span class='ocrx_word' id='word_1_72' title='bbox 1595 586 1704 621; x_wconf 89' lang='lat' dir='ltr'>curat,</span> 
     </span>
     <span class='ocr_line' id='line_1_9' title="bbox 254 626 374 661; baseline 0 -1"><span class='ocrx_word' id='word_1_73' title='bbox 254 626 320 660; x_wconf 65' lang='lat'>592</span> <span class='ocrx_word' id='word_1_74' title='bbox 344 639 374 661; x_wconf 81' lang='lat' dir='ltr'>a.</span> 
     </span>
    </p>

    <p class='ocr_par' dir='ltr' id='par_1_5' title="bbox 164 679 903 724">
     <span class='ocr_line' id='line_1_10' title="bbox 164 679 903 724; baseline 0 -12"><span class='ocrx_word' id='word_1_75' title='bbox 164 679 395 713; x_wconf 88' lang='lat' dir='ltr'>Mechliniensis</span> <span class='ocrx_word' id='word_1_76' title='bbox 419 679 692 724; x_wconf 81' lang='lat' dir='ltr'>archiepiscopus,</span> <span class='ocrx_word' id='word_1_77' title='bbox 717 682 788 713; x_wconf 73' lang='lat' dir='ltr'>vide</span> <span class='ocrx_word' id='word_1_78' title='bbox 812 681 903 714; x_wconf 85' lang='lat' dir='ltr'>Lites.</span> 
     </span>
    </p>

    <p class='ocr_par' dir='ltr' id='par_1_6' title="bbox 163 732 1701 825">
     <span class='ocr_line' id='line_1_11' title="bbox 163 732 1701 779; baseline 0.003 -14"><span class='ocrx_word' id='word_1_79' title='bbox 163 732 330 765; x_wconf 88' lang='lat' dir='ltr'>Mechtilda</span> <span class='ocrx_word' id='word_1_80' title='bbox 361 743 378 765; x_wconf 89' lang='lat' dir='ltr'>a</span> <span class='ocrx_word' id='word_1_81' title='bbox 410 732 461 766; x_wconf 88' lang='lat' dir='ltr'>SS.</span> <span class='ocrx_word' id='word_1_82' title='bbox 495 732 717 772; x_wconf 86' lang='lat' dir='ltr'>Sacramento,</span> <span class='ocrx_word' id='word_1_83' title='bbox 742 733 887 766; x_wconf 90' lang='lat' dir='ltr'>monialis</span> <span class='ocrx_word' id='word_1_84' title='bbox 912 734 1045 767; x_wconf 85' lang='lat' dir='ltr'>instituti</span> <span class='ocrx_word' id='word_1_85' title='bbox 1071 734 1270 767; x_wconf 81' lang='lat' dir='ltr'>Adorationis</span> <span class='ocrx_word' id='word_1_86' title='bbox 1304 736 1477 779; x_wconf 81' lang='lat' dir='ltr'>Perpetuae</span> <span class='ocrx_word' id='word_1_87' title='bbox 1510 737 1562 769; x_wconf 85' lang='lat' dir='ltr'>SS.</span> <span class='ocrx_word' id='word_1_88' title='bbox 1589 738 1701 770; x_wconf 88' lang='lat' dir='ltr'>Sacra-</span> 
     </span>
     <span class='ocr_line' id='line_1_12' title="bbox 250 784 1119 825; baseline 0.002 -9"><span class='ocrx_word' id='word_1_89' title='bbox 250 785 358 825; x_wconf 89' lang='lat' dir='ltr'>menti‚</span> <span class='ocrx_word' id='word_1_90' title='bbox 384 790 499 818; x_wconf 89' lang='lat' dir='ltr'>statuta</span> <span class='ocrx_word' id='word_1_91' title='bbox 523 784 663 817; x_wconf 84' lang='lat' dir='ltr'>condidit</span> <span class='ocrx_word' id='word_1_92' title='bbox 688 785 827 818; x_wconf 89' lang='lat' dir='ltr'>eiusdem</span> <span class='ocrx_word' id='word_1_93' title='bbox 853 785 998 824; x_wconf 87' lang='lat' dir='ltr'>instituti,</span> <span class='ocrx_word' id='word_1_94' title='bbox 1022 785 1064 817; x_wconf 72' lang='lat'>302</span> <span class='ocrx_word' id='word_1_95' title='bbox 1090 797 1119 818; x_wconf 85' lang='grc' dir='ltr'>α.</span> 
     </span>
    </p>

    <p class='ocr_par' dir='ltr' id='par_1_7' title="bbox 162 836 1705 1035">
     <span class='ocr_line' id='line_1_13' title="bbox 162 836 1701 882; baseline 0.004 -13"><span class='ocrx_word' id='word_1_96' title='bbox 162 836 347 871; x_wconf 83' lang='lat' dir='ltr'>Melitenses.</span> <span class='ocrx_word' id='word_1_97' title='bbox 373 837 419 870; x_wconf 90' lang='lat' dir='ltr'>Ad</span> <span class='ocrx_word' id='word_1_98' title='bbox 443 837 618 870; x_wconf 86' lang='lat' dir='ltr'>Melitenses</span> <span class='ocrx_word' id='word_1_99' title='bbox 641 838 773 870; x_wconf 91' lang='lat' dir='ltr'>clericos</span> <span class='ocrx_word' id='word_1_100' title='bbox 798 837 914 869; x_wconf 82' lang='lat' dir='ltr'>Urbani</span> <span class='ocrx_word' id='word_1_101' title='bbox 939 837 1004 869; x_wconf 87' lang='lat' dir='ltr'>VIII</span> <span class='ocrx_word' id='word_1_102' title='bbox 1030 838 1301 879; x_wconf 85' lang='lat' dir='ltr'>constitutionem,</span> <span class='ocrx_word' id='word_1_103' title='bbox 1327 850 1388 882; x_wconf 82' lang='lat' dir='ltr'>qua</span> <span class='ocrx_word' id='word_1_104' title='bbox 1412 841 1560 873; x_wconf 88' lang='lat' dir='ltr'>statuitur</span> <span class='ocrx_word' id='word_1_105' title='bbox 1589 848 1622 874; x_wconf 90' lang='lat' dir='ltr'>ut</span> <span class='ocrx_word' id='word_1_106' title='bbox 1646 853 1701 875; x_wconf 90' lang='lat' dir='ltr'>or-</span> 
     </span>
     <span class='ocr_line' id='line_1_14' title="bbox 249 889 1705 936; baseline 0.003 -14"><span class='ocrx_word' id='word_1_107' title='bbox 249 890 347 922; x_wconf 90' lang='lat' dir='ltr'>dinati</span> <span class='ocrx_word' id='word_1_108' title='bbox 379 900 451 922; x_wconf 88' lang='lat' dir='ltr'>cum</span> <span class='ocrx_word' id='word_1_109' title='bbox 477 889 561 922; x_wconf 89' lang='lat' dir='ltr'>falsis</span> <span class='ocrx_word' id='word_1_110' title='bbox 586 890 634 922; x_wconf 88' lang='lat' dir='ltr'>vel</span> <span class='ocrx_word' id='word_1_111' title='bbox 662 889 728 922; x_wconf 86' lang='lat' dir='ltr'>sine</span> <span class='ocrx_word' id='word_1_112' title='bbox 752 889 938 922; x_wconf 85' lang='lat' dir='ltr'>dimissoriis</span> <span class='ocrx_word' id='word_1_113' title='bbox 961 890 1020 922; x_wconf 84' lang='lat' dir='ltr'>fori</span> <span class='ocrx_word' id='word_1_114' title='bbox 1046 890 1212 933; x_wconf 82' lang='lat' dir='ltr'>privilegio</span> <span class='ocrx_word' id='word_1_115' title='bbox 1238 892 1376 933; x_wconf 82' lang='lat' dir='ltr'>gaudere</span> <span class='ocrx_word' id='word_1_116' title='bbox 1403 899 1573 936; x_wconf 84' lang='lat' dir='ltr'>nequeant,</span> <span class='ocrx_word' id='word_1_117' title='bbox 1597 899 1705 926; x_wconf 76' lang='lat' dir='ltr'>exten-</span> 
     </span>
     <span class='ocr_line' id='line_1_15' title="bbox 249 942 1704 986; baseline 0.003 -12"><span class='ocrx_word' id='word_1_118' title='bbox 249 942 295 974; x_wconf 89' lang='lat' dir='ltr'>dit</span> <span class='ocrx_word' id='word_1_119' title='bbox 318 942 518 975; x_wconf 87' lang='lat' dir='ltr'>Innocentius</span> <span class='ocrx_word' id='word_1_120' title='bbox 538 943 587 984; x_wconf 82' lang='lat' dir='ltr'>XI,</span> <span class='ocrx_word' id='word_1_121' title='bbox 613 942 677 975; x_wconf 81' lang='lat'>590</span> <span class='ocrx_word' id='word_1_122' title='bbox 690 953 719 981; x_wconf 73' lang='lat' dir='ltr'>a,</span> <span class='ocrx_word' id='word_1_123' title='bbox 740 942 936 986; x_wconf 87' lang='lat' dir='ltr'>praedictum</span> <span class='ocrx_word' id='word_1_124' title='bbox 955 943 1052 975; x_wconf 85' lang='lat' dir='ltr'>Breve</span> <span class='ocrx_word' id='word_1_125' title='bbox 1070 943 1154 975; x_wconf 88' lang='lat' dir='ltr'>eirca</span> <span class='ocrx_word' id='word_1_126' title='bbox 1179 944 1353 977; x_wconf 80' lang='lat' dir='ltr'>Melitenses</span> <span class='ocrx_word' id='word_1_127' title='bbox 1377 945 1415 977; x_wconf 88' lang='lat' dir='ltr'>ad</span> <span class='ocrx_word' id='word_1_128' title='bbox 1440 946 1523 978; x_wconf 86' lang='lat' dir='ltr'>solos</span> <span class='ocrx_word' id='word_1_129' title='bbox 1544 946 1704 979; x_wconf 87' lang='lat' dir='ltr'>ordinatos</span> 
     </span>
     <span class='ocr_line' id='line_1_16' title="bbox 251 994 974 1035; baseline 0.001 -8"><span class='ocrx_word' id='word_1_130' title='bbox 251 1005 323 1027; x_wconf 91' lang='lat' dir='ltr'>cum</span> <span class='ocrx_word' id='word_1_131' title='bbox 349 995 434 1027; x_wconf 84' lang='lat' dir='ltr'>salsis</span> <span class='ocrx_word' id='word_1_132' title='bbox 458 995 648 1028; x_wconf 84' lang='lat' dir='ltr'>dimissoriis</span> <span class='ocrx_word' id='word_1_133' title='bbox 672 996 834 1035; x_wconf 88' lang='lat' dir='ltr'>reformat,</span> <span class='ocrx_word' id='word_1_134' title='bbox 863 994 925 1028; x_wconf 78' lang='lat'>637</span> <span class='ocrx_word' id='word_1_135' title='bbox 947 996 974 1028; x_wconf 88' lang='lat' dir='ltr'>b.</span> 
     </span>
    </p>

    <p class='ocr_par' dir='ltr' id='par_1_8' title="bbox 163 1047 1705 1301">
     <span class='ocr_line' id='line_1_17' title="bbox 163 1047 1705 1093; baseline 0.001 -13"><span class='ocrx_word' id='word_1_136' title='bbox 163 1047 286 1080; x_wconf 86' lang='lat' dir='ltr'>Mensae</span> <span class='ocrx_word' id='word_1_137' title='bbox 311 1047 482 1091; x_wconf 89' lang='lat' dir='ltr'>episcopali</span> <span class='ocrx_word' id='word_1_138' title='bbox 508 1047 658 1081; x_wconf 86' lang='lat' dir='ltr'>ecclesiae</span> <span class='ocrx_word' id='word_1_139' title='bbox 683 1048 713 1080; x_wconf 92' lang='lat' dir='ltr'>S.</span> <span class='ocrx_word' id='word_1_140' title='bbox 742 1048 911 1080; x_wconf 89' lang='lat' dir='ltr'>Salvatoris</span> <span class='ocrx_word' id='word_1_141' title='bbox 935 1048 973 1080; x_wconf 92' lang='lat' dir='ltr'>de</span> <span class='ocrx_word' id='word_1_142' title='bbox 997 1048 1107 1081; x_wconf 88' lang='lat' dir='ltr'>Olinda</span> <span class='ocrx_word' id='word_1_143' title='bbox 1133 1054 1254 1081; x_wconf 87' lang='lat' dir='ltr'>certum</span> <span class='ocrx_word' id='word_1_144' title='bbox 1280 1059 1420 1081; x_wconf 88' lang='lat' dir='ltr'>annuum</span> <span class='ocrx_word' id='word_1_145' title='bbox 1447 1059 1575 1082; x_wconf 89' lang='lat' dir='ltr'>censum</span> <span class='ocrx_word' id='word_1_146' title='bbox 1609 1051 1705 1093; x_wconf 88' lang='lat' dir='ltr'>appli-</span> 
     </span>
     <span class='ocr_line' id='line_1_18' title="bbox 251 1100 1705 1142; baseline 0.001 -9"><span class='ocrx_word' id='word_1_147' title='bbox 251 1100 342 1140; x_wconf 80' lang='lat' dir='ltr'>cavit,</span> <span class='ocrx_word' id='word_1_148' title='bbox 367 1101 404 1132; x_wconf 94' lang='grc'>11</span> <span class='ocrx_word' id='word_1_149' title='bbox 433 1111 470 1140; x_wconf 88' lang='grc' dir='ltr'>α;</span> <span class='ocrx_word' id='word_1_150' title='bbox 496 1101 646 1133; x_wconf 88' lang='lat' dir='ltr'>ecclesiae</span> <span class='ocrx_word' id='word_1_151' title='bbox 671 1100 702 1133; x_wconf 86' lang='lat' dir='ltr'>S.</span> <span class='ocrx_word' id='word_1_152' title='bbox 729 1100 901 1133; x_wconf 88' lang='lat' dir='ltr'>Sebastiani</span> <span class='ocrx_word' id='word_1_153' title='bbox 928 1101 958 1132; x_wconf 93' lang='lat' dir='ltr'>in</span> <span class='ocrx_word' id='word_1_154' title='bbox 984 1111 1082 1142; x_wconf 83' lang='lat' dir='ltr'>regno</span> <span class='ocrx_word' id='word_1_155' title='bbox 1107 1101 1256 1134; x_wconf 87' lang='lat' dir='ltr'>Brasiliae</span> <span class='ocrx_word' id='word_1_156' title='bbox 1291 1106 1409 1135; x_wconf 89' lang='lat' dir='ltr'>certam</span> <span class='ocrx_word' id='word_1_157' title='bbox 1433 1112 1568 1134; x_wconf 86' lang='lat' dir='ltr'>annuam</span> <span class='ocrx_word' id='word_1_158' title='bbox 1599 1103 1705 1136; x_wconf 87' lang='lat' dir='ltr'>dotem</span> 
     </span>
     <span class='ocr_line' id='line_1_19' title="bbox 250 1153 1704 1196; baseline 0.001 -10"><span class='ocrx_word' id='word_1_159' title='bbox 250 1153 404 1193; x_wconf 81' lang='lat' dir='ltr'>attribuit,</span> <span class='ocrx_word' id='word_1_160' title='bbox 429 1153 472 1186; x_wconf 81' lang='lat'>15</span> <span class='ocrx_word' id='word_1_161' title='bbox 496 1154 534 1193; x_wconf 80' lang='lat' dir='ltr'>b3</span> <span class='ocrx_word' id='word_1_162' title='bbox 561 1154 713 1186; x_wconf 88' lang='lat' dir='ltr'>ecclesiae</span> <span class='ocrx_word' id='word_1_163' title='bbox 737 1154 768 1187; x_wconf 88' lang='lat' dir='ltr'>S.</span> <span class='ocrx_word' id='word_1_164' title='bbox 796 1153 945 1186; x_wconf 87' lang='lat' dir='ltr'>Ludovici</span> <span class='ocrx_word' id='word_1_165' title='bbox 969 1153 1008 1186; x_wconf 91' lang='lat' dir='ltr'>de</span> <span class='ocrx_word' id='word_1_166' title='bbox 1032 1154 1221 1196; x_wconf 84' lang='lat' dir='ltr'>Maragnano</span> <span class='ocrx_word' id='word_1_167' title='bbox 1248 1154 1394 1188; x_wconf 80' lang='lat' dir='ltr'>definitos</span> <span class='ocrx_word' id='word_1_168' title='bbox 1418 1165 1540 1187; x_wconf 90' lang='lat' dir='ltr'>annuos</span> <span class='ocrx_word' id='word_1_169' title='bbox 1564 1155 1704 1189; x_wconf 87' lang='lat' dir='ltr'>redditus</span> 
     </span>
     <span class='ocr_line' id='line_1_20' title="bbox 251 1206 1705 1250; baseline 0.001 -11"><span class='ocrx_word' id='word_1_170' title='bbox 251 1206 491 1250; x_wconf 81' lang='lat' dir='ltr'>appropriavit,</span> <span class='ocrx_word' id='word_1_171' title='bbox 528 1206 569 1239; x_wconf 84' lang='lat'>59</span> <span class='ocrx_word' id='word_1_172' title='bbox 594 1207 630 1245; x_wconf 80' lang='lat' dir='ltr'>b3</span> <span class='ocrx_word' id='word_1_173' title='bbox 665 1206 816 1239; x_wconf 88' lang='lat' dir='ltr'>ecclesiae</span> <span class='ocrx_word' id='word_1_174' title='bbox 847 1206 1034 1238; x_wconf 88' lang='lat' dir='ltr'>Bituricensi</span> <span class='ocrx_word' id='word_1_175' title='bbox 1063 1216 1199 1238; x_wconf 85' lang='lat' dir='ltr'>annuam</span> <span class='ocrx_word' id='word_1_176' title='bbox 1229 1216 1386 1239; x_wconf 86' lang='lat' dir='ltr'>summam</span> <span class='ocrx_word' id='word_1_177' title='bbox 1422 1207 1601 1249; x_wconf 88' lang='lat' dir='ltr'>quindecim</span> <span class='ocrx_word' id='word_1_178' title='bbox 1636 1208 1705 1240; x_wconf 88' lang='lat' dir='ltr'>mil-</span> 
     </span>
     <span class='ocr_line' id='line_1_21' title="bbox 250 1258 1426 1301; baseline 0.001 -11"><span class='ocrx_word' id='word_1_179' title='bbox 250 1258 327 1291; x_wconf 91' lang='lat' dir='ltr'>lium</span> <span class='ocrx_word' id='word_1_180' title='bbox 352 1259 507 1291; x_wconf 90' lang='lat' dir='ltr'>librarum</span> <span class='ocrx_word' id='word_1_181' title='bbox 534 1269 570 1291; x_wconf 84' lang='lat' dir='ltr'>ex</span> <span class='ocrx_word' id='word_1_182' title='bbox 595 1258 726 1291; x_wconf 87' lang='lat' dir='ltr'>decimis</span> <span class='ocrx_word' id='word_1_183' title='bbox 751 1259 901 1291; x_wconf 86' lang='lat' dir='ltr'>ecclesiae</span> <span class='ocrx_word' id='word_1_184' title='bbox 925 1258 1081 1291; x_wconf 89' lang='lat' dir='ltr'>Albiensis</span> <span class='ocrx_word' id='word_1_185' title='bbox 1104 1258 1286 1301; x_wconf 76' lang='lat' dir='ltr'>assignavit,</span> <span class='ocrx_word' id='word_1_186' title='bbox 1312 1259 1374 1291; x_wconf 77' lang='grc'>113</span> <span class='ocrx_word' id='word_1_187' title='bbox 1400 1259 1426 1291; x_wconf 84' lang='lat' dir='ltr'>b.</span> 
     </span>
    </p>

    <p class='ocr_par' dir='ltr' id='par_1_9' title="bbox 163 1311 794 1351">
     <span class='ocr_line' id='line_1_22' title="bbox 163 1311 794 1351; baseline -0.002 -8"><span class='ocrx_word' id='word_1_188' title='bbox 163 1311 331 1343; x_wconf 87' lang='lat' dir='ltr'>Messerani</span> <span class='ocrx_word' id='word_1_189' title='bbox 358 1311 496 1351; x_wconf 86' lang='lat' dir='ltr'>feudum,</span> <span class='ocrx_word' id='word_1_190' title='bbox 522 1312 593 1344; x_wconf 72' lang='lat' dir='ltr'>vide</span> <span class='ocrx_word' id='word_1_191' title='bbox 615 1311 794 1343; x_wconf 87' lang='lat' dir='ltr'>Masserani.</span> 
     </span>
    </p>

    <p class='ocr_par' dir='ltr' id='par_1_10' title="bbox 163 1363 1704 1459">
     <span class='ocr_line' id='line_1_23' title="bbox 163 1363 1704 1407; baseline 0.001 -12"><span class='ocrx_word' id='word_1_192' title='bbox 163 1363 323 1396; x_wconf 71' lang='lat' dir='ltr'>Michaelis</span> <span class='ocrx_word' id='word_1_193' title='bbox 347 1363 385 1396; x_wconf 91' lang='lat' dir='ltr'>de</span> <span class='ocrx_word' id='word_1_194' title='bbox 402 1363 533 1396; x_wconf 89' lang='lat' dir='ltr'>Molinos</span> <span class='ocrx_word' id='word_1_195' title='bbox 557 1363 794 1407; x_wconf 80' lang='lat' dir='ltr'>propositiones</span> <span class='ocrx_word' id='word_1_196' title='bbox 819 1369 849 1395; x_wconf 91' lang='lat' dir='ltr'>et</span> <span class='ocrx_word' id='word_1_197' title='bbox 865 1363 936 1395; x_wconf 82' lang='lat' dir='ltr'>libri</span> <span class='ocrx_word' id='word_1_198' title='bbox 951 1373 1061 1395; x_wconf 87' lang='lat' dir='ltr'>omnes</span> <span class='ocrx_word' id='word_1_199' title='bbox 1078 1374 1114 1396; x_wconf 88' lang='lat' dir='ltr'>ac</span> <span class='ocrx_word' id='word_1_200' title='bbox 1132 1363 1346 1406; x_wconf 85' lang='lat' dir='ltr'>manuscripta</span> <span class='ocrx_word' id='word_1_201' title='bbox 1366 1364 1556 1396; x_wconf 83' lang='lat' dir='ltr'>damnantur</span> <span class='ocrx_word' id='word_1_202' title='bbox 1581 1376 1597 1397; x_wconf 88' lang='lat' dir='ltr'>a</span> <span class='ocrx_word' id='word_1_203' title='bbox 1623 1365 1704 1398; x_wconf 84' lang='lat' dir='ltr'>Pon-</span> 
     </span>
     <span class='ocr_line' id='line_1_24' title="bbox 253 1415 612 1459; baseline 0 -11"><span class='ocrx_word' id='word_1_204' title='bbox 253 1415 346 1456; x_wconf 87' lang='lat' dir='ltr'>tifice‚</span> <span class='ocrx_word' id='word_1_205' title='bbox 368 1415 431 1448; x_wconf 80' lang='lat'>775</span> <span class='ocrx_word' id='word_1_206' title='bbox 450 1427 470 1448; x_wconf 77' lang='grc' dir='ltr'>(ι</span> <span class='ocrx_word' id='word_1_207' title='bbox 495 1421 526 1448; x_wconf 86' lang='lat' dir='ltr'>et</span> <span class='ocrx_word' id='word_1_208' title='bbox 550 1427 612 1459; x_wconf 83' lang='lat' dir='ltr'>seq.</span> 
     </span>
    </p>

    <p class='ocr_par' dir='ltr' id='par_1_11' title="bbox 163 1467 1708 2039">
     <span class='ocr_line' id='line_1_25' title="bbox 165 1467 1704 1512; baseline 0.001 -12"><span class='ocrx_word' id='word_1_209' title='bbox 165 1467 300 1501; x_wconf 89' lang='lat' dir='ltr'>Minores</span> <span class='ocrx_word' id='word_1_210' title='bbox 323 1469 437 1501; x_wconf 86' lang='lat' dir='ltr'>fratres</span> <span class='ocrx_word' id='word_1_211' title='bbox 461 1468 490 1501; x_wconf 92' lang='lat' dir='ltr'>S.</span> <span class='ocrx_word' id='word_1_212' title='bbox 516 1469 686 1501; x_wconf 87' lang='lat' dir='ltr'>Francisci.</span> <span class='ocrx_word' id='word_1_213' title='bbox 712 1469 856 1511; x_wconf 87' lang='lat' dir='ltr'>Ipsorum</span> <span class='ocrx_word' id='word_1_214' title='bbox 882 1469 1023 1501; x_wconf 88' lang='lat' dir='ltr'>ecclesiis</span> <span class='ocrx_word' id='word_1_215' title='bbox 1048 1469 1223 1510; x_wconf 77' lang='lat' dir='ltr'>generatim</span> <span class='ocrx_word' id='word_1_216' title='bbox 1257 1469 1289 1501; x_wconf 92' lang='lat' dir='ltr'>in</span> <span class='ocrx_word' id='word_1_217' title='bbox 1318 1469 1508 1512; x_wconf 87' lang='lat' dir='ltr'>quibusdam</span> <span class='ocrx_word' id='word_1_218' title='bbox 1539 1471 1623 1502; x_wconf 85' lang='lat' dir='ltr'>festis</span> <span class='ocrx_word' id='word_1_219' title='bbox 1657 1471 1704 1502; x_wconf 90' lang='lat' dir='ltr'>in-</span> 
     </span>
     <span class='ocr_line' id='line_1_26' title="bbox 253 1521 1593 1564; baseline 0.001 -11"><span class='ocrx_word' id='word_1_220' title='bbox 253 1521 447 1564; x_wconf 82' lang='lat' dir='ltr'>dulgentiam</span> <span class='ocrx_word' id='word_1_221' title='bbox 473 1521 647 1564; x_wconf 88' lang='lat' dir='ltr'>plenariam</span> <span class='ocrx_word' id='word_1_222' title='bbox 672 1527 857 1564; x_wconf 88' lang='lat' dir='ltr'>perpetuam</span> <span class='ocrx_word' id='word_1_223' title='bbox 884 1521 1041 1554; x_wconf 88' lang='lat' dir='ltr'>concessit</span> <span class='ocrx_word' id='word_1_224' title='bbox 1072 1521 1272 1554; x_wconf 90' lang='lat' dir='ltr'>Innocentius</span> <span class='ocrx_word' id='word_1_225' title='bbox 1297 1522 1353 1561; x_wconf 82' lang='lat' dir='ltr'>XI,</span> <span class='ocrx_word' id='word_1_226' title='bbox 1379 1521 1445 1554; x_wconf 67' lang='lat'>0264</span> <span class='ocrx_word' id='word_1_227' title='bbox 1469 1533 1489 1554; x_wconf 84' lang='grc' dir='ltr'><em>α</em></span> <span class='ocrx_word' id='word_1_228' title='bbox 1514 1527 1544 1555; x_wconf 91' lang='lat' dir='ltr'>ct</span> <span class='ocrx_word' id='word_1_229' title='bbox 1568 1522 1593 1555; x_wconf 83' lang='lat' dir='ltr'>b.</span> 
     </span>
     <span class='ocr_line' id='line_1_27' title="bbox 163 1573 1707 1617; baseline 0.002 -11"><span class='ocrx_word' id='word_1_230' title='bbox 163 1573 300 1607; x_wconf 87' lang='lat' dir='ltr'>Minores</span> <span class='ocrx_word' id='word_1_231' title='bbox 324 1574 524 1617; x_wconf 87' lang='lat' dir='ltr'>Cappuccini.</span> <span class='ocrx_word' id='word_1_232' title='bbox 542 1573 622 1617; x_wconf 87' lang='lat' dir='ltr'>Ipsis</span> <span class='ocrx_word' id='word_1_233' title='bbox 646 1583 763 1606; x_wconf 89' lang='lat' dir='ltr'>novum</span> <span class='ocrx_word' id='word_1_234' title='bbox 788 1573 954 1606; x_wconf 87' lang='lat' dir='ltr'>Maioricae</span> <span class='ocrx_word' id='word_1_235' title='bbox 974 1573 1116 1615; x_wconf 79' lang='lat' dir='ltr'>erigendi</span> <span class='ocrx_word' id='word_1_236' title='bbox 1140 1574 1337 1607; x_wconf 83' lang='lat' dir='ltr'>domicilium</span> <span class='ocrx_word' id='word_1_237' title='bbox 1358 1575 1537 1608; x_wconf 80' lang='lat' dir='ltr'>facultatem</span> <span class='ocrx_word' id='word_1_238' title='bbox 1563 1576 1707 1609; x_wconf 88' lang='lat' dir='ltr'>concedit</span> 
     </span>
     <span class='ocr_line' id='line_1_28' title="bbox 253 1625 1707 1670; baseline 0.001 -11"><span class='ocrx_word' id='word_1_239' title='bbox 253 1626 413 1667; x_wconf 79' lang='lat' dir='ltr'>Pontifex,</span> <span class='ocrx_word' id='word_1_240' title='bbox 441 1627 457 1659; x_wconf 94' lang='grc'><strong>1</strong></span> <span class='ocrx_word' id='word_1_241' title='bbox 486 1627 502 1658; x_wconf 78' lang='grc' dir='ltr'>ἰ)</span> <span class='ocrx_word' id='word_1_242' title='bbox 526 1632 556 1659; x_wconf 87' lang='lat' dir='ltr'>et</span> <span class='ocrx_word' id='word_1_243' title='bbox 580 1637 662 1669; x_wconf 80' lang='lat' dir='ltr'>seq.;</span> <span class='ocrx_word' id='word_1_244' title='bbox 690 1626 808 1658; x_wconf 85' lang='lat' dir='ltr'>eisdem</span> <span class='ocrx_word' id='word_1_245' title='bbox 833 1625 1032 1669; x_wconf 87' lang='lat' dir='ltr'>provinciam</span> <span class='ocrx_word' id='word_1_246' title='bbox 1062 1631 1232 1670; x_wconf 87' lang='lat' dir='ltr'>utramque</span> <span class='ocrx_word' id='word_1_247' title='bbox 1256 1627 1415 1660; x_wconf 90' lang='lat' dir='ltr'>Bononiae</span> <span class='ocrx_word' id='word_1_248' title='bbox 1440 1633 1470 1659; x_wconf 91' lang='lat' dir='ltr'>et</span> <span class='ocrx_word' id='word_1_249' title='bbox 1493 1628 1651 1661; x_wconf 87' lang='lat' dir='ltr'>Marchiae</span> <span class='ocrx_word' id='word_1_250' title='bbox 1674 1629 1707 1661; x_wconf 86' lang='lat' dir='ltr'>in</span> 
     </span>
     <span class='ocr_line' id='line_1_29' title="bbox 253 1678 1707 1722; baseline 0.003 -11"><span class='ocrx_word' id='word_1_251' title='bbox 253 1679 331 1711; x_wconf 87' lang='lat' dir='ltr'>duas</span> <span class='ocrx_word' id='word_1_252' title='bbox 355 1678 515 1711; x_wconf 88' lang='lat' dir='ltr'>dividendi</span> <span class='ocrx_word' id='word_1_253' title='bbox 540 1679 718 1711; x_wconf 88' lang='lat' dir='ltr'>facultatem</span> <span class='ocrx_word' id='word_1_254' title='bbox 744 1678 885 1719; x_wconf 80' lang='lat' dir='ltr'>Indulsit,</span> <span class='ocrx_word' id='word_1_255' title='bbox 911 1678 947 1709; x_wconf 80' lang='grc'>61</span> <span class='ocrx_word' id='word_1_256' title='bbox 973 1689 993 1711; x_wconf 86' lang='lat' dir='ltr'>a</span> <span class='ocrx_word' id='word_1_257' title='bbox 1014 1682 1043 1711; x_wconf 89' lang='lat' dir='ltr'>et</span> <span class='ocrx_word' id='word_1_258' title='bbox 1060 1689 1133 1722; x_wconf 79' lang='lat' dir='ltr'>seq.;</span> <span class='ocrx_word' id='word_1_259' title='bbox 1158 1680 1327 1722; x_wconf 86' lang='lat' dir='ltr'>praedictis</span> <span class='ocrx_word' id='word_1_260' title='bbox 1351 1680 1524 1713; x_wconf 86' lang='lat' dir='ltr'>custodiam</span> <span class='ocrx_word' id='word_1_261' title='bbox 1549 1682 1707 1715; x_wconf 87' lang='lat' dir='ltr'>Navarrae</span> 
     </span>
     <span class='ocr_line' id='line_1_30' title="bbox 251 1730 1706 1777; baseline 0.002 -13"><span class='ocrx_word' id='word_1_262' title='bbox 251 1737 282 1764; x_wconf 91' lang='lat' dir='ltr'>et</span> <span class='ocrx_word' id='word_1_263' title='bbox 305 1731 490 1765; x_wconf 88' lang='lat' dir='ltr'>Cantabriae</span> <span class='ocrx_word' id='word_1_264' title='bbox 506 1732 668 1772; x_wconf 56' lang='lat' dir='ltr'>inInovam</span> <span class='ocrx_word' id='word_1_265' title='bbox 692 1730 889 1774; x_wconf 89' lang='lat' dir='ltr'>provinciam</span> <span class='ocrx_word' id='word_1_266' title='bbox 907 1731 1014 1772; x_wconf 80' lang='lat' dir='ltr'>erexit,</span> <span class='ocrx_word' id='word_1_267' title='bbox 1036 1731 1100 1765; x_wconf 79' lang='lat'>138</span> <span class='ocrx_word' id='word_1_268' title='bbox 1117 1732 1134 1763; x_wconf 82' lang='lat' dir='ltr'>b</span> <span class='ocrx_word' id='word_1_269' title='bbox 1159 1738 1189 1765; x_wconf 92' lang='lat' dir='ltr'>et</span> <span class='ocrx_word' id='word_1_270' title='bbox 1213 1743 1291 1776; x_wconf 56' lang='lat' dir='ltr'>seq,</span> <span class='ocrx_word' id='word_1_271' title='bbox 1317 1732 1473 1765; x_wconf 90' lang='lat' dir='ltr'>Minorum</span> <span class='ocrx_word' id='word_1_272' title='bbox 1491 1733 1706 1777; x_wconf 86' lang='lat' dir='ltr'>Cappuccino-</span> 
     </span>
     <span class='ocr_line' id='line_1_31' title="bbox 252 1783 1706 1830; baseline 0.001 -13"><span class='ocrx_word' id='word_1_273' title='bbox 252 1794 324 1817; x_wconf 89' lang='lat' dir='ltr'>rum</span> <span class='ocrx_word' id='word_1_274' title='bbox 348 1784 521 1828; x_wconf 90' lang='lat' dir='ltr'>provinciis</span> <span class='ocrx_word' id='word_1_275' title='bbox 546 1789 617 1817; x_wconf 88' lang='lat' dir='ltr'>octo</span> <span class='ocrx_word' id='word_1_276' title='bbox 642 1783 830 1817; x_wconf 89' lang='lat' dir='ltr'>Germaniae</span> <span class='ocrx_word' id='word_1_277' title='bbox 850 1783 881 1815; x_wconf 89' lang='lat' dir='ltr'>in</span> <span class='ocrx_word' id='word_1_278' title='bbox 904 1783 1047 1826; x_wconf 90' lang='lat' dir='ltr'>capitulis</span> <span class='ocrx_word' id='word_1_279' title='bbox 1070 1785 1273 1826; x_wconf 77' lang='lat' dir='ltr'>generalibus</span> <span class='ocrx_word' id='word_1_280' title='bbox 1297 1785 1346 1818; x_wconf 86' lang='lat' dir='ltr'>ius</span> <span class='ocrx_word' id='word_1_281' title='bbox 1369 1785 1596 1828; x_wconf 77' lang='lat' dir='ltr'>suffragiorum</span> <span class='ocrx_word' id='word_1_282' title='bbox 1621 1788 1706 1830; x_wconf 89' lang='lat' dir='ltr'>pari-</span> 
     </span>
     <span class='ocr_line' id='line_1_32' title="bbox 253 1835 1708 1880; baseline 0.001 -10"><span class='ocrx_word' id='word_1_283' title='bbox 253 1837 398 1870; x_wconf 86' lang='lat' dir='ltr'>formiter</span> <span class='ocrx_word' id='word_1_284' title='bbox 422 1847 494 1870; x_wconf 90' lang='lat' dir='ltr'>cum</span> <span class='ocrx_word' id='word_1_285' title='bbox 515 1837 584 1869; x_wconf 91' lang='lat' dir='ltr'>aliis</span> <span class='ocrx_word' id='word_1_286' title='bbox 604 1836 743 1876; x_wconf 83' lang='lat' dir='ltr'>indulsit,</span> <span class='ocrx_word' id='word_1_287' title='bbox 765 1835 828 1869; x_wconf 68' lang='lat'>439</span> <span class='ocrx_word' id='word_1_288' title='bbox 849 1837 866 1868; x_wconf 85' lang='lat' dir='ltr'>b</span> <span class='ocrx_word' id='word_1_289' title='bbox 887 1841 917 1868; x_wconf 91' lang='lat' dir='ltr'>et</span> <span class='ocrx_word' id='word_1_290' title='bbox 936 1847 1020 1879; x_wconf 78' lang='lat' dir='ltr'>seq.;</span> <span class='ocrx_word' id='word_1_291' title='bbox 1044 1837 1192 1880; x_wconf 88' lang='lat' dir='ltr'>praefatis</span> <span class='ocrx_word' id='word_1_292' title='bbox 1217 1838 1414 1880; x_wconf 89' lang='lat' dir='ltr'>provinciam</span> <span class='ocrx_word' id='word_1_293' title='bbox 1439 1839 1607 1872; x_wconf 89' lang='lat' dir='ltr'>comitatus</span> <span class='ocrx_word' id='word_1_294' title='bbox 1631 1840 1708 1872; x_wconf 89' lang='lat' dir='ltr'>Bur-</span> 
     </span>
     <span class='ocr_line' id='line_1_33' title="bbox 254 1888 1707 1932; baseline 0.001 -10"><span class='ocrx_word' id='word_1_295' title='bbox 254 1890 390 1932; x_wconf 84' lang='lat' dir='ltr'>gundiae</span> <span class='ocrx_word' id='word_1_296' title='bbox 421 1889 550 1922; x_wconf 88' lang='lat' dir='ltr'>uniendi</span> <span class='ocrx_word' id='word_1_297' title='bbox 577 1888 793 1932; x_wconf 89' lang='lat' dir='ltr'>Lugdunensi‚</span> <span class='ocrx_word' id='word_1_298' title='bbox 819 1889 911 1921; x_wconf 81' lang='lat' dir='ltr'>huius</span> <span class='ocrx_word' id='word_1_299' title='bbox 939 1894 1043 1921; x_wconf 87' lang='lat' dir='ltr'>autem</span> <span class='ocrx_word' id='word_1_300' title='bbox 1077 1890 1236 1922; x_wconf 89' lang='lat' dir='ltr'>nonnullis</span> <span class='ocrx_word' id='word_1_301' title='bbox 1268 1890 1428 1923; x_wconf 85' lang='lat' dir='ltr'>coenobiis</span> <span class='ocrx_word' id='word_1_302' title='bbox 1458 1901 1531 1923; x_wconf 88' lang='lat' dir='ltr'>cum</span> <span class='ocrx_word' id='word_1_303' title='bbox 1563 1892 1707 1925; x_wconf 73' lang='lat' dir='ltr'>custodia</span> 
     </span>
     <span class='ocr_line' id='line_1_34' title="bbox 254 1941 1706 1985; baseline 0.001 -9"><span class='ocrx_word' id='word_1_304' title='bbox 254 1942 443 1985; x_wconf 87' lang='lat' dir='ltr'>Campaniae</span> <span class='ocrx_word' id='word_1_305' title='bbox 475 1942 672 1982; x_wconf 89' lang='lat' dir='ltr'>coniunctis,</span> <span class='ocrx_word' id='word_1_306' title='bbox 698 1941 839 1974; x_wconf 87' lang='lat' dir='ltr'>eamdem</span> <span class='ocrx_word' id='word_1_307' title='bbox 865 1941 1039 1974; x_wconf 87' lang='lat' dir='ltr'>custodiam</span> <span class='ocrx_word' id='word_1_308' title='bbox 1073 1942 1103 1974; x_wconf 90' lang='lat' dir='ltr'>in</span> <span class='ocrx_word' id='word_1_309' title='bbox 1129 1943 1325 1985; x_wconf 85' lang='lat' dir='ltr'>provinciam</span> <span class='ocrx_word' id='word_1_310' title='bbox 1354 1943 1495 1985; x_wconf 83' lang='lat' dir='ltr'>erigendi</span> <span class='ocrx_word' id='word_1_311' title='bbox 1528 1944 1706 1977; x_wconf 84' lang='lat' dir='ltr'>facultatem</span> 
     </span>
     <span class='ocr_line' id='line_1_35' title="bbox 255 1994 1706 2039; baseline 0.001 -11"><span class='ocrx_word' id='word_1_312' title='bbox 255 1995 375 2036; x_wconf 87' lang='lat' dir='ltr'>tribuit,</span> <span class='ocrx_word' id='word_1_313' title='bbox 400 1995 464 2028; x_wconf 58' lang='lat'>1402</span> <span class='ocrx_word' id='word_1_314' title='bbox 482 2007 502 2028; x_wconf 87' lang='grc' dir='ltr'><em>α</em></span> <span class='ocrx_word' id='word_1_315' title='bbox 522 2001 553 2028; x_wconf 86' lang='lat' dir='ltr'>et</span> <span class='ocrx_word' id='word_1_316' title='bbox 571 2006 649 2039; x_wconf 76' lang='lat' dir='ltr'>seq.;</span> <span class='ocrx_word' id='word_1_317' title='bbox 671 1995 788 2027; x_wconf 85' lang='lat' dir='ltr'>eisdem</span> <span class='ocrx_word' id='word_1_318' title='bbox 810 1994 1037 2036; x_wconf 79' lang='lat' dir='ltr'>indulgentiam</span> <span class='ocrx_word' id='word_1_319' title='bbox 1061 1994 1123 2026; x_wconf 89' lang='lat' dir='ltr'>diei</span> <span class='ocrx_word' id='word_1_320' title='bbox 1148 2004 1169 2027; x_wconf 92' lang='lat'>11</span> <span class='ocrx_word' id='word_1_321' title='bbox 1193 1996 1318 2037; x_wconf 83' lang='lat' dir='ltr'>augusti</span> <span class='ocrx_word' id='word_1_322' title='bbox 1338 1996 1516 2038; x_wconf 88' lang='lat' dir='ltr'>applicandi</span> <span class='ocrx_word' id='word_1_323' title='bbox 1541 1997 1706 2030; x_wconf 89' lang='lat' dir='ltr'>animabus</span> 
     </span>
    </p>

    <p class='ocr_par' dir='ltr' id='par_1_12' title="bbox 254 2046 1401 2091">
     <span class='ocr_line' id='line_1_36' title="bbox 254 2046 1401 2091; baseline 0 -11"><span class='ocrx_word' id='word_1_324' title='bbox 254 2047 475 2081; x_wconf 85' lang='lat' dir='ltr'>defunctorum</span> <span class='ocrx_word' id='word_1_325' title='bbox 500 2058 557 2091; x_wconf 85' lang='lat' dir='ltr'>per</span> <span class='ocrx_word' id='word_1_326' title='bbox 582 2048 710 2080; x_wconf 89' lang='lat' dir='ltr'>modum</span> <span class='ocrx_word' id='word_1_327' title='bbox 735 2046 877 2089; x_wconf 79' lang='lat' dir='ltr'>suffragii</span> <span class='ocrx_word' id='word_1_328' title='bbox 901 2047 1079 2080; x_wconf 88' lang='lat' dir='ltr'>facultatem</span> <span class='ocrx_word' id='word_1_329' title='bbox 1105 2048 1269 2088; x_wconf 89' lang='lat' dir='ltr'>concessit,</span> <span class='ocrx_word' id='word_1_330' title='bbox 1287 2047 1350 2081; x_wconf 81' lang='lat'>930</span> <span class='ocrx_word' id='word_1_331' title='bbox 1370 2060 1401 2081; x_wconf 85' lang='grc' dir='ltr'>α.</span> 
     </span>
    </p>

    <p class='ocr_par' dir='ltr' id='par_1_13' title="bbox 164 2099 1707 2406">
     <span class='ocr_line' id='line_1_37' title="bbox 164 2099 1705 2142; baseline 0.001 -10"><span class='ocrx_word' id='word_1_332' title='bbox 164 2099 298 2133; x_wconf 82' lang='lat' dir='ltr'>Minores</span> <span class='ocrx_word' id='word_1_333' title='bbox 322 2100 560 2133; x_wconf 89' lang='lat' dir='ltr'>Conventuales.</span> <span class='ocrx_word' id='word_1_334' title='bbox 591 2100 820 2133; x_wconf 85' lang='lat' dir='ltr'>Conventioncs</span> <span class='ocrx_word' id='word_1_335' title='bbox 844 2099 999 2142; x_wconf 85' lang='lat' dir='ltr'>quaedam</span> <span class='ocrx_word' id='word_1_336' title='bbox 1028 2099 1108 2132; x_wconf 88' lang='lat' dir='ltr'>inter</span> <span class='ocrx_word' id='word_1_337' title='bbox 1138 2100 1223 2142; x_wconf 90' lang='lat' dir='ltr'>ipsos</span> <span class='ocrx_word' id='word_1_338' title='bbox 1247 2105 1278 2132; x_wconf 87' lang='lat' dir='ltr'>et</span> <span class='ocrx_word' id='word_1_339' title='bbox 1305 2099 1442 2132; x_wconf 88' lang='lat' dir='ltr'>Minores</span> <span class='ocrx_word' id='word_1_340' title='bbox 1466 2100 1504 2133; x_wconf 90' lang='lat' dir='ltr'>de</span> <span class='ocrx_word' id='word_1_341' title='bbox 1530 2100 1705 2134; x_wconf 78' lang='lat' dir='ltr'>Observan-</span> 
     </span>
     <span class='ocr_line' id='line_1_38' title="bbox 255 2151 1703 2196; baseline 0.001 -11"><span class='ocrx_word' id='word_1_342' title='bbox 255 2153 299 2185; x_wconf 77' lang='lat' dir='ltr'>tia</span> <span class='ocrx_word' id='word_1_343' title='bbox 327 2152 421 2186; x_wconf 90' lang='lat' dir='ltr'>initae</span> <span class='ocrx_word' id='word_1_344' title='bbox 445 2153 529 2186; x_wconf 88' lang='lat' dir='ltr'>circa</span> <span class='ocrx_word' id='word_1_345' title='bbox 552 2153 724 2196; x_wconf 88' lang='lat' dir='ltr'>primatum</span> <span class='ocrx_word' id='word_1_346' title='bbox 741 2153 773 2186; x_wconf 90' lang='lat' dir='ltr'>in</span> <span class='ocrx_word' id='word_1_347' title='bbox 796 2151 1054 2195; x_wconf 87' lang='lat' dir='ltr'>processionibus</span> <span class='ocrx_word' id='word_1_348' title='bbox 1077 2152 1210 2195; x_wconf 83' lang='lat' dir='ltr'>aliisque</span> <span class='ocrx_word' id='word_1_349' title='bbox 1226 2152 1440 2185; x_wconf 88' lang='lat' dir='ltr'>functionibus</span> <span class='ocrx_word' id='word_1_350' title='bbox 1461 2153 1594 2186; x_wconf 87' lang='lat' dir='ltr'>civitatis</span> <span class='ocrx_word' id='word_1_351' title='bbox 1611 2156 1703 2187; x_wconf 78' lang='lat' dir='ltr'>Aver-</span> 
     </span>
     <span class='ocr_line' id='line_1_39' title="bbox 255 2204 1707 2248; baseline 0.001 -11"><span class='ocrx_word' id='word_1_352' title='bbox 255 2205 397 2238; x_wconf 89' lang='lat' dir='ltr'>sanensis</span> <span class='ocrx_word' id='word_1_353' title='bbox 421 2205 660 2245; x_wconf 84' lang='lat' dir='ltr'>confirmantur,</span> <span class='ocrx_word' id='word_1_354' title='bbox 683 2205 746 2238; x_wconf 58' lang='lat'>5⁹27</span> <span class='ocrx_word' id='word_1_355' title='bbox 771 2204 787 2237; x_wconf 87' lang='lat' dir='ltr'>b</span> <span class='ocrx_word' id='word_1_356' title='bbox 812 2208 842 2237; x_wconf 87' lang='lat' dir='ltr'>et</span> <span class='ocrx_word' id='word_1_357' title='bbox 865 2214 944 2246; x_wconf 81' lang='lat' dir='ltr'>seq.;</span> <span class='ocrx_word' id='word_1_358' title='bbox 971 2204 1045 2236; x_wconf 88' lang='lat' dir='ltr'>item</span> <span class='ocrx_word' id='word_1_359' title='bbox 1060 2205 1283 2237; x_wconf 88' lang='lat' dir='ltr'>conventiones</span> <span class='ocrx_word' id='word_1_360' title='bbox 1296 2204 1376 2237; x_wconf 88' lang='lat' dir='ltr'>aliae</span> <span class='ocrx_word' id='word_1_361' title='bbox 1394 2205 1476 2237; x_wconf 89' lang='lat' dir='ltr'>inter</span> <span class='ocrx_word' id='word_1_362' title='bbox 1501 2205 1585 2248; x_wconf 89' lang='lat' dir='ltr'>ipsos</span> <span class='ocrx_word' id='word_1_363' title='bbox 1603 2212 1633 2239; x_wconf 90' lang='lat' dir='ltr'>et</span> <span class='ocrx_word' id='word_1_364' title='bbox 1656 2207 1707 2239; x_wconf 85' lang='lat' dir='ltr'>Mi-</span> 
     </span>
     <span class='ocr_line' id='line_1_40' title="bbox 256 2256 1707 2300; baseline 0.001 -10"><span class='ocrx_word' id='word_1_365' title='bbox 256 2268 350 2290; x_wconf 91' lang='lat' dir='ltr'>nores</span> <span class='ocrx_word' id='word_1_366' title='bbox 370 2258 577 2291; x_wconf 87' lang='lat' dir='ltr'>Observantes</span> <span class='ocrx_word' id='word_1_367' title='bbox 601 2258 695 2290; x_wconf 88' lang='lat' dir='ltr'>initae</span> <span class='ocrx_word' id='word_1_368' title='bbox 719 2257 804 2289; x_wconf 86' lang='lat' dir='ltr'>circa</span> <span class='ocrx_word' id='word_1_369' title='bbox 828 2257 1000 2299; x_wconf 87' lang='lat' dir='ltr'>primatum</span> <span class='ocrx_word' id='word_1_370' title='bbox 1026 2257 1057 2288; x_wconf 91' lang='lat' dir='ltr'>in</span> <span class='ocrx_word' id='word_1_371' title='bbox 1073 2256 1328 2299; x_wconf 88' lang='lat' dir='ltr'>processionibus</span> <span class='ocrx_word' id='word_1_372' title='bbox 1350 2257 1481 2300; x_wconf 87' lang='lat' dir='ltr'>aliisque</span> <span class='ocrx_word' id='word_1_373' title='bbox 1494 2258 1707 2292; x_wconf 86' lang='lat' dir='ltr'>functionibus</span> 
     </span>
     <span class='ocr_line' id='line_1_41' title="bbox 258 2309 1707 2352; baseline 0.001 -10"><span class='ocrx_word' id='word_1_374' title='bbox 258 2311 391 2343; x_wconf 86' lang='lat' dir='ltr'>civitatis</span> <span class='ocrx_word' id='word_1_375' title='bbox 415 2310 597 2343; x_wconf 87' lang='lat' dir='ltr'>Iserniensis</span> <span class='ocrx_word' id='word_1_376' title='bbox 613 2337 620 2349; x_wconf 92' lang='lat'>,</span> <span class='ocrx_word' id='word_1_377' title='bbox 649 2309 712 2343; x_wconf 73' lang='lat'>588</span> <span class='ocrx_word' id='word_1_378' title='bbox 733 2310 750 2341; x_wconf 85' lang='lat' dir='ltr'><em>b</em></span> <span class='ocrx_word' id='word_1_379' title='bbox 775 2316 805 2342; x_wconf 92' lang='lat' dir='ltr'>et</span> <span class='ocrx_word' id='word_1_380' title='bbox 828 2320 915 2352; x_wconf 83' lang='lat' dir='ltr'>seq.;</span> <span class='ocrx_word' id='word_1_381' title='bbox 941 2309 1173 2352; x_wconf 80' lang='lat' dir='ltr'>praedictorum</span> <span class='ocrx_word' id='word_1_382' title='bbox 1200 2309 1419 2351; x_wconf 83' lang='lat' dir='ltr'>collegialibus</span> <span class='ocrx_word' id='word_1_383' title='bbox 1447 2311 1593 2343; x_wconf 88' lang='lat' dir='ltr'>omnibus</span> <span class='ocrx_word' id='word_1_384' title='bbox 1615 2312 1707 2345; x_wconf 87' lang='lat' dir='ltr'>colle-</span> 
     </span>
     <span class='ocr_line' id='line_1_42' title="bbox 258 2361 1139 2406; baseline -0.002 -10"><span class='ocrx_word' id='word_1_385' title='bbox 258 2364 355 2406; x_wconf 85' lang='lat' dir='ltr'>giales</span> <span class='ocrx_word' id='word_1_386' title='bbox 380 2363 410 2396; x_wconf 93' lang='lat' dir='ltr'>S.</span> <span class='ocrx_word' id='word_1_387' title='bbox 432 2364 671 2396; x_wconf 88' lang='lat' dir='ltr'>Bonaventurae</span> <span class='ocrx_word' id='word_1_388' title='bbox 694 2363 847 2405; x_wconf 80' lang='lat' dir='ltr'>praeferri</span> <span class='ocrx_word' id='word_1_389' title='bbox 872 2362 998 2400; x_wconf 86' lang='lat' dir='ltr'>debent,</span> <span class='ocrx_word' id='word_1_390' title='bbox 1024 2361 1087 2394; x_wconf 60' lang='lat'>9027</span> <span class='ocrx_word' id='word_1_391' title='bbox 1112 2362 1139 2394; x_wconf 85' lang='lat' dir='ltr'>b.</span> 
     </span>
    </p>

    <p class='ocr_par' dir='ltr' id='par_1_14' title="bbox 171 2414 1706 2614">
     <span class='ocr_line' id='line_1_43' title="bbox 171 2414 1704 2457; baseline 0 -8"><span class='ocrx_word' id='word_1_392' title='bbox 171 2417 306 2450; x_wconf 88' lang='lat' dir='ltr'>Minores</span> <span class='ocrx_word' id='word_1_393' title='bbox 330 2416 525 2455; x_wconf 86' lang='lat' dir='ltr'>Discalceati‚</span> <span class='ocrx_word' id='word_1_394' title='bbox 553 2426 607 2447; x_wconf 90' lang='lat' dir='ltr'>seu</span> <span class='ocrx_word' id='word_1_395' title='bbox 632 2415 804 2447; x_wconf 73' lang='lat' dir='ltr'>Sti-ictioris</span> <span class='ocrx_word' id='word_1_396' title='bbox 822 2414 1054 2447; x_wconf 79' lang='lat' dir='ltr'>observantiae.</span> <span class='ocrx_word' id='word_1_397' title='bbox 1072 2414 1150 2457; x_wconf 90' lang='lat' dir='ltr'>Ipsis</span> <span class='ocrx_word' id='word_1_398' title='bbox 1167 2414 1238 2446; x_wconf 89' lang='lat' dir='ltr'>novi</span> <span class='ocrx_word' id='word_1_399' title='bbox 1256 2414 1401 2447; x_wconf 86' lang='lat' dir='ltr'>coenobii</span> <span class='ocrx_word' id='word_1_400' title='bbox 1418 2415 1610 2448; x_wconf 87' lang='lat' dir='ltr'>erectionem</span> <span class='ocrx_word' id='word_1_401' title='bbox 1632 2427 1704 2449; x_wconf 87' lang='lat' dir='ltr'>con·</span> 
     </span>
     <span class='ocr_line' id='line_1_44' title="bbox 259 2466 1706 2510; baseline 0.001 -9"><span class='ocrx_word' id='word_1_402' title='bbox 259 2468 342 2501; x_wconf 88' lang='lat' dir='ltr'>cedit</span> <span class='ocrx_word' id='word_1_403' title='bbox 366 2467 505 2501; x_wconf 84' lang='lat' dir='ltr'>Pontifex</span> <span class='ocrx_word' id='word_1_404' title='bbox 530 2467 561 2499; x_wconf 90' lang='lat' dir='ltr'>in</span> <span class='ocrx_word' id='word_1_405' title='bbox 585 2467 709 2499; x_wconf 84' lang='lat' dir='ltr'>civitate</span> <span class='ocrx_word' id='word_1_406' title='bbox 727 2466 918 2506; x_wconf 79' lang='lat' dir='ltr'>Malacitana,</span> <span class='ocrx_word' id='word_1_407' title='bbox 936 2467 1092 2509; x_wconf 80' lang='lat' dir='ltr'>huiusque</span> <span class='ocrx_word' id='word_1_408' title='bbox 1110 2466 1326 2499; x_wconf 80' lang='lat' dir='ltr'>executionem</span> <span class='ocrx_word' id='word_1_409' title='bbox 1351 2466 1500 2510; x_wconf 87' lang='lat' dir='ltr'>episcopo</span> <span class='ocrx_word' id='word_1_410' title='bbox 1524 2468 1706 2502; x_wconf 85' lang='lat' dir='ltr'>Malacitano</span> 
     </span>
     <span class='ocr_line' id='line_1_45' title="bbox 260 2518 1704 2562; baseline 0 -9"><span class='ocrx_word' id='word_1_411' title='bbox 260 2520 445 2559; x_wconf 88' lang='lat' dir='ltr'>committit,</span> <span class='ocrx_word' id='word_1_412' title='bbox 470 2518 534 2552; x_wconf 84' lang='grc'>100</span> <span class='ocrx_word' id='word_1_413' title='bbox 564 2520 580 2551; x_wconf 72' lang='lat' dir='ltr'><em>b</em></span> <span class='ocrx_word' id='word_1_414' title='bbox 613 2523 643 2552; x_wconf 85' lang='lat' dir='ltr'>et</span> <span class='ocrx_word' id='word_1_415' title='bbox 671 2529 752 2562; x_wconf 81' lang='lat' dir='ltr'>seq.;</span> <span class='ocrx_word' id='word_1_416' title='bbox 777 2529 835 2561; x_wconf 90' lang='lat' dir='ltr'>pro</span> <span class='ocrx_word' id='word_1_417' title='bbox 860 2519 976 2551; x_wconf 86' lang='lat' dir='ltr'>eisdem</span> <span class='ocrx_word' id='word_1_418' title='bbox 1009 2518 1189 2562; x_wconf 87' lang='lat' dir='ltr'>provinciae</span> <span class='ocrx_word' id='word_1_419' title='bbox 1211 2518 1240 2551; x_wconf 91' lang='lat' dir='ltr'>S.</span> <span class='ocrx_word' id='word_1_420' title='bbox 1266 2518 1389 2562; x_wconf 89' lang='lat' dir='ltr'>Iosephi</span> <span class='ocrx_word' id='word_1_421' title='bbox 1416 2519 1526 2552; x_wconf 89' lang='lat' dir='ltr'>Brevia</span> <span class='ocrx_word' id='word_1_422' title='bbox 1556 2520 1618 2553; x_wconf 91' lang='lat' dir='ltr'>duo</span> <span class='ocrx_word' id='word_1_423' title='bbox 1644 2521 1704 2553; x_wconf 87' lang='lat' dir='ltr'>Ur-</span> 
     </span>
     <span class='ocr_line' id='line_1_46' title="bbox 258 2571 1705 2614; baseline -0.001 -9"><span class='ocrx_word' id='word_1_424' title='bbox 258 2573 332 2605; x_wconf 89' lang='lat' dir='ltr'>bani</span> <span class='ocrx_word' id='word_1_425' title='bbox 348 2572 425 2611; x_wconf 81' lang='lat' dir='ltr'>vni,</span> <span class='ocrx_word' id='word_1_426' title='bbox 446 2572 477 2604; x_wconf 92' lang='lat' dir='ltr'>in</span> <span class='ocrx_word' id='word_1_427' title='bbox 502 2581 612 2604; x_wconf 88' lang='lat' dir='ltr'>corum</span> <span class='ocrx_word' id='word_1_428' title='bbox 645 2571 777 2613; x_wconf 87' lang='lat' dir='ltr'>gratiam</span> <span class='ocrx_word' id='word_1_429' title='bbox 807 2571 956 2603; x_wconf 87' lang='lat' dir='ltr'>adversus</span> <span class='ocrx_word' id='word_1_430' title='bbox 973 2571 1084 2603; x_wconf 87' lang='lat' dir='ltr'>fratres</span> <span class='ocrx_word' id='word_1_431' title='bbox 1108 2571 1240 2603; x_wconf 89' lang='lat' dir='ltr'>aliarum</span> <span class='ocrx_word' id='word_1_432' title='bbox 1265 2571 1498 2614; x_wconf 87' lang='lat' dir='ltr'>provinciarum</span> <span class='ocrx_word' id='word_1_433' title='bbox 1524 2572 1562 2605; x_wconf 92' lang='lat' dir='ltr'>ad</span> <span class='ocrx_word' id='word_1_434' title='bbox 1586 2573 1705 2606; x_wconf 84' lang='lat' dir='ltr'>curiam</span> 
     </span>
    </p>
   </div>
  </div>
 </body>
</html>
