2111 3157
148 193 196 220 An.
213 191 242 218 c.
265 190 330 218 ¹687
377 180 440 215 768

176 252 204 273 Ρη
216 255 274 277 patre
284 252 331 272 Pcr-

165 279 272 310 irmuilude
283 280 331 299 Car-

149 309 212 326 vniat.

176 1834 206 1855 no
226 1841 247 1857 ιτ
249 1834 332 1855 adua'is

190 1868 248 1881 wal-

914 184 1090 209 nruanmm

387 252 400 270 »
425 238 641 273 Considerans
666 237 729 270 lioc
753 238 897 268 sanctum
931 232 1074 266 definito-

343 292 424 325 rium
443 297 475 325 et
494 294 557 324 tota
578 289 755 323 attentione
774 286 983 330 perpendens
998 284 1075 316 insa-

343 345 503 377 ticabilem
536 344 703 381 laborem,
730 339 947 382 vigilantiam,
982 336 1075 369 indu-

343 398 451 430 striam
471 402 501 429 et
523 397 626 428 zelum
652 392 823 426 reverendi
844 391 945 435 patris
960 390 999 422 M.
1018 389 1072 422 Fr.

342 449 534 483 Ferdinandi
557 449 595 481 de
614 447 760 481 Carvaiat
776 451 808 479 et
821 445 936 478 Rivera
952 444 984 476 in
1002 453 1075 486 pro-

341 502 507 536 movendis
524 500 627 534 causis
653 499 820 542 religionis
848 498 881 531 in
902 496 993 531 Curia
1018 496 1075 528 Ro-

341 558 457 594 mana,
491 555 565 587 dum
594 554 626 586 in
661 555 698 586 ea
730 556 925 596 procurator
945 560 1076 592 genera-

341 608 380 642 lis
405 607 577 640 existeret:
610 606 714 650 primo
746 605 845 637 refert
875 603 922 636 illi
948 602 1074 636 debitas

340 660 468 704 gratias,
488 659 606 692 deinde
629 659 779 697 declarat,
799 656 884 700 quod
908 656 941 688 in
959 655 1073 687 virtute

339 714 521 748 litterarum
542 712 805 756 apostolicarum,
822 719 900 753 quas
924 709 1076 751 impetra-

340 766 395 805 vit,
413 765 536 799 etiamsi
563 766 625 798 tale
647 774 763 796 munus
786 761 1005 806 procuratoris
1026 770 1075 802 ge-

340 819 458 853 neralis
474 818 585 852 Curiae
601 828 664 850 non
678 816 797 850 obierit
810 826 870 859 per
884 820 984 847 totum
1001 819 1075 846 tem-

340 883 399 916 pus
424 883 441 905 a
466 873 574 904 nostra
606 872 696 903 sacra
726 868 956 902 constitutione
981 877 1076 910 prae-

339 924 456 964 fixum,
483 929 533 957 est
564 929 595 956 et
619 928 727 956 manet
761 927 853 964 pater
888 920 1075 964 provinciae

340 977 511 1017 Castellae,
530 987 600 1009 cum
621 975 771 1009 omnibus
797 973 985 1012 honoribus,
1009 983 1074 1015 gra·

340 1031 416 1070 tiis,
442 1029 701 1073 exemptionibus
732 1033 764 1061 et
792 1026 1073 1071 praeeminemus,

1115 183 1265 206 nomotNt'M

1116 283 1228 316 londas
1246 283 1283 315 de
1304 283 1411 316 medio
1437 292 1551 315 omnes
1566 282 1782 322 contusiones,
1795 282 1852 315 de-

1117 337 1222 370 cernit
1247 341 1390 369 sanctum
1423 335 1639 369 delinitor-ium
1666 346 1732 368 non
1756 345 1851 378 posse

1116 390 1311 423 reverendos
1344 394 1452 432 patres
1484 388 1676 422 secretarios
1701 398 1854 421 reveren-

1117 442 1238 475 dissimi
1270 442 1368 485 patris
1393 442 1497 475 nostri
1523 441 1666 483 magistri
1692 440 1852 483 generalis

1119 496 1179 528 frui
1206 495 1466 539 exemptionibus
1486 494 1562 537 ipsis
1580 494 1759 537 assignatis,
1774 495 1852 537 quin

1117 549 1205 592 prius
1224 559 1282 592 per
1300 549 1439 592 spatium
1457 548 1608 590 completi
1634 546 1850 590 quinquennii

1117 603 1238 635 dietum
1258 601 1398 634 osticium
1417 600 1633 639 exercuerint,
1650 606 1682 633 et
1699 601 1761 633 hoc
1781 599 1851 633 sine

1117 655 1314 698 praeiudicio
1340 664 1451 687 eorum
1482 653 1537 696 qui
1558 663 1659 696 usque
1683 663 1770 687 nunc
1785 653 1853 685 sue-

1117 714 1191 740 runt
1215 707 1380 742 secretarii
1406 707 1586 749 generales

1161 773 1173 792 ι»
1193 761 1346 794 Similiter
1364 760 1511 793 decernit
1534 765 1678 792 sanctum
1704 759 1853 793 definito-

1117 815 1199 847 rium
1225 813 1454 846 inviolabiliter
1479 812 1657 852 observari,
1681 822 1763 855 quae
1789 816 1853 844 sta-

1117 869 1207 902 bilita
1232 872 1307 900 sunt
1325 867 1357 899 in
1377 866 1525 909 capitulis
1544 865 1749 908 generalibus
1769 865 1854 898 circa

1118 922 1224 954 locuni
1250 930 1346 963 quem
1372 919 1493 952 debent
1524 918 1645 951 habere
1669 923 1777 961 patres
1801 928 1854 951 se-

1118 973 1243 1007 cretarii
1278 972 1530 1005 reverendorum
1562 976 1690 1014 patrum
1720 970 1855 1003 vicario-

1119 1037 1188 1059 rum
1214 1025 1413 1069 generalium
1438 1023 1615 1057 Indiarum.

341 1083 459 1127 quibus
479 1084 622 1126 gaudent
638 1087 668 1115 et
686 1081 827 1124 gaudere
844 1081 950 1113 solent
964 1089 1076 1112 omnes
1161 1091 1174 1109 »s
1193 1079 1408 1111 Considerans
1431 1078 1559 1110 tandem
1576 1081 1722 1110 sanctum
1741 1076 1917 1132 defini-1512
1927 1084 2046 1111 mnum-

341 1137 447 1170 dictae
472 1135 657 1180 provinciae
682 1140 790 1178 patres
817 1134 855 1166 de
881 1132 1014 1165 iustitia.
1119 1132 1232 1167 toi-ium
1259 1130 1518 1164 inconvenientia
1546 1140 1628 1174 quae
1651 1130 1799 1163 oriuntur
1816 1140 1853 1163 ex
1872 1117 1877 1132 ¹
1895 1118 1926 1134 ω’

201 1201 230 1222 ιιι»
245 1207 330 1222 numm
386 1201 399 1220 ι
418 1188 592 1222 Confirmat
616 1194 760 1220 sanetum
786 1185 1003 1220 definitorium
1022 1185 1076 1217 de·
1118 1184 1372 1228 reassumptione
1387 1183 1574 1222 officiorum,
1588 1183 1667 1215 itaut
1684 1182 1853 1216 reverendi

148 1229 256 1250 ²⁶⁶¹⁰‘¹'¹”'
342 1247 466 1275 cretum
499 1240 630 1283 capituli
664 1238 825 1282 generalis
857 1238 1009 1271 celebrati
1043 1237 1074 1269 iu
1118 1245 1224 1282 patres
1251 1236 1478 1281 provinciales,
1497 1236 1635 1268 absoluti
1654 1236 1718 1268 sint
1735 1241 1767 1268 et
1783 1245 1855 1268 ree-

342 1299 501 1328 conventu
532 1292 755 1326 Carraracensi
781 1301 866 1324 anno
898 1300 1074 1330 MDCLxxw,

342 1348 375 1380 in
408 1357 472 1390 quo
505 1345 704 1389 praecipitur
739 1344 826 1387 quod
858 1344 891 1376 in
928 1333 1097 1377 domibus³

342 1411 399 1434 seu
417 1399 628 1433 conventibus
648 1398 828 1431 studiorum
860 1407 926 1430 non
951 1397 1074 1440 possint
1097 1416 1098 1429 l

343 1463 415 1486 esse
441 1454 552 1496 plures
589 1461 683 1494 quam
716 1456 781 1483 tres
806 1450 942 1483 lectores
968 1460 1075 1482 sacrae

343 1507 528 1549 theologiae
554 1505 585 1537 in
610 1514 819 1548 unoquoque,
839 1503 980 1546 exceptis
1007 1513 1076 1535 con-
1097 1519 1098 1543 ι

343 1559 492 1592 ventibus
517 1557 715 1602 principatus
739 1556 931 1595 cataloniae,
955 1556 987 1588 in
1012 1556 1077 1599 qui·
1097 1545 1099 1560 ³

342 1613 411 1652 bus,
434 1612 509 1655 quia
533 1610 626 1655 pauci
649 1615 721 1642 sunt
738 1610 864 1641 ratione
887 1609 1079 1641 devastatio-

341 1665 391 1698 nis
406 1665 482 1698 belli
501 1663 676 1708 praeteriti,
694 1673 763 1695 esse
782 1661 985 1705 poterunt'in
1004 1672 1079 1693 uno·

342 1728 473 1762 quoque
498 1722 636 1761 quatuor
668 1717 806 1748 lectores
844 1724 953 1747 sacrae
987 1714 1099 1748 theo-¹

342 1771 459 1813 legiae.

343 1876 475 1920 capituli
502 1874 674 1917 generalis,
700 1874 761 1906 iam
787 1873 882 1906 etiam
908 1865 1101 1905 confirma-'¹

346 1936 411 1962 tum
438 1929 470 1961 in
495 1928 637 1971 capitulo
654 1927 797 1970 generali
819 1926 963 1969 proxime
989 1936 1082 1969 prae-
1101 1964 1103 1969 Ι

346 1982 441 2015 terito
477 1981 576 2014 Oscae
602 1981 767 2013 celebrato
792 1989 876 2011 anno
901 1988 1081 2016 iincrxxxn,

346 2046 409 2079 quo
435 2033 637 2091 praecipitur
655 2043 694 2065 ne
714 2032 816 2075 possit
840 2031 963 2064 admitti
981 2032 1012 2063 in
1032 2031 1071 2063 ali

348 2090 409 2131 qua
434 2086 600 2144 piovincia
626 2086 742 2128 “radus
768 2085 886 2127 aliquis
912 2085 951 2117 de
972 2084 1082 2126 gratia,

348 2140 410 2172 nisi
436 2139 567 2183 praevio
593 2139 739 2180 rigoroso
758 2137 924 2176 examine;
945 2142 977 2169 et
997 2137 1084 2168 insu-

349 2203 407 2236 per
421 2192 565 2225 decernit
580 2195 724 2223 sanctum
744 2190 781 2222 [ῑι
787 2189 976 2229 finitorium
997 2188 1083 2231 quod
1104 2190 1106 2229 ξ

350 2250 458 2287 patres
482 2244 627 2285 magistri
654 2244 692 2275 dc
719 2243 819 2285 gralia
844 2242 972 2285 possint
996 2251 1085 2284 prae-

351 2298 464 2330 cedere
491 2297 522 2329 in
548 2298 651 2330 locum
689 2296 822 2328 sedendi
857 2301 964 2338 patres
993 2304 1085 2337 piae-

352 2354 492 2382 sentatos
518 2350 556 2381 de
581 2348 718 2388 iustitia,
746 2348 822 2390 quin
843 2347 1007 2391 praesenti
1033 2347 1087 2379 de·

353 2406 441 2435 creto
474 2402 673 2443 intelligatur
710 2400 946 2443 comprehendi
977 2405 1085 2442 patres

354 2454 523 2496 magistros
549 2454 587 2485 de
613 2453 724 2495 gratia,
744 2453 795 2495 qui
815 2453 982 2485 actualiter
999 2452 1087 2484 inve-

355 2507 489 2540 niuntur
512 2505 544 2537 iu
569 2506 771 2548 possessione
798 2505 869 2538 talis
890 2505 1088 2549 praeceden-

355 2567 430 2595 ttae.

1118 1292 1259 1334 ligantur
1278 1290 1387 1322 vicarii
1414 1288 1628 1332 provinciales
1653 1288 1798 1321 decernit
1823 1293 1856 1321 et

1118 1344 1296 1387 praecipit:
1324 1342 1410 1385 quod
1444 1341 1520 1374 dicti
1552 1342 1720 1374 reverendi
1746 1346 1855 1384 patres

1118 1396 1332 1440 provinciales
1350 1393 1489 1427 absoluti
1508 1404 1572 1427 non
1591 1394 1717 1437 possint
1733 1393 1854 1436 reelegi

1119 1450 1156 1482 ad
1175 1448 1312 1481 osticium
1333 1447 1549 1491 provincialis,
1577 1447 1700 1480 etiamsi
1722 1457 1780 1490 per
1804 1457 1854 1480 re·

1119 1501 1359 1534 nunciationem
1385 1500 1563 1539 vacaverit,
1597 1499 1658 1532 nisi
1685 1499 1854 1533 transactis

1120 1555 1246 1587 duobus
1273 1553 1432 1586 trienniis.

1164 1620 1176 1639 i»
1196 1607 1284 1640 Circa
1305 1604 1565 1650 expressionem¹
1592 1607 1776 1648 gratiarum,
1802 1616 1854 1639 ex-

1120 1661 1320 1703 emptionum
1335 1665 1366 1691 et
1383 1658 1721 1702 praeeminentiarum,
1737 1659 1855 1702 quibus

1120 1713 1182 1745 frui
1211 1719 1242 1745 et
1267 1712 1410 1755 gaudere
1436 1711 1555 1744 debent
1579 1716 1687 1754 patres
1711 1711 1856 1753 magistri

1121 1772 1152 1799 et
1176 1765 1382 1809 praesentati,
1397 1764 1532 1796 remittit
1556 1774 1590 1796 se
1615 1769 1762 1796 sanctum
1780 1762 1857 1797 defi-

385 1822 562 1856 »Similiter
573 1821 917 1854 contii-maidecretum
932 1820 1078 1852 eiusdem
1099 1831 1101 1863 ¹.

1121 1819 1276 1852 nitorium
1291 1817 1547 1860 congregationi,
1567 1822 1602 1848 ut
1619 1827 1717 1860 supra
1733 1827 1821 1849 num.
1837 1816 1857 1850 6

1122 1871 1306 1914 erigendae,
1327 1871 1364 1903 ad
1393 1869 1614 1912 disponendas
1641 1875 1673 1902 et
1705 1869 1857 1902 ordinan-

1124 1925 1178 1957 das
1205 1934 1311 1956 sacras
1333 1922 1603 1964 congregationes
1623 1935 1652 1954 ι).

1167 1978 1181 2020 ᾗ
1206 1976 1236 2008 2.
1264 1976 1340 2008 Cum
1366 1981 1482 2014 autem,
1509 1975 1591 2007 sicut
1623 1976 1736 2008 eadem
1762 1986 1858 2019 expo-

1125 2084 1266 2116 lomaeus
1290 2087 1484 2125 ρι’·οοιιιιιιοι
1508 2082 1677 2124 generalis,
1697 2092 1791 2125 quam
1816 2082 1861 2115 di-

1125 2135 1165 2168 cti
1192 2135 1346 2178 magister
1377 2134 1538 2177 generalis
1564 2139 1597 2167 et
1622 2134 1858 2175 delinitorium,

1126 2189 1256 2221 decreta
1281 2198 1338 2220 seu
1363 2192 1481 2220 statuta
1506 2187 1703 2227 huiusmodi,
1723 2198 1785 2230 quo
1809 2188 1861 2220 sir-

1127 2242 1208 2274 mius
1239 2240 1416 2273 subsistant
1447 2245 1478 2272 et
1503 2246 1672 2273 serventur
1696 2240 1860 2280 exactius,

1127 2294 1321 2338 apostolicae
1356 2293 1613 2327 confirmationis
1648 2299 1778 2327 nostrae
1810 2305 1862 2327 ro-

1127 2348 1206 2380 bore
1232 2346 1424 2379 communiri
1455 2346 1659 2379 desiderent:
1689 2357 1768 2386 nos,
1790 2357 1863 2391 spe-

1128 2400 1241 2432 cialem
1268 2399 1332 2432 illis
1358 2398 1493 2441 gratiam
1519 2399 1621 2432 facere
1646 2399 1803 2438 volenteS,
1832 2405 1863 2433 et

1128 2463 1240 2486 eorum
1265 2453 1446 2495 singulares
1470 2462 1628 2495 personas
1652 2463 1670 2484 a
1695 2451 1862 2494 quibusvis

1129 2503 1484 2550 excommunicationi&
1511 2503 1736 2547 suspensionis
1760 2508 1792 2538 et
1814 2504 1863 2537 in·

1165 2566 1176 2591 1
1200 2564 1299 2592 Forsan
1317 2565 1512 2593 extensionem
1531 2569 1569 2601 (n.
1585 2565 1645 2610 τηὶ,

1857 179 1907 206 An.
1923 178 1951 206 C.
1974 179 2039 209 1687

1160 243 1173 262 »
1201 230 1245 263 Ad
1271 229 1429 263 obvianda
1452 229 1711 263 inconvenientia
1736 234 1768 263 et
1789 228 1851 263 tol·
1876 240 1907 263 De
1917 241 2042 264 secretariis.

1893 1611 1923 1633 De
1944 1612 2050 1637 magistri·

1868 1641 1888 1660 et
1903 1639 2048 1665 praesentatis.

1918 1983 2051 2004 Confirmatio

1869 2016 1891 2031 re
1881 2010 1976 2030 ιΙιιιοι-ιιυ
1964 2016 1982 2030 ιιι
2014 2010 2052 2031 de·

1124 2030 1199 2063 sitio
1220 2028 1447 2071 subiungebat,
1467 2034 1529 2060 tam
1547 2028 1709 2070 praefatus
1727 2029 1859 2062 Bar-tho
1870 2039 1982 2058 cretarum.
