2111 3157
154 185 203 212 An.
225 185 255 212 c.
279 185 345 213 ¹678
391 179 432 212 88

182 508 302 530 cunr-tuae.

183 1295 340 1316 Contu-arturum

157 1321 273 1346 derogatio.

206 2189 267 2208 Furias
284 2191 338 2210 trau-

153 2219 289 2241 sumptorum.

347 235 427 268 riter
450 236 655 279 congregatis
677 235 765 278 ipsae
786 240 974 278 praesentes
999 234 1084 266 litte-

347 298 401 321 rae
426 291 489 321 una
525 299 595 321 cum
631 287 764 331 reliquis
801 286 1084 320 constitutionibus

348 341 387 373 de
411 352 501 374 more
520 341 666 383 legendis
684 342 850 382 legantur;
873 341 959 372 salva
978 345 1083 372 tamen

348 404 478 436 semper
508 394 539 426 in
572 393 757 436 praemissis
789 393 979 425 auctoritate
1004 392 1085 424 Con-

349 446 547 488 gregationis
577 450 828 478 memoratorum
857 444 1081 477 cardinalium.

392 500 407 542 ἓ
433 499 462 531 5.
498 499 714 531 Dec-eruentes
740 499 870 530 easdem
897 503 1084 540 praesentes

348 551 472 584 litteras
491 562 621 594 semper
646 550 760 589 firmas,
779 551 899 583 validas
924 555 956 582 et
981 550 1085 583 effica-

349 614 402 635 ces
427 604 563 636 existere
590 609 622 635 et
647 603 724 642 sore,
750 613 893 646 suosque
919 602 1084 645 plenarios

349 662 379 688 et
404 656 549 697 integros
574 656 705 689 effectus
731 657 840 689 sortiri
866 661 898 689 et
922 656 1083 695 obtinere,

349 720 385 742 ac
411 710 485 748 illis,
505 710 543 742 ad
559 720 639 752 quos
657 715 784 752 spectat
809 715 840 742 et
857 719 916 752 pro
939 714 1085 751 tempore

350 762 620 804 quandocumque
644 762 807 805 spectabit,
825 762 855 794 in
881 761 1029 794 omnibus
1056 766 1087 793 et

349 815 536 857 peremnia
561 814 749 857 plenissime
779 813 957 856 suffragari,
993 819 1023 845 et
1048 814 1085 845 ab

350 866 396 898 eis
440 867 622 915 respective
665 867 831 899 observari
853 893 860 906 ‚
902 866 1012 909 sicque
1054 866 1084 897 iu

349 919 537 961 praemissis
557 929 616 962 per
646 930 864 962 quoscumque
889 919 1013 951 iudices
1038 928 1087 949 or·

351 973 494 1004 dinarios
529 978 560 1004 et
591 972 765 1013 delegatos,
798 972 895 1004 etiam
920 981 1086 1003 causarum

349 1025 459 1067 palatii
485 1024 654 1066 apostolici
687 1024 859 1062 auditores,
888 1023 1023 1055 iudicari
1056 1028 1087 1055 et

350 1077 477 1109 deliniri
503 1077 635 1114 debere,
667 1087 701 1108 ac
726 1076 850 1107 irritum
876 1081 908 1108 et
932 1075 1026 1107 inane
1059 1077 1086 1109 si

349 1140 444 1162 secus
463 1139 562 1172 super
591 1129 641 1160 liis
668 1139 684 1160 a
702 1139 873 1171 quoquam,
900 1138 1012 1170 quaws
1033 1139 1088 1160 au-

349 1184 509 1222 ctoritate,
537 1182 676 1214 scienter
703 1183 754 1215 vel
786 1182 983 1224 ignoranter,
1013 1192 1088 1214 con-

350 1236 458 1278 tigerit
484 1236 648 1268 attentari.

394 1289 408 1331 g
432 1289 463 1321 6.
491 1289 561 1322 Non
587 1289 790 1321 obstantibus
822 1289 1015 1331 praemissis,
1053 1300 1088 1321 ac

349 1341 636 1374 constitutionibus
655 1346 687 1373 et
707 1341 968 1374 ordinationibus
994 1352 1088 1383 apos-

350 1394 465 1431 tolicis,
492 1404 619 1426 necnon
641 1394 878 1436 provinciarum
905 1399 937 1425 et
961 1393 1087 1426 Ordinis

349 1447 581 1489 praefatorum,
600 1447 695 1479 etiam
710 1447 902 1484 iuramento,
922 1447 1088 1479 coufirma-

350 1499 438 1532 tione
454 1499 640 1541 apostolica,
661 1500 710 1531 vel
732 1499 842 1541 quavis
861 1499 1008 1531 firmitate
1026 1499 1087 1531 alia

349 1551 517 1590 roboratis,
533 1551 660 1584 statutis
674 1557 705 1583 et
721 1551 1088 1594 consuetudinibus,pri-

348 1604 474 1646 vilegiis
492 1614 630 1646 quoque,
652 1603 785 1635 indultis
804 1609 836 1635 et
855 1603 971 1636 litteiis
992 1614 1087 1645 asos-

349 1656 453 1689 tolicis
472 1657 503 1688 in
523 1656 718 1689 contrarium
737 1656 991 1698 praemissorum
1010 1667 1087 1698 quo·

348 1710 529 1742 modolibet
559 1709 733 1747 concessis,
760 1708 958 1741 confirmatis
984 1714 1011 1741 et
1040 1709 1087 1741 in-

349 1763 498 1801 novatis;
536 1762 652 1805 quibus
691 1761 842 1793 omnibus
885 1767 917 1793 et
951 1761 1086 1803 siugulis

349 1814 481 1847 illorum
507 1820 638 1846 tenores
664 1814 892 1855 praesentibus
910 1825 970 1856 pro
991 1816 1086 1856 plene

350 1872 382 1898 et
410 1866 605 1898 sufficienter
630 1866 792 1908 expressis
818 1876 853 1898 ac
878 1866 1005 1898 insertis
1032 1867 1087 1899 lta-

349 1920 471 1959 bernes,
487 1921 550 1953 illis
571 1920 648 1953 alias
673 1921 704 1952 in
723 1930 780 1952 suo
804 1920 921 1952 robore
941 1931 1088 1962 perman-

349 1975 442 2014 suris,
455 1974 492 2006 ad
505 1974 754 2017 praemissorum
770 1973 926 2009 effectum,
943 1974 1002 2005 hac
1020 1974 1087 2006 vice

349 2027 522 2065 dumtaxat,
546 2026 731 2068 specialiter
755 2031 784 2057 et
811 2037 962 2067 expresse
996 2026 1088 2059 dero-

349 2090 478 2121 gamus,
521 2079 703 2122 ceterisque
739 2079 908 2111 contrariis
950 2079 1084 2121 quibus-

350 2143 499 2175 cumque.

395 2185 464 2227 §T
502 2185 656 2217 Volumus
689 2192 795 2217 autem
832 2190 864 2216 ut
900 2185 1086 2217 earumdem

348 2239 566 2281 praesentium
592 2239 771 2270 litterarum
793 2238 1011 2280 transumptis,
1030 2249 1085 2269 seu

348 2292 516 2333 exemplis,
543 2291 637 2323 etiam
664 2291 842 2333 impressis,
871 2301 964 2323 manu
990 2290 1087 2322 alicu-

347 2343 397 2375 ius
422 2343 538 2375 notarii
563 2344 684 2385 publici
703 2343 908 2386 subscriptis,
928 2349 959 2375 et
979 2343 1085 2385 sigillo

347 2406 507 2439 personae
532 2397 564 2428 in
590 2396 810 2428 ecclesiastiea
835 2397 989 2438 dignitate
1015 2407 1086 2429 con·

347 2449 477 2480 stitutae
509 2449 657 2487 munitis,
685 2449 798 2480 eadem
837 2460 970 2491 prorsus
1006 2448 1085 2481 fides

349 2507 412 2533 tatu
439 2501 470 2532 in
497 2501 616 2533 iudicio
635 2511 727 2543 quam
757 2507 845 2533 extra
865 2502 943 2534 illud
965 2502 1084 2544 ubique

346 2554 491 2589 locorum
520 2554 687 2592 habeatur,
706 2564 787 2596 quat·
809 2555 985 2587 baberetur
1004 2554 1082 2596 ipsis

930 187 1029 210 mmm
1036 186 1109 210 ltl'c'M
1136 185 1286 210 nouffit'u

1126 233 1355 276 praesentibus
1389 232 1415 265 si
1458 232 1566 265 forent
1607 231 1773 265 exhibitae
1812 232 1862 265 vel

1126 292 1287 319 ostensae.

1170 339 1283 371 Datum
1299 339 1427 374 Romae.
1443 338 1526 381 apud
1541 338 1571 370 S.
1584 338 1721 377 Petrum,
1737 338 1797 370 sub
1812 347 1862 370 an-

1128 392 1204 424 nulo
1220 390 1399 431 piscatoris,
1414 391 1465 423 die
1478 402 1538 423 xxv
1550 390 1654 423 martii
1667 399 1862 430 unci-xxvut,

1127 443 1332 487 pontificatus
1359 444 1458 476 nostri
1485 454 1570 476 anno
1596 453 1631 476 u.

1163 504 1222 531 Dat.
1244 504 1287 532 die
1302 505 1336 531 25
1353 505 1439 532 martii
1455 505 1535 536 1678,
1553 504 1647 539 pontis.
1665 512 1734 531 auno
1751 510 1780 532 11.

1421 638 1567 670 xxxvtl.

1128 716 1355 759 Suppm'milur
1401 717 1572 759 collaquwn
1621 718 1866 750 secretariorum

1171 769 1420 811 apostolicorum
1439 781 1458 801 a
1478 770 1620 803 Callisto
1638 770 1697 803 III
1721 770 1866 814 aliisque

1172 822 1328 854 Romanis
1353 822 1565 864 I’mzlz'ficibus
1591 822 1791 855 instinctum.

1315 902 1509 929 Innocentius
1532 903 1610 936 Papa
1630 903 1679 934 XI,

1173 968 1338 1003 Romanus
1362 971 1517 1011 Pontifex,
1536 982 1570 1004 ex
1598 972 1708 1005 debito
1725 979 1868 1016 pastora-

1131 1025 1171 1057 lis
1193 1024 1290 1057 officii
1316 1024 1361 1056 illi
1388 1024 1541 1057 divinitus
1567 1025 1712 1065 iniuncti,
1732 1036 1796 1058 non
1815 1037 1867 1059 so-

1131 1078 1196 1109 lum
1221 1077 1259 1109 ad
1286 1087 1323 1109 ea
1342 1087 1421 1120 quac
1449 1078 1589 1110 universi
1608 1078 1776 1111 christiani
1795 1089 1868 1122 gre-

1131 1129 1178 1171 gis
1199 1129 1379 1162 animarum
1398 1131 1533 1162 salutem
1549 1131 1737 1173 respiciunt,
1755 1142 1867 1165 verum

1131 1182 1227 1214 etiam
1253 1192 1335 1225 quae
1361 1181 1398 1214 ad
1424 1182 1515 1214 Sedis
1535 1188 1566 1215 et
1583 1182 1736 1216 Gamerae
1763 1183 1867 1227 Apos-

1131 1234 1258 1272 tolicae‚
1293 1234 1342 1266 cui
1380 1233 1508 1266 divorsa
1538 1245 1638 1267 onera
1663 1235 1867 1278 incumbunt,

1131 1286 1378 1319 necessitatibus
1403 1286 1522 1329 iugiter
1540 1287 1793 1329 imminentibus,
1820 1289 1869 1322 in-

1131 1339 1340 1371 demnitatem
1367 1339 1488 1382 pariter
1513 1345 1543 1372 et.
1567 1340 1775 1373 sublevamen
1800 1352 1869 1384 per-

1132 1391 1233 1424 tinere
1258 1397 1449 1432 noscuntur,
1471 1392 1657 1434 vigilantiae
1675 1403 1749 1426 suae
1766 1395 1869 1427 aciem

1131 1444 1285 1486 dirigens,
1321 1455 1368 1484 ea,
1402 1456 1483 1488 quae
1520 1445 1614 1478 certis
1652 1446 1868 1479 suadentibus

1130 1498 1234 1529 causis
1261 1508 1318 1540 per
1342 1509 1416 1530 suos
1441 1499 1713 1541 praedecessores
1739 1499 1771 1531 in
1797 1511 1869 1533 ere-

1129 1550 1234 1583 ctione
1259 1550 1438 1583 officiorum
1472 1551 1635 1584 Romanae
1669 1551 1782 1585 Curiae
1807 1553 1869 1586 sue-

1129 1609 1203 1635 runt
1228 1604 1376 1636 ordinata
1399 1609 1429 1636 et
1454 1604 1610 1644 instituta,
1641 1605 1804 1639 interdum
1830 1617 1868 1640 ex

1129 1657 1199 1689 aliis
1235 1668 1299 1689 non
1337 1658 1443 1690 minus
1473 1658 1723 1691 rationabilibus
1761 1659 1868 1693 causis

1129 1710 1298 1742 immutare
1325 1714 1357 1743 et
1388 1711 1586 1754 quandoque
1621 1712 1660 1744 ad
1694 1711 1867 1754 pristinum

1129 1767 1244 1794 statum
1262 1763 1416 1795 reducere
1443 1769 1497 1796 aut
1514 1764 1610 1796 etiam
1630 1764 1660 1796 in
1680 1770 1781 1797 totum
1799 1776 1870 1809 sup-

1129 1815 1269 1856 primere
1295 1816 1472 1855 consuevit,
1495 1821 1601 1859 prout,
1619 1818 1716 1849 rebus
1731 1817 1869 1860 diligen-

1131 1873 1180 1899 ter
1209 1872 1241 1899 et
1272 1874 1396 1901 mature
1431 1869 1581 1901 discussis
1607 1874 1639 1902 et
1664 1869 1866 1910 examinatis,

1130 1920 1180 1952 ac⁴
1198 1931 1304 1952 rerum
1325 1921 1496 1953 necessitas
1518 1927 1549 1954 et
1576 1927 1758 1964 temporum
1776 1922 1869 1955 vicis-

1130 1973 1236 2006 situdo
1268 1974 1462 2016 requirunt,
1492 1974 1601 2018 sicque
1639 1975 1800 2018 conspicit
1834 1975 1868 2008 in

1131 2026 1266 2058 Domino
1289 2027 1460 2059 salubriter
1478 2028 1643 2070 expedire.

1175 2079 1244 2121 gl.
1279 2079 1402 2112 Dudum
1437 2080 1597 2122 siquidem
1632 2086 1867 2114 consueverant

1130 2184 1399 2226 praedecessores
1425 2186 1541 2225 nostri,
1568 2191 1601 2218 ut
1627 2192 1794 2229 promptos
1815 2187 1866 2219 ha-

1130 2236 1245 2269 berent
1259 2236 1342 2269 viros
1361 2237 1587 2277 inausa-iosos,
1604 2239 1754 2281 quorum²
1767 2241 1868 2282 opera

1130 2289 1161 2321 in
1188 2290 1312 2331 maguis
1338 2296 1370 2323 et
1393 2291 1500 2323 arduis
1536 2292 1743 2335 Apostolicae
1777 2291 1867 2325 Sedis

1130 2343 1269 2384 negotiis
1297 2343 1342 2375 uti
1375 2349 1520 2386 possent,
1547 2355 1582 2376 ac
1607 2345 1704 2376 etiam
1730 2355 1787 2388 pro
1813 2355 1867 2378 ce-

1130 2395 1238 2427 leriori
1275 2397 1461 2429 eorumdem
1494 2397 1700 2439 negotiorum
1737 2398 1868 2441 expedi·

1130 2448 1230 2488 tione,
1257 2451 1465 2492 quamplures
1490 2450 1611 2492 eligere
1644 2461 1680 2483 ac
1706 2451 1866 2494 deputare

1166 2520 1173 2543 1
1201 2519 1330 2545 particula
1350 2529 1382 2546 ac
1402 2520 1537 2547 redundat
1556 2521 1594 2551 (n.
1612 2527 1627 2546 ‘r
1641 2521 1659 2554 ).

1162 2564 1177 2588 ‘2
1199 2563 1263 2589 Male
1280 2563 1343 2591 edit.
1361 2564 1439 2591 Μαίη.
1457 2565 1518 2599 legit
1536 2573 1656 2599 quarum
1671 2566 1709 2597 (n.
1722 2567 1771 2598 T.).

1869 183 1915 209 An.
1936 183 1966 209 C.
1989 185 2054 213 tom

1904 979 2044 1002 Prooemium.

1905 2090 1965 2110 Ortus
1981 2091 2001 2109 et
2025 2094 2056 2109 ro-

1877 2122 1960 2142 gressus
1976 2116 2007 2135 cot
2017 2114 2057 2139 ¹·le

1131 2132 1170 2163 ab
1196 2132 1328 2175 antiquo
1354 2138 1499 2175 tempore
1534 2133 1669 2166 Rotnani
1695 2134 1866 2167 Pontifices
1877 2142 2044 2196 asggsrffiaipfrw
