2111 3157
12 224 61 250 An.
79 222 107 251 C.
130 220 198 250 ¹679

197 325 244 356 ris
268 325 404 357 aeterni.

242 388 284 411 vi.
312 379 532 411 Confratribus
565 384 595 411 et
620 378 852 411 consororibus
885 377 932 409 di-

199 436 267 463 ctae
293 431 565 463 confraternitatis
583 430 735 463 Coloniae
754 430 929 468 institutae,

198 493 271 515 vere
312 483 554 525 poenitentibus
598 489 630 515 et
664 482 837 521 confessis,
875 493 953 516 seui

199 535 370 568 confitendi
404 535 606 578 propositum
644 535 850 574 habentibus,
875 535 930 577 qui

198 593 247 619 ter
272 587 303 619 in
330 588 534 620 bebdomada
560 587 717 620 rosarium
744 588 856 619 devote
883 597 931 619 re-

198 640 378 679 citaverint,
406 651 464 683 pro
491 641 634 682 qualibet
656 640 722 672 vice
748 640 859 672 decem
881 650 930 671 an-

197 702 254 724 nos
279 697 310 724 et
327 693 460 725 totidem
481 693 702 735 quadragenas
723 692 761 724 de
780 692 930 724 iniunctis

197 744 407 786 poenitentiis
439 747 562 778 relaxat
592 746 653 778 Leo
678 745 703 777 X
728 745 761 777 in
785 745 930 788 praefata

799 222 1010 247 iNNOCENTtUS
1032 223 1064 246 xi
1089 222 1138 246 PP.

198 270 334 304 firmavit
357 272 420 305 Leo
445 272 469 305 X
495 272 526 304 in
553 271 696 315 praefata
720 271 810 304 Bulla
822 271 931 304 Pasto-
952 273 954 281 '

197 797 287 829 Bulla
311 797 458 829 Pastoris
482 798 616 830 aeterni.

239 860 295 883 vn.
323 850 481 882 Adrianus
506 850 551 890 Yl,
577 850 607 881 in
632 850 722 883 Bulla
743 860 824 893 quae
849 848 929 881 inci-

195 902 242 945 pit
266 903 366 935 Illius
391 904 450 946 qui
481 903 682 935 ‹Ionn'nicum
705 913 842 946 ῃνρςχωη,
878 903 928 934 die

196 965 205 987 1
233 955 346 997 aprilis
373 956 447 988 anni
472 966 605 995 unxxui,
632 956 781 988 omnibus
805 956 929 987 confra-

196 1008 299 1040 tribus
326 1009 437 1051 oppidi
464 1009 502 1040 de
527 1008 669 1041 Victoria
693 1008 852 1041 dioecesis
877 1007 930 1040 Ca-

194 1061 407 1102 laguritanae,
427 1061 479 1103 qui
501 1061 534 1092 in
555 1062 703 1104 cappella
719 1060 771 1093 SS.
791 1061 927 1099 Rosarii,

196 1113 306 1145 autin
331 1123 533 1156 quacumque
569 1119 661 1156 parte
696 1113 794 1156 ipsius
827 1114 929 1145 eccle-

196 1166 272 1205 siae,
312 1177 348 1199 ex
383 1178 446 1209 qua
483 1168 581 1199 altare
618 1167 721 1199 dictae
763 1167 928 1209 cappellae

196 1219 339 1261 conspici
360 1219 470 1262 possit,
492 1218 696 1251 recitaverint
712 1219 847 1261 singulis
868 1219 930 1251 die·
950 1238 952 1250 .

195 1272 254 1304 bus
279 1272 404 1304 tertiam
429 1277 554 1315 partem
580 1272 704 1310 rosarii,
738 1282 797 1314 pro
830 1271 931 1314 quali-

195 1323 251 1356 bet
275 1323 325 1357 die
351 1335 412 1366 qua
443 1324 473 1356 id
508 1324 652 1361 fecerint,
678 1329 711 1355 ut
735 1324 928 1367 praefertur,

197 1376 429 1420 quinquaginta
453 1388 555 1409 annos
581 1377 619 1409 de
646 1377 795 1409 iniunctis
819 1376 932 1420 poeni-

197 1429 305 1461 tentiis
331 1429 451 1472 pariter
487 1430 618 1462 relavat.
653 1429 800 1462 Clemens
824 1436 929 1462 autem

196 1480 245 1512 vlt
277 1481 308 1513 in
346 1481 436 1513 Bulla
473 1481 646 1524 incipiente
673 1481 928 1521 Consi'clerantes,

197 1532 247 1565 die
273 1544 303 1566 v1
328 1534 439 1577 aprilis
464 1544 590 1574 mnxmv,
628 1534 661 1566 in
687 1535 748 1567 alia
778 1545 860 1576 quae
885 1535 931 1567 in-

197 1585 274 1628 cipit
298 1585 491 1628 Ineffabz‘lz'a,
511 1586 561 1618 die
583 1597 660 1619 xxm
678 1587 783 1619 martii
802 1597 930 1629 nnxxix,

197 1638 346 1671 concedit
370 1639 515 1671 eamdem
541 1639 777 1681 indulgentiam
810 1641 932 1673 confra-

199 1690 298 1722 tribus
323 1691 425 1723 dictae
452 1692 733 1731 confraternitatis,
760 1692 824 1735 qui,
842 1698 931 1725 extra
953 1707 954 1733 3

197 1743 356 1775 civitatem
382 1743 580 1786 praedictam
612 1744 795 1785 existentes,
819 1745 850 1777 in
876 1745 932 1778 ali-

197 1805 260 1839 qua
285 1796 420 1828 ecclesia
445 1807 501 1828 sen
529 1797 672 1829 oratorio
697 1798 834 1829 cuiusvis
870 1798 930 1830 loci

197 1848 325 1881 tertiam
352 1849 463 1881 rosarii
502 1855 625 1892 partem
665 1850 780 1882 devote
817 1850 933 1882 recita-

196 1900 314 1933 verint.

242 1964 311 1986 ΠΗ.
338 1953 486 1986 Clemens
505 1955 554 1986 vil
579 1955 609 1987 in
632 1956 722 1988 Brevi
754 1955 824 1988 Etsi
860 1959 932 1987 tem-

195 2006 373 2048 poralium,
411 2017 466 2040 vm
505 2007 577 2039 maii
618 2018 774 2047 MDxxvlv,
810 2008 955 2053 addidit.

199 2058 279 2091 duos
318 2070 419 2092 annos
460 2060 679 2102 indulgentiae
719 2061 932 2093 confratribus

198 2110 418 2144 institutarum
443 2113 745 2145 confraternitatum
771 2124 829 2156 pro
856 2124 933 2156 quo-

199 2164 279 2197 libet
304 2175 340 2196 ex
367 2165 468 2197 tribus
493 2166 605 2197 diebus
641 2166 864 2198 hebdomadae
902 2166 932 2197 in

201 2227 264 2259 quo
292 2218 416 2249 tertiam
443 2224 566 2260 partem
591 2219 705 2251 rosarii
731 2219 933 2257 recitabunt,

973 273 1075 310 mana,
1094 271 1258 313 assignans
1275 280 1333 314 pro
1354 269 1464 303 diebus
1482 268 1576 308 diem,
1595 273 1626 302 et
1645 279 1705 312 pro

974 324 1119 365 pluribus
1143 324 1265 356 vicibus
1289 335 1386 356 unam
1421 322 1533 355 vicem.
1570 322 1607 354 Et
1635 332 1705 354 curn

974 376 1137 418 praedicta
1173 377 1263 409 Bulla
1294 376 1481 419 pubblicata
1510 385 1576 408 non
1610 374 1707 407 fuerit

975 428 1098 460 vivente
1138 428 1313 468 Clemente,
1354 428 1517 471 publicata
1553 427 1613 459 fuit
1648 436 1707 469 per

975 480 1105 513 Paulum
1130 481 1167 513 ΙΙΙ
1193 481 1225 513 in
1250 481 1340 514 Brevi
1374 481 1461 523 quod
1486 480 1601 523 incipit
1635 480 1703 512 Ra-

974 533 1056 564 lioni
1079 534 1237 576 conqruil,
1264 544 1299 566 111
1325 533 1508 566 novembris
1532 543 1681 566 iinxxxw.

1016 596 1059 618 ix.
1087 586 1161 618 Pius
1186 586 1209 617 V
1234 586 1447 618 confratribus
1469 585 1705 618 confraternita-

973 643 1039 669 tum
1064 638 1117 670 SS.
1145 639 1268 670 Rosarii
1294 644 1474 670 erectarum
1499 648 1558 680 per
1576 638 1705 669 fratrem

973 691 1177 723 Ambrosium
1203 691 1306 723 Salvio
1333 691 1371 723 de
1396 691 1550 724 Balneolo
1577 689 1705 722 Ordinis

974 743 1244 784 Praedicatorum,
1271 744 1397 786 quoties
1415 744 1529 776 devote
1556 743 1708 775 recitave-

973 797 1037 828 rint
1061 796 1221 828 rosarium
1244 796 1379 838 reliquis
1405 796 1480 828 anni
1507 796 1622 827 diebus
1642 796 1708 836 (ex-

972 849 1072 891 ceptis
1091 849 1203 881 diebus
1217 849 1493 887 Annunciationis,
1509 847 1709 890 Assumptio-

972 902 1030 941 nis,
1056 901 1236 934 NativitatiS
1265 907 1296 933 et
1320 900 1554 933 Purificationis
1586 900 1708 932 beatis-

972 956 1070 987 simae
1095 955 1233 997 Virginis
1258 955 1385 993 Mariae,
1412 954 1443 986 in
1465 954 1581 996 quibus
1607 955 1708 986 maior

972 1008 1145 1051 acquiritur
1159 1008 1383 1050 indulgentia),
1400 1007 1561 1040 concessit
1574 1007 1707 1049 qnadra-

973 1062 1058 1103 ginta
1074 1061 1142 1093 dics
1163 1060 1451 1103 indulgentiarum,
1468 1066 1565 1103 prout
1582 1064 1706 1092 constat

973 1125 1009 1145 ev
1036 1113 1126 1145 Brevi
1152 1114 1237 1155 quod
1259 1113 1369 1155 incipit
1398 1113 1589 1145 Iniunclum
1608 1112 1707 1152 nobis,

974 1167 1025 1198 die
1050 1176 1100 1198 Xiv
1125 1166 1205 1198 iunii
1232 1176 1361 1199 iiDvai.

1016 1230 1046 1251 x.
1073 1219 1114 1250 Ex
1142 1219 1288 1251 eiusdem
1311 1218 1473 1251 pontificis
1494 1219 1707 1251 concessione

974 1272 1004 1303 in
1031 1271 1121 1303 Brevi
1149 1272 1396 1311 Consueverunt,
1423 1282 1487 1304 xvu
1513 1271 1706 1313 septembris

973 1334 1098 1362 iiDinx,
1124 1324 1300 1356 confratres
1321 1323 1619 1356 confraternitatum
1638 1334 1709 1356 ere-

973 1382 1092 1409 ctarum
1116 1381 1148 1408 et
1172 1386 1231 1419 per
1255 1376 1427 1418 deputatos
1452 1386 1468 1407 a
1486 1375 1639 1417 magistro
1658 1386 1710 1417 ge-

952 1459 953 1463 ,
974 1429 1075 1461 nerali
1102 1430 1150 1461 vel
1176 1428 1295 1461 vicario
1322 1428 1465 1470 generali
1484 1438 1541 1470 pro
1561 1433 1708 1470 tempore

975 1482 1147 1525 descripti,
1183 1481 1208 1513 si
1234 1482 1347 1513 devote
1380 1481 1584 1513 recitaverint
1618 1491 1708 1512 rosa-

974 1535 1056 1567 rium
1082 1535 1244 1577 integrum
1277 1533 1419 1576 qualibet
1444 1533 1633 1576 septimana,
1662 1533 1709 1565 lu-

975 1592 1107 1618 crantur
1130 1586 1366 1628 indulgentiam
1392 1591 1516 1627 scptcm
1548 1595 1709 1617 annorum

976 1645 1006 1671 et
1032 1639 1163 1671 totidem
1189 1639 1467 1681 quadragenarum
1487 1638 1524 1669 de
1544 1638 1708 1680 poeniten-

977 1693 1027 1724 iiis
1054 1692 1217 1724 iniunctis.

1019 1755 1060 1777 xi.
1087 1744 1236 1777 Clemens
1263 1744 1301 1775 lx
1328 1743 1467 1785 denique
1488 1742 1520 1775 in
1539 1743 1628 1775 Brevi
1647 1742 1707 1775 Ex-

953 1815 954 1820 =
974 1797 1053 1839 poni
1078 1797 1179 1836 nobis,
1205 1797 1255 1829 die
1282 1807 1345 1830 xxii
1364 1796 1513 1828 februarii
1532 1806 1708 1836 nnetxvni,

977 1850 1130 1892 elargitur
1162 1850 1380 1882 confratribus
1409 1849 1710 1882 confraternitatum

953 1919 954 1928 κ
977 1909 1157 1935 erectarum
1176 1907 1207 1934 et
1224 1902 1451 1944 erigendarum
1470 1902 1503 1934 in
1521 1903 1659 1934 futurum
1679 1902 1710 1933 in

977 1955 1073 1987 Indiis
1098 1955 1185 1997 regi¹
1211 1955 1438 1998 Hispaniarum
1457 1954 1610 1987 subiectis
1630 1955 1711 1986 intc-

977 2019 1068 2050 grum
1102 2008 1258 2040 rosarium
1294 2007 1503 2039 recitantibus
1532 2017 1645 2039 omnes
1681 2012 1713 2039 et

976 2062 1117 2103 singulas
1150 2060 1388 2102 indulgentias,
1421 2060 1537 2102 quibus
1564 2071 1598 2092 ex
1633 2070 1711 2102 apo-

977 2114 1088 2146 stolica
1106 2113 1314 2146 concessione
1333 2113 1481 2144 fruuntur
1498 2122 1610 2145 omnes
1626 2112 1712 2144 cliri-

977 2166 1130 2199 stifideles
1155 2165 1186 2197 in
1212 2165 1321 2206 regnis
1345 2164 1515 2207 Hispaniae
1537 2164 1711 2197 recitantes

978 2230 1129 2252 eoronam
1155 2217 1360 2251 Beatissimae
1388 2218 1533 2259 Virginis.

1601 210 1664 244 197
1711 220 1759 246 An.
1777 219 1804 246 c.
1828 218 1896 250 1679

202 2269 374 2302 dummodo
410 2270 442 2302 in
476 2270 612 2313 septima
648 2271 809 2313 integrum
848 2282 935 2303 resa-

201 2322 283 2354 rium
309 2323 456 2355 recitent.
484 2323 557 2355 (lum
582 2323 667 2355 enim
688 2325 726 2356 ad
745 2324 933 2356 lucrandum

201 2374 434 2417 indulgentiam
460 2386 476 2407 a
502 2375 588 2408 Sixto
606 2376 642 2407 lv
667 2387 861 2416 concessam,
882 2387 936 2409 nc-

203 2429 381 2460 cessarium
415 2435 503 2461 esset
534 2439 597 2461 uno
630 2428 680 2461 die
714 2435 813 2461 totum
848 2440 936 2461 rosa-

202 2478 285 2512 rium
312 2480 459 2519 recitare,
485 2482 586 2513 voluit
611 2481 757 2514 Clemens
776 2483 935 2524 praefatus

203 2533 349 2565 sufficere
375 2534 412 2565 ad
438 2534 639 2576 praedictum
673 2534 821 2567 etl'ectum
853 2536 935 2567 reci-

203 2591 270 2619 tare
308 2586 467 2628 integrum
498 2588 657 2620 rosarium
687 2588 720 2620 in
751 2590 814 2621 una
838 2590 935 2632 septi-

1022 2282 1042 2304 1.
1071 2271 1252 2303 Alexander
1277 2270 1453 2313 episcopus
1482 2268 1712 2303 Foroliviensis
1750 2274 1905 2325 Ιξέιῗιιζηξζ-Ἀο.

979 2326 1009 2357 in
1037 2324 1205 2357 Germania
1231 2325 1352 2365 legatus
1372 2328 1500 2355 centum
1522 2323 1589 2356 dies
1606 2323 1774 2355 indul-qum
1790 2327 1906 2347 &infraue-⁸

1725 2361 1743 2374 in
1772 2353 1905 2378 particulati-

980 2378 1105 2420 gentiac
1138 2377 1287 2409 eom-edit
1325 2375 1474 2408 omnibus
1515 2382 1546 2409 et
1574 2376 1906 2418 singulishllsmnidwbus

1724 2408 1837 2426 mutantes
1850 2410 1906 2425 rma·

979 2429 1193 2462 confratribus
1219 2427 1493 2461 confraternitatis
1512 2428 1712 2461 Coloniensis
1724 2438 1776 2453 num
1791 2433 1905 2453 lucrantur.

980 2482 1160 2515 dicentibus
1205 2481 1329 2514 tertiam
1366 2480 1479 2513 rosarii
1518 2486 1642 2524 partem
1680 2481 1713 2513 in

1014 2599 1024 2624 1
1048 2597 1118 2624 Edit.
1139 2596 1221 2624 Main⁴
1242 2596 1306 2631 legit
1325 2597 1400 2631 regis
1419 2597 1456 2630 (n.
1473 2596 1521 2630 Τ.).
