2111 3157
33 217 82 244 Αιι.
98 213 127 242 C.
149 212 218 242 1680

70 2523 178 2548 mansores
189 2524 225 2544 eli-

46 2554 124 2576 gantur.
133 2555 153 2570 οι
161 2551 177 2571 si
187 2551 225 2570 snr-

46 2579 66 2598 1⁰
80 2577 177 2603 superbia
197 2571 274 2604 m-de
301 2570 379 2611 ipsis
402 2570 517 2603 fratres
542 2568 619 2602 boni
645 2567 820 2602 testimonii
845 2573 875 2601 et
895 2578 968 2601 san-

255 271 296 294 m.
319 261 417 298 Quoad
440 260 659 299 genuflexiones
679 267 751 288 vero
776 261 804 287 et
827 256 949 286 erectio·
968 268 969 272 ¹

219 321 269 341 nes
300 311 329 341 in
356 310 461 340 divinis
487 309 590 338 officiis
619 312 647 337 et
674 307 764 336 missa
795 309 948 334 serventur

218 361 336 390 omnino
358 358 491 389 rubricae
508 356 644 388 breviarii
663 359 690 385 et
706 353 829 383 missalis
844 352 947 388 nostri,

219 413 250 440 ut
270 417 369 448 supra.

257 466 295 487 rr.
319 457 350 487 ln
373 455 517 495 principio
539 455 626 484 officii
654 457 783 490 stantes,
806 449 948 490 profunde

219 511 247 537 et
267 509 434 536 reverenter
465 504 606 533 inclinent
640 506 726 541 eaput
753 501 820 531 dum
843 499 949 528 dicitur

218 555 301 584 Pater
323 559 421 591 noster,
444 551 686 591 quemadmodum
709 550 795 579 etiam
818 557 883 577 cum
905 547 947 575 in-

218 607 262 632 tra
284 602 411 631 osticium
433 600 539 630 dicitur
561 599 643 628 Pater
663 602 763 634 noster,
786 600 813 625 et
835 594 949 634 quando

219 650 311 689 prima
333 649 424 678 oratio
445 648 475 676 in
494 646 624 685 qualibet
645 646 717 674 hora
739 648 767 673 et
788 643 878 673 missa
905 651 950 671 re-

218 698 335 728 citatur.

256 751 284 772 v.
307 743 377 773 Cum
399 745 494 771 autem
517 744 649 770 cantatur
671 740 758 768 missa
777 747 828 777 pro
847 737 950 767 defun-

218 791 272 822 ctis
293 790 372 820 omni
388 795 516 829 tempore
535 789 569 818 ad
584 789 727 818 orationes
743 787 948 825 genuflectant.

258 848 295 869 vi.
319 838 437 874 Quando
458 847 525 867 vero
547 837 700 867 inchoatur
715 835 840 865 osticium
860 842 950 872 usque

218 888 253 918 ad
271 887 364 918 Gloria
379 887 469 924 Patri,
486 889 513 915 et
530 885 644 924 quando
660 884 798 913 dicuntur
813 882 948 922 capitula,

218 939 295 965 stent
316 943 414 964 versus
436 934 537 970 altare,
554 932 648 971 capite
664 932 779 961 nudato.
798 931 865 961 Cum
883 939 951 959 vero

219 984 327 1014 dicitur
350 982 443 1012 Gloria
467 981 555 1017 Patri,
579 985 627 1009 aut
644 980 673 1009 in
692 980 748 1008 fine
764 980 950 1018 hymnorum,

219 1032 334 1071 quando
365 1031 401 1060 sit
424 1029 531 1059 mentio
560 1029 594 1057 de
617 1028 665 1058 SS.
689 1028 851 1063 Trinitate,
875 1036 952 1056 unus

219 1080 325 1110 chorus
347 1082 445 1108 contra
461 1078 595 1115 alterum,
613 1080 699 1115 caput
713 1080 741 1105 et
756 1076 893 1105 humeros
909 1076 952 1105 in-

220 1130 324 1164 clinet,
342 1128 390 1166 qui
413 1136 481 1156 vero
504 1127 531 1155 in
555 1125 736 1164 superiorum
758 1128 825 1153 sunt
842 1123 953 1152 subsel-

220 1177 280 1212 liis,
302 1185 402 1205 versus
425 1175 515 1204 altare
537 1174 726 1203 inclinentur.

259 1233 307 1253 vn.
329 1222 468 1253 Sacerdos
490 1226 517 1251 et
540 1225 672 1250 cantores
701 1221 731 1249 in
754 1220 841 1249 choro
863 1219 953 1248 sacris

220 1272 325 1309 induti,
349 1280 379 1300 se
403 1270 543 1300 inclinent
568 1278 668 1298 versus
689 1268 779 1298 altare
802 1268 836 1297 ad
859 1267 954 1297 Gloria

220 1320 307 1354 Patri,
331 1319 413 1348 Pater
434 1322 534 1355 noster,
558 1321 585 1346 et
608 1321 714 1346 cetera.

260 1377 320 1397 vm.
343 1366 587 1404 Quotiescumque
609 1365 716 1394 dicitur
739 1363 872 1402 Confiteor
887 1363 952 1398 Deo,

222 1416 257 1446 ad
279 1415 397 1445 missam
420 1413 565 1451 videlicet,
595 1413 718 1451 primam
748 1416 775 1441 et
798 1411 955 1450 completo-

221 1464 310 1500 rium,
324 1463 399 1492 sicut
411 1465 437 1491 et
454 1462 482 1491 in
499 1461 627 1491 oratione
644 1461 665 1489 A
680 1461 795 1497 cunetis,
814 1460 862 1488 fiat
875 1467 955 1488 men-

222 1512 262 1542 tio
284 1511 319 1541 de
341 1514 422 1550 patre
445 1513 543 1539 nostro
566 1513 664 1538 sancto
687 1508 853 1538 Benedicto.

261 1569 301 1589 1x.
324 1559 396 1589 Dum
413 1568 480 1588 vero
491 1561 623 1587 cantatur
636 1557 755 1596 epistola
775 1556 817 1585 vel
834 1555 956 1595 prophe-

223 1608 274 1645 tia,
297 1617 399 1637 versus
429 1611 478 1636 aut
505 1610 616 1636 tractus
645 1609 707 1645 post
737 1604 889 1644 epistolam
911 1604 954 1633 vel

225 1657 418 1696 prophetiam,
437 1656 555 1685 sedeant
573 1654 718 1684 monachi.

263 1713 292 1734 x.
317 1704 358 1733 Ad
380 1703 562 1741 evangelium
585 1711 685 1732 omnes
707 1702 777 1731 recti
800 1710 901 1730 versus
917 1701 958 1730 al-

225 1758 286 1783 tare
307 1756 384 1782 stent
406 1752 483 1781 omni
506 1756 636 1790 ternpore
658 1754 758 1789 aperto
775 1750 877 1788 capite.

264 1809 304 1830 xl.
328 1802 362 1829 In
386 1799 542 1838 praedictis
565 1804 677 1834 tamen,
703 1802 905 1836 praeterquam
928 1797 956 1825 in

226 1848 390 1879 reverentia
412 1856 485 1886 quae
509 1847 539 1876 fit
555 1851 620 1875 ante
643 1846 742 1881 altare,
763 1850 791 1875 et
817 1845 886 1874 dum
913 1853 959 1873 ca-

226 1898 306 1927 nitur
328 1896 388 1925 sive
416 1895 523 1925 dicitur
555 1894 749 1932 evangelium,
773 1898 801 1923 et
822 1902 836 1922 a
859 1902 960 1922 conse-

227 1945 357 1974 cratione
379 1952 472 1982 usque
494 1943 529 1972 ad
551 1942 794 1979 communionem,
812 1941 960 1980 dispensa-

228 2003 291 2023 mus
307 2002 372 2023 cum
388 1992 547 2029 monachis,
565 1994 682 2030 propter
698 1990 855 2019 multorum
879 1989 961 2018 infir-

229 2042 355 2078 mitates,
379 2040 454 2079 quod
477 2049 491 2068 a
514 2039 645 2068 kalendis
667 2038 793 2067 octobris
816 2047 907 2076 usque
926 2037 959 2066 ad

230 2090 316 2119 finem
333 2089 440 2118 mensis
453 2087 553 2126 aprilis
565 2091 640 2116 stent
657 2086 751 2125 capite
767 2086 959 2115 seminudam.

268 2147 318 2167 xu.
342 2137 373 2166 In
396 2136 523 2175 quolibet
545 2135 719 2165 monasterio
741 2138 840 2163 nostro
862 2134 898 2163 sit
921 2138 962 2162 ta-

230 2186 307 2222 bula,
330 2186 360 2215 in
383 2194 439 2224 qua
462 2184 641 2222 descriptum
663 2183 699 2212 sit
722 2182 826 2221 quibus
842 2182 920 2211 horis
935 2186 962 2211 et

230 2234 331 2265 diebus
350 2233 458 2263 festivis
481 2232 611 2261 cucullae
633 2231 738 2261 deferri
755 2230 896 2266 debeant,
913 2230 961 2269 qui

231 2283 332 2313 modus
354 2282 388 2311 ab
411 2281 545 2310 omnibus
575 2279 780 2309 inviolabiliter
808 2283 961 2314 servetur,

232 2331 316 2361 firma
338 2331 430 2369 quoad
451 2330 579 2368 reliquos
602 2328 674 2357 ritus
701 2328 912 2356 ecclesiasticos
934 2327 963 2356 in

233 2377 366 2407 omnibus
388 2375 606 2406 caeremonialis
639 2373 752 2403 romani
774 2373 964 2411 dispositione

234 2432 349 2461 semper
371 2425 519 2451 manente.

295 2472 391 2502 CAPUT
414 2471 484 2500 xxl.
501 2487 539 2493 ——
554 2469 593 2500 De
614 2469 722 2498 decanis
744 2470 911 2498 monasterii.

279 2521 309 2553 Si
334 2520 436 2553 maior
456 2519 550 2552 suerit
574 2517 791 2560 congregatio,
809 2517 967 2560 eligantur

807 208 881 234 luno
887 206 1019 232 CENTIUS
1040 206 1071 230 XI
1097 206 1146 230 PP.

990 308 1072 347 cani,
1099 307 1152 350 qui
1181 307 1228 349 (a)
1253 304 1504 338 sollicitudinem
1531 307 1644 344 gerant
1670 311 1722 333 su-

989 370 1049 402 per
1067 358 1213 392 decanias
1231 368 1302 390 suas
1327 357 1357 388 in
1380 355 1528 388 omnibus
1548 353 1721 387 secundum

989 412 1137 444 mandata
1161 411 1215 443 Dei
1242 415 1273 442 et
1304 413 1478 452 praecepta
1507 406 1630 439 abbatis
1659 405 1718 438 sui.

991 463 1034 506 (h)
1054 463 1111 501 Qui
1129 462 1242 495 decani
1259 463 1337 494 tales
1356 461 1529 503 eligantur,
1553 459 1584 491 in
1606 458 1722 501 quibus

990 527 1122 549 securus
1137 517 1236 548 abbas
1251 515 1408 558 partiatur
1423 523 1521 546 onera
1535 522 1602 551 sua,
1613 516 1643 543 et
1657 520 1722 543 non

992 569 1151 611 eligantur
1179 578 1237 610 per
1265 567 1433 606 ordinem,
1459 566 1515 598 sed
1543 564 1722 596 secundum

989 622 1071 653 vilae
1095 620 1244 653 meritum
1269 625 1300 652 et
1324 618 1501 661 sapientiae
1527 616 1720 649 doctrinam.

990 672 1080 710 Quod
1106 672 1130 704 si
1157 672 1227 714 quis
1253 682 1289 703 ex
1315 671 1373 710 eis,
1394 670 1502 712 aliqua
1528 669 1610 701 sorte
1633 668 1725 700 inssa-

992 731 1041 757 tus
1062 724 1222 767 superbiai,
1242 728 1387 766 repertus
1406 721 1499 753 suerit
1520 720 1725 763 reprehensi-

991 778 1078 818 bilis,
1104 781 1275 818 correptus
1301 775 1401 808 semel
1424 779 1455 806 et
1481 774 1595 805 iterum
1613 778 1644 805 et
1662 777 1725 805 ter-

993 830 1048 868 tio,
1066 829 1091 861 si
1112 829 1282 861 emendare
1307 826 1459 866 noluerit,
1486 825 1668 864 deiiciatur,
1695 829 1726 856 et

993 883 1074 915 alter
1099 881 1131 913 in
1156 882 1229 913 loeo
1255 880 1333 919 eius,
1360 878 1414 922 qui
1440 878 1555 920 dignus
1573 882 1632 916 est,
1651 878 1726 908 sub-

993 939 1139 977 rogetur:
1158 938 1188 965 et
1209 933 1246 965 de
1273 931 1457 975 praeposito
1477 930 1590 962 eadem
1610 928 1727 961 consti-

994 988 1125 1020 tuimus.

1262 1036 1455 1058 DECLtRATtO.

1033 1079 1075 1118 (a)
1108 1088 1127 1108 1.
1157 1077 1372 1108 Sollicitudinem
1400 1078 1506 1115 flerent.
1535 1074 1575 1103 Ad
1597 1073 1727 1103 officium

993 1128 1171 1158 decanorum
1195 1130 1222 1155 et
1248 1125 1353 1164 prioris
1375 1123 1539 1153 claustralis
1563 1121 1727 1161 pertinent¹

994 1175 1220 1205 sollicitudinem
1244 1181 1344 1210 gerere
1365 1176 1395 1201 ut
1418 1171 1559 1208 regularis
1574 1169 1729 1199 observan-

995 1225 1031 1253 tia
1048 1224 1076 1252 in
1094 1221 1268 1252 monasterio
1285 1221 1392 1257 vigeat,
1409 1219 1540 1248 osticinas
1557 1218 1636 1246 horis
1651 1226 1728 1246 com-

996 1270 1159 1311 petentibus
1182 1278 1233 1308 per
1256 1268 1332 1297 vices
1355 1267 1483 1303 visitent,
1510 1266 1630 1295 fratrum
1647 1264 1730 1294 inob-

995 1318 1155 1348 servantias
1177 1321 1205 1346 et
1221 1324 1357 1345 excessus
1373 1314 1532 1351 corrigant,
1550 1313 1606 1342 nisi
1622 1312 1731 1342 fuerint

995 1368 1033 1397 ita
1055 1365 1197 1396 notabiles
1229 1369 1258 1393 ut
1281 1364 1315 1393 ad
1348 1362 1507 1401 praelatum
1536 1361 1642 1390 deferri
1670 1369 1730 1389 me-

996 1419 1125 1445 reantur.

1035 1473 1064 1494 11.
1090 1463 1171 1492 Prior
1192 1460 1355 1491 claustralis
1378 1459 1508 1490 omnium
1532 1458 1729 1488 consessiones

997 1523 1031 1543 ex
1054 1512 1148 1542 officio
1171 1510 1271 1541 audire
1300 1512 1408 1548 potest,
1436 1517 1541 1547 eosque
1560 1506 1728 1544 absolvere,

999 1565 1199 1601 praeterquam
1222 1568 1236 1588 a
1259 1557 1430 1593 reservatis3
1455 1556 1557 1586 decani
1582 1564 1662 1591 vero,
1686 1564 1732 1584 sa-

998 1610 1149 1640 cerdotum
1172 1607 1288 1646 quidem
1316 1605 1491 1635 decanorum
1521 1607 1548 1633 et
1570 1603 1731 1633 titulariurn

999 1665 1032 1687 ex
1055 1657 1161 1692 officio,
1185 1656 1230 1685 at²
1252 1654 1425 1684 clericorum
1448 1656 1475 1682 et
1497 1652 1730 1687 commissorum,

999 1705 1115 1735 nonnisi
1138 1714 1171 1734 ex
1194 1702 1373 1740 delegatione
1396 1705 1423 1730 et
1445 1701 1583 1739 expressa
1610 1700 1734 1738 deputa-

999 1755 1076 1784 tione
1099 1752 1238 1792 praelati,
1263 1750 1368 1789 quibus
1399 1758 1514 1788 quoque
1540 1747 1733 1787 particulares

1000 1802 1131 1832 licentias
1156 1800 1326 1836 concedent,
1350 1798 1429 1828 iuxta
1452 1798 1618 1827 facultatem
1640 1796 1696 1825 sibi
1718 1805 1734 1825 a

1001 1850 1149 1890 superiore
1172 1848 1319 1877 traditam.

1039 1907 1079 1927 111.
1110 1897 1281 1934 Diligentem
1307 1895 1428 1933 insuper
1458 1902 1557 1923 curam
1590 1892 1733 1927 habeant,

1001 1946 1077 1986 quod
1092 1943 1292 1975 caeremoniae
1311 1942 1544 1981 congregationis
1560 1946 1588 1971 et
1605 1941 1736 1970 ordinata

1002 2005 1053 2035 per
1075 1993 1232 2033 capitulum
1254 2001 1305 2022 seu
1334 1992 1492 2031 praelatum
1521 1990 1734 2020 observentur:

1002 2043 1154 2081 invigilent
1177 2041 1330 2080 praecipue
1352 2044 1383 2069 ut
1398 2039 1529 2069 divinum
1546 2038 1672 2067 officium
1688 2037 1737 2066 de·

1003 2096 1067 2121 vote
1088 2091 1212 2127 dicatur,
1236 2098 1269 2119 ac
1290 2088 1426 2118 studeant
1451 2085 1655 2117 communibus
1680 2086 1738 2115 sra-

1003 2145 1080 2170 trum
1109 2138 1256 2168 exercitiis
1284 2141 1311 2167 et
1337 2136 1464 2176 capitulo
1486 2135 1636 2174 culparum
1664 2133 1739 2163 inte-

1004 2198 1092 2218 resse.

1043 2236 1083 2275 (b)
1107 2244 1144 2265 iv,
1169 2234 1222 2271 Qui
1243 2235 1338 2264 decani
1370 2233 1436 2262 tales
1460 2232 1607 2270 etiyanenr.
1632 2230 1669 2260 Ut
1690 2239 1741 2260 au-

1007 2289 1063 2314 tem
1086 2285 1119 2314 ad
1143 2283 1354 2323 praescriptum
1377 2281 1493 2319 regulae
1515 2279 1618 2310 decani
1633 2279 1742 2309 consti-

1006 2337 1139 2369 tuantur,
1163 2331 1317 2361 statuimus
1345 2330 1489 2359 neminen·
1515 2337 1598 2367 posse
1619 2327 1687 2365 eligi
1709 2327 1741 2357 in

1006 2382 1158 2414 decanum,
1181 2380 1237 2409 nisi
1253 2379 1302 2418 qui
1318 2378 1419 2408 saltem
1436 2387 1488 2416 per
1504 2376 1652 2406 b'ennium
1671 2384 1742 2405 con-

1007 2430 1120 2460 tinuum
1142 2433 1272 2467 tempore
1293 2427 1338 2457 sui
1360 2426 1514 2456 sacerdotii
1540 2425 1744 2456 observantiae

1008 2478 1134 2516 regulari
1170 2477 1315 2506 vacaverit
1350 2475 1490 2514 (exceptis
1526 2473 1684 2504 lectoribus
1712 2474 1743 2503 et

1045 2533 1054 2557 l
1078 2530 1174 2564 Aptius
1189 2529 1247 2564 lege
1264 2529 1391 2563 pertinet
1410 2529 1447 2564 (n.
1462 2528 1512 2563 T.).

1043 2575 1058 2601 2
1079 2574 1144 2601 Male
1160 2573 1222 2601 edit.
1239 2572 1318 2600 lllain.
1334 2572 1398 2606 legit
1412 2572 1516 2604 officio.
1532 2571 1577 2599 Ad
1589 2571 1627 2605 (n.
1643 2570 1692 2605 T.)-

1619 190 1682 224 ⁶293
1728 200 1776 225 An.
1793 199 1820 225 c.
1844 198 1914 225 1⁶80

987 260 1056 287 ctae
1076 252 1341 296 conversationis,
1356 256 1392 294 et
1415 249 1651 283 constituantur
1669 248 1722 280 de·
1732 261 1775 279 nan
1788 260 1870 283 snm-mi,
1879 260 1913 279 a«,-

1732 290 1842 312 ponantur.
