2111 3157
181 175 229 203 An.
247 175 275 203 C,
301 175 364 204 1681
414 167 478 201 394
952 170 1131 196 sumamma
1154 170 1305 194 nousuun

371 225 520 268 martyris
545 223 679 258 civitatis
700 221 861 260 Quitensis
887 219 963 253 dicti
979 217 1106 251 Ordinis

371 279 427 310 sua
450 277 596 320 impensa
621 274 804 313 aedificare,
821 273 853 305 in
874 281 979 314 eoque
1004 280 1106 313 grani-

365 331 521 364 ⁴maticam
554 335 585 362 et
616 326 858 371 philosophiam
889 324 1019 368 publice
1051 323 1107 356 do-

373 395 454 422 cere,
474 393 509 415 ac
534 383 628 415 etiam
654 385 792 423 quatuor
817 377 1002 417 cathedras,
1028 376 1106 408 duas

1888 167 1941 194 An.
1959 167 1988 195 C.
2012 167 2074 196 1681

1148 216 1308 250 favoribus
1324 220 1356 249 et
1375 216 1486 258 gratiis
1504 215 1662 259 prosequi
1679 215 1835 256 volentes,
1853 221 2018 259 etpumia„
2046 231 2080 253 f.-

1147 280 1165 302 a
1181 269 1346 312 quibusvis
1371 268 1729 309 excommunicationis,
1753 260 2079 312 suspen-ffli”iiiiu2⁶ar³22

1148 322 1249 355 sionis
1267 326 1298 354 et
1313 320 1488 361 interdicti,
1503 320 1639 364 aliisque
1656 320 1867 355 ecclesiastic'
1896 313 1993 333 “mmm
2004 314 2026 334 ⁸·
2039 315 2079 335 ‘⁴¹¹'

1859 332 1886 355 lS
1896 339 1973 364 guntin»
1989 343 2010 360 ot
2019 342 2079 361 cleri-

1149 374 1296 408 censuris
1331 378 1364 406 et
1393 373 1522 416 poenis,
1550 383 1567 405 a
1590 373 1662 406 iure
1689 374 1739 406 vel
1765 374 1804 406 ab
1829 366 2079 414 ho-ssss'fflmswst‘*

205 1025 281 1045 Preces
291 1028 365 1049 procu-

184 1055 258 1072 ratori<
282 1050 366 1076 provin-

184 1083 230 1097 ciae
253 1077 274 1097 S.
291 1077 365 1097 Cathe-

184 1109 242 1124 rinae
260 1104 285 1123 de
305 1104 365 1126 Qum]

185 1133 203 1151 ei
220 1136 296 1149 Uaufflssu
317 1134 365 1149 con-

184 1156 305 1177 stitutionis.

282 2542 394 2565 Concessi)

372 436 502 479 quidem
534 433 717 475 theologiae
749 430 983 469 scholasticae,
1013 429 1108 461 aliam

372 488 555 531 theologiae
580 485 732 525 moralis,
759 489 791 517 et
822 488 970 527 quartam
994 481 1108 514 Sacrae

373 541 565 583 Scripturae,
584 549 663 582 quas
680 547 738 580 pro
756 541 902 579 tempore
923 534 1108 568 obtinentes

373 594 404 626 S.
424 593 564 625 Thomae
590 589 757 634 Aquinatis
778 588 959 622 doctrinam
983 591 1110 619 sancto-

372 657 443 678 rum
468 645 598 677 patrum
623 642 851 676 traditionibus
870 646 900 674 et
916 638 1109 673 universalis

374 698 537 731 Ecclesiae
563 696 702 730 decretis
740 695 939 728 conformem
971 693 1109 731 docere,

375 760 593 793 erroneasque
628 753 659 781 et
693 748 824 786 noxias,
856 745 1046 789 praesertim
1077 744 1109 776 in

374 804 509 836 materia
533 802 649 836 morali
675 800 860 844 opiniones,
881 809 963 842 quae
987 798 1021 830 in
1044 797 1109 830 illis

376 856 521 900 partibus
547 864 678 897 serpere
716 854 886 892 dicuntur,
922 850 1110 884 eorumdem

375 914 562 941 sanctorum
580 907 709 940 Patrum
727 905 873 938 doctrina
890 904 1039 937 refellere
1058 902 1111 935 de-

375 961 484 1001 beant,
503 961 542 993 de
567 959 699 1002 proprio
724 958 860 990 fundare
885 957 1109 990 decreverunt.

421 1015 435 1057 g
453 1014 482 1046 02.
501 1013 577 1046 Cum
591 1018 707 1049 autem,
724 1011 806 1044 sicut
820 1010 934 1043 eadem
952 1007 1111 1052 expositio

377 1067 600 1108 subiungebat,
620 1065 723 1098 dictus
741 1062 880 1105 ignatius
897 1061 1037 1103 collegio
1055 1060 1113 1093 hu-

378 1119 526 1159 iusmodi,
546 1119 678 1161 eiusque
697 1115 814 1149 rectori
833 1119 865 1148 et
884 1113 1112 1148 cathedraticis

378 1183 438 1216 pro
453 1178 598 1214 tempore
610 1169 831 1209 existentibus,
846 1167 1030 1201 facultatem
1041 1176 1113 1199 con-

378 1224 505 1257 ferendi
531 1223 661 1266 publice
694 1222 813 1265 gradus
842 1219 1056 1254 scholasticos
1080 1218 1113 1251 in

378 1278 442 1310 illis
462 1276 619 1316 scientiis,
640 1285 722 1318 quae
743 1274 776 1307 in
802 1274 873 1317 ipso
898 1272 1040 1315 collegio
1058 1272 1114 1304 do-

379 1330 548 1368 cebuntur,
574 1327 708 1361 concedi
733 1326 909 1370 plurimum
930 1325 1112 1365 desideret,

380 1381 561 1424 similisque
597 1381 730 1413 facultas
762 1378 833 1411 aliis
865 1376 1012 1420 collegiis
1038 1376 1114 1409 dicti

380 1434 518 1472 Ordinis,
538 1433 569 1465 in
587 1432 780 1475 quibusdam
805 1430 987 1464 civitatibus
1010 1429 1116 1462 India-

381 1498 452 1520 rurn
469 1485 736 1524 Occfflentalium,
759 1494 840 1527 quae
863 1483 1117 1526 quadringento-

382 1549 452 1571 rum
469 1538 655 1570 milliarium
674 1536 844 1569 intervallo
869 1535 908 1568 ab
929 1534 1118 1567 universita-

384 1593 467 1625 tibus
484 1590 622 1634 publicis
636 1596 779 1623 remotae
794 1594 878 1628 sunt,
895 1587 1116 1628 existentibus,

385 1645 505 1677 dudum
530 1643 642 1676 ultimo
668 1653 753 1676 anno
778 1651 897 1676 MDcxix
915 1652 931 1674 a
950 1641 1051 1674 felicis
1068 1650 1119 1673 re-

385 1696 580 1730 cordationis
603 1696 701 1728 Paulo
722 1695 755 1734 V,
776 1695 815 1727 ad
840 1694 1023 1727 instantiam
1045 1699 1120 1725 tunc

386 1748 553 1782 existentis
585 1748 670 1790 regis
697 1747 923 1789 Hispaniarum
948 1744 1116 1784 catholici,

386 1811 557 1840 concessa,
591 1806 621 1833 et
646 1800 784 1832 subinde
811 1799 850 1831 ab
884 1799 1013 1831 Urbano
1037 1797 1121 1837 vlu,

388 1854 541 1887 Romanis
576 1852 784 1885 Pontificibus
816 1851 1122 1895 praedecessoribus

388 1907 528 1945 nostris,
552 1905 737 1938 confirmata
761 1905 877 1945 fuerit,
904 1915 940 1937 ac
965 1903 1123 1937 eiusmodi

390 1959 613 2004 praerogativa
632 1964 693 1991 tam
711 1958 818 1991 clerici
832 1958 1000 2000 regulares
1017 1956 1125 1990 Socie-

394 2013 465 2045 tatis
483 2012 561 2052 lesu,
580 2011 691 2053 vigore
713 2010 926 2054 quorumdam
943 2009 1126 2053 privilegio-

391 2077 461 2099 rum
476 2092 484 2105 ,
504 2076 598 2108 quam
623 2065 736 2097 fratres
760 2063 889 2096 Ordinis
912 2062 1126 2095 Eremitarum

393 2119 491 2151 sancti
508 2118 690 2160 Augustini,
704 2117 736 2149 in
754 2117 815 2149 vim
830 2116 1040 2159 quarumdam
1054 2125 1127 2158 apo-

394 2171 578 2204 stolicarum
602 2170 634 2202 in
660 2169 756 2202 simili
782 2169 887 2201 forma
911 2168 1018 2201 Brevis
1043 2168 1127 2201 litte-

395 2233 513 2261 rarum,
531 2222 563 2253 in
587 2222 731 2264 partibus
755 2221 917 2254 indiarum
942 2219 1127 2253 huiusmodi

398 2276 436 2307 dc
461 2274 624 2317 praesenti
650 2275 818 2306 fruantur:
838 2273 931 2306 nobis
957 2276 1129 2315 propterea

398 2328 483 2360 idum
509 2327 647 2369 Ignatius
667 2327 833 2359 humiliter
849 2325 1024 2368 supplicari
1045 2325 1129 2365 fecit,

399 2386 434 2412 ut
458 2380 489 2411 in
515 2380 696 2421 praemissis
726 2384 908 2422 opportune
938 2378 1130 2421 providere,

404 2438 434 2465 et
448 2438 480 2463 ut
498 2432 577 2464 infra
596 2432 763 2473 indulgere
782 2432 820 2465 de
838 2431 1038 2473 benignitate
1055 2441 1133 2473 apo-

404 2484 516 2517 stolira
541 2483 760 2526 dignaremur.

449 2538 463 2583 g
488 2536 519 2571 3.
542 2536 611 2576 Nos,
632 2536 733 2580 ipsum
757 2536 917 2579 ignatium
942 2536 1135 2580 specialibus

1149 428 1250 467 mine,
1265 425 1377 470 quavis
1395 426 1567 459 occasione
1580 426 1630 458 vel
1645 427 1739 458 causa
1756 425 1840 467 latis,
1857 427 1885 459 si

1151 480 1269 522 quibus
1294 477 1542 522 quomodolibet
1564 478 1736 511 innodatus
1761 479 1884 520 existit,

1151 533 1190 565 ad
1208 531 1356 565 effectum
1380 530 1600 575 praesentium
1624 531 1791 564 dumtaxat
1809 542 1886 565 con-

1151 585 1361 628 sequendum,
1384 584 1499 618 harum
1521 584 1607 617 serie
1632 584 1835 618 absolventes
1853 590 1888 619 et

1151 638 1340 671 absolutum
1371 637 1439 670 fore
1473 642 1646 670 censentes
1659 664 1668 677 ‚
1701 637 1887 671 huiusmodi

1151 689 1443 734 supplicationibus
1470 689 1628 731 inclinati,
1656 690 1695 723 de
1719 690 1888 723 venerabi·

1152 743 1229 776 lium
1243 743 1375 776 fratrum
1390 748 1574 776 nostrorum
1591 742 1623 776 S.
1641 743 1679 776 R.
1693 743 1729 776 E.
1747 743 1888 777 cardina-

1152 797 1230 830 lium
1247 797 1388 840 negotiis
1408 797 1639 840 propagandae
1660 796 1734 830 fidei
1747 807 1889 841 praepo-

1153 850 1289 884 sitorum
1304 876 1311 890 ,
1340 849 1395 893 qui
1420 850 1527 882 zelum
1550 850 1768 893 pietatemque
1788 850 1889 884 dicto-

1153 914 1222 936 rum
1240 903 1373 936 fratrum
1390 902 1578 946 provinciae
1595 903 1634 936 de
1651 902 1743 941 Quito
1761 903 1889 937 Ordinis

1154 955 1418 988 Praedicatorum
1436 955 1717 996 commendarunt,
1741 955 1888 997 consilio,

1154 1008 1274 1042 rectori
1291 1018 1349 1052 pro
1365 1012 1515 1050 tempore
1534 1007 1685 1041 existenti
1699 1007 1775 1042 dicti
1792 1009 1891 1042 colle-

1155 1060 1197 1103 gii
1216 1061 1300 1094 intra
1318 1061 1366 1094 vel
1388 1064 1476 1093 extra
1499 1065 1590 1103 septa
1612 1060 1789 1103 supradicti
1814 1071 1891 1094 con-

1155 1119 1266 1148 ventus
1290 1114 1321 1147 S.
1343 1113 1431 1147 Petri
1451 1113 1599 1156 martyris
1616 1113 1751 1146 civitatis
1765 1112 1892 1151 Quiten-

1155 1168 1213 1207 sis,
1231 1167 1295 1200 iam
1319 1167 1430 1200 forsan
1454 1166 1554 1199 erecti
1578 1165 1698 1199 sivein
1722 1171 1890 1209 posterum

1156 1219 1311 1263 erigendi,
1326 1219 1445 1262 gradus
1460 1218 1672 1252 scholasticos
1690 1217 1723 1251 in
1740 1218 1890 1252 omnibus

1156 1272 1298 1306 scientiis
1316 1271 1545 1305 cathedrarum
1563 1271 1596 1304 in
1620 1271 1735 1304 eodem
1753 1271 1891 1314 collegio

1156 1325 1219 1358 iam
1247 1325 1356 1357 forsan
1383 1328 1564 1356 erectarum
1592 1323 1641 1355 vel
1668 1323 1701 1355 in
1726 1327 1894 1367 posterum

1157 1378 1384 1420 erigendarum
1424 1376 1682 1419 quibuscumque
1715 1375 1870 1408 studiosis
1885 1403 1893 1417 ,

1158 1431 1211 1474 qui
1229 1430 1411 1463 studiorum
1428 1439 1539 1462 cursus
1555 1428 1677 1461 ibidem
1695 1429 1893 1472 peregerint,

1158 1483 1334 1516 dummodo
1359 1486 1465 1514 tamen
1490 1481 1621 1524 praevio
1650 1480 1798 1523 rigoroso
1824 1491 1896 1514 exa-

1158 1536 1244 1569 mine
1259 1535 1341 1568 adid
1356 1534 1562 1578 reperiantur
1574 1534 1693 1574 idonei,
1708 1534 1747 1567 ad
1759 1534 1895 1568 sormam

1159 1589 1341 1622 litterarum
1365 1588 1397 1620 in
1422 1586 1519 1620 simili
1547 1586 1650 1619 forma
1679 1586 1788 1619 Brevis
1815 1587 1894 1620 alias

1160 1650 1388 1674 concessarum
1413 1639 1565 1682 praefatis
1590 1638 1740 1671 fratribus
1767 1638 1895 1672 Ordinis
1939 1660 1941 1663 -

1161 1692 1372 1726 Eremitarum
1397 1690 1498 1724 sancti
1520 1690 1692 1733 Augustini
1718 1696 1750 1724 et
1768 1690 1896 1724 clericis

1163 1745 1368 1788 regularibus
1391 1743 1560 1777 Societatis
1589 1743 1682 1784 Iesu,
1708 1743 1898 1777 auctoritate

1162 1800 1273 1832 nostra
1288 1797 1468 1841 apostolica
1485 1796 1676 1829 conserendi
1700 1796 1896 1837 facultatem,

1164 1852 1268 1885 donec
1293 1856 1325 1884 ot
1349 1860 1519 1894 quousque
1552 1849 1683 1893 publica
1706 1849 1899 1882 universitas

1164 1904 1290 1947 regalis,
1309 1905 1392 1936 sicut
1411 1903 1541 1936 Limana
1559 1907 1591 1935 et
1611 1902 1783 1943 Mexicana,
1800 1902 1832 1935 in
1853 1902 1901 1935 di-

1165 1959 1215 1989 cta
1239 1956 1406 2000 provincia
1431 1956 1469 1988 de
1486 1954 1578 1993 Quito
1604 1954 1818 1987 constituatur
1837 1954 1902 1987 sive

1166 2009 1310 2051 erigatur
1325 2035 1332 2048 ‚
1359 2009 1524 2041 dumtaxat
1548 2007 1753 2047 duraturam,
1789 2006 1902 2040 eadem

1168 2062 1370 2101 auctoritate,
1386 2065 1499 2094 tenore
1513 2059 1742 2103 praesentium,
1758 2059 1903 2093 concedi-

1168 2125 1237 2147 mus
1264 2119 1296 2146 et
1311 2113 1528 2157 impartimur:
1545 2113 1631 2145 salva
1649 2116 1755 2145 tamen
1776 2121 1903 2155 semper

1169 2168 1201 2200 in
1218 2166 1402 2210 praemissis
1427 2165 1617 2199 auctoritate
1638 2164 1903 2208 Congregationis

1170 2225 1424 2253 memoratorum
1449 2218 1672 2251 cardinalium.

1215 2273 1229 2315 ἓ
1254 2272 1285 2304 4.
1312 2273 1531 2305 Decernentes
1560 2271 1689 2308 easdem
1714 2274 1904 2314 praesentes

1172 2326 1297 2359 litteras
1330 2325 1435 2357 firmas
1466 2329 1498 2357 et
1529 2323 1672 2357 efficaces
1709 2323 1849 2357 existere
1875 2328 1908 2356 et

1174 2379 1257 2419 fore,
1283 2388 1424 2421 suosque
1448 2377 1611 2420 plenarios
1641 2381 1672 2409 et
1694 2376 1840 2419 integros
1868 2376 1910 2409 ef-

1174 2432 1277 2464 fcctus
1305 2430 1413 2464 sortiri
1445 2435 1475 2463 et
1503 2430 1663 2470 obtinere,
1689 2429 1834 2470 acinis,
1868 2429 1908 2462 ad

1177 2494 1258 2527 quos
1283 2488 1409 2526 spectat
1429 2488 1461 2517 et
1483 2494 1542 2527 pro
1568 2488 1714 2526 tempore
1738 2482 1909 2526 spectabit,

1177 2536 1209 2569 in
1228 2537 1379 2569 omnibus
1398 2542 1426 2569 et
1445 2547 1504 2580 per
1520 2536 1626 2569 omnia
1644 2535 1832 2579 plenissime
1850 2535 1911 2572 suf-

1942 2275 2062 2298 ctauuutu.
