2111 3157
24 218 74 245 An.
96 217 125 242 c.
146 215 211 241 insu

213 263 450 306 praesentium,
480 264 696 296 declaramus:
722 264 807 296 salva
840 268 942 295 tamen

792 216 1001 239 {NNOCENTH'S
1024 216 1054 239 XI
1080 216 1128 240 PT*-

1615 205 1676 237 700

1030 263 1141 295 Datum
1166 262 1293 302 Romae,
1312 262 1397 305 apud
1418 262 1448 294 S.
1468 261 1596 294 Maiiam
1621 262 1718 294 Maio-

214 325 344 358 semper
376 315 407 348 in
432 316 619 359 praemissis
650 316 840 349 auctoritate
868 315 945 348 Con·
987 326 1063 355 rem,
1093 316 1150 348 sub
1175 317 1294 348 annulo
1319 315 1498 354 piscatoris
1525 315 1576 348 dic
1603 325 1640 348 111
1671 326 1718 348 se-

214 368 408 411 gregationis
434 374 684 402 memoratorum
719 368 941 401 cardinalium.
986 368 1142 411 ptembris
1166 378 1357 410 MDCLxxxw,
1384 367 1592 412 pontificatus
1616 367 1717 402 nostri

49 432 165 454 clausulae.

214 478 298 506 teras
315 484 443 516 semper
464 473 583 514 firmas,
598 474 719 506 validas
745 479 777 506 et
801 473 944 506 efficaces

213 526 352 559 existere
377 532 408 559 et
439 527 507 559 sore
523 553 530 567 ,
558 537 694 569 suosque
726 526 889 570 plenarios
914 531 945 558 et

212 579 356 621 integros
382 578 512 611 effectus
537 579 645 612 sortiri
671 583 704 612 et
729 578 888 618 obtinere,
910 588 945 610 ac

211 631 296 671 illis,
324 632 362 664 ad
388 642 467 674 quos
493 637 615 674 spectat
649 637 681 664 et
715 641 773 673 pro
801 636 943 673 tempore

212 684 482 728 quandocumque
504 684 674 726 spectabit,
695 684 726 716 in
744 684 892 716 omnibus
914 688 945 715 et

212 747 272 780 per
297 735 404 769 omnia
424 736 614 778 plenissime
639 734 815 777 suffragari,
836 735 944 776 sicque

211 789 245 821 in
272 788 458 832 praemissis
481 798 541 830 per
572 797 793 830 quoscumque
821 787 944 819 iudices

211 841 393 874 ordinarios
415 847 445 873 et
463 841 638 882 delegatos,
658 840 754 873 etiam
779 850 943 872 causarum

216 894 327 938 palatii
352 893 521 936 apostolici
546 893 727 933 auditores,
753 892 889 926 iudicari
914 898 945 925 et

211 944 339 980 definisti
371 947 490 979 debere
507 973 514 986 ,
541 956 577 978 ac
601 946 727 978 irritum
752 951 783 980 et
802 946 899 978 inane
917 945 943 978 si

210 1010 301 1033 secus
315 1010 412 1043 super
429 1000 478 1032 his
492 1010 509 1032 a
523 1010 696 1042 quoquam,
711 999 821 1042 quavis
836 1004 944 1031 aucto-

210 1053 316 1094 ritate,
334 1053 475 1086 scienter
486 1053 536 1085 vel
554 1052 944 1096 ignorante-[contigerit

211 1106 373 1139 attentari.

253 1160 268 1203 ἓ
292 1159 323 1192 4.
350 1158 419 1192 Non
444 1159 649 1192 obstantibus
674 1159 881 1201 praemissis,
909 1168 944 1190 ac

209 1212 496 1246 constitutionibus
527 1218 558 1245 et
582 1212 841 1245 ordinationibus
869 1222 945 1254 apo-

209 1265 342 1306 stolicis,
356 1276 494 1305 necnon,
507 1271 663 1309 quatenus
677 1275 755 1307 opus
774 1266 825 1305 sit,
841 1265 943 1298 dictae

209 1318 476 1362 Congregationis
489 1318 683 1351 Scholarum
698 1318 833 1357 Piarum,
848 1318 944 1351 etiam

208 1372 401 1412 iuramento,
421 1370 668 1404 confirmatione
687 1371 876 1414 apostolica,
893 1373 943 1404 vel

209 1425 320 1469 quavis
349 1424 499 1457 firmitate
525 1424 585 1458 alia
614 1424 786 1463 roboratis,
817 1424 943 1458 statutis

209 1482 241 1510 et
271 1476 572 1515 consuetudinibus,
597 1476 774 1519 privilegiis
800 1486 942 1518 quoque,

207 1529 343 1562 indultis
362 1535 393 1562 et
416 1529 531 1562 litteris
557 1528 745 1571 apostolicis
763 1529 795 1560 in
818 1534 944 1561 contra-

207 1582 291 1615 rium
315 1582 569 1626 praemissorum
599 1581 847 1624 quomodolibet
871 1591 944 1614 cou-

208 1636 321 1676 cessis,
345 1635 538 1668 conlirmatis
565 1640 596 1667 et
619 1635 793 1675 innovatis;
827 1635 942 1677 quibus

208 1688 357 1721 omnibus
393 1694 425 1720 et
459 1687 614 1731 singulis,
647 1688 779 1720 illorum
815 1693 944 1720 tenores

209 1741 433 1785 praesentibus
468 1751 527 1783 pro
561 1742 654 1783 plene
686 1745 717 1773 et
748 1740 943 1773 sufficienter

210 1794 370 1836 expressis
391 1803 428 1826 ac
452 1793 491 1825 ad
516 1793 648 1826 verbum
674 1792 803 1825 insertis
821 1793 943 1825 haben-

206 1852 264 1887 tes,
290 1847 354 1880 illis
375 1847 454 1880 alias
480 1847 512 1878 in
529 1856 587 1879 suo
612 1847 728 1879 robore
754 1856 943 1889 permansu-

207 1899 261 1938 ris,
287 1900 326 1932 ad
344 1900 596 1942 praemissorum
617 1899 773 1939 effectum,
789 1900 850 1931 hac
873 1899 942 1932 vice

208 1953 379 1993 dumtaxat,
408 1952 592 1995 specialiter
617 1957 649 1985 et
673 1963 825 1995 expresse
850 1953 943 1985 dero-

208 2016 338 2048 gamus,
357 2005 539 2049 ceterisque
556 2006 725 2039 contrariis
740 2006 941 2049 quibuscum-

208 2069 283 2101 que.

249 2111 320 2155 55.
359 2111 512 2145 Volumus
549 2117 655 2144 autem
690 2116 724 2144 ut
755 2111 939 2144 earumdem

206 2165 426 2209 praesentium
446 2165 627 2198 litterarum
647 2165 867 2208 transumptis,
884 2175 940 2197 seu

207 2219 374 2262 exemplis,
402 2218 499 2251 etiam
530 2217 714 2261 impressiS,
751 2228 849 2250 manu
884 2217 941 2250 ali-

207 2272 295 2305 cuius
319 2271 434 2304 notarii
459 2271 579 2314 publici
605 2271 812 2313 subscriptis,
845 2275 876 2303 et
900 2271 940 2303 si-

207 2325 285 2369 gillo
311 2335 471 2368 personae
496 2324 529 2356 in
549 2323 767 2357 ecclesiastica
784 2323 940 2366 dignitate

208 2378 400 2411 constitutae
417 2376 561 2416 munitis,
586 2377 697 2410 eadem
717 2387 847 2419 prorsus
863 2376 941 2410 sides

208 2431 327 2475 ubique
360 2432 505 2464 locorum
539 2436 601 2463 tam
633 2431 667 2462 in
697 2429 817 2463 iudicio
846 2441 940 2473 quam

210 2489 299 2517 extra
322 2484 401 2518 illud
435 2484 614 2524 habeatur,
646 2493 728 2526 quae
764 2483 942 2516 haberetur

85 1166 199 1192 Derogauo

19 1193 176 1214 contrariorum.

49 2113 187 2142 'ri-ansuinpio

15 2145 59 2162 mm
73 2141 134 2164 lirion.

257 421 316 463 §3
329 421 546 454 Decernentes
557 421 686 454 easdem
701 420 944 464 praesenteslit·
986 431 1070 454 anno
1094 432 1124 455 x.

1022 483 1080 510 Dat.
1099 483 1142 511 die
1159 484 1173 512 3
1189 484 1351 520 septembris
1369 485 1446 518 1686,
1461 485 1556 521 pontif.
1574 493 1644 513 anno
1659 492 1686 513 x.

1275 626 1426 659 CLXXIV.

989 703 1231 745 Confirmantur
1244 705 1421 748 privileqva
1439 706 1551 739 omnia
1570 711 1598 739 et
1615 704 1721 740 indul-

1029 757 1158 798 9entiae
1184 756 1360 790 Ordinibus
1381 760 1485 791 sancti
1500 759 1668 792 Francisci
1683 759 1721 793 de

1033 806 1244 841 observantia
1275 814 1303 842 el
1327 811 1406 842 aliis
1435 812 1605 855 utriusque
1628 823 1720 845 sexus

1028 862 1175 903 personis
1199 862 1377 895 concessa'.

1171 942 1363 969 Innocentius
1385 943 1464 977 Papa
1485 944 1532 976 xl,

1127 985 1163 1012 ad
1182 986 1314 1013 futuram
1333 988 1377 1013 rei
1396 988 1579 1015 memoriam.

1031 1056 1045 1098 ἓ
1074 1055 1104 1087 l.
1137 1055 1257 1099 Exponi
1284 1056 1377 1090 nobis
1403 1068 1507 1101 nuper
1532 1058 1607 1091 secit
1632 1058 1717 1091 dile-

987 1113 1055 1139 ctus
1072 1107 1157 1141 filius
1175 1108 1359 1142 Franciscus
1379 1110 1450 1142 Diaz
1475 1121 1492 1143 a
1509 1110 1539 1143 S.
1557 1111 1721 1145 Bonaven-

989 1165 1079 1200 tura,
1115 1161 1270 1193 carissimi
1307 1162 1339 1193 in
1370 1162 1498 1195 Christo
1535 1162 1591 1195 filii
1618 1165 1721 1198 nostri

987 1213 1089 1246 Caroli
1115 1213 1341 1256 Hispaniarum
1366 1215 1451 1258 regis
1476 1216 1627 1249 catholici
1648 1227 1707 1249 con

987 1267 1135 1299 cionator
1168 1272 1199 1299 et
1234 1267 1428 1310 theologus,
1453 1279 1488 1301 ac
1519 1269 1551 1301 iu
1577 1269 1720 1302 Romana

986 1318 1079 1351 Curia
1096 1329 1154 1361 pro
1176 1319 1412 1352 ultramontana
1426 1321 1553 1361 (nmilia,
1572 1322 1720 1355 ministro

987 1371 1129 1413 generali
1154 1371 1282 1405 Ordinis
1309 1372 1441 1405 fratrum
1466 1373 1624 1406 Minorum
1649 1384 1706 1407 san

986 1424 1027 1456 cti
1052 1423 1215 1456 Francisci
1234 1424 1273 1457 de
1290 1424 1499 1458 Observantia
1519 1431 1722 1470 nuncupato-

986 1488 1054 1510 rum
1080 1477 1234 1516 subicctz‘i,
1260 1478 1500 1512 commissarius
1532 1481 1694 1522 generalis
1711 1507 1718 1521 ,

986 1530 1070 1572 quod
1097 1529 1278 1572 privilegia,
1306 1532 1425 1573 gratiae
1443 1558 1450 1571 ,
1477 1532 1718 1572 concessiones,

986 1583 1109 1616 favores
1129 1589 1158 1616 et
1181 1583 1414 1628 indulgentiae,
1430 1585 1524 1618 etiam
1542 1585 1718 1628 plenariae,

986 1647 1021 1668 ac
1045 1636 1319 1679 poenitentiarum
1340 1637 1573 1678 relaxationes,
1599 1643 1722 1671 cetera·

986 1699 1047 1731 que
1076 1689 1200 1721 indulta
1230 1688 1426 1729 Ordinibus,
1461 1690 1721 1733 congregationi-

985 1741 1051 1781 bus,
1078 1742 1404 1781 confraternitatibus‚
1432 1743 1590 1783 domibus,
1618 1744 1720 1777 ecclc-

985 1793 1050 1833 siis,
1076 1794 1171 1834 locis,
1196 1794 1459 1828 benefactoribus
1475 1822 1482 1835 ,
1510 1806 1546 1828 ac
1569 1796 1719 1829 omnibus

985 1850 1016 1878 et
1033 1846 1166 1889 singulis
1180 1848 1348 1890 utriusque
1363 1858 1455 1881 sexus
1472 1849 1630 1891 personis,
1646 1849 1720 1882 obe·

984 1899 1123 1932 dientiae
1149 1910 1202 1932 scu
1239 1900 1406 1933 directioni
1442 1901 1601 1944 praedicti
1626 1902 1720 1934 mini-

983 1952 1038 1984 stri
1057 1953 1215 1994 generalis
1232 1953 1363 1985 fratrum
1378 1953 1535 1986 Minorum
1553 1953 1717 1995 subiectis,

984 2005 1058 2037 olim
1085 2005 1124 2038 ab
1160 2006 1344 2048 apostolica
1376 2006 1457 2040 Sede
1483 2017 1635 2040 concessa
1660 2018 1718 2040 seu

983 2058 1216 2091 communicata
1240 2069 1299 2101 per
1330 2059 1472 2103 plurium
1501 2059 1719 2093 Romanorum

1019 2156 1029 2180 1
1053 2155 1103 2180 Hic
1123 2158 1281 2181 enunciatae
1297 2152 1501 2182 constitutiones
1516 2159 1579 2182 sunt
1593 2155 1717 2183 Clemen-

983 2197 1015 2224 tis
1036 2198 1091 2224 vul
1112 2202 1218 2225 constit.
1240 2198 1282 2225 ed.
1305 2205 1409 2230 unxcv.
1430 2199 1472 2225 die
1492 2200 1525 2227 20
1545 2199 1715 2233 decembris,

983 2242 1076 2277 pontif.
1099 2249 1139 2275 v1;
1157 2242 1230 2269 Pauli
1246 2242 1264 2268 V
1281 2243 1386 2269 constit.
1404 2243 1447 2269 ed.
1464 2249 1544 2270 luneix
1558 2244 1651 2278 pontif.
1668 2250 1716 2279 vn,

982 2292 1009 2314 et
1020 2286 1119 2314 Urbani
1134 2286 1190 2313 Vlll
1206 2286 1311 2313 constit.
1328 2287 1371 2313 ed.
1386 2293 1502 2322 innexam,
1519 2294 1548 2314 111
1568 2287 1627 2314 idus
1644 2288 1715 2322 maii,

983 2331 1125 2367 pontifi-du,
1137 2339 1205 2366 quae
1221 2334 1310 2358 extant
1326 2331 1396 2366 apud
1407 2331 1597 2367 Waddingum.
1611 2330 1646 2359 De
1657 2333 1717 2359 aliis

982 2375 1129 2410 privilegiis
1148 2379 1174 2402 et
1193 2375 1367 2410 indulgentiis
1396 2375 1455 2402 vide
1483 2375 1562 2402 huius
1583 2374 1719 2403 Pontificis

982 2421 1088 2447 constit.
1110 2420 1152 2446 ed.
1174 2425 1337 2453 MDCLxxxw,
1355 2419 1398 2446 die
1415 2420 1448 2446 30
1459 2420 1562 2454 aprilis,
1578 2420 1674 2455 pontif.
1690 2428 1716 2454 iq

983 2466 1089 2492 constit.
1110 2464 1152 2491 ed.
1171 2470 1334 2497 MDccxxxt‘l,
1354 2464 1397 2491 die
1416 2465 1450 2491 30
1470 2465 1540 2498 maii,
1563 2465 1657 2500 pontif.
1681 2471 1716 2499 x,

983 2510 1088 2536 constit.
1111 2508 1153 2535 ed.
1175 2514 1353 2541 iincrxxxvu,
1374 2508 1417 2535 die
1436 2508 1470 2535 22
1493 2509 1623 2541 ianuarii,
1650 2517 1716 2543 pon-

210 2537 288 2581 ¹'PSiS
319 2537 544 2580 praesentibus
578 2536 603 2569 Si
639 2536 744 2569 sorem
779 2536 941 2570 eXhibitae
982 2554 1148 2586 tificatusx1;
1165 2557 1191 2580 et
1206 2553 1398 2580 innocentiixn
1413 2553 1518 2581 constit.
1537 2553 1578 2581 ed.
1592 2557 1715 2587 nomem,

211 2591 261 2624 vet
287 2596 449 2624 ostensae.

983 2599 1025 2626 die
1045 2598 1061 2626 5
1081 2598 1240 2631 decembris,
1263 2598 1356 2634 pontif.
1378 2604 1412 2627 vi.

1724 215 1775 239 Au.
1792 213 1819 238 C.
1839 213 1906 240 ¹086

1758 1054 1844 1090 Species
1857 1062 1911 1083 sacti⁴
