2111 3157
169 223 219 250 An.
237 223 267 249 c.
289 222 358 250 mse
402 214 467 247 644

361 272 448 313 dere,
474 276 509 303 ut
533 272 565 304 in
591 280 727 304 numero
749 274 781 303 et
805 268 960 312 qualitate
985 277 1096 310 perso-

360 334 474 356 narum
507 331 641 357 eatenus
674 321 882 356 monasteriis
914 320 975 353 sibi
1008 330 1096 352 com-

361 377 468 409 missis
482 376 711 420 prospiciatur,
724 380 890 418 quatenus,
903 373 1008 406 aliena
1022 372 1097 405 sub-

360 429 440 463 sidia
465 430 615 472 petendo,
635 428 705 462 aliis
731 428 824 461 oneri
857 438 927 460 esse
952 437 1016 460 non
1042 426 1096 459 de-

359 482 457 515 beant
482 482 528 523 (in
555 492 651 524 quem
678 481 775 514 tinem
800 490 932 524 praeses
957 490 1015 523 pro
1039 480 1095 511 sua

360 535 557 568 discretione
576 534 768 568 admonebit
781 534 925 573 abbates,
938 538 1096 576 quatenus

359 588 391 620 in
423 588 627 621 monasteriis
653 588 721 621 suis
756 592 804 620 tot
835 587 1007 630 religiosos
1039 587 1096 619 ha—

359 642 465 682 beant,
492 646 582 684 quot,
607 641 806 684 supportatis
830 641 901 674 aliis
926 640 1094 680 oneribus,

358 695 530 728 commode
567 695 764 734 sustentari,
794 705 830 727 ac
862 705 921 738 pro
957 693 1094 727 feliciori

359 754 440 780 statu
451 748 735 787 monasteriorum,
749 753 812 780 tam
827 747 860 779 in
875 746 1096 790 spiritualibus

359 811 454 844 quam
470 801 716 844 temporalibus,
735 802 891 844 prodesse
909 800 1094 844 poterunt.);

360 859 493 897 propter
529 865 620 887 casus
656 860 765 887 tamen
803 853 1097 892 extraordinarios,

360 907 414 950 qui
433 908 521 940 omni
548 909 746 952 quandoque
765 906 1097 950 diligentiaadbibita

359 961 540 1003 praecaveri
559 972 623 994 non
643 966 789 1004 possunt,
811 966 1020 1004 posteaquam
1040 970 1098 1002 per

359 1013 647 1056 Congregationem
674 1019 815 1046 erectam
840 1014 949 1046 omnia
973 1022 1098 1045 monas-

359 1067 440 1099 teria
464 1067 556 1110 quasi
581 1067 613 1100 in
638 1078 738 1099 unum
768 1077 889 1110 corpus
908 1066 1094 1102 coaluerint,

358 1120 490 1153 omnino
517 1121 681 1163 oportebit
705 1121 737 1153 iu
756 1121 951 1153 necessitate
977 1118 1097 1151 mutuis

359 1172 486 1204 auxiliis
518 1178 549 1205 et
578 1173 730 1205 subsidiis
760 1182 974 1211 succurrere,
1002 1176 1097 1214 atque

359 1225 405 1257 sic
430 1225 558 1258 fratrem
584 1237 601 1258 a
626 1226 725 1259 fratre
751 1225 905 1258 adiuvari.

403 1277 492 1316 Quod
517 1278 691 1321 praecipue
717 1279 801 1311 circa
826 1288 982 1321 personas
1001 1277 1095 1309 facile

360 1336 392 1363 et
418 1332 616 1374 frequentius
645 1342 777 1365 necesse
804 1331 874 1371 erit,
896 1331 921 1363 si
947 1331 1097 1363 videlicet

359 1383 392 1416 in
411 1394 482 1422 ,uno
508 1385 704 1417 monasterio
722 1395 787 1417 non
806 1385 871 1417 sint.
896 1384 971 1416 satis
989 1383 1095 1416 idonei

360 1447 418 1480 pro
439 1437 564 1477 officiis,
584 1440 659 1470 cura
676 1438 864 1477 animarum,
885 1437 1096 1469 instructione

360 1490 508 1529 aliorum,
534 1496 608 1531 etc.,
627 1492 676 1524 vel
703 1501 719 1523 e
745 1496 858 1523 contra
883 1490 908 1523 si
934 1490 1008 1529 sint,
1030 1489 1097 1532 qui-

360 1541 430 1581 bus,
457 1544 506 1575 vel
533 1548 668 1586 propter
699 1543 916 1576 valetudinem
943 1543 992 1574 vel
1018 1542 1095 1574 alias

360 1605 472 1628 causas
498 1602 710 1639 emergentes,
737 1597 776 1629 ad
803 1595 949 1638 eorporis
974 1601 1006 1627 et
1029 1595 1097 1627 ani-

360 1659 431 1681 mae
468 1650 604 1681 salutem
641 1650 821 1682 conducere
858 1649 1005 1681 videatur
1037 1648 1095 1681 loci

360 1702 508 1735 mutatio.
536 1702 630 1735 Hisce
656 1703 785 1735 casibus
811 1703 943 1736 omnino
970 1713 1098 1735 succur-

360 1755 496 1788 rendum
515 1761 637 1797 mutue,
657 1761 756 1799 atque
770 1756 970 1789 unanimiter
990 1765 1097 1787 curan-

361 1808 436 1840 dum
465 1809 605 1851 qualiter
627 1815 691 1841 tum
708 1809 833 1842 animae
853 1811 1014 1842 salventur
1033 1815 1097 1842 tum

360 1863 560 1895 monasteria
584 1862 713 1905 singula
738 1863 769 1894 in
796 1863 884 1895 bono
910 1868 992 1895 statu
1023 1873 1099 1895 eon-

361 1922 540 1948 serventur.
576 1916 613 1948 Et
648 1916 781 1959 quidem
817 1916 979 1950 ordinarie
1019 1916 1099 1948 haec

360 1969 493 2001 materia
519 1969 557 2001 ad
584 1969 756 2012 capitulum
783 1970 936 2011 generale
955 1969 1100 2001 reseren-

362 2021 410 2059 da,
428 2022 538 2065 ibique
553 2022 778 2054 communibus
790 2022 934 2054 consiliis
947 2022 985 2054 de
1003 2021 1098 2054 modo

361 2080 392 2107 et
417 2075 532 2107 mediis
569 2075 796 2107 resolvendum
830 2074 902 2107 erit.
930 2074 960 2106 Si
992 2080 1098 2106 tamen

361 2128 546 2169 perieulum
571 2128 603 2160 in
629 2130 719 2160 mora
744 2127 921 2170 apparebit,
949 2127 1098 2160 dominus

362 2191 494 2223 praeses
520 2191 590 2213 cum
612 2181 748 2213 consilio
771 2181 907 2214 duorum
934 2181 982 2213 vel
1004 2181 1098 2213 trium

362 2234 522 2273 abbatum,
541 2245 652 2267 eorum
678 2234 824 2273 maxime,
842 2235 881 2267 de
899 2244 1036 2277 quorum
1056 2234 1101 2266 in-

363 2292 485 2319 teresse
510 2288 641 2331 agitur,
667 2288 805 2327 interim,
832 2298 936 2330 usque
962 2288 1037 2320 dum
1068 2288 1098 2319 in

363 2340 501 2382 capitulo
527 2342 652 2383 plenius
684 2341 899 2384 provideatur,
927 2341 1098 2384 disponere

363 2397 394 2424 et
419 2393 505 2425 omni
531 2394 657 2426 meliori
683 2395 778 2436 modo
809 2405 873 2437 quo
896 2399 1002 2437 potest
1026 2404 1100 2436 pro-

363 2444 472 2478 videre
499 2447 642 2479 debebit.
671 2449 716 2480 Ad
750 2449 835 2480 hunc
867 2447 966 2489 igitur
990 2447 1097 2487 finem,

362 2503 410 2537 ut,
425 2498 571 2538 exigente
591 2499 671 2532 iusta
696 2503 797 2539 causa,
811 2501 1041 2543 religiosorum
1061 2501 1098 2533 de

363 2561 428 2584 uno
458 2552 496 2584 ad
529 2553 664 2585 alterum
699 2554 928 2587 monasterium
963 2555 1100 2587 transla-

362 2604 406 2638 tio
431 2605 601 2639 commode
627 2606 696 2639 [ieri
723 2607 835 2649 possit,
860 2607 890 2640 in
916 2612 1098 2651 posterum,

941 220 1121 244 BULLARmM
1145 219 1296 243 ROMANUM

1138 276 1264 305 omnes,
1286 265 1324 298 ad
1349 267 1537 299 novitiatum
1558 277 1613 301 seu
1637 269 1872 311 professionem

1138 319 1170 351 in
1203 329 1407 363 quocumque
1440 326 1571 354 nostrae
1604 320 1874 365 Congregationis

1138 372 1334 405 monasterio
1349 373 1554 413 admittendi,
1570 383 1603 407 se
1618 374 1809 417 obligabunt
1821 385 1875 409 ex-

1138 435 1259 467 presse,
1279 425 1367 468 quod
1383 436 1401 458 a
1419 426 1490 459 loco
1510 427 1723 469 professionis
1742 428 1783 461 ad
1800 433 1876 461 tem-

1138 488 1198 520 pus
1224 478 1391 510 discedere
1417 483 1449 511 et
1472 479 1504 511 in
1530 480 1594 513 alio
1614 480 1814 514 monasterio
1830 480 1876 514 vi-

1137 541 1211 563 vere
1236 536 1290 563 aut
1314 530 1498 564 functiones
1529 532 1743 575 iniungendas
1764 534 1875 567 subire

1140 589 1319 623 teneantur,
1346 584 1473 626 quoties
1499 584 1528 618 id
1556 585 1588 617 in
1613 585 1754 628 capitulo
1778 597 1877 629 gene-

1140 637 1274 676 rali‚vel
1300 638 1433 671 domino
1459 639 1612 681 praesidi,
1637 639 1702 672 sive
1728 650 1788 683 pro
1813 640 1878 673 exi-

1140 690 1248 733 gentia
1272 691 1403 723 alterius
1429 692 1629 732 monasterii,
1648 693 1712 725 sive
1738 703 1796 736 pro
1821 695 1875 726 sua

1139 743 1268 786 propria
1285 745 1398 783 salute,
1414 745 1628 778 necessarium
1649 746 1819 786 videbitur,
1838 756 1877 780 eo

1140 802 1247 829 tamen
1269 798 1370 836 salvo,
1393 798 1479 840 quod
1501 799 1641 841 quilibet
1665 799 1697 832 in
1720 805 1879 833 monaste-

1140 850 1189 882 rio
1215 851 1430 893 professionis
1456 861 1532 884 suae
1558 862 1688 895 semper
1711 852 1760 886 ius
1784 858 1816 886 et
1841 853 1878 886 ti-

1143 904 1255 943 tulum,
1275 904 1350 936 item
1370 914 1479 937 vocem
1504 905 1637 938 activam
1663 911 1694 939 et
1717 906 1878 949 passivam

1141 957 1287 996 retineat,
1307 957 1345 989 ad
1367 958 1451 1000 quod
1478 958 1573 991 etiam
1600 968 1798 1001 regressum,
1814 970 1880 992 ces-

1141 1016 1229 1043 sante
1245 1013 1339 1043 causa
1355 1011 1586 1052 translationis,
1606 1013 1754 1046 habebit:
1773 1023 1878 1057 neque

1142 1064 1227 1097 enim
1250 1065 1398 1097 absolute
1417 1066 1467 1098 vel
1498 1065 1530 1098 in
1549 1071 1742 1109 perpetuum
1760 1067 1877 1110 aliquis

1141 1118 1204 1150 alio
1230 1118 1442 1150 transferetur
1466 1118 1542 1161 (nisi
1577 1119 1659 1152 forte
1685 1129 1781 1152 causa
1805 1130 1877 1152 om-

1140 1171 1217 1203 nino
1242 1171 1501 1204 extraordinaria
1534 1177 1566 1204 et
1588 1173 1822 1215 specialissima
1847 1172 1879 1205 id

1140 1225 1354 1268 postularet);
1382 1225 1439 1257 sed
1465 1234 1578 1257 omnes
1604 1225 1650 1257 sic
1675 1226 1820 1258 translati
1846 1226 1879 1258 in

1140 1277 1321 1311 visitatione
1351 1282 1405 1309 aut
1434 1278 1578 1321 capitulo
1604 1278 1748 1321 generali
1774 1288 1806 1311 se
1832 1278 1880 1313 in-

1140 1332 1276 1369 sinuare,
1293 1336 1324 1363 et
1348 1330 1586 1363 restitutionem
1612 1331 1651 1363 ad
1676 1332 1782 1364 locum
1807 1342 1879 1374 pro·

1140 1384 1290 1416 sessionis
1315 1393 1432 1425 urgere
1458 1390 1602 1425 possunt,
1624 1384 1831 1425 exaudiendi,
1853 1384 1880 1418 si

1139 1437 1291 1480 specialis
1317 1436 1398 1469 ratio
1424 1447 1487 1469 non
1514 1438 1630 1469 obstat.

1182 1490 1226 1521 De
1252 1489 1290 1521 iis
1316 1499 1435 1532 porro,
1463 1490 1518 1532 qui
1551 1489 1708 1523 hactenus
1734 1490 1880 1524 absolute

1139 1542 1348 1574 stabilitatem
1366 1541 1430 1574 loci
1448 1541 1588 1584 professi
1606 1547 1691 1583 sunt,
1710 1542 1781 1576 sine
1799 1543 1882 1576 obli-

1140 1595 1267 1637 gatione
1303 1595 1341 1627 ad
1379 1595 1579 1637 praedictam
1605 1596 1878 1637 translationem,

1140 1648 1333 1681 confidimus
1357 1659 1413 1680 eos
1440 1649 1488 1681 vel
1520 1649 1606 1681 ultro
1632 1649 1662 1681 in
1690 1649 1751 1683 hoc
1776 1650 1881 1693 ipsum

1139 1707 1292 1734 statutum
1319 1711 1552 1739 consensurOS.
1579 1712 1677 1745 seque
1710 1703 1880 1746 praedicto

1140 1756 1235 1788 modo
1270 1755 1481 1797 obligaturos,
1508 1756 1556 1788 vel
1588 1757 1700 1788 saltem
1733 1755 1881 1789 difficiles

1140 1819 1203 1841 non
1231 1809 1312 1848 sore,
1332 1809 1356 1840 si
1376 1808 1525 1850 exigente
1550 1808 1740 1841 necessitate
1757 1815 1812 1841 aut
1830 1820 1882 1842 ra·

1141 1862 1288 1894 tionabili
1313 1863 1406 1893 eausa
1443 1861 1481 1893 ad
1519 1861 1692 1893 transitum
1719 1867 1881 1905 tempora-

1141 1917 1204 1948 lem
1231 1916 1269 1947 de
1303 1924 1360 1946 suo
1389 1914 1427 1947 ad
1461 1914 1549 1947 aliud
1575 1914 1807 1948 monasterium
1831 1925 1881 1948 re-

1142 1969 1323 2011 quirantur.

1185 2022 1272 2054 luter
1296 2021 1491 2060 occasiones,
1519 2021 1636 2064 quibus
1661 2022 1701 2055 ab
1725 2033 1790 2055 uno
1815 2032 1882 2056 mo·

1141 2075 1284 2108 nasterio
1320 2075 1391 2107 aliis
1415 2075 1538 2108 utiliter
1573 2076 1718 2108 succurri
1748 2079 1878 2119 potest,

1142 2128 1317 2171 praecipue
1343 2128 1495 2160 videntur
1513 2128 1598 2161 circa
1618 2129 1754 2162 novitios
1776 2134 1807 2162 et
1823 2139 1882 2162 no-

1142 2182 1299 2221 viti-atum,
1327 2182 1380 2214 ubi
1407 2183 1593 2225 frequentes
1617 2183 1761 2215 desectus
1785 2193 1820 2216 se
1845 2194 1880 2216 se

1143 2236 1300 2267 hacteuus
1325 2235 1557 2277 prodiderunt,
1583 2235 1660 2268 dum
1685 2236 1735 2268 vel
1760 2236 1879 2269 alicubi

1143 2299 1206 2321 non
1235 2289 1375 2328 fuerunt,
1395 2289 1447 2331 qui
1473 2299 1545 2321 cum
1573 2288 1681 2321 debito
1709 2289 1833 2322 fervore
1850 2293 1880 2322 et

1143 2341 1276 2374 scientia
1301 2341 1439 2375 novitios
1472 2342 1503 2374 in
1530 2341 1679 2374 solidiori
1705 2342 1806 2375 ascesi
1834 2342 1880 2375 in-

1142 2401 1306 2427 struerent
1330 2401 1361 2427 ct
1386 2395 1660 2433 maumiucerent,
1687 2396 1734 2427 vel
1766 2394 1879 2428 novitii

1143 2448 1322 2490 singulares
1347 2454 1401 2480 aut
1427 2448 1522 2480 nimis
1548 2448 1639 2491 pauci
1666 2447 1698 2480 in
1722 2457 1788 2480 uno
1814 2458 1866 2480 mo

1143 2501 1286 2533 nasterio
1311 2511 1375 2533 non
1401 2506 1553 2545 poterant
1577 2501 1616 2533 ab
1641 2501 1713 2533 aliis
1736 2510 1869 2543 separat

1144 2555 1222 2586 etin
1243 2555 1405 2588 exactiore
1425 2554 1596 2597 disciplina
1614 2553 1755 2587 educari.

1187 2607 1245 2640 Ubi
1272 2608 1400 2641 unicum
1426 2608 1606 2641 remedium
1632 2606 1772 2641 occurrit
1795 2617 1879 2644 eom-

1883 220 1930 248 Αιι.
1946 221 1975 248 C.
1995 220 2064 250 168⁶

1918 2027 1928 2053 5
1941 2028 1962 2048 a.
1978 2026 2008 2056 De
2017 2031 2072 2049 enm·

1891 2060 1948 2075 mrum
1962 2056 2070 2075 numam.
