2111 3157
0 222 46 251 An.
63 220 92 248 G.
116 218 184 247 ¹686

25 1339 35 1366 g
55 1339 74 1360 ³.
97 1339 127 1359 no
151 1340 179 1360 le-

0 1366 67 1387 :tione
81 1366 180 1392 spiritua-

190 267 308 301 virtute
331 277 369 300 ex
393 267 470 308 alto,
498 266 674 301 ferventius
705 266 840 310 prodire
872 276 923 299 va-

190 321 289 354 leant.

234 373 365 407 Sacrum
384 378 510 417 tempus
528 373 798 416 Quadragesimae
815 373 852 406 ea
865 383 923 416 pu-

189 426 294 466 ritate,
305 437 401 470 quam
416 432 544 460 sanctus
559 433 651 470 pater
662 426 854 460 Benedictus
872 436 924 459 ex-

189 480 304 523 poscit,
329 490 390 523 pro
414 479 544 512 modulo
569 479 750 522 transigere
775 482 924 519 satagent

190 533 304 566 fratres
318 533 430 573 nostri,
449 538 546 576 atque
561 532 593 565 in
610 543 683 565 eum
709 531 807 564 finem
825 532 924 563 abbas

190 585 442 628 uniuscuiusque
480 584 683 624 monasterii,
721 582 925 625 congregatis

190 638 341 671 omnibus
366 638 399 671 in
424 638 568 681 capitulo
602 637 680 669 seria
704 646 735 669 iv
764 635 923 674 cinerum,

190 696 223 725 et
245 692 329 725 lecto
355 691 496 734 capitulo
516 691 648 732 regulae
664 698 750 728 xmx,
775 688 861 730 quod
879 688 925 720 in-

190 744 270 787 cipit
292 744 381 777 Licet
404 744 493 776 omni
517 747 664 785 tempore,
694 742 839 774 breviter
869 751 924 773 eos

190 798 382 838 hortabitur,
413 802 450 829 ut
485 796 689 839 disciplinam
714 794 924 828 monasticam

189 850 375 893 religiosius
399 850 579 889 observare,
599 849 631 881 in
648 848 824 892 patientiae
849 858 926 891 ope-

190 903 280 937 ribus
304 908 434 936 strenue
464 913 535 936 sese
565 912 725 942 exercere,
759 906 792 934 et
815 906 926 934 sancta

190 956 357 1000 proposita
380 954 556 990 ferventius
591 954 739 988 innovari
764 954 924 988 studeant.

231 1008 423 1043 Sacerdotes
455 1008 494 1041 ad
530 1014 768 1041 sacramentum
804 1008 927 1040 conses-

190 1061 290 1095 sionis
314 1062 431 1095 saltem
454 1061 504 1094 bis
529 1061 563 1094 in
587 1060 803 1099 hebdomada,
819 1066 850 1093 et
873 1060 925 1093 alii

190 1125 256 1149 non
280 1115 467 1148 sacerdotes
491 1115 602 1154 semel,
625 1114 680 1158 qui
704 1113 840 1156 singulis
860 1114 927 1147 die-

190 1167 252 1201 bus
276 1167 450 1201 dominicis
483 1172 515 1200 et
547 1167 635 1200 sestis
666 1172 729 1199 tam
763 1167 801 1200 de
834 1177 927 1210 prae-

191 1225 286 1264 cepto
311 1230 405 1264 quam
436 1219 614 1253 maioribus
647 1219 775 1253 Ordinis
804 1220 844 1252 ad
880 1231 928 1253 sa-

191 1283 277 1307 cram
302 1274 443 1317 synaxim
467 1273 631 1306 accedant.

234 1327 294 1360 Per
326 1327 475 1360 devotam
514 1326 670 1359 librorum
710 1325 927 1369 spiritualium

190 1380 367 1414 lectionem
390 1380 525 1413 materia
548 1379 703 1422 paranda,
737 1384 769 1412 et
803 1378 927 1411 animus

190 1433 228 1466 ad
254 1432 324 1476 pias
349 1431 561 1474 cogitationes
586 1437 618 1465 et
634 1431 926 1474 contemplationes

190 1485 413 1529 disponendus
438 1490 497 1518 est.
535 1484 625 1518 Unde
652 1485 685 1518 in
707 1484 819 1528 primis
855 1495 929 1528 pro-

188 1537 371 1577 videndum,
398 1543 433 1570 ut
456 1537 575 1581 singuli
600 1538 701 1571 libros
722 1537 878 1571 asceticos
897 1542 928 1570 et

188 1591 260 1635 pios
285 1591 324 1624 ad
349 1590 574 1624 sufficientiam
598 1591 752 1630 habeant,
789 1591 926 1623 maxime

189 1650 295 1677 autem
319 1643 447 1677 Sacram
473 1643 684 1687 Scripturam.

234 1697 422 1739 Legendum
446 1696 479 1728 in
503 1696 615 1739 primis
641 1696 763 1739 aliquid
798 1707 834 1729 ex
867 1696 927 1728 hu-

190 1750 329 1783 iusmodi
354 1749 446 1783 libris
470 1750 520 1782 vel
544 1749 666 1782 libellis
692 1754 766 1782 ante
792 1749 928 1782 medita-

191 1804 322 1843 tionem,
347 1803 424 1836 item
448 1803 635 1846 priusquam
662 1803 796 1836 chorum
817 1808 847 1835 et
864 1813 928 1835 ma-

190 1857 274 1890 xime
298 1861 469 1900 antequam
494 1856 679 1890 sacerdotes
713 1857 752 1889 ad
785 1856 928 1889 celebra-

191 1911 313 1944 tionem
363 1910 479 1943 missae
529 1910 694 1943 accedant.
744 1909 927 1943 Communis

191 1969 296 1996 autem
327 1963 425 1996 lectio
461 1963 658 2006 spiritualis,
686 1964 774 1996 omni
801 1963 862 2002 die,
889 1964 928 1996 ab

192 2018 273 2050 hora
298 2019 411 2059 quarta
434 2026 536 2059 usque
567 2016 606 2049 ad
632 2016 777 2059 quintam
800 2027 929 2060 vesper-

192 2070 301 2108 tinam,
316 2069 528 2109 instituenda,
549 2069 603 2101 ubi
617 2079 736 2110 omnes,
755 2069 787 2102 in
805 2081 929 2103 summo

191 2122 320 2156 silentio
345 2127 377 2155 et
401 2122 520 2165 quiete,
537 2122 691 2155 librorum
715 2122 930 2166 spiritualium

192 2175 324 2209 lectioni
347 2174 526 2208 vacabunt:
553 2181 650 2218 utque
677 2175 740 2208 hoc
760 2181 847 2209 certo
865 2187 930 2209 ser-

191 2234 293 2268 vetur,
318 2228 506 2272 superiores
543 2228 719 2271 diligenter
754 2228 930 2262 visitabunt

194 2287 226 2316 et
250 2281 479 2324 invigilabunt.

237 2334 389 2368 Publicae
406 2333 540 2376 insuper
559 2333 717 2367 lectiones
736 2333 929 2377 spirituales,

193 2398 284 2423 more
308 2388 342 2421 in
365 2387 516 2432 pluribus
547 2387 751 2420 monasteriis
782 2387 845 2421 iam
880 2399 931 2422 re—

195 2447 298 2485 cepto,
325 2446 360 2474 ut
384 2440 509 2474 scilicet
533 2445 608 2473 ante
638 2440 752 2473 horam
789 2442 932 2485 comple·

196 2495 280 2535 torii,
303 2493 454 2528 omnibus
478 2493 630 2526 fratribus
663 2494 729 2527 sive
764 2493 796 2527 in
831 2495 931 2529 choro

197 2547 263 2581 sive
288 2547 319 2580 in
345 2546 407 2580 alio
432 2547 503 2580 loco
529 2551 712 2590 opportuno
738 2548 932 2581 convenien-

199 2599 293 2641 tibus,
319 2600 358 2634 ab
384 2611 449 2635 uno
474 2601 607 2642 lectore,
632 2610 690 2645 per
721 2602 930 2646 quadrantem

784 216 995 242 INNOCENTlUS
1017 218 1048 242 XI
1073 218 1122 241 1³1³.

966 266 1094 299 circiter
1113 266 1225 307 horae,
1245 265 1436 301 collationes
1455 264 1501 298 uti
1523 265 1701 308 antiquitus

966 318 1183 359 nominantur,
1207 320 1290 353 idest
1315 330 1350 353 ex
1376 320 1460 352 libro
1493 319 1702 361 singulariter

966 372 1093 411 devoto,
1120 383 1179 415 pro
1205 372 1428 406 aedificatione
1448 382 1484 405 ac
1504 371 1690 405 recollectio

966 435 1005 458 ne
1031 425 1242 465 audientium,
1271 425 1436 468 quidpiam
1460 426 1596 467 legatur,
1623 435 1702 457 con-

967 477 1099 517 tinuari,
1125 479 1186 516 vel,
1199 478 1254 510 ubi
1272 478 1304 510 in
1329 488 1389 510 usu
1413 488 1479 511 non
1497 483 1581 516 sunt,
1601 478 1702 511 intro·

968 530 1040 563 duci
1067 531 1200 564 omnino
1225 531 1357 572 debent,
1383 537 1415 564 et
1440 542 1604 574 nunquam
1629 541 1703 575 pro·

967 587 1039 626 pter
1063 584 1163 616 ullam
1188 594 1316 616 causam
1341 584 1568 627 praetermitti.

1013 636 1058 668 Ad
1080 646 1222 669 mensam
1244 647 1374 679 quoque
1393 637 1425 669 in
1445 637 1619 670 refectorio
1638 648 1702 671 non

968 688 1041 722 libri
1066 689 1192 732 profani
1218 694 1249 722 et
1273 689 1403 729 curiosi,
1441 691 1496 723 sed
1531 690 1636 723 devoti
1673 696 1704 724 et

969 742 1133 781 salutares„
1167 742 1253 774 unde
1284 742 1455 776 audientes
1488 743 1704 786 spiritualem,

969 793 1064 826 etiam
1090 794 1167 826 dum
1190 805 1310 837 corpus
1334 794 1414 827 cibis
1447 794 1604 835 reficiunt,
1637 796 1706 828 ani-

969 857 1039 879 mae
1065 846 1279 880 resectionem
1318 847 1450 880 haurire
1485 848 1622 891 possint,
1661 849 1707 881 lc·

969 899 1065 944 gendi
1091 905 1176 932 sunt.

1013 951 1162 990 Qualibet
1186 952 1237 985 die
1261 953 1421 986 dominica
1441 953 1568 996 legatur
1584 953 1706 997 aliquid

971 1006 1010 1039 de
1034 1007 1144 1048 regula
1168 1007 1270 1040 sancti
1295 1008 1394 1050 patris
1420 1007 1597 1046 Benedicti,
1618 1007 1706 1040 cuius

970 1058 1209 1091 observantiam
1246 1069 1306 1102 per
1345 1064 1489 1093 nostram
1524 1059 1707 1103 Congrege-

971 1111 1093 1145 tionem
1113 1116 1145 1144 et
1168 1112 1226 1144 has
1252 1112 1499 1146 constitutiones
1533 1113 1707 1156 praecipue

970 1164 1178 1197 intendimus.

1021 1217 1125 1252 CAPUT
1149 1218 1184 1251 V.
1210 1239 1254 1244 -—
1277 1219 1323 1252 De
1347 1219 1487 1263 perfecta
1512 1224 1658 1252 votorum

1085 1272 1357 1304 substantialium
1382 1273 1593 1306 observantia.

1014 1324 1057 1357 Ea
1081 1324 1114 1356 in
1139 1325 1201 1357 hoc
1235 1336 1352 1367 genere
1389 1336 1466 1358 cura
1502 1331 1534 1359 et
1562 1326 1902 1383 ⁰⁰⁵t⁰diastfit¹z,f'lii‘liff

1720 1393 1740 1411 et
1758 1391 1876 1411 claustri-iu.

971 1376 1158 1410 adhibenda
1194 1382 1251 1418 est,
1290 1383 1326 1410 ut
1359 1388 1472 1411 omnes
1510 1379 1708 1420 occasiones,

972 1430 1068 1462 etiam
1085 1430 1497 1475 remotiores,etquidquid
1518 1433 1708 1465 scandalum

970 1483 1021 1515 vel
1046 1484 1162 1516 malam
1187 1484 1273 1527 apud
1298 1484 1376 1517 alios
1409 1484 1629 1528 suspicionem
1653 1496 1709 1529 pa-

970 1545 1041 1568 rere
1072 1541 1192 1579 posset,
1229 1543 1374 1570 accurate
1411 1543 1642 1581 praecaveatur
1678 1543 1710 1572 et

971 1588 1190 1622 abscindatur.
1218 1588 1283 1627 Qua
1309 1591 1348 1623 de
1374 1593 1471 1624 causa
1490 1591 1580 1634 prius
1599 1591 1631 1623 in
1650 1592 1711 1635 pri-

970 1643 1029 1675 mis
1054 1644 1202 1676 clausura
1226 1644 1424 1682 monasterii,
1452 1645 1490 1677 de
1516 1656 1578 1688 qua
1604 1645 1710 1687 singu-

972 1696 1071 1728 larem
1096 1707 1205 1729 curam
1231 1702 1325 1740 pater
1350 1698 1439 1740 prior
1473 1697 1620 1737 habebit,
1655 1709 1709 1730 ea-

972 1753 1066 1781 tenus
1091 1750 1313 1789 custodienda,
1335 1755 1369 1781 ut
1393 1750 1474 1783 nulli
1492 1750 1709 1784 saecularium

972 1811 1120 1834 accessus
1134 1807 1252 1844 pateat,
1271 1804 1330 1843 vel,
1352 1803 1407 1835 ubi
1428 1803 1510 1835 iusta
1534 1803 1709 1836 necessitas

971 1856 1114 1898 postulat
1137 1854 1221 1887 viros
1246 1855 1388 1897 (seminis
1410 1866 1539 1899 semper
1556 1856 1708 1899 exclusis)

972 1909 1156 1941 saeculares
1192 1908 1329 1948 admitti,
1367 1920 1395 1941 V.
1423 1920 1467 1952 g.,
1493 1908 1647 1952 opifices,
1675 1909 1708 1942 id

973 1961 1101 1993 nonnisi
1127 1971 1197 1994 cum
1222 1962 1384 2004 praescitu
1409 1967 1441 1995 et
1460 1962 1593 1996 licentia
1618 1962 1709 1995 abba-

974 2014 1013 2046 tis
1038 2015 1089 2047 vel
1113 2014 1213 2057 patris
1238 2015 1356 2058 prioris
1378 2014 1442 2047 slat.

1016 2068 1050 2100 In
1076 2067 1172 2100 liuius
1199 2073 1329 2100 exactae
1355 2068 1521 2102 custodiae
1546 2068 1653 2108 finem,
1676 2079 1709 2102 o·

973 2121 1103 2153 stiarius
1127 2122 1248 2153 clavem
1274 2120 1332 2154 sub
1356 2122 1495 2165 prandio
1532 2126 1564 2154 et
1595 2124 1707 2162 coena,

973 2175 1100 2207 occlusa
1126 2174 1301 2216 diligenter
1324 2177 1429 2218 porta,
1465 2175 1550 2218 apud
1584 2175 1708 2218 praesi-

974 2228 1103 2260 dentem
1128 2227 1160 2260 in
1185 2238 1329 2260 mensam
1347 2228 1498 2271 deponat,
1521 2233 1555 2260 ut
1579 2228 1708 2261 interim

974 2281 1096 2314 nemini
1121 2290 1266 2314 accessus
1291 2286 1411 2324 pateat.

1018 2335 1115 2368 Multo
1133 2335 1237 2367 minus
1254 2334 1368 2378 aliquis
1387 2335 1608 2369 conventualis
1624 2337 1710 2369 clau-

975 2399 1080 2422 suram
1107 2388 1291 2430 egrediatur
1329 2388 1398 2421 sine
1436 2388 1532 2422 simili
1569 2389 1710 2429 licentia,

976 2444 1078 2486 eaque
1102 2442 1151 2475 vel
1176 2442 1310 2485 speciali
1335 2443 1368 2475 in
1393 2442 1521 2476 casibus
1550 2448 1582 2476 et
1605 2443 1708 2476 causis

976 2495 1182 2539 specialibus,
1208 2496 1257 2528 vel
1277 2495 1420 2538 generali
1443 2495 1633 2529 officialibus
1650 2506 1709 2540 pro

976 2549 1138 2593 exigentia
1162 2549 1340 2582 officiorum
1365 2549 1593 2583 concedenda:
1628 2549 1710 2583 haec

976 2603 1046 2648 ipsa
1071 2609 1178 2637 tamen
1199 2603 1280 2637 nulli
1301 2602 1480 2645 indefinite,
1499 2603 1556 2637 sed
1573 2602 1709 2637 limitate

1594 207 1660 240 655
1705 215 1758 244 An.
1773 215 1801 244 c.
1825 215 1892 243 16³8ss
