2111 3157
186 276 237 303 An.
259 276 290 304 e.
309 276 376 305 lese
422 269 486 303 70⁶2

367 326 510 372 ‚Ordinis
545 326 721 370 praedicti,
761 325 846 368 quod
884 325 934 358 die
970 335 1006 357 111
1042 322 1117 356 maii

213 969 243 991 De
254 970 371 1000 aerarioqet

185 1002 238 1018 arca
272 1002 371 1024 pecunia-

185 1030 240 1046 rum.

382 391 564 414 nnctxxxui
578 380 777 412 celebratum
793 378 858 418 suit,
877 389 935 421 pro
954 377 1118 420 selicipro-

382 444 543 476 speroque
565 431 691 464 Ordinis
708 430 893 463 huiusmodi
912 430 1069 473 regimine
1088 435 1118 463 et

383 486 552 527 gubernio,
573 484 655 516 sacta
677 484 805 516 suerunt
821 485 980 517 nonnulla
1001 489 1070 517 acta
1088 488 1119 515 et

382 538 512 571 decreta
538 538 658 570 tenoris
684 538 736 580 qui
763 538 921 580 sequitur,
946 537 1116 569 videlicet.

431 578 577 623 «Actffet
595 591 725 623 decreta
744 601 825 633 quae
844 590 959 632 religio
979 590 1013 623 B.
1033 589 1120 622 Ioan-

381 645 430 677 nis
447 645 501 677 Dei
516 655 689 687 regnorum
704 644 877 686 Hispaniae
904 649 935 676 et
955 643 1119 677 indiarum

381 698 458 730 fecit
482 703 513 730 et
537 697 697 730 ordinavit
721 698 759 729 ad
785 697 900 730 melius7
934 697 1003 730 eius
1032 696 1119 738 regi-

381 761 456 784 men
494 751 526 783 in
555 749 695 793 capitulo
728 749 921 783 intermedio
957 749 1119 782 celebrato

382 803 434 835 die
461 813 496 836 111
522 802 595 835 maii
626 803 809 846 praesentis
834 801 908 834 anni
934 811 1120 835 unctxxxiu

381 856 413 888 in
436 856 591 899 hospitali
617 855 651 888 Β.
679 855 820 897 Virginis
843 854 967 887 Amoris
993 854 1047 887 Dei
1073 865 1122 886 cu·

382 910 450 942 riae
475 909 680 950 Matritensis,
703 909 877 941 videlicet:

426 973 448 996 1.
476 962 509 995 In
525 960 665 1005 primis¹,
683 962 758 1004 quia
776 962 861 994 dicta
884 961 1003 1004 religio
1024 960 1122 994 habet

383 1016 541 1050 aerarium
565 1020 596 1048 et
620 1025 727 1047 arcam
752 1015 848 1048 trium
870 1015 1006 1048 clavium
1040 1025 1121 1057 quae

383 1075 459 1103 sunt
492 1070 523 1101 in
560 1073 720 1112 potestate
756 1068 858 1110 patris
896 1067 1057 1111 generalis
1092 1072 1123 1099 et

383 1133 515 1156 suorum
541 1122 676 1155 duorum
702 1120 934 1161 assistentium,
947 1120 1001 1153 ubi
1023 1130 1123 1163 appo-

382 1181 505 1210 nuntur
530 1181 562 1209 et
586 1179 821 1208 conservantur
857 1184 970 1207 omnes
996 1172 1124 1217 quanti-

382 1235 464 1263 tates
493 1230 705 1272 pecuniarum
732 1238 812 1271 quae
838 1228 1047 1271 acquiruntur
1065 1236 1123 1270 pro

384 1283 629 1317 canonizatione
662 1282 767 1315 nostri
800 1282 901 1325 patris
932 1281 966 1314 B.
994 1280 1124 1313 Ioannis

383 1337 441 1370 Dei
463 1337 567 1370 dictae
592 1335 761 1378 religionis
787 1334 976 1373 fundatoris,
996 1340 1028 1367 et
1051 1334 1123 1366 alio-

385 1400 456 1423 rum
483 1399 650 1422 servorum
682 1388 736 1421 Dei
770 1388 826 1431 qui
860 1388 990 1420 suerunt
1024 1386 1055 1418 in
1088 1388 1124 1418 ea

384 1443 565 1485 religione,
592 1452 629 1474 ac
653 1441 749 1474 etiam
774 1441 937 1483 legitimae
965 1445 997 1472 et
1021 1439 1124 1482 spolia

385 1496 615 1538 religiosorum
652 1505 723 1526 cum
769 1493 1003 1537 quantitatibus
1047 1501 1125 1535 quas

385 1549 574 1594 provinciae
606 1547 769 1580 indiarum
801 1546 926 1579 mittunt
954 1545 986 1577 in
1012 1545 1126 1587 Hispa-

386 1602 472 1636 niam
498 1601 537 1634 ad
563 1601 636 1633 lites
662 1606 693 1633 et
716 1600 862 1642 negocia,
881 1599 974 1631 sicuti
993 1598 1032 1631 ad
1054 1597 1124 1638 alia,

963 275 1143 300 numanum
1167 274 1319 299 ROMANUM

1161 328 1238 363 vata,
1260 332 1377 365 nempe
1403 322 1490 365 quod
1516 321 1700 365 praedictae
1725 322 1829 355 claves
1854 321 1897 355 di-

1160 386 1268 409 versae
1288 375 1361 415 sint,
1378 385 1439 408 nec
1455 375 1515 407 nisi
1534 375 1683 407 omnibus
1709 374 1803 408 simul
1826 373 1898 408 iun-

1160 429 1217 461 ctis
1239 439 1313 462 arca
1334 428 1520 462 huiusmodi
1539 428 1761 471 depositorum
1778 428 1898 472 aperiri

1161 483 1287 525 possit·,
1314 492 1441 525 unaque
1479 493 1516 515 ex
1553 481 1675 515 eisdem
1712 481 1856 514 clavibus
1880 492 1899 514 a

1161 541 1253 578 patre
1279 534 1435 578 generali,
1463 534 1607 578 reliquae
1629 545 1647 567 a
1670 534 1807 576 singulis
1822 532 1920 580 assi—¹⁸

1162 588 1323 621 stentibus
1347 588 1560 627 retineantur,
1585 587 1767 631 habeatque
1793 587 1898 620 dictus

1163 648 1253 685 pater
1271 641 1432 684 generalis
1454 641 1570 674 librum
1596 641 1758 673 rationum
1784 640 1824 674 de
1849 650 1900 674 re-

1164 695 1268 737 ceptis
1295 700 1326 727 et
1350 694 1510 738 expensis,
1533 698 1564 727 et
1583 693 1616 726 in
1640 692 1704 726 fine
1730 693 1779 726 sui
1803 692 1901 727 officii

1164 748 1320 781 rationem
1347 748 1462 781 reddat
1492 746 1674 780 successori
1705 756 1763 779 suo
1789 751 1820 779 et
1844 756 1902 780 no-

1163 802 1208 834 vis
1234 802 1304 834 eius
1322 801 1549 834 assistentibus
1574 801 1612 833 de
1633 799 1786 843 praefatis
1811 810 1902 834 rece-

1165 856 1227 898 ptis
1252 861 1284 888 et
1307 854 1457 898 expensis
1482 854 1573 887 sactis
1608 854 1640 886 in
1671 860 1819 897 tempore
1851 852 1901 886 sui

1165 908 1274 948 officii,
1297 909 1379 941 sicut
1404 916 1533 951 semper
1557 907 1615 940 suit
1631 908 1848 947 observatum,
1869 911 1902 940 et

1164 963 1303 995 relatum
1328 966 1499 1002 remanet3
1528 967 1559 994 et
1594 971 1689 1001 casn,
1717 971 1782 1004 quo
1813 961 1901 994 fraus

1164 1015 1214 1048 vel
1240 1015 1335 1048 dolus
1357 1015 1388 1047 in
1408 1014 1555 1048 custodia
1572 1019 1604 1047 et
1620 1013 1902 1047 administratione

1166 1073 1262 1111 atque
1288 1068 1479 1111 erogatione
1505 1068 1664 1101 dictarum
1690 1067 1903 1110 pecuniarum

1166 1122 1353 1164 detegatur,
1380 1122 1610 1165 delinquentes
1633 1122 1717 1154 male
1737 1126 1903 1154 versantes

1166 1176 1281 1218 poenis
1307 1175 1496 1219 privationis
1520 1173 1608 1207 vocis
1631 1174 1753 1207 activae
1778 1179 1809 1207 et
1832 1184 1919 1218 pas-¹

1167 1228 1253 1262 sivae
1280 1229 1482 1269 subiaceant,
1509 1233 1541 1261 et
1573 1227 1612 1260 ab
1643 1237 1755 1261 eorum
1789 1227 1904 1260 officiis

1166 1282 1346 1325 respective
1370 1281 1519 1324 suspensi
1545 1285 1747 1321 remaneant,
1771 1285 1804 1313 et
1833 1280 1920 1330 ipse-y

1167 1341 1258 1378 pater
1282 1334 1445 1377 generalis
1472 1334 1632 1377 privatus,
1659 1332 1707 1366 et¹
1732 1333 1906 1366 destitutus

1168 1393 1334 1421 remaneat
1350 1388 1500 1421 omnibus
1519 1387 1699 1431 privilegiis
1720 1391 1752 1420 et
1771 1376 1920 1441 praeto-J

1169 1442 1282 1484 gativis
1297 1441 1542 1483 exgeneralibus
1557 1440 1804 1484 quomodolibet
1820 1449 1920 1496 (ῑοιτι-4

1168 1494 1378 1537 petentibus,
1407 1504 1469 1527 nec
1507 1504 1524 1526 a
1555 1503 1762 1536 quocumque
1795 1492 1857 1525 nisi
1889 1503 1919 1545 a¹

1169 1549 1279 1579 saneta
1304 1547 1386 1580 Sede
1417 1546 1606 1590 Apostolica
1638 1544 1843 1579 reliabilitari
1875 1549 1919 1578 et*

1169 1600 1292 1633 absolvi
1317 1600 1454 1643 possint.

1904 272 1953 300 An.
1973 271 2003 300 C.
2020 271 2084 300 ¹586

387 1666 470 1699 quae
497 1655 601 1687 dictae
624 1654 774 1696 religioni
801 1664 880 1696 opus
902 1657 951 1685 est
976 1651 1008 1683 in
1034 1650 1126 1683 Curia

386 1709 539 1748 Romana,
560 1713 592 1740 et
610 1708 641 1740 in
660 1707 751 1740 dictis
768 1706 996 1750 Hispaniarum
1018 1704 1126 1747 reguis

386 1762 420 1795 in
446 1761 578 1795 diversis
603 1761 775 1794 audientiis
795 1766 826 1793 et
844 1762 1075 1800 tribunalibus;
1097 1765 1125 1793 et

1214 1664 1248 1687 11.
1261 1652 1350 1691 Quod
1368 1654 1451 1686 ultra
1469 1663 1659 1696 expressum
1676 1652 1709 1686 in
1727 1656 2102 1711 cap.1,xv111oegge¹{2;⁵132355-

1170 1712 1351 1739 nostrarum
1399 1706 1668 1739 constitutionum
1715 1706 2102 1764 ordinaturfflffinsogigfssggss

1171 1760 1256 1802 quod
1283 1760 1470 1803 superiores
1495 1760 1528 1792 in
1561 1770 1674 1792 eorum
1703 1764 1909 1792 monasteriis
1920 1766 1996 1785 torum.

387 1815 464 1849 licet
489 1815 521 1848 in
547 1814 722 1858 praedictis
744 1825 875 1858 semper
900 1815 1010 1847 habita
1033 1814 1129 1847 suerit

387 1869 474 1902 bona
510 1879 589 1901 cura
623 1873 654 1901 et
689 1868 782 1909 ratio,
822 1869 923 1912 ipsam
959 1868 1126 1901 reddendo

389 1928 495 1967 patres
522 1923 693 1965 generales
727 1922 759 1954 in
792 1921 855 1955 sine
888 1933 998 1955 eorum
1031 1920 1126 1954 officii

388 1975 634 2008 successoribus
661 1974 745 2015 suis,
780 1981 898 2016 tamen,
925 1975 1001 2017 quia
1030 1985 1128 2017 super

389 2030 452 2063 hoc
477 2029 563 2062 nulla
590 2029 680 2061 adest
705 2028 891 2061 constitutio
917 2039 977 2061 nec
1003 2028 1129 2060 ordina-

390 2084 443 2123 tio,
477 2092 559 2126 qnae
591 2081 713 2124 aliquid
746 2092 843 2124 super
876 2081 938 2114 hoc
964 2081 1125 2123 disponat,

391 2147 471 2179 quae
498 2146 558 2179 per
583 2145 616 2167 se
644 2134 828 2167 introducta
861 2139 922 2173 est,
958 2134 1048 2166 cuius
1078 2145 1129 2166 re-

391 2195 502 2232 spectu
521 2193 633 2232 posset
650 2187 786 2220 deiicere
804 2198 875 2220 cum
896 2192 1042 2230 tempore
1061 2186 1128 2219 eius

390 2241 646 2286 perseverantia,
670 2246 700 2274 et
725 2247 760 2273 ut
784 2240 875 2274 firma
897 2245 1071 2279 remaneat,
1098 2246 1129 2273 et

392 2296 473 2328 nibil
509 2295 612 2339 possit
647 2295 793 2327 innovari
826 2295 857 2327 in
894 2294 1128 2337 praeiudicium

393 2353 456 2381 tam
480 2349 568 2381 utilis
602 2352 633 2379 et
666 2347 838 2381 laudabilis
864 2346 1126 2380 consuetudinis:

394 2401 563 2434 ordinatur
577 2401 694 2433 dictum
710 2401 849 2433 erarium
867 2405 898 2432 et
914 2411 1019 2432 arcam
1035 2399 1128 2431 trium

394 2454 530 2486 clavium
557 2459 716 2497 perpetuo
742 2454 938 2493 conservari,
964 2453 995 2486 in
1027 2454 1129 2485 forma

394 2505 489 2550 quae'
506 2517 606 2549 usque
626 2508 663 2539 ad
682 2517 837 2550 praesens
856 2508 984 2539 suerunt
1001 2516 1130 2538 conser-

429 2588 440 2612 1
464 2585 623 2612 Huiusmodi
648 2586 839 2614 documentum
863 2590 980 2622 corrigat
1007 2595 1128 2622 pierum-

393 2638 446 2667 que
466 2630 521 2666 ipse
542 2631 625 2657 lector
643 2632 681 2666 (a.
698 2632 745 2665 τ.).

426 2675 444 2702 2
462 2675 555 2710 Aptius
574 2675 632 2710 lege
654 2684 710 2710 qua
730 2676 768 2711 (n.
789 2677 838 2711 T.)-

1171 1813 1292 1846 babere
1319 1813 1460 1846 debeant
1477 1813 1578 1845 libros
1596 1813 1757 1846 bonorum
1782 1817 1814 1846 et
1836 1812 1910 1847 red-

1171 1867 1293 1899 dituum
1331 1872 1363 1899 et
1388 1876 1601 1909 expensarum
1638 1866 1671 1898 in
1707 1865 1852 1900 archivio
1877 1870 1910 1900 et

1171 1922 1243 1952 arca
1279 1919 1374 1952 trium
1406 1919 1564 1960 clavium,
1590 1920 1715 1963 absque
1747 1930 1786 1953 eo
1819 1919 1908 1963 quod

1171 1973 1296 2017 possint
1320 1972 1460 2005 amoveri
1487 1973 1525 2005 ad
1551 1972 1649 2005 alium
1668 1972 1827 2014 effectum,
1846 1972 1908 2006 nisi

1171 2027 1208 2059 ad
1227 2025 1450 2059 calculandum
1468 2025 1620 2058 introitus
1645 2030 1676 2059 et
1699 2025 1909 2059 scribendum

1171 2085 1302 2123 recepta
1320 2085 1351 2112 et
1368 2090 1508 2122 expensa
1526 2079 1673 2122 quolibet
1691 2079 1743 2113 die
1760 2079 1909 2113 facienda

1171 2144 1243 2165 cum
1257 2132 1439 2167 assistentia
1452 2132 1719 2174 consiliariorum;
1729 2133 1910 2174 ordinatur,

1172 2186 1259 2229 quod
1285 2197 1381 2219 omne
1405 2185 1448 2225 id,
1467 2186 1552 2229 quod
1572 2185 1775 2230 dispensator
1799 2185 1911 2220 afferet

1173 2250 1389 2282 expensarum
1414 2241 1515 2279 causa,
1535 2239 1709 2283 recipiatur
1733 2245 1766 2272 et
1789 2239 1910 2273 scriba-

1174 2299 1223 2325 tur
1246 2293 1279 2325 in
1304 2292 1409 2333 libris,
1436 2297 1468 2325 et
1492 2292 1523 2324 in
1543 2292 1654 2325 eadem
1673 2293 1774 2325 forma
1790 2298 1822 2326 et
1838 2302 1911 2336 spe-

1173 2346 1219 2379 cie
1245 2345 1461 2386 describatur,
1495 2356 1559 2389 qua
1584 2345 1686 2378 dictus
1707 2345 1914 2389 dispensator·

1173 2398 1293 2439 atl'eret,
1306 2399 1426 2442 absque
1439 2399 1504 2432 ulla
1519 2398 1769 2442 permutatione,
1781 2405 1812 2432 et
1825 2398 1911 2442 quod

1173 2458 1407 2485 conserventur
1439 2452 1514 2485 libri
1550 2453 1715 2485 manuales
1749 2451 1911 2485 dictorum

1173 2506 1444 2549 dispensatorum,
1469 2510 1512 2546 ut,
1537 2505 1667 2548 quando
1693 2505 1838 2538 evenerit
1861 2515 1910 2538 ca-

1172 2570 1226 2592 sus
1250 2559 1442 2593 visitationis
1458 2586 1465 2599 ,
1488 2559 1615 2602 possint
1640 2558 1741 2592 videri
1767 2563 1799 2592 et
1826 2568 1910 2592 com-

1171 2613 1304 2655 probari
1331 2613 1518 2646 eorumdem
1543 2612 1637 2646 listae
1666 2622 1739 2645 cum
1771 2611 1836 2646 illis
1862 2611 1911 2646 di-

1208 2676 1218 2702 1
1241 2675 1378 2703 Particula
1397 2678 1423 2704 ec
1443 2683 1490 2703 nos
1510 2674 1633 2703 addimus
1651 2676 1690 2717 (n.
1706 2674 1756 2709 T.)-
