2111 3157
201 166 250 194 An.
267 165 295 194 C.
317 167 379 194 1081

198 787 244 805 yria

197 813 227 828 tia

199 836 237 854 ‹ut›
250 835 312 855 certis
329 840 380 860 poe·

250 753 326 773 {hrum
351 753 380 774 le—

266 782 380 801 (Psechan-

253 811 380 834 prarctpitur

196 867 236 881 nis.

235 2226 353 2248 Clansulae.

432 158 496 191 lita>
975 164 1155 189 nummum

396 216 446 249 cio
463 243 470 257 ‚
497 216 563 249 sive
590 215 745 249 confessis
771 214 836 247 sive
868 223 958 253 non,
989 211 1132 256 permitti

395 269 522 312 possint
546 268 619 301 libri
640 267 831 310 spirituales,
849 270 881 298 et
897 264 1038 297 officium
1056 264 1134 296 Bea-

396 328 445 355 tae
470 321 620 364 Virginis,
644 321 693 353 vel
717 319 924 358 breviarium,
949 318 1053 351 modis
1078 328 1134 360 op-

394 375 554 418 portunis,
588 378 619 406 et
649 373 771 406 eisdem
806 371 982 405 carceratis
1015 371 1133 403 dentur

393 427 583 460 confessarii
623 431 655 459 et
693 425 882 458 assistentes
922 424 955 457 in
995 422 1131 456 articulo

392 480 515 513 mortis.

434 543 483 566 xx.
504 532 611 571 Quoad
644 536 880 565 sacramentum
906 540 982 564 vero
1006 529 1131 563 Eucha-

391 586 500 618 ristiae
526 591 557 618 et
577 585 744 618 Extremae
762 583 929 617 Unctionis
947 583 1081 616 arbitrio
1098 586 1130 614 et

391 638 606 672 conscientiae
638 638 753 671 iudicis
778 642 814 669 ut
839 647 939 679 supra
963 636 995 669 id
1020 635 1130 668 remit-

392 691 501 724 timus.

435 744 449 786 ἕ
475 744 506 776 6.
537 743 722 777 Mandantcs
746 748 923 786 propterea
954 742 986 774 in
1010 742 1127 773 virtute

391 802 519 830 sanctae
538 797 741 829 obedientiae
759 796 925 839 praedicto
942 794 1128 831 Yerissiino,

391 849 652 892 archiepiscopo,
674 849 831 881 moderno
849 854 881 880 et
905 858 964 891 pro
983 853 1128 889 tempore

392 903 602 935 existentibus
627 901 874 944 inquisit-„uibus
901 900 1126 943 generalibus,

391 956 575 998 ceterisque
594 954 839 997 inquisitoribus
857 953 1083 996 praesentibus
1097 956 1128 984 et

392 1010 661 1051 quandocumque
688 1007 801 1039 suturis
827 1007 985 1039 dictorum
1011 1015 1128 1047 regno-

390 1072 460 1093 rum
495 1059 712 1101 I'ortugalliae
750 1064 780 1091 et
812 1058 1057 1100 Algarbiorum,
1093 1067 1128 1089 ac

390 1114 523 1146 illorum
549 1118 580 1146 et
604 1112 777 1145 cuiuslibet
807 1121 919 1144 eorum
948 1111 1127 1154 respective

391 1166 545 1199 ministris
575 1171 606 1198 et
631 1165 821 1198 officialibus
848 1164 1126 1207 quibuscumque,

390 1226 424 1251 ut
451 1230 562 1253 omnes
588 1225 619 1251 et
643 1220 788 1261 singulas
813 1220 902 1260 leges
938 1222 968 1250 et
1000 1218 1128 1249 ordina-

391 1273 496 1305 tiones
540 1272 773 1315 suprascriptas
818 1270 1047 1303 inviolabiliter
1091 1281 1127 1301 ac

393 1330 502 1357 exacte
534 1329 565 1356 ct
596 1329 744 1356 accurate
777 1324 809 1355 in
836 1323 987 1356 omuibus
1014 1328 1044 1354 et
1070 1332 1128 1365 per

393 1377 499 1410 omnia
531 1376 716 1416 observent,
749 1381 778 1408 et
810 1376 849 1408 ab
882 1376 953 1416 illis,
980 1375 1019 1408 ad
1045 1386 1127 1418 quos

395 1436 516 1473 spectat
543 1435 575 1462 ct
600 1440 658 1472 pro
685 1436 826 1472 tempore
860 1429 1039 1472 spectabit,
1073 1439 1129 1470 pa-

394 1484 572 1516 risormiter
602 1482 767 1515 observati
793 1487 905 1514 curent
929 1486 967 1522 :et
998 1481 1125 1513 saciant.

395 1536 566 1578 Alioquin,
595 1535 769 1577 inquisitor
794 1535 923 1578 quidem
951 1534 1125 1576 generalis,

395 1589 557 1621 interdicti
584 1588 622 1620 ab
651 1589 802 1630 ingressu
828 1587 1003 1627 Ecclesiae,
1029 1587 1127 1619 ceteri

395 1652 469 1674 vero
496 1641 705 1684 inquisitores
724 1647 755 1673 ct
771 1641 923 1673 officiales
940 1646 971 1672 et
990 1639 1127 1671 ministri

396 1695 563 1737 praedicti,
583 1693 926 1726 excommunicationis
941 1692 1071 1724 maioris
1086 1693 1129 1724 la—

396 1753 446 1779 tae
466 1748 645 1779 sententiae
671 1757 791 1789 poenas
813 1746 999 1789 respective,
1019 1746 1057 1777 ab
1075 1745 1126 1785 iis,

397 1801 450 1843 qui
482 1800 711 1843 quoquomodo
744 1798 1030 1837 contravenerint,
1058 1798 1129 1840 ipso

397 1854 480 1886 sacto
505 1854 624 1895 absque
643 1852 703 1885 alia
721 1852 938 1887 declaratione
964 1851 1130 1883 incurren-

397 1907 464 1945 das,
492 1917 509 1938 a
534 1906 650 1949 quibus
676 1905 884 1938 relaxationis
919 1915 975 1937 seu
1004 1905 1131 1936 absolu-

399 1959 494 1991 tionis
510 1958 702 1991 bcneticium
720 1970 736 1990 a
754 1959 1129 2000 nemine,praeterquam

398 2022 415 2043 a
440 2012 534 2044 nobis
560 2022 617 2043 seu
640 2011 783 2044 Romano
801 2011 955 2043 Pontissce
974 2021 1032 2053 pro
1052 2016 1132 2042 tcm-

398 2075 476 2106 pore
503 2065 658 2097 existente
685 2065 770 2104 (nisi
797 2064 828 2096 in
853 2064 966 2096 mortis
995 2063 1142 2096 articulo

400 2117 597 2158 constituti),
625 2117 774 2149 obtinere
804 2118 949 2157 valeant,
976 2127 1010 2148 se
1036 2126 1133 2148 nove-

399 2170 463 2201 rint
483 2171 682 2202 incursuros.

445 2224 458 2265 ἓ
484 2224 514 2256 7.
550 2225 592 2256 Ac
624 2224 837 2257 decernentes
862 2223 947 2265 ipsas
981 2232 1134 2265 praescn-

401 2281 449 2307 tes
476 2277 608 2316 litteras,
629 2283 659 2309 et
677 2277 707 2308 in
730 2278 775 2309 eis
793 2282 944 2308 contenta
965 2285 1135 2318 quaecum-

403 2340 481 2371 que,
514 2331 607 2362 etiam
635 2342 668 2363 cx
696 2331 838 2372 eoquod
866 2329 999 2372 praefati
1026 2334 1057 2360 et
1082 2328 1132 2360 alii

403 2383 538 2424 quilibet
558 2383 787 2425 cuiuscumque
806 2389 917 2419 status,
938 2383 1068 2423 gradus,
1087 2393 1136 2414 Or—

405 2435 500 2473 dinis⁷
527 2436 798 2477 [wacemincntiac
826 2442 852 2467 et
881 2435 1046 2475 dis-*nitatis
1072 2435 1135 2466 exi-

405 2493 498 2523 stant„
515 2487 543 2518 in
571 2489 752 2529 praemissis
778 2489 936 2520 interesse
963 2489 1134 2522 habentes,

406 2550 460 2571 scu
478 2540 595 2571 babere
618 2541 1136 2582 ‹pioniodolibet1ractcndentes,
1158 2546 1159 2571 t

1179 163 1331 187 Romnum

1177 211 1272 243 etiam
1306 210 1457 254 speeffica
1487 214 1519 243 et
1549 209 1714 242 individua
1745 209 1912 243 mentione

1176 269 1207 296 et
1233 263 1439 307 expressione
1466 263 1567 305 digni,
1595 263 1632 295 ad
1660 273 1696 295 ea
1725 262 1841 302 vocati,
1867 262 1913 295 ei-

1175 316 1231 349 tati
1257 321 1289 348 et
1313 316 1426 355 auditi,
1446 326 1502 348 seu
1520 326 1647 354 causae,
1672 321 1808 359 propter
1832 326 1912 359 quas

1175 370 1310 402 eaedem
1331 374 1518 412 praesentes
1542 369 1731 407 emanarint,
1751 368 1913 401 sussicien-

1175 427 1224 455 ter
1247 422 1416 462 adductae,
1442 421 1625 455 verificatae
1658 426 1690 455 et
1722 420 1911 455 iustificatae

1173 485 1239 508 non
1275 474 1404 514 suerint,
1441 479 1496 507 aut
1519 484 1558 508 ex
1592 475 1655 507 alia
1691 484 1908 517 quacumque,

1173 528 1269 560 etiam
1295 528 1499 571 quantumvis
1524 527 1672 565 iuridica,
1698 527 1752 570 pia
1782 532 1815 560 et
1844 526 1910 570 pri-

1172 580 1324 624 vilegiata
1344 583 1449 620 causa,
1471 581 1589 620 colore,
1611 585 1780 623 praetextu
1804 584 1836 613 et
1860 590 1911 612 ca-

1171 633 1248 676 pite,
1265 633 1360 666 etiam
1377 634 1409 666 in
1428 643 1565 675 corpore
1580 632 1658 665 iuris
1674 633 1796 672 clauso,
1813 632 1909 665 etiam

1171 686 1320 725 enormis,
1336 685 1582 718 enormissimae
1607 690 1638 718 et
1661 685 1770 718 totalis
1794 684 1911 717 laesio-

1171 739 1236 779 nis,
1264 740 1353 772 nullo
1378 749 1520 781 unquam
1546 744 1692 782 tempore
1725 738 1764 771 de
1795 736 1910 770 subre-

1171 792 1315 834 ptionis,
1347 791 1396 824 vel
1422 791 1644 834 obreptionis,
1672 795 1725 823 aut
1748 789 1909 823 nullitatis

1171 844 1260 883 vitio,
1285 854 1343 877 seu
1369 844 1560 877 intentionis
1585 849 1713 876 nostrae
1746 847 1800 875 aut
1823 842 1910 875 inte-

1171 907 1259 928 resse
1286 896 1476 929 habentium
1501 905 1688 935 consensus,
1706 894 1811 928 aliove
1829 904 1909 938 quo-

1172 950 1263 989 libet,
1291 950 1386 982 etiam
1409 949 1612 992 quantumvis
1632 959 1762 990 magno,
1780 947 1908 981 formali

1171 1008 1203 1035 et
1228 1002 1442 1040 substantiali,
1470 1013 1505 1034 ac
1530 1001 1749 1044 inexcogitato
1772 1006 1804 1034 et
1820 1001 1909 1034 inex-

1171 1055 1348 1097 cogitabili,
1373 1054 1637 1098 individuamque
1663 1053 1908 1097 expressionem

1171 1108 1357 1151 requirente
1395 1108 1521 1141 defectu
1557 1108 1675 1147 notari,
1710 1106 1907 1149 impugnari,

1171 1160 1313 1203 infringi,
1338 1161 1514 1201 retractari,
1547 1159 1735 1199 modificari,
1762 1158 1906 1199 limitari,

1171 1213 1202 1245 in
1228 1214 1478 1246 controversiam
1504 1213 1621 1251 vocari,
1656 1218 1710 1244 aut
1734 1213 1772 1245 ad
1799 1211 1909 1244 termi-

1171 1276 1228 1298 nos
1254 1266 1332 1299 iuris
1358 1266 1482 1305 reduci,
1502 1276 1557 1298 seu
1576 1265 1728 1297 adversus
1750 1265 1821 1297 illas
1837 1273 1908 1307 ape-

1171 1319 1297 1351 ritionis
1323 1318 1401 1358 oris,
1428 1318 1644 1351 restitutionis
1668 1317 1699 1349 in
1726 1317 1906 1359 integrum,

1171 1372 1297 1404 aliudve
1315 1372 1540 1414 quodcumque
1560 1371 1652 1410 iuris,
1679 1370 1751 1402 sacti
1768 1370 1817 1402 vel
1835 1380 1907 1412 gra-

1173 1426 1233 1457 tiae
1259 1425 1438 1457 remedium
1465 1424 1615 1456 intentari
1645 1425 1695 1456 vel
1728 1422 1905 1465 impetrari,

1172 1484 1225 1511 aut.
1250 1479 1433 1521 impetrato,
1453 1487 1507 1509 seu
1535 1477 1629 1509 etiam
1655 1481 1755 1513 motu,
1773 1475 1906 1508 scientia

1171 1537 1202 1564 et
1227 1531 1397 1574 potestatis
1428 1530 1632 1573 plenitudine
1664 1529 1795 1571 paribus
1828 1538 1907 1561 con-

1172 1594 1263 1616 cesso
1282 1584 1330 1615 vel
1349 1588 1510 1622 emanato,
1531 1583 1712 1625 quempiam
1734 1582 1765 1613 in
1783 1580 1905 1613 iudicio

1172 1638 1219 1669 vel
1246 1642 1335 1669 extra
1359 1636 1436 1668 illud
1464 1635 1510 1667 uti
1546 1645 1603 1667 seu
1636 1645 1669 1667 se
1703 1635 1813 1666 iuvare
1837 1634 1905 1666 ullo

1172 1691 1268 1722 modo
1295 1699 1399 1732 posse,
1419 1689 1473 1721 sed
1498 1689 1626 1720 easdem
1651 1693 1839 1730 praesentes
1856 1685 1907 1719 lit-

1173 1749 1256 1775 teras
1282 1751 1412 1784 semper
1436 1746 1467 1773 et
1491 1745 1651 1783 perpetuo
1676 1739 1803 1779 sirmas,
1829 1739 1908 1772 vali-

1173 1796 1228 1827 das
1255 1801 1285 1827 et
1310 1794 1455 1827 efficaces
1480 1793 1617 1825 existere
1643 1798 1674 1824 et
1699 1793 1776 1830 sore,
1809 1802 1904 1824 suos-

1173 1857 1235 1890 que
1261 1847 1427 1890 plenarios
1453 1852 1485 1878 et
1509 1846 1654 1887 integros
1680 1844 1812 1877 effectus
1838 1854 1908 1877 sor-

1175 1900 1225 1932 tiri
1253 1905 1284 1932 et
1308 1899 1468 1937 obtinere,
1493 1909 1528 1930 ac
1553 1898 1591 1929 ab
1617 1897 1766 1930 omnibus
1791 1903 1823 1929 et
1846 1897 1908 1929 sin-

1174 1954 1267 1995 gulis,
1294 1953 1332 1985 ad
1359 1962 1439 1994 quos
1464 1956 1589 1994 spectat
1613 1957 1643 1983 et
1668 1961 1728 1993 pro
1761 1955 1908 1992 tempore

1174 2005 1338 2049 spectabit,
1379 2004 1610 2036 inviolabiliter
1646 2009 1678 2036 et
1714 2003 1909 2036 inconcusse

1175 2057 1340 2090 observari
1367 2062 1398 2089 ct
1423 2056 1606 2099 aslin‘ipleri,
1626 2061 1657 2088 et
1678 2056 1742 2089 illis
1758 2055 1911 2098 respecti-

1175 2122 1209 2143 ve
1237 2112 1265 2143 in
1293 2110 1443 2143 omnibus
1469 2116 1500 2142 et
1520 2121 1578 2152 per
1596 2109 1704 2143 omnia
1721 2108 1909 2152 plenissime

1175 2164 1354 2205 sulti-agari,
1382 2163 1490 2206 sicque
1516 2168 1548 2195 et
1573 2173 1636 2195 non
1657 2162 1751 2195 aliter
1769 2161 1800 2193 in
1819 2171 1911 2204 prae-

1177 2217 1282 2249 missis
1308 2216 1455 2248 omnibus
1483 2222 1513 2248 et
1538 2215 1674 2256 singulis
1706 2214 1842 2251 censeri,
1868 2218 1912 2245 at-

1177 2281 1239 2312 qiu¹
1268 2271 1308 2301 ita
1335 2280 1394 2312 per
1419 2279 1643 2311 quoscumque
1677 2267 1800 2299 iudices
1824 2265 1911 2298 ordi-

1179 2324 1284 2355 narios
1311 2329 1340 2355 et
1368 2324 1546 2363 delegatos,
1561 2322 1654 2353 etiam
1674 2330 1841 2352 causarum
1861 2329 1912 2361 pa—

1179 2378 1242 2409 latii
1276 2375 1445 2419 apostolici
1479 2375 1652 2410 auditores,
1686 2383 1721 2405 ac
1751 2372 1782 2405 S.
1810 2373 1847 2404 R.
1874 2371 1908 2405 E.

1180 2431 1362 2472 [iuwtlictae
1395 2429 1586 2465 cardinales,
1612 2426 1706 2458 ctiam
1742 2428 1779 2458 de
1810 2427 1912 2458 latere

1181 2486 1325 2523 legatos,
1370 2483 1538 2524 dictaeque
1579 2480 1669 2513 Sedis
1710 2478 1913 2521 Apostolicae

1181 2538 1336 2573 nuncios.
1361 2541 1393 2568 et
1417 2536 1497 2567 alios
1525 2533 1688 2577 quoslibet
1711 2540 1913 2575 quacumque

1913 160 1964 188 An.
1982 161 2014 189 C.
2030 162 2093 194 tm]
