2111 3157
170 218 219 244 An.
237 216 264 243 c.
288 214 355 243 1680
399 205 464 240 368

364 265 529 307 professos
546 261 737 299 successive,
754 263 809 292 aut
823 258 961 291 alterum
976 254 1009 287 in
1027 263 1099 296 pro-

364 323 542 351 curatorem
558 315 754 358 generalem,
773 312 910 344 alterum
927 309 961 341 in
978 307 1100 351 praesi-

365 372 495 404 dentem
517 364 796 410 Congregationis,
824 363 936 400 simul,
964 360 1098 394 omnino

364 423 585 468 prohibemus.
615 419 821 451 Declarantes
845 416 967 448 nullam
993 419 1023 446 ct
1052 413 1100 445 in-

364 476 501 509 validam
529 473 723 506 electionem
759 470 937 513 praefatam
972 467 1005 500 in
1038 476 1099 509 qua

364 521 529 572 praedicta
550 526 659 560 omnia
682 530 714 558 et
735 524 861 566 singula
885 526 1009 554 serrata
1034 530 1100 552 non

364 581 496 615 suerint.

407 646 437 668 x.
466 633 580 667 Abbati
598 632 630 665 in
649 635 891 675 procuratorem
913 629 1017 661 electo
1036 637 1099 659 non

365 689 541 731 deputetur
557 684 790 718 monasterium
813 682 945 725 aliquod
970 679 1100 722 regimi-

365 741 435 780 nis,
461 740 516 773 sed
548 738 676 771 abbatia
704 736 804 770 solius
834 734 930 767 tituli.
958 734 1099 766 Durante

365 804 443 827 vero
462 798 611 836 tempore
629 781 704 824 suae
722 786 1100 824 administrationiscli-

366 845 397 888 gi
422 854 488 878 non
522 843 623 887 possit
659 846 852 886 procurator
881 839 1042 883 generalis
1067 838 1100 870 in

366 897 568 931 definitorem
586 900 640 929 aut
664 896 881 934 visitat0re1n;
909 893 995 937 quod
1020 891 1101 935 pari-

366 956 415 984 ter
438 950 508 984 fieri
533 949 746 993 probibemus
772 958 810 981 eo
834 957 919 980 anno
945 951 977 978 et
1003 945 1035 977 in
1062 954 1099 977 oo

367 1004 533 1047 capitulo,
560 1013 625 1046 quo
661 1013 679 1035 a
707 1000 932 1045 procuratoria
956 998 1101 1042 generali

367 1066 573 1100 quocumque
586 1055 684 1088 modo
702 1053 877 1096 contigerit
892 1062 1030 1085 cessare.
1045 1051 1103 1083 Ex-

366 1110 525 1143 cludimus
544 1109 640 1141 etiam
655 1112 899 1151 procuratorem
914 1105 1101 1149 generalem

367 1162 501 1196 omnino
519 1162 640 1201 adleta,
660 1166 815 1204 tantoque
834 1165 979 1202 tempore
994 1169 1010 1190 a
1028 1168 1103 1201 pro-

367 1215 529 1248 curatoria
554 1224 669 1247 vacare
694 1213 854 1253 iubemus,
881 1216 1002 1255 quanto
1027 1215 1101 1243 ante

367 1268 400 1301 in
418 1270 455 1301 ea
479 1266 725 1311 perduraverit;
751 1265 946 1309 paribusque
971 1263 1104 1297 rationi-

368 1323 428 1355 bus
456 1322 607 1354 nolumus
625 1324 751 1363 patrem
769 1318 1010 1362 praesidentem
1029 1317 1105 1350 Con-

369 1373 568 1418 gregationis
604 1378 670 1405 tum
700 1382 759 1416 pro
785 1382 824 1404 eo
850 1376 1015 1414 tempore,
1042 1381 1103 1413 quo

369 1427 527 1471 praesidis
552 1425 798 1468 munusgerit,
824 1430 890 1457 tum
915 1435 974 1467 pro
1006 1424 1105 1456 trien-

368 1482 423 1515 nio
457 1479 666 1520 immediato,
699 1487 763 1522 quo
799 1477 838 1510 ab
870 1487 908 1510 eo
939 1476 1105 1510 absolutus

370 1539 426 1574 est,
453 1532 599 1577 cooptari
623 1542 720 1575 posse
738 1531 771 1563 in
792 1534 1035 1574 procuratorem
1052 1541 1106 1573 ge-

370 1588 528 1628 neralem,
555 1591 605 1627 et,
633 1585 701 1618 vice
722 1586 832 1626 versa,
860 1589 1106 1627 procuratorem

370 1641 401 1675 in
428 1640 622 1685 praesidem.

414 1705 456 1729 x1.
484 1693 603 1733 Abbas,
626 1691 680 1735 qui
704 1690 835 1734 eligitur
860 1690 892 1723 in
916 1695 1108 1734 procurato-

372 1760 442 1783 rem
466 1747 668 1792 generalem,
694 1745 926 1785 iuramentum,
951 1749 985 1777 ut
1010 1744 1107 1777 moris

374 1808 431 1843 est,
452 1798 724 1834 reverendissimo
743 1796 925 1831 definitorio
943 1797 1107 1837 exhibeat,

374 1866 407 1889 se
431 1855 553 1887 nullam
579 1847 857 1894 dispensationem
874 1850 914 1882 ad
940 1860 1110 1892 quoscum-

375 1919 437 1952 que
463 1906 590 1949 gradus,
616 1903 799 1946 dignitates,
824 1912 932 1934 sacros
964 1902 1107 1943 ordines,

376 1966 430 1994 aut
453 1960 491 1992 ad
525 1957 751 2001 quodcumque
779 1955 867 1988 aliud
883 1948 1009 1988 ⁴nostris
1035 1966 1110 1988 con-

376 2011 596 2047 stitutionibus
621 2019 825 2052 repugnans,
851 2008 1108 2051 impetraturum,

377 2066 439 2100 nisi
465 2066 503 2098 de
525 2062 655 2107 speciali
677 2061 885 2095 definitorum
911 2062 959 2093 vel
984 2066 1111 2104 patrum

377 2118 545 2162 regiminis
570 2116 734 2155 mandato,
762 2120 793 2147 et
816 2114 849 2147 in
874 2118 1031 2157 quantum
1056 2124 1112 2157 po-

378 2178 442 2207 test
465 2183 524 2216 pro
549 2171 596 2204 sui
621 2169 766 2203 muneris
792 2168 898 2201 officio
924 2168 1023 2202 dictas
1049 2167 1113 2201 dis-

378 2225 587 2270 pensationes
623 2233 655 2256 se
688 2221 930 2265 impediturum.
963 2220 1053 2259 Quod
1086 2220 1112 2253 si

380 2279 419 2312 ad
444 2278 511 2311 eius
535 2276 681 2310 notitiam
700 2274 887 2319 pervenerit
914 2274 1056 2317 aliquem
1077 2284 1113 2307 ex

380 2331 501 2365 nostris
524 2329 693 2363 monachis
709 2328 741 2361 id
766 2332 952 2366 attentasse,
967 2330 1116 2359 teneatur

951 202 1130 230 BELLsmUM
1154 200 1305 226 ROMANUM

1142 250 1357 283 iuramentum
1383 248 1467 282 intra
1491 253 1634 282 octavam
1659 251 1754 292 diem,
1772 262 1790 285 a
1813 263 1875 297 qua

1143 306 1274 339 Romam
1288 304 1481 348 pervenerit,
1500 304 1606 336 abbati
1624 304 1654 337 S.
1674 305 1763 338 Pauli
1781 317 1876 350 prae-

1143 358 1250 398 stabit,
1276 358 1412 400 eiusque
1436 357 1508 390 sacti
1533 358 1755 392 authenticum
1784 363 1875 396 testi-

1141 411 1286 445 monium
1311 411 1394 454 patri
1420 411 1563 454 praesidi
1588 413 1792 448 transmittat.

1184 476 1241 498 xii.
1268 464 1473 507 Singulorum
1498 465 1574 498 item
1604 467 1874 503 monasteriorum

1142 518 1272 561 negotia
1295 518 1420 550 curabit
1445 523 1477 550 et
1502 528 1612 551 causas
1637 520 1803 561 desendet,
1829 527 1876 563 et,

1143 576 1241 614 prout
1264 567 1346 614 opus
1371 571 1476 611 suerit,
1502 576 1565 603 tam
1587 572 1625 604 de
1650 573 1745 605 rebus
1769 574 1876 616 publi-

1142 635 1214 656 cum
1239 623 1503 667 Congregationis
1527 625 1649 658 bonum
1673 635 1876 660 concernen-

1143 676 1228 709 tibus
1254 682 1378 720 patrem
1393 677 1574 719 praesidem
1587 677 1758 711 certiorem
1771 678 1876 720 saciet,

1143 740 1238 773 quam
1263 730 1302 762 de
1327 729 1461 773 privatis
1485 730 1754 764 monasteriorum
1777 742 1876 775 nego·

1143 782 1194 815 tiis
1219 792 1331 815 eorum
1356 783 1556 826 superiores.
1583 783 1622 816 Et
1651 784 1679 816 si
1710 784 1877 827 contingat

1142 837 1191 869 vel
1216 840 1320 869 morte
1347 838 1396 870 vel
1422 837 1533 880 quovis
1556 837 1620 870 alio
1644 847 1719 870 casu
1737 837 1875 872 deficere

1142 894 1386 931 procuratorem
1411 890 1607 931 generalem,
1630 895 1717 932 tunc,
1742 891 1877 934 quierit

1143 942 1240 974 abbas
1266 940 1296 974 S.
1324 941 1433 982 Pauli,
1459 952 1569 974 curam
1593 948 1684 985 gerat
1708 954 1812 987 usque
1836 944 1876 977 ad

1144 995 1286 1028 futurum
1310 995 1488 1038 capitulum
1513 996 1759 1039 procuratoriae
1783 1007 1878 1039 prae-

1144 1049 1268 1089 dictae,
1294 1049 1411 1082 eodem
1435 1049 1544 1089 modo,
1571 1060 1634 1093 quo
1660 1049 1698 1083 de
1722 1060 1877 1094 procura-

1146 1108 1215 1135 tore
1240 1101 1387 1145 generali
1412 1106 1462 1135 est
1486 1101 1669 1135 definitum:
1688 1102 1722 1135 in
1746 1113 1803 1137 suo
1827 1113 1879 1137 ro-

1145 1157 1223 1189 bore
1248 1166 1378 1199 semper
1394 1160 1606 1199 permanente
1630 1161 1748 1190 statuto
1768 1157 1879 1200 prohi-

1145 1210 1241 1242 bente
1266 1219 1307 1241 ne
1331 1208 1430 1242 abbas
1454 1209 1485 1242 S.
1512 1209 1613 1251 Pauli,
1640 1211 1690 1243 vel
1716 1215 1802 1251 tunc,
1827 1211 1880 1244 vel

1145 1262 1332 1295 immediate
1357 1267 1450 1305 post,
1473 1262 1611 1305 eligatur
1637 1262 1669 1296 in
1693 1268 1880 1307 procurato-

1145 1326 1214 1348 rem
1238 1316 1437 1359 generalem.

1191 1379 1261 1402 xm.
1289 1368 1321 1402 Si
1352 1379 1428 1403 vero
1457 1379 1496 1402 ex
1529 1369 1638 1413 aliqua
1670 1370 1757 1413 gravi
1786 1371 1882 1415 culpa

1147 1422 1256 1466 (quod
1280 1422 1363 1455 Deus
1389 1423 1532 1466 avertat)
1557 1422 1698 1456 iustitiae
1721 1423 1812 1467 rigor
1828 1435 1881 1457 ex-

1147 1481 1258 1521 poscat
1282 1481 1317 1508 ut
1341 1475 1380 1508 ad
1405 1476 1551 1509 eiusdem
1585 1477 1808 1519 procuratoris
1831 1477 1883 1510 de·

1148 1530 1347 1574 positionem
1378 1528 1412 1561 in
1437 1539 1577 1572 poenam
1601 1529 1801 1570 deveniatur,
1833 1531 1883 1564 vel

1149 1595 1208 1628 pro
1227 1584 1314 1617 bono
1338 1582 1606 1625 Congregationis
1626 1582 1785 1626 regimine
1809 1594 1884 1618 con-

1151 1637 1252 1680 tingat
1274 1641 1309 1668 ut
1332 1635 1371 1668 ab
1396 1635 1502 1668 officio
1527 1635 1729 1676 absolvatur,
1754 1637 1794 1670 ad
1825 1637 1887 1670 hu-

1150 1690 1287 1723 iusmodi
1311 1688 1515 1732 provisiones
1532 1699 1590 1731 per
1607 1689 1794 1723 definitores
1816 1695 1886 1723 tan-

1151 1749 1227 1781 tum,
1253 1742 1373 1785 absque
1400 1741 1537 1773 aliorum
1568 1742 1788 1784 praelatorum
1823 1742 1886 1775 sul*-

1151 1796 1271 1839 sragiis‚
1296 1794 1472 1827 dummodo
1498 1804 1534 1825 ex
1560 1804 1676 1827 novem
1708 1794 1885 1829 definitori-

1151 1850 1209 1881 bus
1234 1853 1357 1890 septem
1383 1846 1597 1886 consentiant,
1622 1848 1828 1889 procedatur.

1193 1911 1258 1934 xlv.
1284 1900 1324 1933 Ut
1348 1898 1490 1941 denique
1515 1900 1593 1931 tanti
1619 1899 1714 1932 officii
1739 1910 1821 1933 onus
1842 1901 1887 1934 sa-

1151 1954 1244 1987 cilius
1269 1952 1429 1985 sustinere
1464 1953 1576 1992 valeat,
1609 1952 1782 1994 deputetur
1816 1954 1845 1987 ei
1869 1965 1887 1987 a

1153 2005 1389 2045 definitoribus,
1417 2009 1471 2036 aut
1500 2015 1516 2036 a
1541 2005 1685 2047 patribus
1709 2006 1884 2048 regiminis,

1153 2059 1329 2096 coadiutor‚
1356 2058 1410 2102 qui
1436 2058 1478 2090 sit
1502 2058 1656 2098 decanus,
1678 2059 1769 2092 cuius
1789 2061 1890 2103 opera

1879 201 1929 230 An.
1951 203 1980 234 C.
1999 203 2066 233 ¹680

1154 2112 1187 2145 in
1211 2111 1384 2144 scribendo
1417 2116 1449 2143 et
1480 2110 1550 2144 aliis
1582 2111 1722 2153 negotiis
1757 2116 1908 2146 utaturz‘

1155 2165 1259 2208 gravis
1285 2169 1317 2197 et
1340 2163 1421 2207 ipse,
1447 2163 1634 2203 industrius,
1661 2164 1889 2209 probitateque

1156 2223 1187 2251 et
1211 2216 1342 2260 ingenio
1367 2215 1568 2258 conspicuus,
1606 2215 1659 2259 qui
1689 2216 1784 2249 etiam
1820 2217 1889 2250 eius

1155 2271 1241 2304 vices
1266 2270 1311 2312 (si
1330 2269 1460 2312 quando
1482 2279 1554 2301 eum
1574 2268 1686 2302 abesse
1707 2269 1890 2313 contigerit)

1158 2324 1227 2356 sine
1252 2322 1519 2365 Congregationis
1543 2321 1749 2355 incommodo
1778 2333 1892 2365 gerere

382 2383 618 2429 quamprimum
649 2382 731 2425 patri
768 2380 912 2424 praesidi
947 2380 997 2412 vel
1032 2379 1116 2421 regi·
1159 2377 1272 2420 possit.
1300 2376 1365 2415 llic,
1385 2375 1439 2418 qui
1461 2380 1729 2418 comprocurator
1753 2377 1883 2419 appella

381 2437 460 2472 mini
486 2435 695 2475 denunciare,
723 2433 862 2477 graviter
887 2443 969 2473 eum,
988 2432 1042 2475 qui
1059 2432 1117 2464 has
1160 2435 1220 2469 tur,
1246 2428 1370 2472 praesit
1386 2428 1537 2461 omnibus
1559 2428 1699 2467 decanis,
1718 2428 1814 2461 etiam
1832 2439 1893 2463 ma·-

383 2489 644 2534 dispensationes
677 2486 922 2530 procuraverit,
948 2484 1115 2528 punituro.
1160 2482 1267 2525 gistris
1291 2481 1499 2521 novitiorum,
1526 2486 1558 2513 et
1582 2481 1748 2514 subiaceat
1765 2482 1797 2514 in
1814 2487 1894 2515 tem-

383 2543 414 2577 Si
435 2552 511 2575 vero
538 2541 676 2583 eligatur
700 2539 732 2571 in
757 2543 1000 2581 procuratorem
1022 2547 1119 2579 genc—
1161 2535 1328 2578 poralibus
1353 2534 1558 2578 procuratori
1585 2534 1742 2574 generali,
1771 2535 1800 2567 in
1829 2535 1895 2578 spi-

383 2597 484 2630 ralem
502 2594 601 2628 abbas
620 2592 736 2626 absens
754 2602 770 2624 a
788 2591 939 2635 capitulo,
953 2591 1016 2623 hoc
1033 2590 1119 2623 idem
1162 2587 1333 2622 ritualibus
1358 2598 1433 2621 vero
1454 2587 1562 2620 abbati
1585 2588 1616 2619 S.
1641 2587 1728 2620 Pauli
1759 2593 1891 2629 tantum,
