2111 3157
123 187 169 214 An-
191 186 210 213 C
240 185 305 214 ¹688

352 176 415 211 5020

316 241 447 276 attente,
474 236 600 268 nullum
625 235 753 267 dilectis
779 233 852 267 siliis
873 233 994 266 nostris
1014 233 1056 265 di·

317 294 440 321 ctarum
465 288 704 331 provinciarum
741 287 850 320 Limae
883 291 914 319 et
945 286 983 319 de
1009 287 1055 319 las

316 341 455 374 Charcas
479 340 642 383 religiosis
668 339 795 373 Criollis
813 339 956 383 relinqui
981 339 1055 371 sub-

315 395 488 437 terfugium
513 394 551 426 ad
576 398 730 436 prompte
748 403 815 426 non
835 392 1052 425 obediendum

315 447 483 490 religionis
508 446 849 486 determinationibus,
868 445 1054 479 eminentis-

314 500 470 533 simorum
495 499 526 533 S.
555 500 591 532 R.
618 499 653 532 E.
681 499 893 533 cardinalium
919 503 950 531 et
974 509 1052 542 apo-

313 553 434 586 stolicis
452 552 600 593 decretis,
620 563 748 586 necnon
766 551 942 585 maiestatis
966 552 1050 594 regis

313 605 418 638 nostri
442 605 593 639 catholici
619 605 692 649 piae
725 605 882 638 voluntati
908 605 940 636 in
966 604 1051 637 dicta

312 658 503 692 alternativa
528 658 726 691 admittenda
742 663 773 690 et
792 657 990 700 exequenda,
1012 667 1050 691 eo

313 713 362 746 vel
386 713 532 753 maxime,
559 723 632 746 cum
663 722 776 746 omnes
800 711 879 744 iuris
913 716 944 744 et
977 710 1049 743 sacti

312 765 464 806 desectus,
490 766 515 799 si
540 766 594 809 qui
620 765 703 799 sorte
728 765 761 797 in
797 764 951 808 praefatis
976 774 1049 796 san-

311 817 472 851 ctionibus
491 819 695 863 irrepserint,
714 817 834 851 suerint
853 827 912 860 per
927 826 1049 849 sacram

310 873 602 916 Congregationem
637 878 668 906 et
697 871 909 915 apostolicam
941 874 1049 902 aucto-

310 926 439 959 ritatem
463 927 496 959 in
521 926 723 970 praeinserto
748 926 879 958 decreto
898 929 931 957 et
954 923 1047 957 Brevi

309 980 426 1020 sanati,
448 989 494 1020 ac,
511 979 680 1013 contrariis
699 978 955 1022 quibuscumque
980 987 1046 1010 non

308 1032 521 1073 obstantibus,
540 1033 624 1065 dicta
641 1032 831 1066 alternatim
848 1031 1045 1071 confirmata,

308 1085 475 1128 cupientes
507 1091 683 1128 propterea
721 1084 888 1127 utriusque
925 1083 1048 1116 antedi-

309 1143 378 1172 ctae
404 1138 590 1182 provinciae
616 1138 718 1182 quieti
763 1148 799 1170 ac
828 1138 900 1180 paci
926 1147 1046 1170 consu-

308 1193 386 1232 lere,
412 1203 449 1224 ac
472 1191 690 1225 dissentiones
728 1196 760 1224 et
789 1191 970 1224 discordias
1007 1201 1043 1224 ex

307 1244 495 1277 huiusmodi
517 1246 613 1277 causa
645 1249 772 1278 exortas
798 1244 836 1277 dc
861 1243 967 1276 medio
986 1244 1045 1276 tol-

304 1298 384 1339 lere,
411 1298 642 1342 etpraedictae
676 1297 890 1330 alternativae
922 1306 1040 1330 execu-

301 1350 395 1384 tione
420 1361 457 1383 ac
481 1350 657 1384 stabilitate
693 1350 844 1384 omnibus
876 1349 1044 1383 scandalo-

305 1414 377 1436 rum
403 1404 628 1437 occasionibus
653 1403 799 1437 obviare:
834 1403 911 1436 hinc
942 1402 1043 1446 pluri-

306 1467 392 1489 mum
408 1457 503 1490 nobis
522 1457 649 1490 dilectis
668 1456 942 1490 reverendissimo
959 1457 1042 1499 patri

304 1509 526 1543 commissario
550 1510 693 1553 generali
718 1510 880 1542 indiarum
903 1509 936 1541 in
954 1509 1043 1541 curia

305 1563 481 1596 maiestatis
505 1563 683 1598 catholicae
708 1562 864 1596 residenti
895 1572 930 1594 ac
961 1572 1043 1595 com-

305 1617 453 1650 missario
477 1617 599 1660 pariter
625 1616 771 1660 generali
807 1616 838 1648 in
864 1615 1041 1659 provinciis

304 1670 343 1703 de
369 1671 396 1703 el
422 1671 506 1704 Persi
540 1670 614 1713 (qui
640 1681 699 1714 pro
735 1675 883 1713 tempore
918 1669 1040 1713 fuerit)

304 1735 363 1767 per
397 1730 590 1768 praesentes
624 1724 855 1758 committimus
889 1734 925 1756 ac
956 1723 1040 1756 serio

301 1776 512 1818 inculcamus,
527 1783 563 1810 ut
576 1777 694 1810 dictam
705 1777 930 1810 alternativam
943 1777 1040 1810 modo

303 1840 366 1873 quo
391 1840 490 1874 supra
514 1841 700 1874 expressam
726 1831 758 1863 in
789 1830 943 1874 praefatis
967 1840 1041 1873 pro-

304 1882 415 1916 vinciis
446 1883 494 1916 Ss.
525 1884 577 1917 XII
602 1885 832 1927 Apostolorum
869 1883 978 1917 Limae
1011 1888 1042 1916 et

301 1937 332 1969 S.
350 1936 479 1970 Antonii
498 1937 594 1971 delas
604 1937 753 1978 Charcas,
772 1938 804 1970 in
818 1937 1041 1971 executionem

301 1989 471 2033 religionis
481 2000 516 2023 ac
525 2001 636 2023 sacrae
648 1990 915 2034 Congregationis
930 1991 994 2024 imo
1010 1995 1042 2023 et

301 2043 556 2087 apostolicorum
573 2044 783 2085 decretorum,
798 2045 947 2078 omnibus
964 2044 1041 2077 iuris

302 2102 333 2129 et
350 2096 422 2130 sacti
440 2097 592 2131 remediis
610 2097 778 2138 adhibitis,
793 2098 971 2138 introduci,
990 2108 1042 2131 ac-

302 2150 436 2193 ceptari,
457 2151 637 2194 practicari,
653 2162 689 2184 ac
702 2151 918 2194 imposterum
930 2150 1042 2184 sormi-

302 2207 352 2235 ter
372 2203 495 2237 servari
511 2204 668 2237 mandent
687 2210 719 2237 et
734 2214 795 2247 pro
814 2204 936 2237 viribus
961 2208 1041 2237 sata-

301 2262 390 2298 gant,
405 2262 505 2300 prout
521 2267 580 2290 nos
594 2256 815 2301 praesentium
828 2257 937 2300 vigore
952 2262 983 2290 et
996 2257 1042 2290 os-

303 2309 342 2342 cii
363 2310 465 2343 nostri
478 2311 670 2344 auctoritate
683 2310 855 2351 introduci,
865 2310 1038 2354 acceptari,

303 2364 473 2407 practicari
498 2375 534 2397 ae
558 2365 773 2408 imposterum
798 2363 943 2397 lbrmiter
973 2373 1040 2396 ser-

304 2417 369 2450 vari
386 2417 588 2457 mandamus;
608 2428 643 2450 ac
661 2417 804 2450 districte
821 2415 1038 2460 praecipimus

303 2470 438 2503 dilectos
461 2469 547 2504 filios
572 2476 701 2504 nostros
723 2471 889 2514 utriusque
914 2470 1040 2514 provin-

304 2524 371 2558 ciae
395 2524 565 2567 religiosos
596 2524 742 2564 Criollos,
772 2524 817 2557 uti
850 2533 960 2557 servus
989 2533 1041 2555 ro-

303 2582 423 2622 gantes,
450 2577 496 2612 uti
530 2577 630 2613 frater
663 2577 841 2620 hortantes,
866 2576 912 2610 uti
947 2580 1039 2622 pater

894 184 1073 209 Bt'tiantUM
1098 184 1249 210 Romnum

1098 238 1362 275 commonentes,
1384 244 1421 267 ac
1445 234 1491 267 uti
1516 236 1679 284 superior,
1698 242 1731 270 et
1754 237 1835 281 legi·

1099 285 1196 317 timus
1221 286 1317 329 (licet
1341 286 1512 331 indignus)
1537 289 1639 321 sancti
1656 291 1756 333 patris
1777 302 1835 325 no-

1096 338 1152 371 stri
1177 338 1340 372 Francisci
1364 341 1633 384 successor,'ipsis
1657 342 1690 375 in
1714 343 1832 379 virtute

1095 391 1231 434 Spiritus
1255 391 1362 425 Sancti
1387 403 1423 425 ac
1447 394 1505 426 sub
1537 394 1683 428 districto
1707 398 1833 440 praeci-

1095 444 1221 487 pientes
1245 450 1374 478 sanctae
1400 447 1607 481 obedientiae
1639 449 1775 490 merito,
1800 456 1833 485 et

1094 498 1152 529 sub
1172 497 1286 541 poenis
1305 498 1662 541 eontrajnobedientes
1682 502 1830 545 sancitis,

1093 555 1126 582 ut
1140 550 1242 584 dictae
1257 551 1464 585 alternativae
1477 552 1608 585 tandem
1626 555 1831 598 acquiescen-

1095 608 1151 643 tes,
1168 614 1294 637 necnon
1310 604 1487 647 religionis,
1504 606 1637 640 Sanctae
1653 607 1753 648 Sedis‚
1769 620 1832 643 ma·

1092 655 1213 688 iestatis
1238 657 1324 700 regis
1350 657 1453 690 nostri
1472 659 1635 700 catholici,
1654 670 1689 693 ac
1707 662 1828 696 nostris

1092 709 1356 752 obtemperantes
1389 711 1559 751 mandatis,
1593 722 1626 745 se
1662 723 1755 746 veros
1791 725 1828 749 ac

1092 761 1254 804 legitimos
1279 763 1380 796 sancti
1414 764 1513 815 patris
1538 765 1643 798 nostri
1662 765 1827 802 Francisci

1090 814 1174 848 filios
1199 816 1383 850 ostendant.
1405 817 1518 851 Datum
1538 818 1676 860 Romae,
1693 819 1724 852 in
1750 831 1827 854 con-

1090 874 1185 901 ventu
1211 875 1321 903 nostro
1345 869 1376 903 S.
1395 870 1509 904 Mariae
1526 872 1610 914 apud
1635 872 1825 915 Anamcaeli,

1090 922 1141 955 die
1168 933 1181 954 x
1209 924 1412 965 septembris,
1437 934 1522 957 anno
1546 934 1742 959 sinetxxxiu.
1770 926 1822 960 Fr.

1089 975 1212 1008 Pmnus
1236 976 1379 1009 Mittimus
1405 976 1553 1009 minister
1570 979 1739 1020 generalis,
1760 984 1821 1012 etc.

1088 1028 1132 1060 De
1158 1030 1309 1061 mandato
1334 1040 1410 1061 suae
1436 1030 1745 1071 reverendissimae,
1772 1031 1821 1064 Fr.

1087 1081 1302 1116 Snmsrmsrs
1326 1093 1369 1116 DE
1394 1083 1526 1116 Annoro
1552 1084 1744 1117 secretarius
1770 1095 1824 1128 ge·

1087 1135 1206 1168 neralis
1230 1135 1358 1168 Ordinis
1385 1147 1415 1168 n.

1130 1188 1168 1221 Et
1192 1189 1329 1222 subinde
1355 1189 1554 1222 venerabilis
1587 1189 1686 1223 stater
1711 1196 1823 1224 noster
1850 1204 2018 1228 namium-221.

1833 1231 1911 1252 dinalis
1948 1237 2018 1260 proto-

1086 1242 1264 1275 Alderanus
1304 1242 1479 1286 episcopus
1512 1243 1698 1276 Portuensis
1737 1244 1854 1278 eius-ct

1085 1354 1187 1392 patus,
1208 1349 1284 1382 dicti
1302 1349 1429 1382 Ordinis
1458 1351 1543 1394 apud
1568 1361 1628 1384 nos
1655 1356 1687 1384 et
1705 1350 1822 1385 Sedem

1085 1403 1301 1446 Apostolicam
1327 1409 1504 1447 protector,
1530 1404 1719 1438 memoratis
1737 1415 1823 1438 com·

1084 1456 1238 1489 missariis
1264 1456 1473 1499 generalibus
1498 1457 1656 1490 commisit
1679 1463 1715 1490 ut
1731 1468 1821 1501 prae-

1085 1509 1222 1542 insertas
1248 1514 1395 1552 patentes
1425 1509 1550 1543 litteras
1583 1509 1725 1544 fideliter
1748 1522 1821 1545 exe-

1085 1568 1263 1606 querentur
1292 1568 1324 1595 et
1347 1562 1512 1596 observari
1547 1563 1711 1605 facerent,
1748 1575 1820 1598 cum

1083 1616 1233 1651 sticultate
1247 1615 1458 1659 procedendi,
1472 1615 1622 1649 adversus
1635 1616 1810 1650 inobedien

1085 1674 1129 1702 tes
1154 1674 1186 1702 et
1209 1669 1359 1709 rebelles,
1381 1668 1420 1701 ad
1445 1678 1600 1702 censuras
1626 1669 1818 1703 ecclesiasti-

1082 1733 1142 1761 cas,
1168 1721 1311 1764 aliasque
1335 1731 1456 1764 poenas
1480 1721 1513 1753 in
1537 1721 1666 1754 statutis
1690 1721 1820 1755 Ordinis

1082 1775 1307 1818 praescriptas,
1331 1774 1427 1807 etiam
1444 1774 1666 1817 appellatione
1683 1777 1820 1815 remota,

1083 1834 1113 1862 et
1137 1828 1224 1869 alias,
1250 1833 1347 1871 prout
1371 1827 1500 1871 plenius
1524 1827 1707 1861 continetur
1726 1828 1759 1861 in
1775 1828 1819 1872 ip-

1082 1882 1147 1915 sius
1172 1881 1325 1914 Alderani
1344 1880 1491 1924 episcopi
1508 1880 1683 1914 cardinalis
1696 1885 1729 1914 et
1747 1892 1808 1925 pro

1082 1936 1212 1970 tectoris
1242 1935 1376 1968 decreto
1401 1934 1542 1978 desuper
1574 1934 1661 1968 edito
1692 1935 1816 1968 tenoris

1082 1988 1261 2033 sequentis,
1276 1988 1440 2022 videlicet:
1463 1999 1476 2019 α
1492 1987 1671 2021 Alderanus
1695 1988 1820 2032 episco-

1083 2053 1142 2086 pus
1166 2041 1352 2075 Portuensis
1375 2041 1407 2074 S.
1427 2041 1465 2074 R.
1484 2040 1519 2074 E.
1539 2041 1712 2075 cardinalis
1732 2041 1819 2085 Cybo

1082 2095 1245 2139 seraphici
1270 2094 1399 2128 Ordinis
1425 2094 1527 2128 sancti
1548 2094 1714 2128 Francisci
1733 2095 1820 2138 apud

1082 2149 1228 2183 Sanctam
1252 2148 1369 2182 Sedem
1392 2152 1570 2191 protector.
1592 2148 1723 2180 Attenta
1745 2157 1816 2181 nar-

1082 2208 1226 2236 ratorum
1260 2201 1404 2242 veritate,
1440 2211 1523 2244 quae
1553 2211 1591 2233 cx
1616 2200 1818 2234 documentis

1082 2266 1192 2290 sacrae
1230 2253 1485 2298 Congregationi
1526 2252 1678 2287 exhibitis
1724 2252 1818 2286 nobis

1082 2314 1224 2349 constat,
1249 2308 1419 2352 cupientes
1446 2312 1511 2340 tam
1534 2305 1738 2351 perniciosae
1769 2306 1818 2340 liti

1082 2362 1178 2395 finem
1195 2367 1227 2395 et
1243 2366 1438 2405 perpetuum
1454 2360 1626 2404 imponere
1642 2359 1817 2401 silentium,
1848 2355 1853 2359 ’

1082 2416 1232 2458 praefatis
1257 2414 1403 2459 patribus
1426 2413 1647 2448 commissario
1671 2413 1818 2457 generali

1081 2469 1243 2502 Indiarum
1274 2469 1307 2501 in
1342 2467 1430 2501 curia
1465 2466 1643 2500 Matritensi
1667 2471 1699 2500 et
1732 2476 1819 2500 com-

1082 2522 1230 2555 missario
1256 2521 1400 2566 generali
1415 2521 1577 2555 Indiarum
1593 2520 1626 2555 in
1643 2520 1830 2572 provinciis³
1892 2511 1896 2549 j
1911 2565 1913 2567 ι

1082 2575 1234 2610 Peruanis
1264 2575 1445 2621 respective
1478 2573 1697 2619 residentibus
1728 2584 1829 2617 coma

1836 190 1886 216 An.
1909 193 1938 217 G.
1962 191 2028 218 l‘›88

1855 1260 1897 1279 oris
1915 1265 1953 1285 pro
1967 1266 2018 1282 con-

1833 1284 1951 1306 firmatum·
1996 1290 2018 1307 ot

1086 1296 1158 1329 dem
1182 1296 1213 1329 S.
1245 1296 1282 1329 R.
1313 1296 1347 1328 E.
1376 1296 1549 1329 cardinalis
1582 1296 1668 1340 Cybo
1696 1307 1821 1330 nuncu·
1833 1315 2018 1337 uoq-„nummu

1834 1337 1872 1359 lati
1887 1339 1990 1362 mandati.
