2111 3157
155 220 203 248 Λη.
222 219 251 247 c.
275 219 341 246 ¹685
387 209 451 243 0020

930 217 1108 242 Bt'rl..xiuru
1134 217 1283 241 nemum!

1871 218 1919 245 An.
1937 217 1966 246 C.
1988 220 2053 248 ¹688

348 275 445 302 nuter
470 268 602 301 concedi
628 272 660 300 et.
683 266 923 306 communicari,
950 276 986 298 ac
1010 276 1087 309 pro·
1129 265 1159 298 in
1185 276 1304 308 genere
1323 266 1371 298 vel
1397 266 1428 298 in
1455 266 1574 309 specie,
1599 277 1654 299 seu
1681 268 1759 300 alias
1784 278 1881 311 quo-¹

348 328 460 365 pterea
493 326 676 364 opportune
707 319 767 351 sibi
794 318 827 351 in
851 318 1038 362 praemissis
1069 328 1086 350 a

349 375 442 409 nobis
479 373 642 418 provideri
678 377 710 405 et
734 377 769 404 ut
803 371 887 405 infra
922 371 1085 414 indulgeri

349 429 525 472 plurimum
566 426 771 460 desiderent:
798 436 878 466 nos,
910 425 1086 469 specialem

349 483 427 525 ipsis
453 480 690 524 exponentibus
726 480 862 522 gratiam
889 480 995 512 facere
1032 490 1087 511 vo-

349 537 466 575 lentes,
491 539 523 567 et
551 544 665 567 eorum
690 533 873 576 singulares
890 543 1050 576 personas
1069 543 1086 565 a

348 588 514 633 quibusvis
550 586 907 627 excommunicationis,
944 597 1084 630 suspen-

347 642 449 675 sionis
465 646 495 675 et
512 640 689 679 interdicti,
706 640 841 683 aliisque
860 640 1089 673 ecclesiasticis

348 695 531 735 sententiis,
552 693 699 727 censuris
725 698 757 727 et
776 693 901 736 poenis,
916 704 933 726 a
949 692 1020 726 iure
1038 694 1088 726 vel

347 749 387 782 ab
420 748 562 787 homine,
590 746 699 790 quavis
724 746 896 780 occasione
917 747 969 779 vel
994 748 1089 778 causa

347 803 437 843 latis,
464 802 489 836 si
504 802 623 846 quibus
641 800 890 845 quomodolibet
913 799 1087 833 innodatae

348 856 502 896 existunt,
525 856 564 888 ad
590 854 738 888 effectum
760 853 980 897 praesentium
1002 854 1088 895 dum-

348 914 435 942 taxat
465 908 741 951 eonsequendum,
775 908 890 939 harum
923 906 1008 939 serie
1034 906 1088 938 ab·

348 963 513 996 solventes
535 966 566 994 et
582 961 749 994 absolutas
769 960 838 993 sore
857 964 1038 999 censentes,
1053 970 1087 992 ac

348 1025 623 1059 quarumcumque
639 1014 823 1047 litterarum
837 1012 1085 1056 apostolicarum

347 1070 388 1103 ad
414 1069 555 1102 savorem
585 1071 781 1100 memoratae
816 1066 1086 1109 Congregationis

348 1122 531 1155 Helveticae
555 1119 803 1164 quomodolibet
819 1124 851 1152 et
871 1119 1087 1162 quandocum-

348 1185 412 1218 que
447 1178 666 1208 emanatarum
701 1177 828 1205 tenores
860 1172 1086 1216 praesentibus

348 1238 408 1271 pro
433 1228 531 1271 plene
568 1232 599 1260 et
631 1226 831 1259 sufficienter
856 1225 1019 1268 expressis
1056 1230 1087 1258 et

348 1280 480 1313 insertis
506 1280 678 1320 habentes,
716 1278 1008 1323 supplicationibus
1034 1289 1087 1311 eo-

347 1334 495 1366 rumdem
521 1333 753 1376 exponentium
771 1332 903 1365 nomine
925 1332 1018 1365 nobis
1036 1343 1087 1364 su-

348 1398 407 1431 per
430 1387 493 1420 hoc
511 1387 679 1419 humiliter
696 1385 853 1429 porrectis
871 1385 1025 1424 inclinati,
1048 1386 1085 1418 de

349 1441 584 1473 nonnullorum
611 1450 646 1472 ex
673 1438 912 1471 venerabilibus
937 1438 1088 1471 fratribus

349 1494 471 1526 nostris
497 1494 527 1526 5.
548 1493 586 1525 R.
602 1493 636 1525 E.
658 1492 877 1525 cardinalibus
909 1503 1010 1535 super
1034 1502 1088 1524 ne-

351 1546 448 1588 gotiis
482 1546 586 1579 dictae
621 1545 891 1588 Congregationis
918 1545 1087 1578 Bavaricae

351 1601 580 1643 deputatorum
606 1599 750 1638 consilio,
777 1598 883 1631 eidem
908 1598 1089 1641 Congrega-

350 1653 431 1686 tioni
468 1652 652 1693 Bavaricae,
689 1652 844 1695 illiusque
881 1652 1089 1685 monasteriis

350 1705 507 1745 eeclesiis,
533 1705 711 1745 abbatibus,
738 1705 905 1737 monachis
929 1711 960 1738 et
984 1716 1091 1748 perso-

350 1758 399 1791 nis
425 1769 511 1791 nunc
536 1763 568 1792 et
592 1769 651 1801 pro
685 1763 830 1801 tempore
866 1758 1088 1799 existentibus,

351 1817 386 1843 ut
411 1811 560 1845 omuibus
585 1817 617 1844 et
641 1811 777 1854 singulis
810 1810 998 1854 privilegiis,
1033 1811 1091 1843 im-

350 1866 570 1904 munitatibus,
586 1865 859 1908 exemptionibus,
876 1864 1089 1908 indulgentiis

351 1919 460 1961 gratiis
474 1923 506 1951 et
519 1918 654 1950 indultis
670 1923 732 1950 tam
747 1918 968 1961 spiritualibus
995 1929 1091 1960 quam

352 1971 598 2015 temporalibus,
626 1981 707 2015 quae
741 1970 989 2014 Congregationi
1017 1971 1091 2003 ilel-

351 2026 472 2059 veticae
497 2026 674 2069 praefatae,
701 2025 835 2068 eiusque
870 2024 1088 2065 monasteriis,

351 2078 509 2119 eeclesiis,
536 2078 720 2116 abbatibus,
744 2078 912 2110 monachis
935 2083 964 2110 et
984 2087 1091 2120 perso-

351 2132 401 2164 nis
428 2132 584 2164 hactenus
620 2141 680 2174 per
714 2131 829 2163 Scdem
855 2129 1088 2173 Apostolicam,

352 2185 447 2217 etiam
487 2195 546 2228 per
585 2184 667 2216 viam
704 2182 1005 2216 communicationis
1040 2183 1088 2215 vel

353 2237 563 2277 extensionis,
590 2248 626 2270 ae
651 2236 748 2270 etiam
766 2248 836 2269 cuin
856 2237 1000 2269 clausula
1021 2245 1090 2278 pro-

353 2290 485 2323 hibitiva
502 2290 816 2330 communicationis,
841 2295 894 2322 aut
914 2289 992 2321 alias
1015 2299 1090 2332 quo-

352 2343 532 2376 modolibet
564 2348 596 2376 et
631 2343 912 2386 qualitercumque
937 2351 1090 2374 concessa

354 2402 385 2427 et
409 2396 561 2428 attributa
579 2397 717 2435 suerunt,
741 2406 776 2428 ac
794 2395 910 2438 quibus
928 2394 995 2438 ipsa
1013 2394 1090 2427 Con-

354 2449 499 2491 grvgatio
517 2449 690 2488 Helvetica,
713 2448 863 2491 illiusque
881 2448 1086 2487 monasteria,

355 2503 518 2541 ecclesiae,
538 2504 684 2542 abbates,
705 2503 854 2535 monachi
878 2508 909 2535 et
929 2513 1087 2545 personae

354 2555 540 2588 huiusmodi
566 2556 604 2588 de
629 2556 708 2595 iure,
735 2566 807 2595 usu,
835 2555 1086 2595 consuetudine,

1128 319 1309 352 modolibet
1332 324 1474 359 utuntur,
1494 320 1644 352 fruuntur
1660 325 1692 353 et
1709 321 1863 363 gaudent,

1128 383 1164 405 ae
1188 372 1255 414 uti,
1280 372 1341 405 frui
1367 377 1398 405 et
1424 373 1564 416 gaudere
1591 378 1746 416 possunt,
1773 373 1865 406 dum-

1128 425 1224 458 modo
1249 430 1355 458 tamen
1380 426 1444 458 sint
1468 426 1501 458 in
1525 437 1599 466 usu,
1622 436 1682 459 nec
1707 430 1866 465 revocata,

1128 483 1183 511 aut
1196 479 1255 512 sub
1274 479 1380 522 aliqua
1396 478 1602 512 revocatione
1616 479 1864 522 comprehensa,

1129 532 1200 575 pari
1225 533 1321 566 modo
1347 538 1379 566 et
1402 534 1526 576 absque
1558 534 1623 566 ulla
1647 542 1781 576 prorsus
1806 532 1866 565 dir-

1130 587 1266 619 ferentia
1291 585 1347 627 uti,
1372 586 1444 626 frui,
1471 586 1569 630 potiri
1606 590 1638 619 et
1662 585 1804 629 gaudere
1829 584 1885 619 li-⁴

1130 640 1207 673 bere
1232 644 1265 673 et
1289 639 1375 673 licite
1396 639 1523 682 possint
1544 643 1576 672 et
1591 639 1728 678 valeant,
1747 638 1778 670 in
1798 648 1868 671 om-

1130 693 1224 726 nibus
1249 698 1281 726 et
1304 703 1362 736 per
1378 692 1493 732 omnia,
1513 692 1647 736 perinde
1665 703 1702 725 ae
1719 692 1744 724 si
1762 692 1866 725 dictae

1130 746 1380 789 Congregationi
1416 746 1597 786 Bavarieae,
1633 745 1768 790 eiusque
1799 755 1868 778 mo-

1131 799 1291 839 nasteriis,
1316 799 1474 840 eeclesiis,
1493 799 1672 839 abbatibus,
1699 798 1866 832 monachis

1130 858 1162 885 et
1196 853 1346 897 personis
1383 852 1570 885 huiusmodi
1608 852 1799 885 nominatim
1837 856 1870 885 et

1130 916 1279 949 expresse
1316 916 1470 938 concessa
1505 905 1651 945 fuissent,
1678 904 1869 938 auctoritate

1130 960 1316 1003 apostolica,
1335 964 1447 996 tenore
1460 958 1689 1002 praesentium,
1704 963 1867 1002 perpetuo

1130 1013 1336 1046 concedimus
1357 1017 1389 1045 et
1405 1012 1623 1054 indulgemus.

1173 1066 1187 1109 ἓ
1212 1065 1243 1098 9..
1270 1066 1489 1098 Decernentes
1515 1065 1644 1097 easdem
1678 1069 1869 1107 praesentes

1130 1120 1254 1153 litteras
1283 1128 1413 1162 semper
1445 1117 1571 1158 firmas,
1602 1117 1723 1151 validas
1748 1122 1780 1151 et
1804 1117 1871 1150 effi-

1129 1183 1220 1205 caces
1238 1171 1377 1204 existere
1397 1176 1428 1203 et
1447 1171 1525 1210 sore,
1540 1181 1685 1213 suosque
1702 1170 1869 1214 plenarios

1130 1231 1162 1258 et
1185 1225 1330 1268 integros
1355 1224 1487 1257 effectus
1512 1223 1621 1256 sortiri
1652 1228 1684 1256 et
1707 1223 1870 1265 obtinere,

1129 1289 1165 1311 ac
1184 1277 1260 1317 illis,
1274 1277 1313 1310 ad
1338 1287 1417 1320 quos
1442 1281 1568 1320 spectat
1592 1281 1623 1309 et
1644 1286 1702 1319 pro
1721 1281 1870 1320 tempore

1130 1331 1401 1375 quandocumque
1425 1329 1595 1372 spectabit,
1616 1329 1648 1361 in
1670 1328 1820 1362 omnihus
1840 1333 1873 1362 et

1131 1395 1189 1427 per
1213 1384 1320 1417 omnia
1334 1382 1523 1426 plenissime
1550 1381 1733 1425 suffragari,
1759 1381 1871 1425 sicque

1131 1438 1163 1470 iu
1195 1436 1382 1481 praemissis
1408 1446 1467 1479 per
1492 1445 1718 1479 quoscumque
1747 1435 1871 1468 iudices

1132 1490 1312 1524 ordinarios
1331 1495 1363 1522 et
1381 1489 1562 1531 delegatos,
1585 1487 1680 1521 etiam
1700 1498 1872 1521 causarum

1131 1543 1242 1587 palatii
1270 1542 1441 1586 apostolici
1467 1541 1640 1580 auditoreS,
1666 1550 1703 1573 ae
1720 1539 1752 1573 S.
1772 1539 1810 1573 R.
1833 1539 1868 1573 E.

1132 1598 1322 1637 cardinales,
1349 1596 1444 1629 etiam
1471 1596 1510 1628 de
1537 1595 1637 1627 latere
1668 1595 1803 1637 legatos,
1827 1593 1872 1626 vi-

1132 1652 1294 1693 celegatos
1326 1655 1358 1682 et
1388 1648 1480 1682 Sedis
1505 1647 1710 1691 Apostolieae
1742 1646 1873 1691 praedi-

1132 1709 1200 1737 ctae
1220 1703 1365 1742 nuncios,
1385 1701 1518 1734 iudicari
1537 1706 1569 1734 et
1587 1700 1714 1734 deliniri
1736 1700 1869 1738 debere,

1132 1767 1169 1790 ae
1194 1756 1323 1789 irritum
1350 1761 1382 1788 et
1406 1756 1504 1788 inane
1534 1754 1558 1787 si
1583 1765 1675 1787 secus
1696 1763 1795 1797 super
1819 1752 1871 1786 his

1907 1074 2025 1096 Clausal-20.

1133 1821 1149 1842 a
1175 1820 1348 1853 quoquam,
1368 1808 1481 1853 quavis
1501 1807 1706 1847 auctoritate,
1732 1806 1892 1839 scienter-

1134 1865 1182 1896 vel
1209 1863 1414 1905 ignoranter,
1442 1861 1618 1904 contigerit
1638 1859 1803 1893 attentari.

1176 1917 1191 1960 ἓ
1215 1916 1247 1950 3.
1278 1916 1348 1949 Non
1377 1915 1584 1948 obstantibus
1608 1913 1805 1958 praemissis,
1836 1924 1873 1947 ac

1134 1970 1246 2003 nostra
1265 1974 1297 2001 et
1313 1968 1526 2002 cancellariae
1541 1967 1740 2011 apostolicae
1758 1967 1872 2010 regula

1134 2024 1172 2056 de
1194 2033 1259 2055 uon
1281 2021 1500 2055 concedendis
1526 2020 1739 2063 indulgentiis
1763 2020 1801 2052 ad
1824 2019 1872 2052 in-

1133 2082 1205 2116 star,
1217 2087 1252 2108 ac
1267 2074 1555 2108 constitutionibus
1566 2079 1597 2107 et
1614 2072 1874 2107 ordinationibus

1133 2128 1332 2172 apostolicis,
1358 2128 1469 2161 aliisve
1506 2127 1678 2171 quibusvis,
1704 2127 1799 2160 etiam
1824 2126 1873 2158 iu-

1132 2187 1295 2221 ramento,
1321 2180 1567 2214 confirmatione
1604 2180 1800 2224 apostolica,
1825 2178 1872 2212 vel

1133 2234 1242 2277 quavis
1276 2234 1426 2267 firmitate
1459 2234 1521 2266 alia
1546 2233 1718 2273 roboratis,
1745 2232 1873 2265 statutis

1133 2294 1164 2321 et
1189 2287 1497 2326 consuetudinibus,
1524 2286 1700 2330 privilegiis
1725 2296 1871 2329 quoque,

1131 2341 1266 2374 indultis
1300 2346 1331 2373 et
1357 2340 1472 2373 litteris
1497 2340 1684 2383 apostolicis
1710 2339 1872 2372 seeundo-

1132 2395 1234 2427 dietae
1260 2392 1524 2437 Congregationi,
1552 2393 1706 2436 illiusque
1725 2392 1856 2435 superio

1132 2448 1221 2480 ribus
1241 2452 1271 2480 et
1297 2446 1456 2490 personis,
1476 2446 1506 2479 in
1534 2457 1652 2489 genere
1678 2447 1726 2479 vel
1745 2445 1777 2478 in
1797 2455 1872 2488 spe-

1131 2501 1187 2540 cie,
1214 2512 1250 2533 ac
1275 2500 1354 2533 alias
1379 2499 1438 2532 sub
1464 2499 1722 2543 quibuscumque
1750 2497 1871 2532 tenori-

1132 2555 1190 2586 bus
1210 2559 1241 2587 et
1258 2553 1366 2586 formis
1390 2563 1425 2585 ac
1443 2563 1514 2585 cum
1533 2552 1697 2596 quibusvis
1715 2551 1868 2585 clausulis

352 2608 524 2655 privilegio
560 2610 609 2642 vel
642 2609 853 2643 concessione
879 2608 1085 2653 apostoliea,
1131 2614 1161 2641 et
1186 2607 1324 2641 decretis
1344 2607 1439 2641 etiam
1461 2606 1585 2640 iteratis
1603 2605 1726 2640 vicibus
1744 2605 1777 2639 in
1794 2614 1870 2639 con·

1918 1920 2062 1941 cantariorum

1882 1947 2000 1972 derogatio.
