<?xml version="1.0" encoding="UTF-8"?>
<!DOCTYPE html PUBLIC "-//W3C//DTD XHTML 1.0 Transitional//EN"
    "http://www.w3.org/TR/xhtml1/DTD/xhtml1-transitional.dtd">
<html xmlns="http://www.w3.org/1999/xhtml" xml:lang="en" lang="en">
 <head>
  <title>
</title>
<meta http-equiv="Content-Type" content="text/html;charset=utf-8" />
  <meta name='ocr-system' content='tesseract 3.04.00' />
  <meta name='ocr-capabilities' content='ocr_page ocr_carea ocr_par ocr_line ocrx_word'/>
</head>
<body>
  <div class='ocr_page' id='page_1' title='image "./bullarumdiplomat19cath_0562.png"; bbox 0 0 2111 3157; ppageno 0'>
   <div class='ocr_carea' id='block_1_1' title="bbox 131 178 230 204">
    <p class='ocr_par' dir='ltr' id='par_1_1' title="bbox 131 178 230 204">
     <span class='ocr_line' id='line_1_1' title="bbox 131 178 230 204; baseline 0 0"><span class='ocrx_word' id='word_1_1' title='bbox 131 178 182 204; x_wconf 85' lang='grc' dir='ltr'><strong>Λ11.</strong></span> <span class='ocrx_word' id='word_1_2' title='bbox 204 182 230 204; x_wconf 67' lang='lat' dir='ltr'>t..</span> 
     </span>
    </p>
   </div>
   <div class='ocr_carea' id='block_1_2' title="bbox 260 177 321 203">
    <p class='ocr_par' dir='ltr' id='par_1_2' title="bbox 260 177 321 203">
     <span class='ocr_line' id='line_1_2' title="bbox 260 177 321 203; baseline -0.033 0"><span class='ocrx_word' id='word_1_3' title='bbox 260 177 321 203; x_wconf 67' lang='grc'><strong>-051</strong></span> 
     </span>
    </p>
   </div>
   <div class='ocr_carea' id='block_1_3' title="bbox 369 167 1267 198">
    <p class='ocr_par' dir='ltr' id='par_1_3' title="bbox 369 167 1267 198">
     <span class='ocr_line' id='line_1_3' title="bbox 369 167 1267 198; baseline 0.001 -3"><span class='ocrx_word' id='word_1_4' title='bbox 369 168 386 186; x_wconf 59' lang='grc'>“·</span> <span class='ocrx_word' id='word_1_5' title='bbox 401 167 432 195; x_wconf 64' lang='lat' dir='ltr'>‘l</span> <span class='ocrx_word' id='word_1_6' title='bbox 911 174 944 198; x_wconf 75' lang='lat' dir='ltr'>m</span> <span class='ocrx_word' id='word_1_7' title='bbox 955 172 1091 196; x_wconf 51' lang='lat' dir='ltr'>Ltizziru</span> <span class='ocrx_word' id='word_1_8' title='bbox 1118 172 1267 196; x_wconf 61' lang='lat' dir='ltr'>noiixxcu</span> 
     </span>
    </p>
   </div>
   <div class='ocr_carea' id='block_1_4' title="bbox 325 221 1064 955">
    <p class='ocr_par' dir='ltr' id='par_1_4' title="bbox 325 221 1064 955">
     <span class='ocr_line' id='line_1_4' title="bbox 325 221 1061 262; baseline -0.008 -4"><span class='ocrx_word' id='word_1_9' title='bbox 325 225 466 258; x_wconf 76' lang='lat' dir='ltr'>rentuali</span> <span class='ocrx_word' id='word_1_10' title='bbox 493 225 530 257; x_wconf 88' lang='lat' dir='ltr'>ad</span> <span class='ocrx_word' id='word_1_11' title='bbox 556 224 727 262; x_wconf 70' lang='lat' dir='ltr'>sinistram,</span> <span class='ocrx_word' id='word_1_12' title='bbox 754 227 786 255; x_wconf 92' lang='lat' dir='ltr'>et</span> <span class='ocrx_word' id='word_1_13' title='bbox 809 222 852 254; x_wconf 90' lang='lat' dir='ltr'>ita</span> <span class='ocrx_word' id='word_1_14' title='bbox 886 221 1061 262; x_wconf 59' lang='lat' dir='ltr'>deinceps,</span> 
     </span>
     <span class='ocr_line' id='line_1_5' title="bbox 325 274 1063 322; baseline -0.009 -10"><span class='ocrx_word' id='word_1_15' title='bbox 325 278 597 322; x_wconf 71' lang='lat' dir='ltr'>praecedentibus</span> <span class='ocrx_word' id='word_1_16' title='bbox 624 286 735 309; x_wconf 88' lang='lat' dir='ltr'>eorum</span> <span class='ocrx_word' id='word_1_17' title='bbox 754 275 934 317; x_wconf 68' lang='lat' dir='ltr'>respective</span> <span class='ocrx_word' id='word_1_18' title='bbox 960 274 1063 306; x_wconf 79' lang='lat' dir='ltr'>cruci-</span> 
     </span>
     <span class='ocr_line' id='line_1_6' title="bbox 325 326 1061 372; baseline -0.007 -8"><span class='ocrx_word' id='word_1_19' title='bbox 325 332 395 372; x_wconf 86' lang='lat' dir='ltr'>bus,</span> <span class='ocrx_word' id='word_1_20' title='bbox 415 331 545 363; x_wconf 77' lang='lat' dir='ltr'>fratrum</span> <span class='ocrx_word' id='word_1_21' title='bbox 564 330 601 362; x_wconf 90' lang='lat' dir='ltr'>dc</span> <span class='ocrx_word' id='word_1_22' title='bbox 619 327 829 361; x_wconf 71' lang='lat' dir='ltr'>Observantia</span> <span class='ocrx_word' id='word_1_23' title='bbox 853 327 1004 360; x_wconf 87' lang='lat' dir='ltr'>similiter</span> <span class='ocrx_word' id='word_1_24' title='bbox 1024 326 1061 359; x_wconf 89' lang='lat' dir='ltr'>ad</span> 
     </span>
     <span class='ocr_line' id='line_1_7' title="bbox 327 379 1062 420; baseline -0.007 -3"><span class='ocrx_word' id='word_1_25' title='bbox 327 385 483 420; x_wconf 81' lang='lat' dir='ltr'>dextram,</span> <span class='ocrx_word' id='word_1_26' title='bbox 508 383 639 415; x_wconf 83' lang='lat' dir='ltr'>fratrum</span> <span class='ocrx_word' id='word_1_27' title='bbox 664 385 769 413; x_wconf 86' lang='lat' dir='ltr'>autem</span> <span class='ocrx_word' id='word_1_28' title='bbox 795 379 1062 413; x_wconf 88' lang='lat' dir='ltr'>Conventualium</span> 
     </span>
     <span class='ocr_line' id='line_1_8' title="bbox 326 433 1062 476; baseline -0.007 -6"><span class='ocrx_word' id='word_1_29' title='bbox 326 438 364 470; x_wconf 86' lang='lat' dir='ltr'>ad</span> <span class='ocrx_word' id='word_1_30' title='bbox 396 436 580 474; x_wconf 77' lang='lat' dir='ltr'>sinistram,</span> <span class='ocrx_word' id='word_1_31' title='bbox 604 434 755 467; x_wconf 81' lang='lat' dir='ltr'>incedere</span> <span class='ocrx_word' id='word_1_32' title='bbox 781 434 946 473; x_wconf 85' lang='lat' dir='ltr'>solerent,</span> <span class='ocrx_word' id='word_1_33' title='bbox 972 433 1062 476; x_wconf 83' lang='lat' dir='ltr'>isque</span> 
     </span>
     <span class='ocr_line' id='line_1_9' title="bbox 326 486 1063 523; baseline -0.007 -1"><span class='ocrx_word' id='word_1_34' title='bbox 326 488 497 523; x_wconf 85' lang='lat' dir='ltr'>incedendi</span> <span class='ocrx_word' id='word_1_35' title='bbox 516 487 630 521; x_wconf 86' lang='lat' dir='ltr'>modus</span> <span class='ocrx_word' id='word_1_36' title='bbox 655 486 821 520; x_wconf 79' lang='lat' dir='ltr'>nonnullis</span> <span class='ocrx_word' id='word_1_37' title='bbox 845 486 1063 520; x_wconf 79' lang='lat' dir='ltr'>incommodis</span> 
     </span>
     <span class='ocr_line' id='line_1_10' title="bbox 326 540 1064 583; baseline -0.007 -7"><span class='ocrx_word' id='word_1_38' title='bbox 326 543 390 576; x_wconf 78' lang='lat' dir='ltr'>sive</span> <span class='ocrx_word' id='word_1_39' title='bbox 424 540 720 575; x_wconf 76' lang='lat' dir='ltr'>inordinationibus</span> <span class='ocrx_word' id='word_1_40' title='bbox 744 550 872 572; x_wconf 89' lang='lat' dir='ltr'>causam</span> <span class='ocrx_word' id='word_1_41' title='bbox 895 540 1064 583; x_wconf 80' lang='lat' dir='ltr'>praebuis-</span> 
     </span>
     <span class='ocr_line' id='line_1_11' title="bbox 325 593 1063 639; baseline -0.005 -10"><span class='ocrx_word' id='word_1_42' title='bbox 325 602 383 635; x_wconf 84' lang='lat' dir='ltr'>set,</span> <span class='ocrx_word' id='word_1_43' title='bbox 401 596 470 639; x_wconf 87' lang='lat' dir='ltr'>ipse</span> <span class='ocrx_word' id='word_1_44' title='bbox 489 594 638 627; x_wconf 86' lang='lat' dir='ltr'>minister</span> <span class='ocrx_word' id='word_1_45' title='bbox 656 593 818 637; x_wconf 76' lang='lat' dir='ltr'>generalis</span> <span class='ocrx_word' id='word_1_46' title='bbox 839 593 991 626; x_wconf 78' lang='lat' dir='ltr'>dilectum</span> <span class='ocrx_word' id='word_1_47' title='bbox 1009 605 1063 636; x_wconf 82' lang='lat' dir='ltr'>pa-</span> 
     </span>
     <span class='ocr_line' id='line_1_12' title="bbox 326 647 1063 690; baseline -0.004 -8"><span class='ocrx_word' id='word_1_48' title='bbox 326 650 404 682; x_wconf 86' lang='lat' dir='ltr'>riter</span> <span class='ocrx_word' id='word_1_49' title='bbox 427 649 527 682; x_wconf 83' lang='lat' dir='ltr'>silium</span> <span class='ocrx_word' id='word_1_50' title='bbox 553 648 747 683; x_wconf 83' lang='lat' dir='ltr'>modernum</span> <span class='ocrx_word' id='word_1_51' title='bbox 764 647 946 679; x_wconf 87' lang='lat' dir='ltr'>ministrum</span> <span class='ocrx_word' id='word_1_52' title='bbox 965 657 1063 690; x_wconf 81' lang='lat' dir='ltr'>gene-</span> 
     </span>
     <span class='ocr_line' id='line_1_13' title="bbox 325 699 1061 737; baseline -0.004 -2"><span class='ocrx_word' id='word_1_53' title='bbox 325 704 425 735; x_wconf 83' lang='lat' dir='ltr'>ralem</span> <span class='ocrx_word' id='word_1_54' title='bbox 450 701 578 737; x_wconf 75' lang='lat' dir='ltr'>Ordinis</span> <span class='ocrx_word' id='word_1_55' title='bbox 611 702 745 733; x_wconf 79' lang='lat' dir='ltr'>flatrum</span> <span class='ocrx_word' id='word_1_56' title='bbox 779 700 935 733; x_wconf 82' lang='lat' dir='ltr'>Minorum</span> <span class='ocrx_word' id='word_1_57' title='bbox 961 699 1061 733; x_wconf 84' lang='lat' dir='ltr'>sancti</span> 
     </span>
     <span class='ocr_line' id='line_1_14' title="bbox 327 754 1061 797; baseline -0.004 -9"><span class='ocrx_word' id='word_1_58' title='bbox 327 755 488 788; x_wconf 78' lang='lat' dir='ltr'>Francisci</span> <span class='ocrx_word' id='word_1_59' title='bbox 507 755 545 787; x_wconf 90' lang='lat' dir='ltr'>de</span> <span class='ocrx_word' id='word_1_60' title='bbox 562 754 775 788; x_wconf 79' lang='lat' dir='ltr'>Observantia</span> <span class='ocrx_word' id='word_1_61' title='bbox 801 759 1061 797; x_wconf 78' lang='lat' dir='ltr'>nuncupatorum</span> 
     </span>
     <span class='ocr_line' id='line_1_15' title="bbox 325 806 1063 850; baseline -0.004 -9"><span class='ocrx_word' id='word_1_62' title='bbox 325 807 536 842; x_wconf 83' lang='lat' dir='ltr'>amicabiliter</span> <span class='ocrx_word' id='word_1_63' title='bbox 570 807 740 850; x_wconf 71' lang='lat' dir='ltr'>requisivit</span> <span class='ocrx_word' id='word_1_64' title='bbox 782 811 816 839; x_wconf 90' lang='lat' dir='ltr'>ut</span> <span class='ocrx_word' id='word_1_65' title='bbox 848 806 1063 840; x_wconf 67' lang='lat' dir='ltr'>incommodis</span> 
     </span>
     <span class='ocr_line' id='line_1_16' title="bbox 326 859 1062 904; baseline -0.003 -9"><span class='ocrx_word' id='word_1_66' title='bbox 326 861 510 895; x_wconf 80' lang='lat' dir='ltr'>huiusmodi</span> <span class='ocrx_word' id='word_1_67' title='bbox 533 862 717 904; x_wconf 76' lang='lat' dir='ltr'>opportuna</span> <span class='ocrx_word' id='word_1_68' title='bbox 743 859 853 903; x_wconf 79' lang='lat' dir='ltr'>aliqua</span> <span class='ocrx_word' id='word_1_69' title='bbox 877 859 1062 903; x_wconf 71' lang='lat' dir='ltr'>provisione</span> 
     </span>
     <span class='ocr_line' id='line_1_17' title="bbox 325 912 1062 955; baseline -0.005 -7"><span class='ocrx_word' id='word_1_70' title='bbox 325 925 496 948; x_wconf 84' lang='lat' dir='ltr'>occurrere</span> <span class='ocrx_word' id='word_1_71' title='bbox 513 915 623 954; x_wconf 60' lang='lat' dir='ltr'>vellet,</span> <span class='ocrx_word' id='word_1_72' title='bbox 635 913 810 952; x_wconf 87' lang='lat' dir='ltr'>unde‚cum</span> <span class='ocrx_word' id='word_1_73' title='bbox 826 912 1062 955; x_wconf 68' lang='lat' dir='ltr'>approbatione</span> 
     </span>
    </p>
   </div>
   <div class='ocr_carea' id='block_1_5' title="bbox 325 965 1064 1008">
    <p class='ocr_par' dir='ltr' id='par_1_5' title="bbox 325 965 1064 1008">
     <span class='ocr_line' id='line_1_18' title="bbox 325 965 1064 1008; baseline -0.004 -7"><span class='ocrx_word' id='word_1_74' title='bbox 325 975 356 1001; x_wconf 82' lang='lat' dir='ltr'>ct</span> <span class='ocrx_word' id='word_1_75' title='bbox 380 978 541 1001; x_wconf 79' lang='lat' dir='ltr'>consensu</span> <span class='ocrx_word' id='word_1_76' title='bbox 569 967 738 1001; x_wconf 83' lang='lat' dir='ltr'>amborum</span> <span class='ocrx_word' id='word_1_77' title='bbox 765 965 987 999; x_wconf 86' lang='lat' dir='ltr'>ministrorum</span> <span class='ocrx_word' id='word_1_78' title='bbox 1014 976 1064 1008; x_wconf 77' lang='lat' dir='ltr'>ge-</span> 
     </span>
    </p>
   </div>
   <div class='ocr_carea' id='block_1_6' title="bbox 321 1018 1063 2338">
    <p class='ocr_par' dir='ltr' id='par_1_6' title="bbox 321 1018 1063 2338">
     <span class='ocr_line' id='line_1_19' title="bbox 325 1018 1061 1063; baseline -0.005 -9"><span class='ocrx_word' id='word_1_79' title='bbox 325 1021 484 1054; x_wconf 86' lang='lat' dir='ltr'>neralium</span> <span class='ocrx_word' id='word_1_80' title='bbox 512 1020 740 1063; x_wconf 70' lang='lat' dir='ltr'>praefatorum,</span> <span class='ocrx_word' id='word_1_81' title='bbox 760 1019 869 1052; x_wconf 88' lang='lat' dir='ltr'>dilecti</span> <span class='ocrx_word' id='word_1_82' title='bbox 888 1019 983 1052; x_wconf 86' lang='lat' dir='ltr'>etiam</span> <span class='ocrx_word' id='word_1_83' title='bbox 1005 1018 1061 1052; x_wconf 76' lang='lat' dir='ltr'>filii</span> 
     </span>
     <span class='ocr_line' id='line_1_20' title="bbox 324 1072 1062 1118; baseline -0.004 -12"><span class='ocrx_word' id='word_1_84' title='bbox 324 1079 552 1118; x_wconf 79' lang='lat' dir='ltr'>procuratores</span> <span class='ocrx_word' id='word_1_85' title='bbox 579 1074 748 1115; x_wconf 75' lang='lat' dir='ltr'>generales</span> <span class='ocrx_word' id='word_1_86' title='bbox 785 1072 947 1105; x_wconf 86' lang='lat' dir='ltr'>dictorum</span> <span class='ocrx_word' id='word_1_87' title='bbox 977 1072 1062 1105; x_wconf 85' lang='lat' dir='ltr'>Ordi-</span> 
     </span>
     <span class='ocr_line' id='line_1_21' title="bbox 325 1126 1060 1170; baseline -0.004 -10"><span class='ocrx_word' id='word_1_88' title='bbox 325 1138 402 1161; x_wconf 85' lang='lat' dir='ltr'>num</span> <span class='ocrx_word' id='word_1_89' title='bbox 429 1127 609 1170; x_wconf 80' lang='lat' dir='ltr'>respective</span> <span class='ocrx_word' id='word_1_90' title='bbox 635 1127 674 1159; x_wconf 87' lang='lat' dir='ltr'>ad</span> <span class='ocrx_word' id='word_1_91' title='bbox 693 1126 898 1159; x_wconf 81' lang='lat' dir='ltr'>amicabilem</span> <span class='ocrx_word' id='word_1_92' title='bbox 924 1126 1010 1158; x_wconf 87' lang='lat' dir='ltr'>inter</span> <span class='ocrx_word' id='word_1_93' title='bbox 1027 1136 1060 1158; x_wconf 88' lang='lat' dir='ltr'>se</span> 
     </span>
     <span class='ocr_line' id='line_1_22' title="bbox 325 1178 1061 1218; baseline -0.001 -5"><span class='ocrx_word' id='word_1_94' title='bbox 325 1180 576 1213; x_wconf 75' lang='lat' dir='ltr'>conventionem</span> <span class='ocrx_word' id='word_1_95' title='bbox 602 1179 814 1218; x_wconf 77' lang='lat' dir='ltr'>devenerunt,</span> <span class='ocrx_word' id='word_1_96' title='bbox 836 1182 869 1212; x_wconf 87' lang='lat' dir='ltr'>ut</span> <span class='ocrx_word' id='word_1_97' title='bbox 890 1178 928 1212; x_wconf 88' lang='lat' dir='ltr'>de</span> <span class='ocrx_word' id='word_1_98' title='bbox 954 1184 1061 1212; x_wconf 85' lang='lat' dir='ltr'>cetero</span> 
     </span>
     <span class='ocr_line' id='line_1_23' title="bbox 324 1232 1061 1276; baseline -0.003 -10"><span class='ocrx_word' id='word_1_99' title='bbox 324 1234 357 1266; x_wconf 91' lang='lat' dir='ltr'>in</span> <span class='ocrx_word' id='word_1_100' title='bbox 390 1232 655 1276; x_wconf 73' lang='lat' dir='ltr'>processionibus</span> <span class='ocrx_word' id='word_1_101' title='bbox 688 1232 894 1270; x_wconf 79' lang='lat' dir='ltr'>huiusmodi,</span> <span class='ocrx_word' id='word_1_102' title='bbox 922 1242 1003 1274; x_wconf 85' lang='lat' dir='ltr'>quae</span> <span class='ocrx_word' id='word_1_103' title='bbox 1031 1232 1061 1264; x_wconf 93' lang='lat' dir='ltr'>in</span> 
     </span>
     <span class='ocr_line' id='line_1_24' title="bbox 324 1285 1060 1325; baseline -0.004 -5"><span class='ocrx_word' id='word_1_104' title='bbox 324 1287 408 1320; x_wconf 75' lang='lat' dir='ltr'>dicta</span> <span class='ocrx_word' id='word_1_105' title='bbox 426 1286 552 1319; x_wconf 85' lang='lat' dir='ltr'>civitate</span> <span class='ocrx_word' id='word_1_106' title='bbox 572 1285 799 1325; x_wconf 79' lang='lat' dir='ltr'>Aversanensi,</span> <span class='ocrx_word' id='word_1_107' title='bbox 817 1285 881 1317; x_wconf 81' lang='lat' dir='ltr'>sire</span> <span class='ocrx_word' id='word_1_108' title='bbox 895 1285 979 1317; x_wconf 87' lang='lat' dir='ltr'>intra</span> <span class='ocrx_word' id='word_1_109' title='bbox 995 1285 1060 1317; x_wconf 79' lang='lat' dir='ltr'>sire</span> 
     </span>
     <span class='ocr_line' id='line_1_25' title="bbox 325 1337 1062 1380; baseline -0.004 -8"><span class='ocrx_word' id='word_1_110' title='bbox 325 1346 416 1373; x_wconf 79' lang='lat' dir='ltr'>extra</span> <span class='ocrx_word' id='word_1_111' title='bbox 441 1339 527 1372; x_wconf 85' lang='lat' dir='ltr'>illius</span> <span class='ocrx_word' id='word_1_112' title='bbox 552 1349 674 1379; x_wconf 87' lang='lat' dir='ltr'>muros,</span> <span class='ocrx_word' id='word_1_113' title='bbox 695 1338 782 1378; x_wconf 81' lang='lat' dir='ltr'>sient,</span> <span class='ocrx_word' id='word_1_114' title='bbox 807 1343 839 1370; x_wconf 88' lang='lat' dir='ltr'>et</span> <span class='ocrx_word' id='word_1_115' title='bbox 864 1337 982 1380; x_wconf 87' lang='lat' dir='ltr'>quibus</span> <span class='ocrx_word' id='word_1_116' title='bbox 1002 1338 1062 1370; x_wconf 73' lang='lat' dir='ltr'>sra-</span> 
     </span>
     <span class='ocr_line' id='line_1_26' title="bbox 327 1391 1063 1434; baseline -0.001 -9"><span class='ocrx_word' id='word_1_117' title='bbox 327 1399 390 1426; x_wconf 84' lang='lat' dir='ltr'>tres</span> <span class='ocrx_word' id='word_1_118' title='bbox 417 1393 585 1425; x_wconf 80' lang='lat' dir='ltr'>amborum</span> <span class='ocrx_word' id='word_1_119' title='bbox 610 1392 763 1424; x_wconf 87' lang='lat' dir='ltr'>Ordinum</span> <span class='ocrx_word' id='word_1_120' title='bbox 778 1392 998 1434; x_wconf 68' lang='lat' dir='ltr'>praelatorum</span> <span class='ocrx_word' id='word_1_121' title='bbox 1016 1391 1063 1424; x_wconf 90' lang='lat' dir='ltr'>in-</span> 
     </span>
     <span class='ocr_line' id='line_1_27' title="bbox 325 1443 1062 1487; baseline -0.003 -9"><span class='ocrx_word' id='word_1_122' title='bbox 325 1451 445 1478; x_wconf 70' lang='lat' dir='ltr'>teresse</span> <span class='ocrx_word' id='word_1_123' title='bbox 471 1445 652 1483; x_wconf 82' lang='lat' dir='ltr'>debebunt,</span> <span class='ocrx_word' id='word_1_124' title='bbox 673 1444 839 1487; x_wconf 83' lang='lat' dir='ltr'>utriusque</span> <span class='ocrx_word' id='word_1_125' title='bbox 857 1443 986 1477; x_wconf 80' lang='lat' dir='ltr'>Ordinis</span> <span class='ocrx_word' id='word_1_126' title='bbox 1004 1444 1062 1476; x_wconf 86' lang='grc'><strong>1111-</strong></span> 
     </span>
     <span class='ocr_line' id='line_1_28' title="bbox 323 1497 1059 1540; baseline -0.003 -8"><span class='ocrx_word' id='word_1_127' title='bbox 323 1498 460 1532; x_wconf 83' lang='lat' dir='ltr'>iusmodi</span> <span class='ocrx_word' id='word_1_128' title='bbox 477 1498 681 1537; x_wconf 84' lang='lat' dir='ltr'>s1·atres‚non</span> <span class='ocrx_word' id='word_1_129' title='bbox 697 1497 835 1540; x_wconf 87' lang='lat' dir='ltr'>amplius</span> <span class='ocrx_word' id='word_1_130' title='bbox 853 1497 1059 1537; x_wconf 84' lang='lat' dir='ltr'>coniunctim,</span> 
     </span>
     <span class='ocr_line' id='line_1_29' title="bbox 323 1550 1061 1594; baseline -0.001 -9"><span class='ocrx_word' id='word_1_131' title='bbox 323 1553 380 1586; x_wconf 85' lang='lat' dir='ltr'>sed</span> <span class='ocrx_word' id='word_1_132' title='bbox 401 1562 559 1591; x_wconf 82' lang='lat' dir='ltr'>scorsum,</span> <span class='ocrx_word' id='word_1_133' title='bbox 577 1551 714 1594; x_wconf 81' lang='lat' dir='ltr'>quilibet</span> <span class='ocrx_word' id='word_1_134' title='bbox 739 1551 798 1583; x_wconf 89' lang='lat' dir='ltr'>sub</span> <span class='ocrx_word' id='word_1_135' title='bbox 816 1550 950 1593; x_wconf 83' lang='lat' dir='ltr'>propria</span> <span class='ocrx_word' id='word_1_136' title='bbox 968 1561 1061 1584; x_wconf 86' lang='lat' dir='ltr'>cruce</span> 
     </span>
     <span class='ocr_line' id='line_1_30' title="bbox 322 1603 1061 1647; baseline -0.003 -9"><span class='ocrx_word' id='word_1_137' title='bbox 322 1605 493 1645; x_wconf 85' lang='lat' dir='ltr'>incedant;</span> <span class='ocrx_word' id='word_1_138' title='bbox 512 1608 543 1637; x_wconf 85' lang='lat' dir='ltr'>et</span> <span class='ocrx_word' id='word_1_139' title='bbox 560 1604 664 1647; x_wconf 85' lang='lat' dir='ltr'>quoad</span> <span class='ocrx_word' id='word_1_140' title='bbox 681 1603 944 1647; x_wconf 78' lang='lat' dir='ltr'>praecedentiam</span> <span class='ocrx_word' id='word_1_141' title='bbox 962 1614 1061 1636; x_wconf 77' lang='lat' dir='ltr'>serre·</span> 
     </span>
     <span class='ocr_line' id='line_1_31' title="bbox 324 1657 1062 1700; baseline -0.004 -9"><span class='ocrx_word' id='word_1_142' title='bbox 324 1665 375 1691; x_wconf 87' lang='lat' dir='ltr'>tur</span> <span class='ocrx_word' id='word_1_143' title='bbox 399 1658 482 1691; x_wconf 85' lang='lat' dir='ltr'>inter</span> <span class='ocrx_word' id='word_1_144' title='bbox 507 1667 562 1690; x_wconf 83' lang='lat' dir='ltr'>eos</span> <span class='ocrx_word' id='word_1_145' title='bbox 589 1657 788 1696; x_wconf 66' lang='lat' dir='ltr'>alternatim,</span> <span class='ocrx_word' id='word_1_146' title='bbox 815 1657 895 1688; x_wconf 87' lang='lat' dir='ltr'>itaut</span> <span class='ocrx_word' id='word_1_147' title='bbox 911 1667 975 1689; x_wconf 92' lang='lat' dir='ltr'>uno</span> <span class='ocrx_word' id='word_1_148' title='bbox 993 1657 1062 1700; x_wconf 85' lang='lat' dir='ltr'>qui-</span> 
     </span>
     <span class='ocr_line' id='line_1_32' title="bbox 323 1709 1061 1745; baseline -0.004 0"><span class='ocrx_word' id='word_1_149' title='bbox 323 1713 396 1745; x_wconf 89' lang='lat' dir='ltr'>dem</span> <span class='ocrx_word' id='word_1_150' title='bbox 430 1721 515 1744; x_wconf 89' lang='lat' dir='ltr'>anno</span> <span class='ocrx_word' id='word_1_151' title='bbox 548 1711 660 1743; x_wconf 79' lang='lat' dir='ltr'>fratres</span> <span class='ocrx_word' id='word_1_152' title='bbox 693 1711 733 1743; x_wconf 91' lang='lat' dir='ltr'>de</span> <span class='ocrx_word' id='word_1_153' title='bbox 768 1709 979 1744; x_wconf 84' lang='lat' dir='ltr'>Observantia</span> <span class='ocrx_word' id='word_1_154' title='bbox 1004 1710 1061 1743; x_wconf 83' lang='lat' dir='ltr'>sub</span> 
     </span>
     <span class='ocr_line' id='line_1_33' title="bbox 322 1763 1061 1808; baseline -0.003 -11"><span class='ocrx_word' id='word_1_155' title='bbox 322 1764 455 1808; x_wconf 75' lang='lat' dir='ltr'>propria</span> <span class='ocrx_word' id='word_1_156' title='bbox 469 1774 577 1804; x_wconf 87' lang='lat' dir='ltr'>cruce,</span> <span class='ocrx_word' id='word_1_157' title='bbox 591 1765 695 1796; x_wconf 88' lang='lat' dir='ltr'>altero</span> <span class='ocrx_word' id='word_1_158' title='bbox 717 1769 823 1796; x_wconf 80' lang='lat' dir='ltr'>autem</span> <span class='ocrx_word' id='word_1_159' title='bbox 850 1764 963 1796; x_wconf 80' lang='lat' dir='ltr'>fratres</span> <span class='ocrx_word' id='word_1_160' title='bbox 981 1763 1061 1797; x_wconf 86' lang='lat' dir='ltr'>Con-</span> 
     </span>
     <span class='ocr_line' id='line_1_34' title="bbox 322 1817 1062 1860; baseline -0.003 -9"><span class='ocrx_word' id='word_1_161' title='bbox 322 1819 489 1852; x_wconf 79' lang='lat' dir='ltr'>ventuales</span> <span class='ocrx_word' id='word_1_162' title='bbox 515 1817 627 1850; x_wconf 85' lang='lat' dir='ltr'>itidem</span> <span class='ocrx_word' id='word_1_163' title='bbox 649 1817 708 1849; x_wconf 87' lang='lat' dir='ltr'>sub</span> <span class='ocrx_word' id='word_1_164' title='bbox 734 1817 867 1860; x_wconf 74' lang='lat' dir='ltr'>propria</span> <span class='ocrx_word' id='word_1_165' title='bbox 892 1827 989 1849; x_wconf 85' lang='lat' dir='ltr'>cruce</span> <span class='ocrx_word' id='word_1_166' title='bbox 1016 1827 1062 1849; x_wconf 89' lang='lat' dir='ltr'>re-</span> 
     </span>
     <span class='ocr_line' id='line_1_35' title="bbox 322 1869 1061 1915; baseline -0.003 -11"><span class='ocrx_word' id='word_1_167' title='bbox 322 1871 461 1915; x_wconf 79' lang='lat' dir='ltr'>spective</span> <span class='ocrx_word' id='word_1_168' title='bbox 488 1870 702 1914; x_wconf 71' lang='lat' dir='ltr'>1111·aeccdant·,</span> <span class='ocrx_word' id='word_1_169' title='bbox 726 1869 843 1913; x_wconf 79' lang='lat' dir='ltr'>hicque</span> <span class='ocrx_word' id='word_1_170' title='bbox 864 1870 945 1903; x_wconf 82' lang='lat' dir='ltr'>ordo</span> <span class='ocrx_word' id='word_1_171' title='bbox 971 1880 1061 1913; x_wconf 88' lang='lat' dir='ltr'>prae-</span> 
     </span>
     <span class='ocr_line' id='line_1_36' title="bbox 322 1922 1060 1958; baseline -0.005 0"><span class='ocrx_word' id='word_1_172' title='bbox 322 1924 490 1958; x_wconf 87' lang='lat' dir='ltr'>cedentiae</span> <span class='ocrx_word' id='word_1_173' title='bbox 515 1923 634 1956; x_wconf 88' lang='lat' dir='ltr'>servari</span> <span class='ocrx_word' id='word_1_174' title='bbox 657 1923 751 1956; x_wconf 85' lang='lat' dir='ltr'>etiam</span> <span class='ocrx_word' id='word_1_175' title='bbox 779 1923 897 1956; x_wconf 88' lang='lat' dir='ltr'>debeat</span> <span class='ocrx_word' id='word_1_176' title='bbox 921 1922 952 1954; x_wconf 94' lang='lat' dir='ltr'>in</span> <span class='ocrx_word' id='word_1_177' title='bbox 978 1933 1060 1955; x_wconf 86' lang='lat' dir='ltr'>asso·</span> 
     </span>
     <span class='ocr_line' id='line_1_37' title="bbox 321 1975 1060 2018; baseline -0.004 -8"><span class='ocrx_word' id='word_1_178' title='bbox 321 1977 459 2010; x_wconf 87' lang='lat' dir='ltr'>ciatione</span> <span class='ocrx_word' id='word_1_179' title='bbox 475 1977 666 2009; x_wconf 84' lang='lat' dir='ltr'>cadaverum</span> <span class='ocrx_word' id='word_1_180' title='bbox 684 1976 722 2009; x_wconf 89' lang='lat' dir='ltr'>ad</span> <span class='ocrx_word' id='word_1_181' title='bbox 745 1975 906 2014; x_wconf 83' lang='lat' dir='ltr'>ecclesias,</span> <span class='ocrx_word' id='word_1_182' title='bbox 926 1975 964 2007; x_wconf 87' lang='lat' dir='ltr'>ad</span> <span class='ocrx_word' id='word_1_183' title='bbox 982 1985 1060 2018; x_wconf 85' lang='lat' dir='ltr'>quas</span> 
     </span>
     <span class='ocr_line' id='line_1_38' title="bbox 321 2028 1060 2074; baseline -0.003 -12"><span class='ocrx_word' id='word_1_184' title='bbox 321 2029 608 2074; x_wconf 81' lang='lat' dir='ltr'>processionaliter</span> <span class='ocrx_word' id='word_1_185' title='bbox 630 2029 864 2072; x_wconf 85' lang='lat' dir='ltr'>portabuntur;</span> <span class='ocrx_word' id='word_1_186' title='bbox 896 2028 923 2060; x_wconf 90' lang='lat' dir='ltr'>si</span> <span class='ocrx_word' id='word_1_187' title='bbox 955 2034 1060 2062; x_wconf 84' lang='lat' dir='ltr'>autem</span> 
     </span>
     <span class='ocr_line' id='line_1_39' title="bbox 322 2081 1060 2126; baseline -0.004 -10"><span class='ocrx_word' id='word_1_188' title='bbox 322 2083 455 2126; x_wconf 82' lang='lat' dir='ltr'>aliquod</span> <span class='ocrx_word' id='word_1_189' title='bbox 481 2083 617 2116; x_wconf 84' lang='lat' dir='ltr'>cadaver</span> <span class='ocrx_word' id='word_1_190' title='bbox 642 2082 675 2115; x_wconf 90' lang='lat' dir='ltr'>in</span> <span class='ocrx_word' id='word_1_191' title='bbox 694 2082 832 2115; x_wconf 77' lang='lat' dir='ltr'>ecclesia</span> <span class='ocrx_word' id='word_1_192' title='bbox 857 2082 988 2114; x_wconf 80' lang='lat' dir='ltr'>fratrum</span> <span class='ocrx_word' id='word_1_193' title='bbox 1003 2081 1060 2113; x_wconf 84' lang='lat' dir='ltr'>ali-</span> 
     </span>
     <span class='ocr_line' id='line_1_40' title="bbox 322 2134 1059 2178; baseline -0.003 -8"><span class='ocrx_word' id='word_1_194' title='bbox 322 2136 410 2170; x_wconf 92' lang='lat' dir='ltr'>cuius</span> <span class='ocrx_word' id='word_1_195' title='bbox 436 2147 473 2170; x_wconf 80' lang='lat' dir='ltr'>ex</span> <span class='ocrx_word' id='word_1_196' title='bbox 500 2136 593 2169; x_wconf 90' lang='lat' dir='ltr'>dictis</span> <span class='ocrx_word' id='word_1_197' title='bbox 628 2135 803 2169; x_wconf 85' lang='lat' dir='ltr'>Ordinibus</span> <span class='ocrx_word' id='word_1_198' title='bbox 832 2134 1059 2178; x_wconf 81' lang='lat' dir='ltr'>sepeliendum</span> 
     </span>
     <span class='ocr_line' id='line_1_41' title="bbox 321 2188 1058 2232; baseline -0.003 -10"><span class='ocrx_word' id='word_1_199' title='bbox 321 2189 437 2229; x_wconf 81' lang='lat' dir='ltr'>fuerit,</span> <span class='ocrx_word' id='word_1_200' title='bbox 470 2190 575 2222; x_wconf 88' lang='lat' dir='ltr'>honor</span> <span class='ocrx_word' id='word_1_201' title='bbox 612 2189 865 2232; x_wconf 80' lang='lat' dir='ltr'>praecedentiae</span> <span class='ocrx_word' id='word_1_202' title='bbox 904 2188 1058 2220; x_wconf 76' lang='lat' dir='ltr'>fratribus</span> 
     </span>
     <span class='ocr_line' id='line_1_42' title="bbox 323 2240 1059 2283; baseline -0.003 -9"><span class='ocrx_word' id='word_1_203' title='bbox 323 2243 440 2275; x_wconf 82' lang='lat' dir='ltr'>exteris</span> <span class='ocrx_word' id='word_1_204' title='bbox 464 2242 641 2283; x_wconf 84' lang='lat' dir='ltr'>tribuatur·‚</span> <span class='ocrx_word' id='word_1_205' title='bbox 665 2242 697 2274; x_wconf 88' lang='lat' dir='ltr'>in</span> <span class='ocrx_word' id='word_1_206' title='bbox 719 2241 868 2274; x_wconf 73' lang='lat' dir='ltr'>omnibus</span> <span class='ocrx_word' id='word_1_207' title='bbox 889 2251 962 2274; x_wconf 87' lang='lat' dir='ltr'>vero</span> <span class='ocrx_word' id='word_1_208' title='bbox 988 2240 1059 2274; x_wconf 83' lang='lat' dir='ltr'>aliis</span> 
     </span>
     <span class='ocr_line' id='line_1_43' title="bbox 322 2294 1059 2338; baseline -0.004 -10"><span class='ocrx_word' id='word_1_209' title='bbox 322 2295 544 2328; x_wconf 84' lang='lat' dir='ltr'>functionibus</span> <span class='ocrx_word' id='word_1_210' title='bbox 576 2306 657 2338; x_wconf 84' lang='lat' dir='ltr'>quae</span> <span class='ocrx_word' id='word_1_211' title='bbox 684 2295 817 2328; x_wconf 72' lang='lat' dir='ltr'>lbrlssall]</span> <span class='ocrx_word' id='word_1_212' title='bbox 843 2294 1059 2338; x_wconf 74' lang='lat' dir='ltr'>processionis</span> 
     </span>
    </p>
   </div>
   <div class='ocr_carea' id='block_1_7' title="bbox 321 2347 1082 2391">
    <p class='ocr_par' dir='ltr' id='par_1_7' title="bbox 321 2347 1082 2391">
     <span class='ocr_line' id='line_1_44' title="bbox 321 2347 1082 2391; baseline -0.004 -10"><span class='ocrx_word' id='word_1_213' title='bbox 321 2358 386 2381; x_wconf 89' lang='lat' dir='ltr'>non</span> <span class='ocrx_word' id='word_1_214' title='bbox 402 2347 562 2389; x_wconf 49' lang='lat' dir='ltr'>habeants,</span> <span class='ocrx_word' id='word_1_215' title='bbox 578 2353 608 2380; x_wconf 79' lang='lat' dir='ltr'>et</span> <span class='ocrx_word' id='word_1_216' title='bbox 623 2349 739 2391; x_wconf 79' lang='lat' dir='ltr'>quibus</span> <span class='ocrx_word' id='word_1_217' title='bbox 758 2348 871 2381; x_wconf 82' lang='lat' dir='ltr'>fratres</span> <span class='ocrx_word' id='word_1_218' title='bbox 890 2347 1059 2390; x_wconf 78' lang='lat' dir='ltr'>utriusque</span> <span class='ocrx_word' id='word_1_219' title='bbox 1080 2384 1082 2388; x_wconf 37' lang='grc' dir='ltr'>Ι</span> 
     </span>
    </p>
   </div>
   <div class='ocr_carea' id='block_1_8' title="bbox 321 2395 1060 2607">
    <p class='ocr_par' dir='ltr' id='par_1_8' title="bbox 321 2395 1059 2443">
     <span class='ocr_line' id='line_1_45' title="bbox 321 2395 1059 2443; baseline -0.003 -9"><span class='ocrx_word' id='word_1_220' title='bbox 321 2401 450 2435; x_wconf 83' lang='lat' dir='ltr'>Ordinis</span> <span class='ocrx_word' id='word_1_221' title='bbox 483 2412 549 2434; x_wconf 81' lang='lat' dir='ltr'>non</span> <span class='ocrx_word' id='word_1_222' title='bbox 576 2402 888 2443; x_wconf 78' lang='lat' dir='ltr'>processionaliter,</span> <span class='ocrx_word' id='word_1_223' title='bbox 915 2395 969 2433; x_wconf 82' lang='lat' dir='ltr'>sed</span> <span class='ocrx_word' id='word_1_224' title='bbox 996 2400 1059 2432; x_wconf 87' lang='lat' dir='ltr'>alio</span> 
     </span>
    </p>

    <p class='ocr_par' dir='ltr' id='par_1_9' title="bbox 323 2454 1060 2498">
     <span class='ocr_line' id='line_1_46' title="bbox 323 2454 1060 2498; baseline -0.003 -11"><span class='ocrx_word' id='word_1_225' title='bbox 323 2455 414 2488; x_wconf 85' lang='lat' dir='ltr'>titulo</span> <span class='ocrx_word' id='word_1_226' title='bbox 429 2455 644 2494; x_wconf 68' lang='lat' dir='ltr'>interfuerint,</span> <span class='ocrx_word' id='word_1_227' title='bbox 664 2455 727 2488; x_wconf 77' lang='lat' dir='ltr'>sire</span> <span class='ocrx_word' id='word_1_228' title='bbox 746 2455 895 2498; x_wconf 82' lang='lat' dir='ltr'>publicae</span> <span class='ocrx_word' id='word_1_229' title='bbox 914 2454 980 2487; x_wconf 78' lang='lat' dir='ltr'>sive</span> <span class='ocrx_word' id='word_1_230' title='bbox 995 2454 1060 2497; x_wconf 87' lang='lat' dir='ltr'>pri-</span> 
     </span>
    </p>

    <p class='ocr_par' dir='ltr' id='par_1_10' title="bbox 322 2507 1060 2607">
     <span class='ocr_line' id='line_1_47' title="bbox 322 2507 1060 2550; baseline -0.003 -9"><span class='ocrx_word' id='word_1_231' title='bbox 322 2516 412 2543; x_wconf 69' lang='lat' dir='ltr'>vatae</span> <span class='ocrx_word' id='word_1_232' title='bbox 438 2509 565 2546; x_wconf 77' lang='lat' dir='ltr'>suerint,</span> <span class='ocrx_word' id='word_1_233' title='bbox 593 2510 705 2541; x_wconf 74' lang='lat' dir='ltr'>tratres</span> <span class='ocrx_word' id='word_1_234' title='bbox 731 2508 969 2541; x_wconf 70' lang='lat' dir='ltr'>Conventuales</span> <span class='ocrx_word' id='word_1_235' title='bbox 995 2507 1060 2550; x_wconf 86' lang='lat' dir='ltr'>pri-</span> 
     </span>
     <span class='ocr_line' id='line_1_48' title="bbox 359 2570 890 2607; baseline -0.009 -5"><span class='ocrx_word' id='word_1_236' title='bbox 359 2573 370 2602; x_wconf 84' lang='lat'>1</span> <span class='ocrx_word' id='word_1_237' title='bbox 393 2571 464 2600; x_wconf 78' lang='lat' dir='ltr'>Edit.</span> <span class='ocrx_word' id='word_1_238' title='bbox 485 2571 562 2599; x_wconf 71' lang='lat' dir='ltr'>Mani.</span> <span class='ocrx_word' id='word_1_239' title='bbox 584 2570 646 2607; x_wconf 59' lang='lat' dir='ltr'>legit</span> <span class='ocrx_word' id='word_1_240' title='bbox 667 2571 769 2598; x_wconf 54' lang='lat' dir='ltr'>lrabeat</span> <span class='ocrx_word' id='word_1_241' title='bbox 790 2578 825 2605; x_wconf 56' lang='lat' dir='ltr'>tn.</span> <span class='ocrx_word' id='word_1_242' title='bbox 843 2577 890 2605; x_wconf 77' lang='lat' dir='ltr'>r.)-</span> 
     </span>
    </p>
   </div>
   <div class='ocr_carea' id='block_1_9' title="bbox 1080 229 1087 2579">
    <p class='ocr_par' dir='ltr' id='par_1_11' title="bbox 1080 229 1087 2579">
     <span class='ocr_line' id='line_1_49' title="bbox 1080 229 1087 2579; baseline 0 0"><span class='ocrx_word' id='word_1_243' title='bbox 1080 229 1087 2579; x_wconf 95' lang='lat' dir='ltr'> </span> 
     </span>
    </p>
   </div>
   <div class='ocr_carea' id='block_1_10' title="bbox 1106 220 1844 424">
    <p class='ocr_par' dir='ltr' id='par_1_12' title="bbox 1106 220 1844 424">
     <span class='ocr_line' id='line_1_50' title="bbox 1107 220 1844 255; baseline 0 -3"><span class='ocrx_word' id='word_1_244' title='bbox 1107 231 1192 252; x_wconf 83' lang='lat' dir='ltr'>ninm</span> <span class='ocrx_word' id='word_1_245' title='bbox 1225 221 1330 253; x_wconf 88' lang='lat' dir='ltr'>locum</span> <span class='ocrx_word' id='word_1_246' title='bbox 1369 220 1521 253; x_wconf 75' lang='lat' dir='ltr'>fratribus</span> <span class='ocrx_word' id='word_1_247' title='bbox 1558 220 1596 254; x_wconf 89' lang='lat' dir='ltr'>de</span> <span class='ocrx_word' id='word_1_248' title='bbox 1632 220 1844 255; x_wconf 65' lang='lat' dir='ltr'>observantia</span> 
     </span>
     <span class='ocr_line' id='line_1_51' title="bbox 1106 274 1844 317; baseline 0 -11"><span class='ocrx_word' id='word_1_249' title='bbox 1106 284 1236 317; x_wconf 81' lang='lat' dir='ltr'>semper</span> <span class='ocrx_word' id='word_1_250' title='bbox 1254 274 1329 307; x_wconf 88' lang='lat' dir='ltr'>dare</span> <span class='ocrx_word' id='word_1_251' title='bbox 1350 279 1542 313; x_wconf 75' lang='lat' dir='ltr'>tencantur3</span> <span class='ocrx_word' id='word_1_252' title='bbox 1561 274 1685 307; x_wconf 74' lang='lat' dir='ltr'>adiecta</span> <span class='ocrx_word' id='word_1_253' title='bbox 1702 275 1844 307; x_wconf 76' lang='lat' dir='ltr'>declara-</span> 
     </span>
     <span class='ocr_line' id='line_1_52' title="bbox 1108 327 1843 371; baseline 0.001 -12"><span class='ocrx_word' id='word_1_254' title='bbox 1108 327 1214 367; x_wconf 76' lang='lat' dir='ltr'>tione,</span> <span class='ocrx_word' id='word_1_255' title='bbox 1244 328 1329 371; x_wconf 85' lang='lat' dir='ltr'>quod</span> <span class='ocrx_word' id='word_1_256' title='bbox 1362 328 1423 361; x_wconf 85' lang='lat' dir='ltr'>bac</span> <span class='ocrx_word' id='word_1_257' title='bbox 1449 328 1683 361; x_wconf 86' lang='lat' dir='ltr'>conventiones</span> <span class='ocrx_word' id='word_1_258' title='bbox 1709 327 1785 361; x_wconf 86' lang='lat' dir='ltr'>alibi</span> <span class='ocrx_word' id='word_1_259' title='bbox 1810 328 1843 361; x_wconf 88' lang='lat' dir='ltr'>in</span> 
     </span>
     <span class='ocr_line' id='line_1_53' title="bbox 1106 381 1843 424; baseline 0 -10"><span class='ocrx_word' id='word_1_260' title='bbox 1106 382 1290 424; x_wconf 63' lang='lat' dir='ltr'>exemplum</span> <span class='ocrx_word' id='word_1_261' title='bbox 1304 391 1360 414; x_wconf 86' lang='lat' dir='ltr'>seu</span> <span class='ocrx_word' id='word_1_262' title='bbox 1377 381 1521 424; x_wconf 82' lang='lat' dir='ltr'>prolege</span> <span class='ocrx_word' id='word_1_263' title='bbox 1535 381 1652 414; x_wconf 85' lang='lat' dir='ltr'>adduci</span> <span class='ocrx_word' id='word_1_264' title='bbox 1668 386 1843 424; x_wconf 78' lang='lat' dir='ltr'>nequeant,</span> 
     </span>
    </p>
   </div>
   <div class='ocr_carea' id='block_1_11' title="bbox 1843 170 2034 199">
    <p class='ocr_par' dir='ltr' id='par_1_13' title="bbox 1843 170 2034 199">
     <span class='ocr_line' id='line_1_54' title="bbox 1843 170 2034 199; baseline -0.01 -3"><span class='ocrx_word' id='word_1_265' title='bbox 1843 171 1888 196; x_wconf 85' lang='grc' dir='ltr'>Λιι.</span> <span class='ocrx_word' id='word_1_266' title='bbox 1912 171 1931 196; x_wconf 82' lang='lat' dir='ltr'>C</span> <span class='ocrx_word' id='word_1_267' title='bbox 1968 170 2034 199; x_wconf 55' lang='lat' dir='ltr'>iffi}</span> 
     </span>
    </p>
   </div>
   <div class='ocr_carea' id='block_1_12' title="bbox 1106 434 1877 478">
    <p class='ocr_par' dir='ltr' id='par_1_14' title="bbox 1106 434 1877 478">
     <span class='ocr_line' id='line_1_55' title="bbox 1106 434 1877 478; baseline -0.004 -10"><span class='ocrx_word' id='word_1_268' title='bbox 1106 445 1163 468; x_wconf 81' lang='lat' dir='ltr'>nee</span> <span class='ocrx_word' id='word_1_269' title='bbox 1190 445 1249 477; x_wconf 85' lang='lat' dir='ltr'>per</span> <span class='ocrx_word' id='word_1_270' title='bbox 1273 445 1325 467; x_wconf 88' lang='lat' dir='ltr'>eas</span> <span class='ocrx_word' id='word_1_271' title='bbox 1350 434 1409 468; x_wconf 93' lang='lat' dir='ltr'>ulli</span> <span class='ocrx_word' id='word_1_272' title='bbox 1435 445 1472 467; x_wconf 86' lang='lat' dir='ltr'>ex</span> <span class='ocrx_word' id='word_1_273' title='bbox 1490 434 1643 478; x_wconf 81' lang='lat' dir='ltr'>praefatis</span> <span class='ocrx_word' id='word_1_274' title='bbox 1668 434 1842 468; x_wconf 85' lang='lat' dir='ltr'>Ordinibus</span> <span class='ocrx_word' id='word_1_275' title='bbox 1867 456 1877 465; x_wconf 89' lang='lat'><strong>.</strong></span> 
     </span>
    </p>
   </div>
   <div class='ocr_carea' id='block_1_13' title="bbox 1102 488 1844 2177">
    <p class='ocr_par' dir='ltr' id='par_1_15' title="bbox 1104 488 1844 851">
     <span class='ocr_line' id='line_1_56' title="bbox 1106 488 1844 531; baseline 0 -11"><span class='ocrx_word' id='word_1_276' title='bbox 1106 488 1171 521; x_wconf 83' lang='lat' dir='ltr'>sive</span> <span class='ocrx_word' id='word_1_277' title='bbox 1197 489 1229 520; x_wconf 90' lang='lat' dir='ltr'>in</span> <span class='ocrx_word' id='word_1_278' title='bbox 1255 489 1418 521; x_wconf 88' lang='lat' dir='ltr'>communi</span> <span class='ocrx_word' id='word_1_279' title='bbox 1444 488 1508 521; x_wconf 79' lang='lat' dir='ltr'>sive</span> <span class='ocrx_word' id='word_1_280' title='bbox 1529 488 1562 521; x_wconf 90' lang='lat' dir='ltr'>in</span> <span class='ocrx_word' id='word_1_281' title='bbox 1582 488 1771 531; x_wconf 81' lang='lat' dir='ltr'>particulari</span> <span class='ocrx_word' id='word_1_282' title='bbox 1797 489 1844 521; x_wconf 91' lang='lat' dir='ltr'>ul-</span> 
     </span>
     <span class='ocr_line' id='line_1_57' title="bbox 1106 541 1841 584; baseline 0 -10"><span class='ocrx_word' id='word_1_283' title='bbox 1106 543 1169 575; x_wconf 90' lang='lat' dir='ltr'>lum</span> <span class='ocrx_word' id='word_1_284' title='bbox 1188 541 1425 584; x_wconf 85' lang='lat' dir='ltr'>praeiudicium</span> <span class='ocrx_word' id='word_1_285' title='bbox 1445 541 1592 574; x_wconf 84' lang='lat' dir='ltr'>illatum¹</span> <span class='ocrx_word' id='word_1_286' title='bbox 1618 541 1841 583; x_wconf 73' lang='lat' dir='ltr'>i11telligatur;</span> 
     </span>
     <span class='ocr_line' id='line_1_58' title="bbox 1105 594 1844 638; baseline -0.001 -10"><span class='ocrx_word' id='word_1_287' title='bbox 1105 600 1136 628; x_wconf 88' lang='lat' dir='ltr'>et</span> <span class='ocrx_word' id='word_1_288' title='bbox 1152 594 1246 634; x_wconf 73' lang='lat' dir='ltr'>alias,</span> <span class='ocrx_word' id='word_1_289' title='bbox 1264 600 1363 638; x_wconf 86' lang='lat' dir='ltr'>prout</span> <span class='ocrx_word' id='word_1_290' title='bbox 1378 594 1507 628; x_wconf 87' lang='lat' dir='ltr'>uberius</span> <span class='ocrx_word' id='word_1_291' title='bbox 1521 594 1705 627; x_wconf 87' lang='lat' dir='ltr'>continetur</span> <span class='ocrx_word' id='word_1_292' title='bbox 1721 594 1753 627; x_wconf 87' lang='lat' dir='ltr'>in</span> <span class='ocrx_word' id='word_1_293' title='bbox 1771 605 1844 638; x_wconf 76' lang='lat' dir='ltr'>syn-</span> 
     </span>
     <span class='ocr_line' id='line_1_59' title="bbox 1106 647 1843 691; baseline 0 -11"><span class='ocrx_word' id='word_1_294' title='bbox 1106 648 1230 691; x_wconf 77' lang='lat' dir='ltr'>grapha</span> <span class='ocrx_word' id='word_1_295' title='bbox 1255 648 1395 691; x_wconf 82' lang='lat' dir='ltr'>desuper</span> <span class='ocrx_word' id='word_1_296' title='bbox 1412 647 1518 681; x_wconf 83' lang='lat' dir='ltr'>italico</span> <span class='ocrx_word' id='word_1_297' title='bbox 1542 647 1665 690; x_wconf 74' lang='lat' dir='ltr'>vulgari</span> <span class='ocrx_word' id='word_1_298' title='bbox 1691 647 1843 680; x_wconf 84' lang='lat' dir='ltr'>idiomate</span> 
     </span>
     <span class='ocr_line' id='line_1_60' title="bbox 1105 700 1843 743; baseline -0.003 -9"><span class='ocrx_word' id='word_1_299' title='bbox 1105 702 1262 742; x_wconf 75' lang='lat' dir='ltr'>confecta,</span> <span class='ocrx_word' id='word_1_300' title='bbox 1281 712 1317 734; x_wconf 86' lang='lat' dir='ltr'>ac</span> <span class='ocrx_word' id='word_1_301' title='bbox 1342 701 1381 733; x_wconf 90' lang='lat' dir='ltr'>ab</span> <span class='ocrx_word' id='word_1_302' title='bbox 1406 701 1557 735; x_wconf 87' lang='lat' dir='ltr'>omnibus</span> <span class='ocrx_word' id='word_1_303' title='bbox 1579 700 1843 743; x_wconf 84' lang='lat' dir='ltr'>procuratoribus</span> 
     </span>
     <span class='ocr_line' id='line_1_61' title="bbox 1105 753 1843 798; baseline -0.001 -11"><span class='ocrx_word' id='word_1_304' title='bbox 1105 754 1312 797; x_wconf 70' lang='lat' dir='ltr'>generalibus</span> <span class='ocrx_word' id='word_1_305' title='bbox 1335 754 1512 798; x_wconf 85' lang='lat' dir='ltr'>praedictis</span> <span class='ocrx_word' id='word_1_306' title='bbox 1537 753 1730 796; x_wconf 78' lang='lat' dir='ltr'>subscripta,</span> <span class='ocrx_word' id='word_1_307' title='bbox 1751 758 1843 787; x_wconf 89' lang='lat' dir='ltr'>teno-</span> 
     </span>
     <span class='ocr_line' id='line_1_62' title="bbox 1104 808 1600 851; baseline -0.004 -10"><span class='ocrx_word' id='word_1_308' title='bbox 1104 809 1148 842; x_wconf 86' lang='lat' dir='ltr'>ris</span> <span class='ocrx_word' id='word_1_309' title='bbox 1173 808 1227 851; x_wconf 82' lang='lat' dir='ltr'>qui</span> <span class='ocrx_word' id='word_1_310' title='bbox 1252 808 1411 851; x_wconf 79' lang='lat' dir='ltr'>seqnitur,</span> <span class='ocrx_word' id='word_1_311' title='bbox 1435 808 1600 841; x_wconf 83' lang='lat' dir='ltr'>videlicet:</span> 
     </span>
    </p>

    <p class='ocr_par' dir='ltr' id='par_1_16' title="bbox 1102 860 1844 2177">
     <span class='ocr_line' id='line_1_63' title="bbox 1154 860 1844 904; baseline -0.001 -10"><span class='ocrx_word' id='word_1_312' title='bbox 1154 874 1167 893; x_wconf 69' lang='grc' dir='ltr'>α</span> <span class='ocrx_word' id='word_1_313' title='bbox 1193 861 1248 894; x_wconf 79' lang='lat' dir='ltr'>Nel</span> <span class='ocrx_word' id='word_1_314' title='bbox 1275 872 1372 894; x_wconf 88' lang='lat' dir='ltr'>nome</span> <span class='ocrx_word' id='word_1_315' title='bbox 1400 861 1450 894; x_wconf 90' lang='lat' dir='ltr'>del</span> <span class='ocrx_word' id='word_1_316' title='bbox 1476 860 1626 904; x_wconf 72' lang='lat' dir='ltr'>Signore.</span> <span class='ocrx_word' id='word_1_317' title='bbox 1653 860 1742 894; x_wconf 75' lang='lat' dir='ltr'>Nella</span> <span class='ocrx_word' id='word_1_318' title='bbox 1767 860 1844 893; x_wconf 70' lang='lat' dir='ltr'>cittii</span> 
     </span>
     <span class='ocr_line' id='line_1_64' title="bbox 1106 913 1843 958; baseline -0.004 -10"><span class='ocrx_word' id='word_1_319' title='bbox 1106 915 1283 954; x_wconf 79' lang='lat' dir='ltr'>d’Aversa,</span> <span class='ocrx_word' id='word_1_320' title='bbox 1317 914 1487 958; x_wconf 84' lang='lat' dir='ltr'>provincia</span> <span class='ocrx_word' id='word_1_321' title='bbox 1520 914 1551 946; x_wconf 90' lang='lat' dir='ltr'>di</span> <span class='ocrx_word' id='word_1_322' title='bbox 1582 913 1717 956; x_wconf 71' lang='lat' dir='ltr'>Napoli,</span> <span class='ocrx_word' id='word_1_323' title='bbox 1750 924 1769 947; x_wconf 94' lang='lat' dir='ltr'>o</span> <span class='ocrx_word' id='word_1_324' title='bbox 1797 913 1843 946; x_wconf 85' lang='lat' dir='ltr'>sia</span> 
     </span>
     <span class='ocr_line' id='line_1_65' title="bbox 1105 966 1844 1005; baseline -0.004 -4"><span class='ocrx_word' id='word_1_325' title='bbox 1105 968 1200 1002; x_wconf 91' lang='lat' dir='ltr'>Terra</span> <span class='ocrx_word' id='word_1_326' title='bbox 1221 968 1251 1001; x_wconf 91' lang='lat' dir='ltr'>di</span> <span class='ocrx_word' id='word_1_327' title='bbox 1273 968 1412 1005; x_wconf 81' lang='lat' dir='ltr'>Lavoro,</span> <span class='ocrx_word' id='word_1_328' title='bbox 1434 967 1455 998; x_wconf 92' lang='lat' dir='ltr'>li</span> <span class='ocrx_word' id='word_1_329' title='bbox 1480 966 1573 999; x_wconf 67' lang='lat' dir='ltr'>cadri</span> <span class='ocrx_word' id='word_1_330' title='bbox 1599 966 1713 999; x_wconf 84' lang='lat' dir='ltr'>Minori</span> <span class='ocrx_word' id='word_1_331' title='bbox 1737 966 1844 999; x_wconf 86' lang='lat' dir='ltr'>Osser-</span> 
     </span>
     <span class='ocr_line' id='line_1_66' title="bbox 1105 1018 1842 1055; baseline -0.001 -2"><span class='ocrx_word' id='word_1_332' title='bbox 1105 1022 1189 1054; x_wconf 83' lang='lat' dir='ltr'>vanti</span> <span class='ocrx_word' id='word_1_333' title='bbox 1211 1031 1228 1054; x_wconf 90' lang='lat' dir='ltr'>e</span> <span class='ocrx_word' id='word_1_334' title='bbox 1252 1019 1459 1055; x_wconf 75' lang='lat' dir='ltr'>Conventuali</span> <span class='ocrx_word' id='word_1_335' title='bbox 1478 1025 1666 1052; x_wconf 75' lang='lat' dir='ltr'>costumano</span> <span class='ocrx_word' id='word_1_336' title='bbox 1688 1018 1842 1052; x_wconf 79' lang='lat' dir='ltr'>d&#39;andare</span> 
     </span>
     <span class='ocr_line' id='line_1_67' title="bbox 1106 1071 1843 1116; baseline -0.003 -9"><span class='ocrx_word' id='word_1_337' title='bbox 1106 1074 1185 1107; x_wconf 87' lang='lat' dir='ltr'>uniti</span> <span class='ocrx_word' id='word_1_338' title='bbox 1211 1074 1295 1107; x_wconf 83' lang='lat' dir='ltr'>uelle</span> <span class='ocrx_word' id='word_1_339' title='bbox 1320 1073 1497 1116; x_wconf 81' lang='lat' dir='ltr'>pubbliclie</span> <span class='ocrx_word' id='word_1_340' title='bbox 1522 1071 1745 1115; x_wconf 83' lang='lat' dir='ltr'>processioni,</span> <span class='ocrx_word' id='word_1_341' title='bbox 1772 1071 1843 1105; x_wconf 73' lang='lat' dir='ltr'>cioe</span> 
     </span>
     <span class='ocr_line' id='line_1_68' title="bbox 1105 1125 1843 1169; baseline -0.003 -9"><span class='ocrx_word' id='word_1_342' title='bbox 1105 1127 1134 1160; x_wconf 89' lang='lat' dir='ltr'>la</span> <span class='ocrx_word' id='word_1_343' title='bbox 1158 1137 1250 1160; x_wconf 89' lang='lat' dir='ltr'>croce</span> <span class='ocrx_word' id='word_1_344' title='bbox 1268 1126 1417 1169; x_wconf 81' lang='lat' dir='ltr'>de&#39;padri</span> <span class='ocrx_word' id='word_1_345' title='bbox 1442 1125 1650 1158; x_wconf 80' lang='lat' dir='ltr'>Conventuali</span> <span class='ocrx_word' id='word_1_346' title='bbox 1670 1125 1709 1158; x_wconf 86' lang='lat' dir='ltr'>ed</span> <span class='ocrx_word' id='word_1_347' title='bbox 1733 1135 1777 1158; x_wconf 90' lang='lat' dir='ltr'>un</span> <span class='ocrx_word' id='word_1_348' title='bbox 1792 1135 1843 1158; x_wconf 89' lang='lat' dir='ltr'>re-</span> 
     </span>
     <span class='ocr_line' id='line_1_69' title="bbox 1105 1177 1842 1222; baseline -0.003 -10"><span class='ocrx_word' id='word_1_349' title='bbox 1105 1179 1221 1222; x_wconf 75' lang='lat' dir='ltr'>ligioso</span> <span class='ocrx_word' id='word_1_350' title='bbox 1237 1178 1429 1213; x_wconf 85' lang='lat' dir='ltr'>Osservante</span> <span class='ocrx_word' id='word_1_351' title='bbox 1447 1178 1508 1210; x_wconf 86' lang='lat' dir='ltr'>alla</span> <span class='ocrx_word' id='word_1_352' title='bbox 1533 1178 1642 1211; x_wconf 81' lang='lat' dir='ltr'>destra</span> <span class='ocrx_word' id='word_1_353' title='bbox 1666 1177 1748 1211; x_wconf 91' lang='lat' dir='ltr'>d&#39;un</span> <span class='ocrx_word' id='word_1_354' title='bbox 1765 1177 1842 1212; x_wconf 88' lang='lat' dir='ltr'>Con-</span> 
     </span>
     <span class='ocr_line' id='line_1_70' title="bbox 1106 1231 1841 1275; baseline -0.003 -9"><span class='ocrx_word' id='word_1_355' title='bbox 1106 1232 1265 1266; x_wconf 53' lang='lat' dir='ltr'>vennialc⁴</span> <span class='ocrx_word' id='word_1_356' title='bbox 1292 1232 1315 1264; x_wconf 86' lang='lat' dir='ltr'>E</span> <span class='ocrx_word' id='word_1_357' title='bbox 1345 1231 1467 1275; x_wconf 77' lang='lat' dir='ltr'>perche</span> <span class='ocrx_word' id='word_1_358' title='bbox 1504 1231 1529 1263; x_wconf 89' lang='lat' dir='ltr'>si</span> <span class='ocrx_word' id='word_1_359' title='bbox 1565 1231 1582 1264; x_wconf 80' lang='lat' dir='ltr'>e</span> <span class='ocrx_word' id='word_1_360' title='bbox 1615 1231 1754 1271; x_wconf 87' lang='lat' dir='ltr'>veduto,</span> <span class='ocrx_word' id='word_1_361' title='bbox 1780 1231 1841 1265; x_wconf 87' lang='lat' dir='ltr'>elie</span> 
     </span>
     <span class='ocr_line' id='line_1_71' title="bbox 1106 1283 1842 1327; baseline -0.003 -9"><span class='ocrx_word' id='word_1_362' title='bbox 1106 1285 1293 1319; x_wconf 80' lang='lat' dir='ltr'>dall&#39;cssere</span> <span class='ocrx_word' id='word_1_363' title='bbox 1327 1284 1348 1316; x_wconf 89' lang='lat' dir='ltr'>li</span> <span class='ocrx_word' id='word_1_364' title='bbox 1383 1283 1475 1327; x_wconf 88' lang='lat' dir='ltr'>padri</span> <span class='ocrx_word' id='word_1_365' title='bbox 1500 1283 1684 1317; x_wconf 80' lang='lat' dir='ltr'>Osservanti</span> <span class='ocrx_word' id='word_1_366' title='bbox 1710 1293 1842 1326; x_wconf 88' lang='lat' dir='ltr'>sempre</span> 
     </span>
     <span class='ocr_line' id='line_1_72' title="bbox 1106 1336 1842 1380; baseline -0.004 -9"><span class='ocrx_word' id='word_1_367' title='bbox 1106 1339 1137 1371; x_wconf 91' lang='lat' dir='ltr'>in</span> <span class='ocrx_word' id='word_1_368' title='bbox 1163 1338 1308 1380; x_wconf 72' lang='lat' dir='ltr'>maggior</span> <span class='ocrx_word' id='word_1_369' title='bbox 1333 1348 1493 1376; x_wconf 82' lang='lat' dir='ltr'>numero,</span> <span class='ocrx_word' id='word_1_370' title='bbox 1521 1337 1537 1369; x_wconf 78' lang='lat' dir='ltr'>e</span> <span class='ocrx_word' id='word_1_371' title='bbox 1575 1341 1757 1369; x_wconf 87' lang='lat' dir='ltr'>convenuto</span> <span class='ocrx_word' id='word_1_372' title='bbox 1789 1336 1842 1369; x_wconf 90' lang='lat' dir='ltr'>alli</span> 
     </span>
     <span class='ocr_line' id='line_1_73' title="bbox 1105 1389 1842 1435; baseline -0.001 -11"><span class='ocrx_word' id='word_1_373' title='bbox 1105 1392 1197 1435; x_wconf 86' lang='lat' dir='ltr'>padri</span> <span class='ocrx_word' id='word_1_374' title='bbox 1223 1391 1431 1424; x_wconf 71' lang='lat' dir='ltr'>Conventnali</span> <span class='ocrx_word' id='word_1_375' title='bbox 1458 1390 1604 1432; x_wconf 66' lang='lat' dir='ltr'>gradnati</span> <span class='ocrx_word' id='word_1_376' title='bbox 1631 1389 1651 1421; x_wconf 94' lang='lat' dir='ltr'>il</span> <span class='ocrx_word' id='word_1_377' title='bbox 1677 1389 1733 1432; x_wconf 76' lang='lat' dir='ltr'>piu</span> <span class='ocrx_word' id='word_1_378' title='bbox 1758 1389 1842 1423; x_wconf 87' lang='lat' dir='ltr'>delle</span> 
     </span>
     <span class='ocr_line' id='line_1_74' title="bbox 1106 1442 1841 1492; baseline -0.004 -14"><span class='ocrx_word' id='word_1_379' title='bbox 1106 1445 1188 1478; x_wconf 81' lang='lat' dir='ltr'>volte</span> <span class='ocrx_word' id='word_1_380' title='bbox 1215 1443 1477 1492; x_wconf 66' lang='lat' dir='ltr'>acconipagnarsi</span> <span class='ocrx_word' id='word_1_381' title='bbox 1496 1454 1513 1476; x_wconf 93' lang='lat' dir='ltr'>o</span> <span class='ocrx_word' id='word_1_382' title='bbox 1536 1453 1596 1475; x_wconf 87' lang='lat' dir='ltr'>con</span> <span class='ocrx_word' id='word_1_383' title='bbox 1623 1443 1630 1474; x_wconf 93' lang='lat' dir='ltr'>i</span> <span class='ocrx_word' id='word_1_384' title='bbox 1657 1442 1728 1475; x_wconf 85' lang='lat' dir='ltr'>laici</span> <span class='ocrx_word' id='word_1_385' title='bbox 1747 1453 1765 1476; x_wconf 93' lang='lat' dir='ltr'>o</span> <span class='ocrx_word' id='word_1_386' title='bbox 1782 1453 1841 1475; x_wconf 89' lang='lat' dir='ltr'>con</span> 
     </span>
     <span class='ocr_line' id='line_1_75' title="bbox 1104 1494 1842 1541; baseline -0.003 -11"><span class='ocrx_word' id='word_1_387' title='bbox 1104 1498 1233 1541; x_wconf 74' lang='lat' dir='ltr'>giovani</span> <span class='ocrx_word' id='word_1_388' title='bbox 1248 1494 1385 1541; x_wconf 58' lang='lat' dir='ltr'>professi</span> <span class='ocrx_word' id='word_1_389' title='bbox 1400 1495 1592 1533; x_wconf 72' lang='lat' dir='ltr'>Osserranti,</span> <span class='ocrx_word' id='word_1_390' title='bbox 1612 1501 1727 1539; x_wconf 82' lang='lat' dir='ltr'>questo</span> <span class='ocrx_word' id='word_1_391' title='bbox 1745 1496 1842 1528; x_wconf 89' lang='lat' dir='ltr'>modo</span> 
     </span>
     <span class='ocr_line' id='line_1_76' title="bbox 1105 1548 1844 1585; baseline -0.005 -1"><span class='ocrx_word' id='word_1_392' title='bbox 1105 1551 1260 1585; x_wconf 87' lang='lat' dir='ltr'>d&#39;andare</span> <span class='ocrx_word' id='word_1_393' title='bbox 1287 1551 1327 1583; x_wconf 80' lang='lat' dir='ltr'>lia</span> <span class='ocrx_word' id='word_1_394' title='bbox 1351 1550 1426 1582; x_wconf 85' lang='lat' dir='ltr'>dato</span> <span class='ocrx_word' id='word_1_395' title='bbox 1445 1550 1614 1582; x_wconf 77' lang='lat' dir='ltr'>occasione</span> <span class='ocrx_word' id='word_1_396' title='bbox 1640 1560 1658 1581; x_wconf 88' lang='lat' dir='ltr'>a</span> <span class='ocrx_word' id='word_1_397' title='bbox 1682 1548 1770 1582; x_wconf 90' lang='lat' dir='ltr'>molti</span> <span class='ocrx_word' id='word_1_398' title='bbox 1796 1549 1844 1581; x_wconf 90' lang='lat' dir='ltr'>di-</span> 
     </span>
     <span class='ocr_line' id='line_1_77' title="bbox 1105 1601 1844 1646; baseline -0.005 -8"><span class='ocrx_word' id='word_1_399' title='bbox 1105 1605 1228 1638; x_wconf 86' lang='lat' dir='ltr'>sordini</span> <span class='ocrx_word' id='word_1_400' title='bbox 1261 1604 1313 1637; x_wconf 90' lang='lat' dir='ltr'>nel</span> <span class='ocrx_word' id='word_1_401' title='bbox 1346 1603 1522 1646; x_wconf 78' lang='lat' dir='ltr'>pubblico,</span> <span class='ocrx_word' id='word_1_402' title='bbox 1548 1613 1564 1635; x_wconf 94' lang='lat' dir='ltr'>e</span> <span class='ocrx_word' id='word_1_403' title='bbox 1591 1601 1716 1645; x_wconf 86' lang='lat' dir='ltr'>precise</span> <span class='ocrx_word' id='word_1_404' title='bbox 1741 1602 1770 1634; x_wconf 84' lang='lat' dir='ltr'>al</span> <span class='ocrx_word' id='word_1_405' title='bbox 1795 1612 1844 1635; x_wconf 89' lang='lat' dir='ltr'>se-</span> 
     </span>
     <span class='ocr_line' id='line_1_78' title="bbox 1104 1655 1842 1699; baseline -0.003 -9"><span class='ocrx_word' id='word_1_406' title='bbox 1104 1658 1173 1691; x_wconf 91' lang='lat' dir='ltr'>colo</span> <span class='ocrx_word' id='word_1_407' title='bbox 1210 1657 1486 1699; x_wconf 85' lang='lat' dir='ltr'>d&#39;interrompere</span> <span class='ocrx_word' id='word_1_408' title='bbox 1521 1655 1551 1688; x_wconf 90' lang='lat' dir='ltr'>la</span> <span class='ocrx_word' id='word_1_409' title='bbox 1576 1655 1776 1695; x_wconf 86' lang='lat' dir='ltr'>dcvozione‚</span> <span class='ocrx_word' id='word_1_410' title='bbox 1803 1655 1842 1688; x_wconf 87' lang='lat' dir='ltr'>ed</span> 
     </span>
     <span class='ocr_line' id='line_1_79' title="bbox 1104 1706 1842 1754; baseline -0.005 -11"><span class='ocrx_word' id='word_1_411' title='bbox 1104 1709 1315 1754; x_wconf 72' lang='lat' dir='ltr'>appoggiarvi</span> <span class='ocrx_word' id='word_1_412' title='bbox 1348 1708 1488 1751; x_wconf 85' lang='lat' dir='ltr'>qualche</span> <span class='ocrx_word' id='word_1_413' title='bbox 1515 1707 1707 1750; x_wconf 84' lang='lat' dir='ltr'>vilipendio.</span> <span class='ocrx_word' id='word_1_414' title='bbox 1735 1706 1842 1745; x_wconf 88' lang='lat' dir='ltr'>Questi</span> 
     </span>
     <span class='ocr_line' id='line_1_80' title="bbox 1104 1759 1842 1804; baseline -0.003 -9"><span class='ocrx_word' id='word_1_415' title='bbox 1104 1762 1344 1796; x_wconf 76' lang='lat' dir='ltr'>inconvenienti</span> <span class='ocrx_word' id='word_1_416' title='bbox 1380 1760 1617 1804; x_wconf 88' lang='lat' dir='ltr'>rapprcsentati</span> <span class='ocrx_word' id='word_1_417' title='bbox 1654 1760 1704 1793; x_wconf 83' lang='lat' dir='ltr'>dal</span> <span class='ocrx_word' id='word_1_418' title='bbox 1739 1759 1842 1803; x_wconf 89' lang='lat' dir='ltr'>padre</span> 
     </span>
     <span class='ocr_line' id='line_1_81' title="bbox 1104 1812 1841 1857; baseline -0.004 -8"><span class='ocrx_word' id='word_1_419' title='bbox 1104 1826 1228 1849; x_wconf 83' lang='lat' dir='ltr'>rev.mo</span> <span class='ocrx_word' id='word_1_420' title='bbox 1252 1814 1405 1857; x_wconf 79' lang='lat' dir='ltr'>generale</span> <span class='ocrx_word' id='word_1_421' title='bbox 1439 1812 1704 1846; x_wconf 79' lang='lat' dir='ltr'>dc&#39;Conrentuali</span> <span class='ocrx_word' id='word_1_422' title='bbox 1733 1813 1841 1846; x_wconf 85' lang='lat' dir='ltr'>nativo</span> 
     </span>
     <span class='ocr_line' id='line_1_82' title="bbox 1103 1866 1840 1912; baseline -0.005 -10"><span class='ocrx_word' id='word_1_423' title='bbox 1103 1869 1134 1902; x_wconf 93' lang='lat' dir='ltr'>di</span> <span class='ocrx_word' id='word_1_424' title='bbox 1159 1868 1267 1912; x_wconf 83' lang='lat' dir='ltr'>quella</span> <span class='ocrx_word' id='word_1_425' title='bbox 1292 1866 1395 1910; x_wconf 85' lang='lat' dir='ltr'>patria</span> <span class='ocrx_word' id='word_1_426' title='bbox 1430 1866 1458 1899; x_wconf 89' lang='lat' dir='ltr'>al</span> <span class='ocrx_word' id='word_1_427' title='bbox 1491 1866 1591 1908; x_wconf 85' lang='lat' dir='ltr'>padre</span> <span class='ocrx_word' id='word_1_428' title='bbox 1625 1875 1749 1899; x_wconf 80' lang='lat' dir='ltr'>reV.m0</span> <span class='ocrx_word' id='word_1_429' title='bbox 1784 1876 1840 1908; x_wconf 84' lang='lat' dir='ltr'>ge-</span> 
     </span>
     <span class='ocr_line' id='line_1_83' title="bbox 1103 1917 1842 1963; baseline -0.007 -8"><span class='ocrx_word' id='word_1_430' title='bbox 1103 1922 1212 1955; x_wconf 89' lang='lat' dir='ltr'>ncrale</span> <span class='ocrx_word' id='word_1_431' title='bbox 1247 1919 1522 1963; x_wconf 71' lang='lat' dir='ltr'>degl&#39;Ossc-rvanti</span> <span class='ocrx_word' id='word_1_432' title='bbox 1555 1929 1617 1951; x_wconf 91' lang='lat' dir='ltr'>con</span> <span class='ocrx_word' id='word_1_433' title='bbox 1651 1917 1842 1951; x_wconf 85' lang='lat' dir='ltr'>amichevoli</span> 
     </span>
     <span class='ocr_line' id='line_1_84' title="bbox 1102 1970 1839 2016; baseline -0.007 -9"><span class='ocrx_word' id='word_1_434' title='bbox 1102 1975 1224 2007; x_wconf 83' lang='lat' dir='ltr'>istanze</span> <span class='ocrx_word' id='word_1_435' title='bbox 1242 1983 1301 2016; x_wconf 88' lang='lat' dir='ltr'>per</span> <span class='ocrx_word' id='word_1_436' title='bbox 1321 1971 1460 2015; x_wconf 82' lang='lat' dir='ltr'>qualche</span> <span class='ocrx_word' id='word_1_437' title='bbox 1480 1970 1754 2014; x_wconf 83' lang='lat' dir='ltr'>provvedimento‚</span> <span class='ocrx_word' id='word_1_438' title='bbox 1777 1980 1839 2003; x_wconf 88' lang='lat' dir='ltr'>con</span> 
     </span>
     <span class='ocr_line' id='line_1_85' title="bbox 1103 2023 1842 2070; baseline -0.005 -10"><span class='ocrx_word' id='word_1_439' title='bbox 1103 2026 1366 2070; x_wconf 82' lang='lat' dir='ltr'>l’approvazione</span> <span class='ocrx_word' id='word_1_440' title='bbox 1392 2036 1408 2058; x_wconf 89' lang='lat' dir='ltr'>e</span> <span class='ocrx_word' id='word_1_441' title='bbox 1434 2034 1596 2058; x_wconf 81' lang='lat' dir='ltr'>consenso</span> <span class='ocrx_word' id='word_1_442' title='bbox 1613 2023 1842 2057; x_wconf 84' lang='lat' dir='ltr'>de&#39;medesimi</span> 
     </span>
     <span class='ocr_line' id='line_1_86' title="bbox 1103 2075 1841 2123; baseline -0.007 -10"><span class='ocrx_word' id='word_1_443' title='bbox 1103 2080 1194 2123; x_wconf 86' lang='lat' dir='ltr'>padri</span> <span class='ocrx_word' id='word_1_444' title='bbox 1231 2079 1346 2112; x_wconf 88' lang='lat' dir='ltr'>rev.mi</span> <span class='ocrx_word' id='word_1_445' title='bbox 1383 2077 1543 2121; x_wconf 76' lang='lat' dir='ltr'>generali,</span> <span class='ocrx_word' id='word_1_446' title='bbox 1571 2086 1651 2110; x_wconf 93' lang='lat' dir='ltr'>sono</span> <span class='ocrx_word' id='word_1_447' title='bbox 1675 2076 1786 2109; x_wconf 84' lang='lat' dir='ltr'>venuti</span> <span class='ocrx_word' id='word_1_448' title='bbox 1818 2075 1841 2109; x_wconf 77' lang='lat' dir='ltr'>li</span> 
     </span>
     <span class='ocr_line' id='line_1_87' title="bbox 1103 2129 1840 2177; baseline -0.007 -11"><span class='ocrx_word' id='word_1_449' title='bbox 1103 2133 1194 2177; x_wconf 81' lang='lat' dir='ltr'>padri</span> <span class='ocrx_word' id='word_1_450' title='bbox 1230 2131 1436 2177; x_wconf 83' lang='lat' dir='ltr'>procuratori</span> <span class='ocrx_word' id='word_1_451' title='bbox 1474 2129 1619 2174; x_wconf 80' lang='lat' dir='ltr'>generali</span> <span class='ocrx_word' id='word_1_452' title='bbox 1654 2129 1799 2162; x_wconf 83' lang='lat' dir='ltr'>dell&#39;una</span> <span class='ocrx_word' id='word_1_453' title='bbox 1822 2139 1840 2162; x_wconf 88' lang='lat' dir='ltr'>e</span> 
     </span>
    </p>
   </div>
   <div class='ocr_carea' id='block_1_14' title="bbox 1853 867 2035 914">
    <p class='ocr_par' dir='ltr' id='par_1_17' title="bbox 1853 867 2035 914">
     <span class='ocr_line' id='line_1_88' title="bbox 1897 867 2035 888; baseline 0.007 -1"><span class='ocrx_word' id='word_1_454' title='bbox 1897 867 2035 888; x_wconf 65' lang='lat' dir='ltr'>Com-onzioni</span> 
     </span>
     <span class='ocr_line' id='line_1_89' title="bbox 1853 893 1958 914; baseline 0 0"><span class='ocrx_word' id='word_1_455' title='bbox 1853 893 1958 914; x_wconf 66' lang='lat' dir='ltr'>sud-jetta.</span> 
     </span>
    </p>
   </div>
   <div class='ocr_carea' id='block_1_15' title="bbox 1102 2182 1853 2231">
    <p class='ocr_par' dir='ltr' id='par_1_18' title="bbox 1102 2182 1853 2231">
     <span class='ocr_line' id='line_1_90' title="bbox 1102 2182 1853 2231; baseline -0.004 -13"><span class='ocrx_word' id='word_1_456' title='bbox 1102 2186 1209 2219; x_wconf 80' lang='lat' dir='ltr'>l&#39;altra</span> <span class='ocrx_word' id='word_1_457' title='bbox 1234 2185 1393 2228; x_wconf 76' lang='lat' dir='ltr'>religione</span> <span class='ocrx_word' id='word_1_458' title='bbox 1416 2183 1454 2216; x_wconf 87' lang='lat' dir='ltr'>ad</span> <span class='ocrx_word' id='word_1_459' title='bbox 1481 2182 1745 2216; x_wconf 83' lang='lat' dir='ltr'>un&#39;amichevole</span> <span class='ocrx_word' id='word_1_460' title='bbox 1770 2192 1853 2231; x_wconf 19' lang='lat' dir='ltr'>con-A</span> 
     </span>
    </p>
   </div>
   <div class='ocr_carea' id='block_1_16' title="bbox 1103 2235 1844 2600">
    <p class='ocr_par' dir='ltr' id='par_1_19' title="bbox 1103 2235 1737 2278">
     <span class='ocr_line' id='line_1_91' title="bbox 1103 2235 1737 2278; baseline -0.009 -5"><span class='ocrx_word' id='word_1_461' title='bbox 1103 2239 1257 2273; x_wconf 80' lang='lat' dir='ltr'>venzione</span> <span class='ocrx_word' id='word_1_462' title='bbox 1284 2238 1368 2271; x_wconf 85' lang='lat' dir='ltr'>nella</span> <span class='ocrx_word' id='word_1_463' title='bbox 1393 2238 1495 2270; x_wconf 80' lang='lat' dir='ltr'>forma</span> <span class='ocrx_word' id='word_1_464' title='bbox 1520 2236 1580 2268; x_wconf 81' lang='lat' dir='ltr'>elie</span> <span class='ocrx_word' id='word_1_465' title='bbox 1606 2235 1737 2278; x_wconf 80' lang='lat' dir='ltr'>siegue:</span> 
     </span>
    </p>

    <p class='ocr_par' dir='ltr' id='par_1_20' title="bbox 1103 2288 1844 2546">
     <span class='ocr_line' id='line_1_92' title="bbox 1147 2288 1844 2328; baseline -0.007 -3"><span class='ocrx_word' id='word_1_466' title='bbox 1147 2292 1177 2325; x_wconf 62' lang='grc'>’1.</span> <span class='ocrx_word' id='word_1_467' title='bbox 1205 2292 1471 2325; x_wconf 77' lang='lat' dir='ltr'>Primieramente</span> <span class='ocrx_word' id='word_1_468' title='bbox 1497 2288 1703 2328; x_wconf 85' lang='lat' dir='ltr'>dichiarano,</span> <span class='ocrx_word' id='word_1_469' title='bbox 1728 2299 1746 2321; x_wconf 89' lang='lat' dir='ltr'>e</span> <span class='ocrx_word' id='word_1_470' title='bbox 1771 2298 1844 2321; x_wconf 87' lang='lat' dir='ltr'>con·</span> 
     </span>
     <span class='ocr_line' id='line_1_93' title="bbox 1103 2338 1841 2386; baseline -0.007 -7"><span class='ocrx_word' id='word_1_471' title='bbox 1103 2346 1254 2386; x_wconf 86' lang='lat' dir='ltr'>cordano‚</span> <span class='ocrx_word' id='word_1_472' title='bbox 1277 2345 1338 2378; x_wconf 82' lang='lat' dir='ltr'>elie</span> <span class='ocrx_word' id='word_1_473' title='bbox 1364 2344 1396 2377; x_wconf 92' lang='lat' dir='ltr'>in</span> <span class='ocrx_word' id='word_1_474' title='bbox 1417 2338 1496 2376; x_wconf 87' lang='lat' dir='ltr'>tutte</span> <span class='ocrx_word' id='word_1_475' title='bbox 1522 2344 1552 2376; x_wconf 87' lang='lat' dir='ltr'>le</span> <span class='ocrx_word' id='word_1_476' title='bbox 1577 2340 1784 2385; x_wconf 86' lang='lat' dir='ltr'>processioni</span> <span class='ocrx_word' id='word_1_477' title='bbox 1803 2341 1841 2374; x_wconf 81' lang='lat' dir='ltr'>da</span> 
     </span>
     <span class='ocr_line' id='line_1_94' title="bbox 1104 2393 1840 2435; baseline -0.007 -4"><span class='ocrx_word' id='word_1_478' title='bbox 1104 2399 1178 2431; x_wconf 77' lang='lat' dir='ltr'>sarsi</span> <span class='ocrx_word' id='word_1_479' title='bbox 1201 2398 1286 2431; x_wconf 87' lang='lat' dir='ltr'>nella</span> <span class='ocrx_word' id='word_1_480' title='bbox 1305 2397 1381 2431; x_wconf 69' lang='lat' dir='ltr'>cittii</span> <span class='ocrx_word' id='word_1_481' title='bbox 1399 2396 1566 2435; x_wconf 76' lang='lat' dir='ltr'>d’Aversa,</span> <span class='ocrx_word' id='word_1_482' title='bbox 1586 2395 1701 2428; x_wconf 84' lang='lat' dir='ltr'>dentre</span> <span class='ocrx_word' id='word_1_483' title='bbox 1719 2405 1737 2427; x_wconf 93' lang='lat' dir='ltr'>o</span> <span class='ocrx_word' id='word_1_484' title='bbox 1755 2393 1840 2427; x_wconf 79' lang='lat' dir='ltr'>fuori</span> 
     </span>
     <span class='ocr_line' id='line_1_95' title="bbox 1104 2447 1842 2490; baseline -0.007 -6"><span class='ocrx_word' id='word_1_485' title='bbox 1104 2453 1130 2484; x_wconf 62' lang='lat' dir='ltr'>le</span> <span class='ocrx_word' id='word_1_486' title='bbox 1157 2462 1247 2484; x_wconf 87' lang='lat' dir='ltr'>mura</span> <span class='ocrx_word' id='word_1_487' title='bbox 1272 2450 1388 2489; x_wconf 59' lang='lat' dir='ltr'>tressa,</span> <span class='ocrx_word' id='word_1_488' title='bbox 1416 2460 1434 2482; x_wconf 93' lang='lat' dir='ltr'>o</span> <span class='ocrx_word' id='word_1_489' title='bbox 1460 2449 1550 2482; x_wconf 90' lang='lat' dir='ltr'>siano</span> <span class='ocrx_word' id='word_1_490' title='bbox 1577 2447 1747 2490; x_wconf 81' lang='lat' dir='ltr'>d&#39;obbligo</span> <span class='ocrx_word' id='word_1_491' title='bbox 1766 2457 1784 2479; x_wconf 94' lang='lat' dir='ltr'>o</span> <span class='ocrx_word' id='word_1_492' title='bbox 1809 2447 1842 2479; x_wconf 86' lang='lat' dir='ltr'>di</span> 
     </span>
     <span class='ocr_line' id='line_1_96' title="bbox 1104 2500 1843 2546; baseline -0.005 -10"><span class='ocrx_word' id='word_1_493' title='bbox 1104 2505 1293 2544; x_wconf 80' lang='lat' dir='ltr'>‹levozione‚</span> <span class='ocrx_word' id='word_1_494' title='bbox 1319 2504 1404 2537; x_wconf 89' lang='lat' dir='ltr'>nelle</span> <span class='ocrx_word' id='word_1_495' title='bbox 1430 2503 1516 2546; x_wconf 85' lang='lat' dir='ltr'>quali</span> <span class='ocrx_word' id='word_1_496' title='bbox 1536 2503 1724 2535; x_wconf 84' lang='lat' dir='ltr'>doveranno</span> <span class='ocrx_word' id='word_1_497' title='bbox 1745 2500 1843 2532; x_wconf 66' lang='lat' dir='ltr'>inter-1</span> 
     </span>
    </p>

    <p class='ocr_par' dir='ltr' id='par_1_21' title="bbox 1142 2562 1830 2600">
     <span class='ocr_line' id='line_1_97' title="bbox 1142 2562 1830 2600; baseline -0.004 -7"><span class='ocrx_word' id='word_1_498' title='bbox 1142 2568 1150 2593; x_wconf 90' lang='grc'><strong>1</strong></span> <span class='ocrx_word' id='word_1_499' title='bbox 1174 2566 1292 2594; x_wconf 73' lang='lat' dir='ltr'>Pessime</span> <span class='ocrx_word' id='word_1_500' title='bbox 1313 2565 1376 2593; x_wconf 87' lang='lat' dir='ltr'>cdit.</span> <span class='ocrx_word' id='word_1_501' title='bbox 1398 2565 1478 2592; x_wconf 82' lang='lat' dir='ltr'>Main.</span> <span class='ocrx_word' id='word_1_502' title='bbox 1500 2564 1565 2600; x_wconf 72' lang='lat' dir='ltr'>legit</span> <span class='ocrx_word' id='word_1_503' title='bbox 1586 2563 1706 2591; x_wconf 75' lang='lat' dir='ltr'>illarum</span> <span class='ocrx_word' id='word_1_504' title='bbox 1726 2564 1763 2597; x_wconf 88' lang='lat' dir='ltr'>(n.</span> <span class='ocrx_word' id='word_1_505' title='bbox 1780 2562 1830 2597; x_wconf 75' lang='lat' dir='ltr'>T.)-</span> 
     </span>
    </p>
   </div>
  </div>
 </body>
</html>
