2111 3157
10 201 60 230 An.
77 201 107 229 C.
132 200 204 229 ¹676

201 249 365 293 sequenda
399 260 416 283 a
453 248 601 293 personis
639 246 865 280 ecclesiasticis
901 251 934 278 et

201 302 419 335 saecularibus
439 312 602 336 recursum
621 299 777 333 habere':

28 368 44 388 κ
57 367 190 397 eetiooppjdi
245 355 259 398 ἓ
278 354 308 387 2.
328 355 402 396 Nos,
420 355 475 399 qui
493 355 602 394 hodie,
622 364 658 386 ex
677 353 772 386 certis
790 357 863 385 tunc
881 362 933 384 ex-

9 394 321 451 {viiffiffr‘iifflmafflpressis
350 408 463 446 causis,
492 409 617 440 matura
647 416 745 449 super
772 406 836 438 hoc
862 415 932 437 cum

797 198 1007 223 maccamtrs
1029 199 1058 222 x1
1085 199 1131 222 1³1³.
1650 187 1669 222 9
1716 197 1763 224 An.
1783 195 1812 224 C.
1837 193 1909 224 tw&

975 246 1128 286 litanam,
1155 257 1190 279 ac
1213 247 1322 280 sedem
1353 247 1574 290 episcopalem
1605 247 1636 279 in
1662 257 1711 278 ar·
1788 247 1792 253 '
1819 249 1821 252 '

976 297 1267 342 chiepiscopalem,
1300 299 1655 342 archiepiscopalisque
1680 304 1712 331 et

975 352 1249 394 metropolitanae
1274 351 1426 384 ecclesiae
1448 352 1560 384 sedem
1580 356 1611 384 et
1639 362 1712 393 pro-

975 403 1099 436 vinciae
1125 410 1244 447 caput,
1277 415 1335 447 pro
1368 414 1434 436 uno
1459 403 1707 447 archiepiscopo

10 447 58 466 fletu
81 446 115 466 dm

9 475 144 493 memoratur.

137 445 192 466 saeta

201 461 442 494 venerabilibus
463 460 613 492 fratribus
638 458 756 491 nostris
781 457 811 490 S.
835 457 872 490 R.
895 457 929 489 E.

203 513 420 546 cardinalibus
452 511 684 545 deliberatione
719 509 932 553 praehabita,

202 575 330 598 necnon
354 564 516 607 praedicto
540 564 632 596 Petro
657 562 803 606 principe
829 567 859 594 et
879 573 934 604 gu-

203 619 374 651 bernatore
392 628 449 661 per
465 617 534 650 eius
558 617 680 649 litteras
698 616 790 648 nobis
808 616 845 648 ad
872 615 935 648 hoc

205 671 372 704 humiliter
391 670 603 713 supplicante,
630 671 796 703 ecclesiam
817 669 847 702 S.
868 668 934 701 Sal-

204 723 320 757 vatoris
337 723 464 763 Bahiae,
484 729 615 756 eatenus
633 722 864 765 sutl'raganeam
884 732 934 755 ec-

203 776 319 810 clesiae
341 775 609 819 Ulyssiponensis‚
632 774 750 808 dictas³
773 775 933 808 civitatem

203 833 235 862 et
258 828 439 867 dioecesim,
466 838 594 861 necnon
619 828 753 860 dilectos
775 828 858 859 filios
885 838 934 859 ea-

202 892 271 915 rum
286 882 406 914 clerum
419 886 450 914 et
463 883 624 924 populum,
640 892 656 913 a
670 880 831 923 provincia
845 880 934 922 t'lys-

203 934 385 977 siponensi,
411 933 459 966 cui
495 939 569 966 tunc
601 933 840 976 metropolitico
866 932 933 965 iure

203 987 367 1026 suberant,
386 997 421 1019 ac
437 987 590 1030 oppidum
608 986 638 1019 S.
654 985 830 1019 Sebastiani
847 985 932 1027 [cum

202 1039 298 1072 certis
317 1039 460 1072 terminis
479 1039 702 1082 specificandis
728 1044 760 1070 et
779 1039 872 1071 certis
897 1039 933 1071 li-

202 1092 332 1125 mitibus
341 1092 607 1135 distinguendis³]
621 1093 658 1124 ab
669 1093 780 1124 eadem
793 1092 932 1125 dioecesi

202 1146 233 1177 S.
253 1145 425 1177 Salvatoris
457 1145 575 1177 Bahiae
603 1144 664 1187 [ita
689 1145 775 1186 qnod
800 1144 934 1186 posthac

203 1197 282 1228 inibi
315 1201 380 1229 tres
406 1197 573 1229 dioeceses
598 1196 743 1238 essent⁴]
774 1202 933 1239 perpetuo

203 1249 447 1291 segregavimus,
470 1248 635 1280 divisimus
654 1254 685 1280 et
702 1248 931 1290 separavimus,

202 1300 321 1343 illaque
347 1301 454 1333 omnia
478 1311 495 1332 a
520 1311 576 1343 pro
599 1305 744 1343 tempore
770 1300 933 1332 existentis

202 1352 437 1395 archiepiscopi
464 1357 494 1385 et
519 1353 649 1395 capituli
682 1363 718 1385 ac
749 1353 932 1394 praedictae

202 1405 359 1437 ecclesiae
377 1404 645 1447 Ulyssiponensis‚
666 1415 806 1444 necnon,
827 1406 932 1447 quoad

201 1458 306 1496 leuem
320 1457 550 1496 dioecesanam,
564 1457 716 1499 oppidum
731 1458 930 1499 praedictum

202 1511 232 1542 S.
255 1509 431 1542 Sebastiam
456 1520 527 1541 cum
550 1512 605 1541 sua
630 1509 769 1543 dioecesi
790 1520 825 1542 ac
845 1512 932 1544 clero

203 1568 233 1594 et
257 1562 376 1604 populo
401 1562 440 1594 ab
476 1561 714 1604 archiepiscopi
748 1561 843 1595 etiarn
874 1573 932 1605 pro

203 1621 348 1656 tempore
372 1613 538 1646 existentis
563 1624 599 1645 ac
622 1613 751 1657 capituli
784 1619 817 1647 et
840 1625 933 1657 prae-

205 1667 286 1699 satae
310 1665 466 1698 ecclesiae
490 1665 521 1698 S.
548 1665 718 1699 Salvatoris
739 1667 857 1700 Bahiae
882 1679 932 1699 sn-

203 1718 401 1761 perioritate,
418 1717 646 1759 iurisdictione,
667 1724 835 1762 potestate,
862 1720 933 1752 snb-

203 1771 350 1811 iectione,
374 1770 557 1803 visitatione
583 1777 614 1803 et
638 1772 846 1811 correctione,
865 1784 932 1806 mo-

203 1823 292 1856 derni
327 1823 520 1856 venerabilis
556 1824 651 1856 etiam
685 1825 792 1858 fratris
830 1826 930 1858 nostri

203 1876 438 1919 archiepiscopi
463 1876 719 1920 Ulyssiponensis
736 1878 775 1910 ad
797 1878 858 1911 hoc
881 1889 932 1912 ac-

203 1929 335 1961 cedente
352 1938 523 1969 consensu,
542 1940 675 1973 prorsus
697 1931 882 1963 eximimus⁵
902 1936 933 1964 et

203 1981 425 2021 liberavimus;
446 1992 572 2015 necnon
588 1982 757 2015 ecclesiam
775 1983 806 2016 S.
825 1983 932 2016 Salva-

205 2034 285 2066 toris
304 2034 434 2074 Bahiae,
457 2039 546 2067 certo
564 2039 640 2068 tunc
660 2046 815 2078 expresso
834 2037 930 2069 modo

204 2085 343 2130 pastoris
366 2086 479 2120 solatio
504 2087 701 2128 destitutam,
719 2088 751 2120 in
771 2093 933 2132 metropo-

239 2173 250 2200 t
275 2172 364 2200 Potius
383 2172 442 2208 lege
461 2174 561 2202 haberi
577 2175 615 2209 (a.
630 2175 678 2208 T.).

238 2217 255 2243 2
275 2218 367 2253 Aptius
386 2217 455 2244 foret
474 2218 619 2253 dictasque
638 2220 675 2254 (a.
696 2219 743 2255 T.).

238 2261 256 2287 3
276 2260 340 2289 Puto
356 2261 500 2296 pericopen
516 2261 592 2288 istam
606 2266 679 2289 extra
693 2263 780 2290 locum
801 2262 843 2291 hic
863 2273 930 2295 esse,

976 456 1007 488 S.
1034 456 1206 489 Salvatoris
1227 457 1345 490 Bahiae
1370 457 1607 500 nuncupando;
1636 468 1711 489 nec-

977 520 1042 542 11011
1068 510 1222 552 oppidum
1258 510 1288 543 S.
1316 510 1496 543 Sebastiani
1532 510 1711 553 praefatum

976 562 1008 594 in
1032 562 1207 601 civitatem,
1233 573 1269 595 ac
1294 563 1516 606 parochialem
1541 562 1710 595 ecclesiam

977 615 1038 647 sub
1073 614 1277 648 invocatione
1302 615 1446 648 eiusdem
1471 615 1501 647 S.
1528 615 1709 648 Sebastiani

977 667 1110 709 praefati
1136 667 1247 710 oppidi
1266 668 1408 700 eiusdem
1430 668 1459 701 S.
1480 668 1658 700 Sebastiam
1679 668 1710 699 iu

977 720 1214 759 cathedralem,
1238 730 1298 763 pro
1323 731 1389 753 uno
1419 720 1575 763 episcopo
1600 720 1631 752 S.
1659 720 1712 752 Sc-

977 772 1115 805 bastiani
1140 773 1371 815 nuncupando,
1389 773 1441 816 qui
1463 772 1709 815 archiepiscopo

977 825 1006 857 S.
1033 825 1204 857 Salvatoris
1229 826 1348 858 Bahiae
1375 836 1432 868 pro
1464 830 1612 868 tempore
1646 825 1710 857 exi-

976 878 1072 910 stenti
1096 878 1337 920 metropolitico
1359 879 1426 911 iure
1449 877 1623 917 subesset&
1642 888 1711 910 ere-

977 932 1076 964 ximus
1103 937 1135 964 et
1159 931 1376 971 instituimus3
1404 942 1531 964 necnon
1558 931 1588 963 S.
1615 931 1711 963 Seba-

976 984 1070 1017 stiaui
1096 984 1156 1016 sub
1192 984 1394 1017 invocatione
1430 984 1576 1016 eiusdem
1601 983 1630 1015 S.
1656 983 1712 1015 Sc-

977 1038 1114 1070 bastiani
1146 1038 1321 1077 ecclesiae,
1351 1038 1397 1070 sic
1424 1037 1455 1069 in
1487 1038 1710 1069 cathedralem

977 1091 1146 1123 ecclesiam
1162 1096 1300 1130 erectae,
1314 1090 1468 1133 oppidum
1483 1090 1512 1122 S.
1528 1089 1710 1122 Sebastiam

977 1146 1152 1185 praelatum
1178 1144 1223 1175 sic
1244 1143 1276 1175 in
1295 1143 1454 1176 civitatem
1476 1147 1628 1180 erectum,
1648 1152 1709 1183 pro

976 1195 1118 1234 civitate,
1145 1201 1177 1228 et
1207 1196 1278 1228 alia<
1292 1195 1423 1238 oppida,
1450 1200 1571 1233 castra,
1596 1194 1707 1233 villas,

977 1248 1140 1280 territoria
1165 1253 1196 1280 et
1220 1248 1385 1280 districtus
1403 1247 1506 1280 dictae
1524 1246 1710 1289 provinciae

976 1299 1036 1331 divi
1056 1298 1222 1338 Ianuarii⁹,
1239 1310 1255 1331 a
1269 1299 1434 1342 Capitania
1447 1298 1584 1341 Spiritus
1599 1298 1709 1330 Sancti

974 1351 1129 1384 inclusive
1152 1362 1253 1394 usque
1278 1351 1317 1383 ad
1342 1352 1464 1383 ssumen
1489 1350 1527 1383 de
1546 1350 1634 1383 Plata
1651 1360 1710 1392 per

975 1414 1064 1436 oram
1093 1404 1284 1437 maritimam
1311 1409 1343 1437 et
1370 1409 1489 1436 terram
1515 1403 1615 1443 intus,
1649 1414 1709 1445 pro

975 1460 1030 1490 sna
1055 1457 1218 1497 dioecesi,
1243 1463 1275 1490 et
1298 1457 1386 1490 illius
1413 1458 1543 1495 clerum,
1571 1457 1707 1496 incolas,

977 1510 1174 1542 habitatores
1199 1515 1230 1543 et
1254 1510 1422 1553 populum,
1451 1520 1510 1552 pro
1536 1509 1603 1541 suis
1621 1509 1709 1541 clero

976 1567 1007 1594 et
1025 1563 1156 1605 populo,
1175 1562 1396 1595 concessimus
1415 1566 1446 1595 et
1463 1561 1709 1603 assignavimus,

975 1620 1070 1657 prout
1094 1615 1125 1647 in
1151 1615 1284 1647 dirersis
1308 1615 1404 1647 etiam
1422 1614 1577 1647 consectis
1594 1613 1710 1647 litteris

974 1667 1103 1710 plenius
1126 1668 1335 1700 continetur:

1018 1720 1032 1763 g
1057 1719 1088 1753 3.
1116 1719 1239 1752 Dictum
1261 1720 1415 1763 oppidum
1442 1719 1480 1752 de
1506 1719 1620 1752 Olinda
1646 1719 1711 1762 epi-

975 1773 1094 1815 scopali
1121 1777 1152 1805 et
1176 1772 1310 1805 civitatis
1335 1772 1599 1805 denominatione
1619 1778 1651 1805 et
1676 1773 1712 1804 ti-

976 1826 1041 1857 tulo
1067 1825 1200 1868 dignum
1229 1825 1418 1865 iudicantes,
1452 1825 1491 1858 de
1522 1825 1710 1858 eorumdem

975 1879 1105 1911 fratrum
1130 1884 1316 1912 nostrorum
1336 1878 1366 1911 S.
1388 1878 1422 1911 R.
1440 1878 1474 1911 E.
1495 1879 1710 1912 cardinalium

973 1931 1109 1965 consilio
1143 1936 1175 1964 et
1206 1941 1337 1964 assensu
1369 1941 1405 1964 ac
1440 1931 1477 1964 de
1511 1931 1710 1975 apostolicae

973 1983 1141 2028 potestatis
1158 1984 1362 2027 plenitudine
1379 1984 1552 2024 similibus,
1571 1995 1607 2017 ae
1622 1994 1713 2027 prae-

973 2038 1038 2070 fato
1062 2037 1158 2070 Petro
1182 2036 1332 2080 principe
1357 2042 1388 2070 et
1414 2037 1631 2079 gubernatore
1651 2037 1711 2069 hu-

972 2090 1091 2123 militer
1115 2090 1330 2133 supplicante,
1357 2090 1512 2133 oppidum
1531 2090 1571 2123 de
1596 2089 1711 2122 Olinda

973 2144 1159 2187 praefatum,
1184 2154 1256 2176 cum
1282 2144 1379 2176 certis
1405 2143 1550 2176 terminis
1574 2143 1709 2176 inferius

973 2195 1197 2239 specificandis
1229 2200 1260 2228 ct
1284 2196 1381 2228 certis
1414 2196 1569 2228 limitibus
1598 2196 1711 2228 distin-

974 2248 1120 2291 guendis,
1136 2249 1173 2280 ab
1192 2249 1305 2281 eadem
1327 2248 1466 2281 dioecesi
1484 2247 1515 2281 S.
1535 2248 1712 2281 Salvatoris

205 2305 250 2332 sed
271 2306 409 2340 pertinere
424 2305 457 2331 ad
476 2305 489 2341 5
509 2305 524 2333 3
545 2309 598 2333 tum
618 2308 777 2341 praesentis,
798 2312 854 2334 tum
875 2317 921 2344 seq
951 2309 953 2323 ¹
974 2301 1104 2341 Dahiae,
1122 2301 1166 2333 ita
1183 2301 1269 2344 quod
1287 2302 1423 2344 posthac
1443 2306 1507 2334 tres
1527 2301 1605 2334 inibi
1625 2301 1714 2334 dioe-

205 2351 310 2377 constit.
331 2350 372 2377 vel
392 2350 479 2385 potius
495 2350 537 2377 hic
557 2351 659 2378 diceret
679 2354 745 2380 lunc
764 2353 932 2388 specificans
952 2365 953 2374 ¹

205 2396 231 2420 ct
285 2394 427 2421 distinctis
442 2394 478 2428 (R.
490 2394 539 2426 τ.).

238 2437 256 2464 4
275 2436 361 2464 Etiam
387 2437 529 2472 pericopen
557 2436 634 2464 istam
663 2446 721 2466 esse
746 2443 820 2466 extra
843 2441 932 2468 locum

204 2489 285 2509 sunm
301 2485 374 2517 puto,
390 2481 436 2509 sed
456 2481 525 2508 infra
543 2481 629 2509 solum
649 2484 660 2517 ἓ
677 2483 692 2510 3
711 2492 770 2511 esse
789 2484 932 2520 legendum

204 2527 245 2561 (n.
263 2527 312 2557 τ.).

238 2570 256 2597 5
273 2569 366 2597 Potius
385 2569 444 2605 lege
463 2570 621 2597 exemimus
639 2571 676 2606 (a.
693 2571 742 2607 T.).

274 2624 355 2655 Bun.
375 2624 460 2654 Rom.
480 2641 514 2647 -
537 2625 597 2656 Vol.
616 2625 692 2654 XIX.
834 2627 851 2655 2

974 2364 1064 2387 ceses
1103 2354 1258 2394 existant,
1297 2354 1491 2387 auctoritate
1531 2355 1713 2398 apostolica

974 2411 1132 2450 perpetuo
1157 2416 1375 2450 segregamus,
1408 2407 1581 2440 dividimus
1607 2413 1637 2440 et
1662 2418 1713 2440 sc-

1011 2487 1020 2512 1
1045 2484 1112 2512 Male
1131 2485 1195 2512 edit.
1212 2485 1294 2512 Maia.
1312 2485 1376 2521 tegit
1391 2486 1534 2513 subessent
1550 2489 1586 2516 (n.
1602 2486 1649 2520 T.).

1008 2529 1024 2556 2
1045 2530 1081 2556 Ex
1097 2531 1287 2559 constitutione
1302 2539 1358 2566 seq.
1377 2531 1520 2567 legendum
1540 2530 1628 2566 potius
1644 2530 1712 2559 Rivz

975 2574 1115 2603 Ianuarii
1137 2575 1172 2611 (R.
1188 2577 1237 2609 τ.).

1760 1728 1862 1754 Oppidum
1879 1729 1903 1748 di·

1723 1756 1796 1775 Olunta
1817 1762 1826 1774 a
1848 1756 1903 1773 «tuia-

1723 1787 1763 1800 rest
1775 1782 1789 1800 S
1808 1782 1827 1801 S.
1840 1782 1904 1800 tm.»-

1722 1808 1749 1827 l'iS
1769 1808 1904 1828 dimna-bia-

1722 1836 1762 1855 tur.
