2111 3157
186 239 236 266 Αη.
253 240 282 266 C.
307 239 373 266 1688
421 229 486 264 918

221 300 368 327 Triuisumpto-

185 333 229 348 rum
248 328 306 348 fndus.

213 1571 241 1592 De
253 1572 330 1592 minati
342 1572 372 1592 iu·

185 1602 220 1619 xta
232 1600 370 1619 resolutiones

193 1626 365 1651 Congregatienis

186 1653 325 1673 cardinalium
350 1658 369 1673 e·

187 1679 264 1699 eundo.

423 289 437 331 ξ
471 288 503 321 4.
537 288 690 321 Volumus
726 292 831 320 autem
863 292 897 318 ut
932 286 1117 319 earumdem

381 395 548 437 exemplis,
564 394 659 427 etiam
676 393 850 436 impressis,
866 404 962 426 manu
980 393 1118 426 alicuius

381 448 495 480 notarii
515 447 636 491 publici
651 447 857 490 subscriptis,
876 452 908 479 et
924 447 1033 489 sigillo
1050 457 1120 490 per-

380 511 477 533 sonae
499 501 531 532 in
549 500 770 532 ecclesiastica
788 499 946 542 dignitate
964 499 1119 532 constitu-

381 558 430 585 tae
446 553 590 593 munitis,
606 554 719 585 eadem
738 563 871 596 prorsus
889 552 969 585 fides
985 552 1016 584 in
1038 551 1119 584 iudi-

381 607 432 639 cio
450 612 481 639 et
498 612 587 639 extra
604 606 682 639 illud
708 606 828 648 ubique
854 607 1002 639 locorum
1028 605 1119 637 adhi-

380 659 503 698 beatur,
531 669 612 703 quae
638 659 716 702 ipsis
735 659 962 701 praesentibus
986 658 1119 691 adhibe-

379 718 470 744 retur
488 712 513 745 si
532 713 641 745 forent
658 712 822 745 exhibitae
842 713 891 745 vel
910 717 1072 744 ostensae.

424 766 537 798 Datum
562 766 704 805 Romae,
734 766 818 808 apud
847 766 878 798 S.
906 766 1036 798 Mariam
1056 765 1119 797 Ma-

380 819 483 851 iorem
497 846 504 859 ‚
534 820 593 851 sub
626 820 747 851 annulo
777 819 965 859 piscatoris,
997 819 1049 851 die
1083 829 1117 851 111

379 872 459 904 iunii
503 881 706 905 MDCLxxxvul
727 899 734 911 ‚
772 872 981 915 pontificatus
1014 872 1117 904 nostri

381 935 467 957 auno
493 935 548 958 xu.

415 987 475 1014 Dat.
498 987 542 1015 die
562 987 577 1014 3
598 988 664 1014 iunii
687 988 766 1021 1688,
788 987 884 1022 pontif.
906 995 978 1014 anno
999 994 1045 1014 xu.

674 1130 825 1164 CXCVIII.

382 1210 626 1252 Confirmantur
649 1211 858 1243 resolutiones
892 1210 1118 1252 Cotzqreqatio-

424 1265 476 1297 nis
493 1265 629 1297 Rituztm
644 1265 729 1297 circa
747 1275 862 1296 novam
877 1265 1116 1306 impressionem

423 1317 569 1349 missalis
593 1317 635 1349 ad
659 1328 754 1350 usum
778 1318 919 1360 fratrum
946 1317 1121 1350 Praedica-

425 1375 531 1402 torum
546 1370 564 1402 ¹.

572 1451 765 1479 Innocentius
787 1452 865 1485 Papa
886 1452 934 1485 XI,

529 1497 565 1523 ad
585 1497 718 1523 futuram
735 1497 779 1524 rei
798 1497 977 1524 memoriam.

426 1567 440 1610 ἓ
458 1567 488 1599 1.
510 1567 630 1610 Εκροηί
646 1567 738 1600 nobis
760 1578 863 1610 nuper
884 1568 958 1600 fecit
982 1567 1119 1600 dilectus

382 1619 467 1654 fitius
478 1621 660 1653 Antoninus
675 1620 805 1660 Cloelio,
823 1621 976 1663 magister
989 1631 1120 1663 genera-

382 1673 421 1706 lis
436 1672 565 1705 Ordinis
576 1673 847 1713 Praedicatorum,
864 1674 949 1716 quod
965 1674 1031 1716 ipse
1046 1674 1121 1706 mis-

381 1727 447 1759 sale
473 1727 511 1758 ad
546 1737 637 1759 usum
675 1727 807 1759 fratrum
841 1727 917 1760 dicti
950 1726 1077 1759 Ordinis
1104 1737 1120 1759 a

381 1779 549 1812 nonnullis
572 1791 605 1811 ex
625 1781 866 1813 venerabilibus
893 1780 1042 1812 fratribus
1066 1790 1120 1812 no-

381 1833 456 1865 stris
475 1833 506 1865 S.
528 1833 564 1865 R.
585 1833 619 1865 E.
647 1834 865 1866 cardinalibus
891 1833 1119 1875 Congregatio-

382 1885 430 1917 nis
450 1886 549 1918 sacris
575 1886 689 1918 ritibus
714 1886 919 1929 praepositae
945 1885 1119 1927 diligenter

381 1938 545 1979 revisum,
572 1950 608 1971 ac
633 1939 671 1971 ad
698 1939 865 1982 antiquum
892 1938 1037 1971 eiusdem
1062 1938 1119 1971 Or-

382 1991 467 2024 dinis
508 1992 605 2024 ritum
643 1992 879 2035 quammaxime
921 1992 1089 2024 redactum
1110 2018 1117 2031 ,

383 2045 469 2077 iuxta
486 2055 523 2077 ea
541 2055 623 2087 quae
642 2045 726 2078 circa
741 2056 856 2078 novam
873 2045 1118 2079 impressionem

383 2098 521 2130 missalis
547 2098 732 2133 huiusmodi
759 2109 776 2131 a
800 2097 953 2142 praefatis
978 2098 1120 2131 cardina·

384 2151 468 2183 libus
493 2151 544 2183 die
569 2162 630 2184 xxu
658 2145 811 2184 Februarii
837 2151 1005 2194 praeteriti
1032 2162 1120 2183 reso-

383 2204 459 2243 luta,
485 2215 521 2236 ac
545 2204 681 2237 subinde
701 2215 717 2236 a
737 2207 914 2237 memorata
938 2204 1118 2246 Congrega-

384 2256 472 2289 tione
487 2257 537 2289 die
551 2267 608 2290 xui
622 2257 725 2290 martii
741 2257 836 2290 etiam
853 2257 998 2300 proxime
1020 2256 1118 2299 elapsi

385 2309 563 2351 approbata
590 2310 728 2351 suerunt,
747 2310 828 2353 typis
846 2310 988 2353 imprimi
1015 2310 1119 2342 facere

385 2362 622 2405 quamprimum
649 2363 798 2396 intendit.

423 2460 431 2483 1
456 2458 579 2485 Clemens
598 2459 617 2486 X
638 2460 828 2487 constitutione
848 2461 921 2487 edita
939 2467 1064 2493 MDCLxxt,
1080 2458 1122 2486 die

387 2501 420 2529 ¹6
440 2502 579 2535 februarii,
600 2504 696 2538 pontis.
718 2511 737 2537 1,
754 2504 807 2539 agit
827 2504 859 2530 de
881 2504 962 2530 missa
976 2504 1020 2529 SS.
1038 2503 1121 2529 Rosa-

386 2546 428 2577 rii,
440 2551 466 2573 et
482 2547 628 2573 Innocentii
645 2547 687 2574 xl!
709 2549 901 2575 constitutione
917 2548 988 2574 edita
1007 2553 1120 2580 mnexcu,

387 2590 429 2617 die
445 2590 461 2616 8
477 2591 551 2623 iunii,
569 2592 663 2626 pontis.
682 2599 700 2625 ι,
717 2592 750 2619 de
766 2593 855 2620 missis
875 2592 1042 2620 celebrandis
1058 2591 1121 2618 sab-

387 2634 449 2662 bato
469 2639 570 2662 sancto.

965 238 1144 262 mmmmm!
1170 237 1319 262 ROMANUM

1205 286 1220 329 g
1245 286 1276 318 ἱ).
1304 286 1382 319 Cum
1406 291 1533 327 autem,
1559 288 1642 320 sicut
1666 287 1780 321 eadem
1805 297 1898 331 expo-

1905 237 1955 265 An.
1975 238 2002 266 G.
2021 239 2088 268 1688

1956 299 2087 322 Confirmatio

1877 341 1883 348 .
1909 326 2010 346 dictarum
2033 333 2088 348 reso-

379 342 598 384 praesentium
623 341 803 374 litterarum
828 340 1045 383 transumptis,
1061 350 1117 372 seu
1163 339 1237 372 sitio
1263 340 1496 383 subiungebat,
1513 341 1583 384 ipse
1602 341 1782 374 Antoninus
1799 352 2017 384 magi-inunum.

1163 398 1228 425 ster
1262 394 1422 435 generalis
1455 394 1653 437 praemissa,
1680 405 1744 438 quo
1774 394 1897 428 firmius

1162 446 1341 478 subsistant
1351 452 1381 478 et
1395 452 1564 479 serventur
1575 448 1726 487 exactius,
1737 458 1796 480 nec
1810 448 1899 491 quid-

1162 509 1258 541 quam
1283 499 1314 531 in
1341 499 1379 531 iis
1405 500 1602 543 praemissis,
1622 501 1734 533 eadem
1759 499 1899 544 Congre-

1162 552 1290 593 gatione
1321 553 1512 593 inconsulta,
1542 553 1753 597 imposterum
1781 553 1898 587 immu-

1163 605 1221 637 tari
1254 606 1378 646 valeat,
1412 607 1608 649 apostolicae
1641 606 1896 640 confirmationis

1162 664 1289 691 nostrae
1315 659 1495 702 patrocinio
1513 660 1704 692 communiri
1721 660 1899 703 plurimum

1162 711 1344 745 desideret:
1365 724 1434 753 nos,
1453 713 1558 756 ipsum
1584 714 1781 747 Antoninum
1799 714 1900 757 magi-

1162 770 1262 797 strum
1293 767 1477 808 generalem
1511 767 1706 810 specialibus
1736 767 1898 800 favoribus

1163 824 1194 851 et
1219 820 1331 861 gratiis
1356 820 1510 863 prosequi
1537 821 1682 853 volentes
1698 848 1705 860 ,
1732 825 1765 854 et
1788 831 1805 854 a
1829 820 1900 865 qui-

1161 872 1269 904 busvis
1289 872 1646 913 excommunicationis,
1677 873 1899 916 suspensionis

1163 929 1193 956 et
1212 925 1386 965 interdicti,
1412 925 1549 968 aliisque
1575 925 1805 959 ecclesiasticis
1828 936 1901 959 sen-

1164 978 1282 1017 tentiis,
1299 979 1445 1011 censuris
1471 985 1501 1011 et
1526 979 1649 1021 poenis,
1668 989 1685 1011 a
1703 979 1771 1012 iure
1789 980 1839 1012 vel
1859 979 1898 1012 ab

1164 1031 1307 1071 homine,
1327 1031 1437 1074 quavis
1456 1032 1625 1064 occasione
1643 1033 1692 1065 vel
1706 1035 1803 1065 causa
1816 1033 1898 1073 latis,

1163 1084 1188 1115 si
1204 1084 1320 1127 quibus
1335 1084 1583 1128 quomodolibet
1596 1085 1769 1118 innodatus
1784 1085 1899 1126 existit,

1163 1137 1201 1169 ad
1220 1137 1368 1170 efl'ectum
1392 1137 1612 1181 praesentium
1638 1138 1803 1171 dumtaxat
1826 1148 1902 1171 con-

1162 1191 1372 1234 sequendum,
1396 1192 1510 1224 harum
1536 1191 1618 1224 serie
1643 1191 1845 1224 absolventes
1869 1196 1901 1224 et

1162 1244 1343 1277 absolutum
1369 1244 1436 1277 f'ore
1470 1250 1665 1284 censentes,
1690 1244 1900 1287 supplicatio-

1163 1297 1258 1329 nibus
1284 1297 1353 1330 eius
1377 1297 1509 1330 nomine
1531 1296 1625 1330 nobis
1651 1306 1749 1340 super
1766 1297 1828 1330 hoc
1845 1297 1902 1329 hu-

1163 1350 1284 1383 militer
1307 1350 1468 1394 porrectis
1493 1350 1648 1390 inclinati,
1674 1350 1832 1394 disposita
1856 1356 1902 1383 at-

1164 1415 1225 1447 que
1251 1404 1390 1445 decreta,
1419 1409 1454 1436 ut
1477 1404 1679 1447 praefertur,
1708 1413 1726 1436 a
1755 1403 1901 1447 praefata

1163 1456 1423 1500 Congregatione
1455 1457 1538 1490 circa
1572 1467 1688 1489 novam
1720 1456 1903 1500 impressio-

1165 1521 1238 1542 nem
1254 1510 1392 1543 missalis
1408 1510 1603 1549 huiusmodi,
1618 1509 1809 1542 auctoritate
1825 1520 1902 1553 apo-

1166 1564 1288 1603 stoliea,
1308 1569 1420 1597 tenore
1435 1562 1668 1606 praesentium,
1682 1563 1901 1606 approbamus

1165 1622 1194 1648 et
1212 1615 1448 1655 confirmamus,
1468 1615 1597 1658 illisque
1615 1615 1810 1648 inviolabilis
1827 1625 1902 1659 apo-

1164 1669 1294 1701 stolicae
1321 1668 1480 1701 firmitatis
1500 1668 1598 1700 robur
1614 1667 1794 1708 adiicimus,
1813 1668 1902 1701 salva

1166 1728 1271 1755 tamen
1298 1732 1426 1764 semper
1444 1722 1475 1754 in
1501 1721 1686 1765 praemissis
1711 1722 1902 1755 auctoritate

1164 1780 1360 1809 memoratae
1385 1773 1652 1817 Congregationis
1677 1774 1901 1807 cardinalium.

1207 1830 1222 1872 ἓ
1246 1829 1277 1862 3.
1305 1829 1526 1861 Decet-nentes
1551 1828 1681 1861 easdem
1711 1833 1904 1872 praesentes

1163 1883 1290 1916 litteras
1315 1892 1445 1924 semper
1470 1880 1591 1920 firma&
1619 1881 1742 1914 validas
1774 1886 1808 1914 et
1835 1881 1904 1914 effi-

1164 1946 1255 1968 caces
1276 1935 1416 1967 existere
1428 1939 1462 1966 et
1474 1934 1553 1973 f'orc,
1571 1944 1713 1976 suosque
1731 1934 1901 1977 plenarios

1163 1995 1195 2022 et
1219 1990 1366 2031 integros
1395 1987 1529 2020 effeetus
1546 1987 1655 2020 sortiri
1687 1993 1717 2020 et
1739 1987 1903 2028 obtinere,

1163 2053 1199 2075 ac
1221 2042 1299 2082 illis,
1322 2042 1361 2074 ad
1383 2052 1464 2084 quos
1486 2046 1613 2084 spectat
1629 2046 1660 2073 et
1676 2051 1734 2084 pro
1753 2047 1902 2084 tempore

1164 2095 1433 2138 quandocumque
1466 2093 1649 2137 spectabit,
1686 2094 1717 2126 in
1749 2094 1901 2127 omnibus

1164 2154 1195 2181 et
1219 2159 1278 2191 per
1307 2148 1415 2180 onmia
1449 2147 1683 2180 inviolabiliter
1714 2147 1901 2188 observari,

1163 2203 1276 2245 sicque
1306 2202 1338 2234 in
1375 2201 1564 2244 praemissis
1596 2211 1656 2244 per
1680 2211 1903 2244 quoscumque

1163 2256 1287 2288 indu-es
1312 2254 1496 2288 ordinarios
1531 2260 1562 2287 et
1593 2254 1775 2296 delegatos,
1806 2254 1904 2287 etiam

1163 2302 1332 2341 causarum
1363 2308 1475 2352 palatii
1507 2307 1679 2351 apostolici
1711 2307 1901 2348 auditores,

1164 2361 1300 2395 iudicari
1335 2367 1367 2394 et
1391 2360 1519 2394 definiri
1548 2361 1683 2401 debere,
1707 2370 1744 2393 ac
1775 2359 1903 2392 irritum

1165 2421 1197 2447 et
1213 2416 1321 2455 inane,
1338 2415 1364 2447 si
1382 2425 1476 2447 secus
1498 2425 1595 2457 super
1615 2413 1666 2446 his
1683 2424 1700 2446 a
1724 2423 1900 2457 quoquam,

1163 2469 1274 2511 quavis
1307 2467 1521 2508 auctoritate,
1556 2466 1699 2499 scienter
1723 2466 1774 2499 vel
1809 2465 1902 2508 igno-

1164 2527 1281 2560 ranter,
1306 2520 1482 2563 contigerit
1502 2520 1667 2552 attentari.

1207 2574 1221 2616 ἓ
1245 2573 1275 2606 lt.
1299 2573 1369 2606 Non
1388 2573 1590 2606 obstantibus
1613 2571 1901 2605 constitutionibus

1164 2632 1196 2661 et
1221 2627 1482 2660 ordinationibus
1509 2625 1721 2670 apostolicis,
1749 2636 1897 2668 necnon,

1939 1835 2059 1860 clausulae.

1924 2573 2033 2605 Dei-watto
2041 2579 2086 2595 con·

1910 2604 2029 2625 uariorum.
