2111 3157
112 218 158 243 rin.
176 218 204 243 e.
232 217 297 244 1088
343 207 408 241 8⁵20

139 595 207 616 ffirrx
224 595 256 616 ΙΧΔ

125 621 154 642 De
174 625 249 642 tut-ture
263 627 293 642 re-

106 650 193 673 qve-tort·
206 664 210 672 ,

124 681 149 696 uo
169 675 248 695 resecto
262 680 290 696 io.

239 649 292 674 ispo.

304 271 449 298 scuntur.
468 265 599 298 Secreto
619 269 724 296 autem
742 261 831 304 loqui
849 271 921 293 cum
936 260 1043 302 aliquo

303 318 383 353 nulli
408 319 484 352 licet
507 318 626 350 ibidem
652 317 701 349 vel
727 315 923 358 ubicumque
949 312 1044 346 fuerit

304 372 336 405 in
362 377 537 405 conventu*

346 435 417 458 vi11.
444 423 649 468 Quacumque
675 433 711 456 ex
737 422 834 455 causa
859 420 977 464 aliquis
1001 419 1042 451 sit

303 477 335 510 in
361 477 543 521 disciplina,
571 477 678 510 nullus
703 475 819 508 audeat
844 485 902 517 pro
928 484 966 506 eo
993 483 1042 505 ro-

304 541 379 574 gare
405 531 437 562 in
459 536 629 569 comeatu,
655 529 716 561 nisi
742 528 869 561 volente
894 526 1017 570 priore.

348 595 369 618 1.
408 584 523 617 Lector
551 582 717 616 refectorii
742 587 975 619 correctorem,
1002 579 1040 612 ad

304 649 399 682 quem
424 637 566 681 pertinet
586 629 742 669 lecturam
766 633 929 668 refectorii
955 633 1042 665 ordi-

301 702 380 724 nare
414 696 446 724 et
481 690 665 733 assignare,
703 689 801 722 debet
837 687 1040 728 interrogare

300 745 376 788 quid
401 743 577 787 legendum
598 743 649 783 sit,
674 748 706 775 et
729 751 874 783 congruo
896 746 1040 782 tempore

298 798 399 832 libros
417 797 472 841 qui
491 797 530 830 ad
555 796 728 840 legendum
752 794 915 828 sufficiant
940 794 971 825 in
991 803 1040 826 re-

297 851 468 885 fectorium
494 856 638 894 portare.

341 915 376 938 11.
404 904 481 937 Cum
507 908 682 936 conventus
714 900 912 944 ingreditur,
937 900 1040 932 lector

297 963 359 992 stat
383 960 471 991 versa
491 957 571 990 facie
589 957 628 990 ad
650 955 808 989 orientem
827 965 882 987 seu
900 953 938 986 ad
957 963 1039 985 men-

297 1022 364 1045 sam
391 1010 528 1054 prioris,
550 1009 728 1042 inclinante
749 1012 856 1039 autem
877 1011 1037 1038 conventu

299 1065 337 1097 ad
364 1064 476 1098 Gloria
498 1063 589 1096 Patri
613 1068 645 1096 et
661 1062 760 1095 Pater
780 1064 896 1100 noster,
918 1064 948 1091 et
969 1059 1038 1101 ipse

297 1117 441 1156 inclinat,
465 1118 560 1150 versa
576 1116 657 1148 facie
675 1115 713 1148 ad
734 1118 940 1152 conventum,
960 1111 1039 1145 Iube

297 1171 436 1204 Domine
461 1170 537 1202 dicit
565 1169 680 1202 stando
715 1168 834 1201 ibidem
868 1172 899 1200 et
924 1166 1037 1199 eodem

296 1224 406 1256 modo.
426 1223 496 1256 Non
522 1223 620 1255 debet
644 1227 749 1255 autem
774 1221 907 1259 sedere,
936 1219 1039 1252 donec

297 1276 408 1309 sedeat
433 1276 487 1319 qui
513 1281 645 1319 praeest
673 1273 855 1313 conventui,
880 1283 939 1305 nec
964 1282 1038 1304 coo-

296 1330 406 1373 perire
425 1334 528 1373 caput,
551 1329 655 1362 donec
679 1328 770 1371 prior
794 1326 924 1360 mantile
946 1336 1036 1358 suum

298 1383 447 1416 devolvat
470 1388 523 1415 aut
540 1382 669 1425 signum
687 1382 793 1415 faciat.
813 1380 1039 1419 Quandocum-

298 1447 361 1480 que
397 1436 493 1468 etiam
529 1435 700 1468 homiliam
742 1445 759 1466 a
793 1433 954 1477 principio
992 1432 1040 1464 in-

297 1491 394 1523 choat
411 1490 468 1533 (α),
488 1493 585 1532 caput
609 1488 719 1528 nudat,
747 1493 778 1520 et
791 1497 849 1520 nos
871 1496 984 1519 omnes
1002 1485 1040 1518 si-

296 1543 435 1584 militer,
463 1542 565 1575 donec
589 1541 627 1574 ab
654 1551 693 1574 eo
720 1540 840 1573 dictum
865 1538 907 1572 sit
931 1543 960 1571 et
991 1549 1039 1571 re-

298 1596 404 1640 liqna.

341 1660 390 1684 ιιι.
417 1648 591 1682 Historiam
624 1647 704 1690 legit
729 1646 890 1687 celerius,
918 1656 1039 1679 sermo-

296 1714 353 1737 nes
372 1709 403 1736 et
423 1702 576 1736 homilias
604 1702 738 1740 tardius,
756 1706 867 1744 aperte
883 1706 988 1733 tamen
1007 1705 1039 1732 et

298 1758 446 1791 distincte
472 1759 557 1799 legat
582 1755 701 1795 omnia,
715 1760 751 1787 ut
766 1754 872 1798 possit
889 1754 1037 1796 intelligi,

298 1818 329 1845 et
354 1811 407 1844 tali
433 1822 510 1843 voce
536 1810 623 1853 quod
656 1808 761 1852 possit
784 1808 901 1841 audiri.
931 1807 1038 1840 Prori-

298 1865 393 1897 deant
418 1870 523 1896 autem
558 1868 750 1906 procurator
775 1867 806 1894 et
830 1861 1037 1904 coquinarius

296 1929 337 1950 ne
364 1919 393 1950 in
410 1916 585 1950 refectorio
605 1918 760 1949 tumultus
776 1914 892 1958 aliquis
912 1921 963 1947 aut
978 1925 1037 1947 vox

296 1971 356 2004 nisi
383 1971 484 2003 solius
511 1969 646 2012 legentis
676 1970 836 2002 audiatur.

343 2035 384 2058 lv.
412 2023 520 2062 Quod¹
548 2025 659 2061 lector,
680 2023 753 2055 dato
772 2023 874 2065 signo,
893 2022 1038 2055 dicturus

299 2084 346 2110 est
374 2078 420 2111 Tu
437 2082 554 2117 aulem,
574 2075 721 2116 Domine,
738 2077 787 2109 vel
808 2076 954 2109 ultimum
974 2086 1039 2108 vcr-

299 2141 367 2163 sum
394 2130 552 2169 lectionis,
574 2135 670 2172 caput
695 2129 906 2172 discooperit,
934 2134 964 2162 et
989 2139 1039 2161 re-

299 2194 418 2226 sponso
438 2194 454 2215 a
472 2189 631 2216 conventu
656 2182 720 2215 Deo
736 2183 869 2225 oratius,
886 2182 924 2215 de
943 2184 1039 2215 lecto-

300 2236 348 2268 rio
368 2236 545 2275 descendit,
572 2240 601 2269 et
625 2236 760 2268 inclinat
779 2237 873 2268 versa
899 2235 978 2268 facie
999 2236 1038 2268 ad

336 2298 363 2332 a)
387 2299 412 2324 ld
432 2298 633 2333 intelligendum
654 2303 693 2324 est
714 2298 748 2325 de
768 2297 901 2332 homiliis,
923 2305 1037 2333 quarum

299 2344 468 2377 evangelium
489 2352 540 2369 uon
562 2343 610 2369 suit
630 2344 728 2369 lectum
745 2343 769 2369 in
787 2343 911 2377 ecclesia,
928 2351 979 2369 non
998 2351 1039 2368 ve·

298 2396 328 2413 ro
349 2387 381 2413 de
403 2387 519 2412 homiliis
539 2387 731 2413 dominicarum
752 2387 822 2413 intra
837 2391 955 2417 octavasy
972 2394 1039 2421 qua-

299 2439 359 2457 rum
380 2431 548 2464 evangelium
566 2431 617 2457 iam
631 2431 678 2457 fuit
695 2432 791 2457 lectum
808 2431 833 2457 in
850 2431 1037 2463 solemnitate3

299 2479 362 2502 tunc
378 2476 448 2501 enim
466 2479 568 2500 tantum
585 2475 682 2501 dicitur
698 2476 808 2502 homilia
824 2476 944 2501 lectionis
960 2483 1039 2501 evan-

299 2520 402 2554 gelicae
423 2520 448 2545 in
464 2518 597 2545 dominica
618 2520 686 2546 iutra
702 2525 810 2546 octavas
832 2521 890 2546 talis
910 2520 1039 2547 solemni-

299 2565 371 2591 tatis.

337 2609 347 2635 ¹
370 2609 499 2644 Legerem
522 2609 642 2641 Quando
663 2610 698 2635 tn,
719 2610 766 2642 τ,).

885 211 1064 236 numinum
1089 211 1240 234 ROMANUM

1087 264 1293 291 conventum.
1320 257 1351 291 Si
1386 257 1502 300 aliquis
1537 257 1576 290 de
1608 256 1719 297 libris,
1745 266 1826 300 quos

1087 312 1207 352 attulit,
1231 311 1346 344 referri
1372 311 1480 352 debet,
1506 309 1655 350 novitius,
1679 310 1729 343 vel
1754 310 1827 344 ulti-

1086 375 1165 404 mus⁷
1194 365 1283 397 finito
1315 363 1474 407 prandio,
1499 373 1571 396 eum
1593 363 1624 396 in
1650 362 1824 396 ecclesiam

1085 419 1133 451 vel
1158 417 1334 461 capitulum
1361 417 1488 456 desert,
1512 422 1542 449 et
1574 416 1599 449 si
1626 417 1737 460 plures
1761 415 1826 449 sint

1085 471 1160 504 libri
1185 471 1345 515 portandi,
1370 471 1512 503 iuniores
1540 470 1571 503 in
1597 470 1711 504 ordine
1735 469 1827 503 novi-

1086 524 1163 557 tium
1189 530 1243 557 aut
1268 524 1416 557 ultimum
1440 523 1558 556 iuvant.

1129 589 1157 610 v.
1186 578 1300 610 Lector
1324 577 1488 610 refectorii
1514 576 1544 609 in
1571 577 1744 610 refectorio
1769 577 1826 610 be-

1085 631 1304 663 nedictionem
1341 630 1379 662 ad
1411 628 1582 673 prandium
1610 630 1660 662 vel
1692 639 1825 663 coenam

1085 683 1200 717 iterare
1227 694 1292 716 non
1319 683 1424 723 debet,
1452 682 1569 725 gratias
1594 688 1700 715 autem
1718 682 1827 716 reddit

1085 736 1116 768 in
1143 737 1282 770 ecclesia
1305 737 1354 769 vel
1380 736 1410 768 in
1428 735 1579 778 capitulo,
1606 746 1666 768 nec
1685 745 1826 779 unquam

1084 789 1152 823 sine
1178 789 1308 823 licentia
1338 789 1369 821 in
1406 789 1488 822 cella
1524 793 1717 832 sequentem
1743 788 1827 821 refe-

1084 842 1221 875 ctionem
1256 841 1363 875 sumit.
1401 840 1492 879 Quod
1524 841 1549 873 si
1587 841 1618 873 in
1652 840 1826 874 refectorio

1083 906 1217 929 coenam
1239 896 1345 928 facere
1363 895 1500 928 voluerit
1521 895 1578 937 (cc),
1596 895 1685 928 nulla
1702 894 1825 927 ibidem

1083 949 1129 982 illi
1155 949 1287 993 pitantia
1308 949 1414 988 detur,
1441 948 1497 981 sed
1516 948 1557 980 sit
1576 953 1747 980 contentus
1772 947 1824 980 his

1083 1013 1165 1044 quae
1191 1002 1307 1034 ceteris
1332 1000 1453 1033 fuerint
1473 999 1740 1033 conventualibus
1766 999 1826 1032 mi-

1083 1055 1239 1095 nistrata,
1265 1065 1326 1087 nec
1352 1060 1425 1086 tunc
1456 1053 1543 1086 aliud
1570 1052 1746 1096 quidquam
1772 1052 1824 1086 die

1083 1108 1137 1140 illa
1161 1107 1363 1140 ministretur
1388 1107 1416 1139 ei
1442 1107 1474 1139 in
1501 1107 1596 1144 cella,
1622 1105 1683 1139 nisi
1709 1116 1825 1140 neces-

1082 1161 1173 1194 sitate
1199 1166 1347 1203 cogente.

1126 1225 1167 1247 vl.
1194 1214 1350 1247 Similiter
1375 1213 1433 1251 eis,
1461 1213 1514 1256 qui
1539 1211 1661 1246 faciunt
1691 1222 1824 1246 coenam

1083 1267 1113 1300 in
1141 1267 1333 1307 refectorio,
1360 1266 1442 1299 nihil
1468 1266 1556 1299 aliud
1589 1265 1642 1298 die
1667 1265 1739 1306 itta,
1763 1265 1824 1298 nisi

1082 1320 1276 1353 necessitate
1296 1325 1443 1362 cogente,
1462 1318 1663 1351 ministretur
1682 1317 1714 1350 in
1732 1318 1824 1351 cella.

1125 1383 1180 1407 vu.
1208 1373 1342 1412 Quando
1372 1373 1476 1405 lector
1507 1371 1674 1405 refectorii
1711 1371 1826 1405 diebus

1082 1427 1214 1471 capituli
1241 1427 1370 1470 supplet
1391 1426 1423 1459 in
1444 1425 1581 1459 ecelesia
1598 1425 1683 1458 vices
1700 1424 1824 1458 hebdo-

1082 1480 1228 1523 madarii,
1247 1481 1375 1513 missam
1395 1479 1641 1512 conventualem
1657 1479 1826 1512 celebran-

1083 1535 1133 1575 do,
1160 1535 1289 1577 supplet
1313 1534 1408 1566 etiam
1435 1532 1505 1565 eius
1530 1532 1614 1565 vices
1640 1532 1670 1564 in
1690 1532 1824 1565 refecto·

1083 1588 1131 1621 rio
1157 1598 1286 1620 mensas
1304 1585 1529 1619 benedicendo
1547 1590 1578 1618 et
1594 1584 1711 1627 gratias
1731 1594 1826 1628 agen-

1083 1642 1140 1675 do:
1161 1642 1246 1674 unde
1265 1652 1303 1674 eo
1322 1651 1400 1673 casu
1418 1641 1542 1673 lectura
1559 1639 1724 1672 refectorii
1739 1645 1825 1672 tran·

1082 1696 1124 1728 sit
1148 1695 1187 1729 ad
1205 1705 1289 1734 eum,
1310 1704 1369 1738 pro
1394 1694 1450 1727 illa
1476 1693 1540 1734 die,
1561 1692 1609 1726 cui
1628 1697 1701 1737 post
1718 1692 1824 1736 ipsum

1081 1749 1216 1790 contigit
1239 1759 1276 1780 ex
1302 1747 1429 1780 ordine.

1124 1812 1193 1836 vni.
1221 1802 1251 1835 Si
1270 1803 1374 1834 lector
1392 1799 1553 1833 refectorii
1575 1809 1638 1832 non
1656 1798 1762 1843 potuit
1777 1798 1824 1832 in-

1081 1856 1201 1888 choare
1232 1853 1470 1887 hebdomadam
1503 1863 1611 1892 suam,
1637 1862 1735 1896 quam
1759 1851 1823 1886 cito

1082 1908 1200 1952 poterit
1237 1907 1334 1941 debet
1370 1917 1440 1939 eam
1477 1916 1687 1949 recuperare,
1725 1904 1823 1938 etiam

1082 1968 1155 2006 post
1180 1962 1290 1996 feriam
1317 1960 1473 2004 quintam.

1125 2025 1167 2048 lx,
1194 2015 1228 2047 In
1254 2014 1459 2047 hebdomada
1480 2012 1601 2045 Natalis
1625 2012 1764 2053 Domini,
1778 2013 1825 2046 le-

1082 2074 1151 2101 ctor
1175 2067 1341 2100 refectorii
1375 2066 1453 2109 legit
1479 2066 1562 2098 duos
1587 2065 1672 2106 dies,
1699 2065 1825 2099 scilicet

1081 2122 1112 2154 in
1138 2121 1300 2154 dominica
1325 2126 1355 2153 et
1380 2121 1431 2153 die
1458 2119 1578 2152 Natalis
1604 2118 1745 2158 Domini,
1760 2117 1823 2152 nisi

1082 2175 1194 2208 eadem
1230 2173 1418 2206 solemnitas
1451 2173 1483 2205 in
1521 2172 1633 2205 eadem
1659 2170 1824 2205 dominica

1081 2225 1245 2263 evenerit;
1268 2229 1344 2256 tunc
1359 2223 1453 2263 enim,
1469 2223 1549 2255 sicut
1567 2222 1599 2254 in
1614 2221 1824 2254 hebdomada

1080 2279 1221 2311 Paschae
1248 2284 1278 2310 et
1303 2278 1522 2316 Pentecostes‚
1543 2286 1607 2309 uno
1633 2280 1757 2308 tantum
1781 2275 1824 2308 le-

1081 2333 1127 2375 git
1151 2332 1227 2372 die;
1255 2331 1372 2363 deinde
1397 2329 1495 2362 ceteri
1528 2339 1586 2372 per
1616 2328 1766 2362 ordinem
1791 2331 1823 2362 et

1081 2385 1201 2427 singuli
1229 2385 1341 2417 dicunt
1365 2385 1476 2426 culpas
1503 2393 1575 2415 suas
1600 2392 1660 2426 pro
1689 2381 1824 2415 defecti·

1081 2438 1140 2470 bus
1166 2438 1197 2469 in
1232 2439 1355 2470 lectura
1392 2442 1464 2480 post
1496 2437 1660 2479 expletum
1688 2434 1821 2468 lectoris

1082 2490 1223 2524 officium
1249 2491 1279 2523 in
1305 2489 1467 2523 dominica
1490 2488 1652 2533 sequenti.
1683 2486 1741 2526 Qui
1766 2498 1824 2521 au·

1116 2562 1146 2597 α)
1162 2562 1187 2588 Ιιι
1204 2562 1407 2597 intelligendum
1423 2565 1464 2588 est
1479 2560 1586 2597 quando
1597 2560 1683 2587 lector
1697 2567 1750 2587 non
1766 2558 1824 2587 vult

1082 2607 1120 2634 uti
1138 2607 1243 2634 licentia
1253 2607 1303 2634 sibi
1319 2616 1368 2643 per
1387 2606 1555 2642 superiorem
1571 2605 1669 2634 oblata.

1827 208 1876 234 An.
1895 207 1924 234 C.
1945 208 2014 238 1088
