2111 3157
421 255 513 299 eique
537 254 704 299 privilegia
722 259 751 286 et
776 252 991 295 indulgentiae
1009 262 1081 285 con-

421 308 586 346 ceduntur,
611 305 685 339 494.

334 361 473 395 CXXVII.
499 359 732 393 Confirmantur
756 358 820 391 duo
844 357 971 390 decreta
995 356 1079 390 Con-

420 412 614 456 gregationis
632 411 765 445 Concilii
786 410 989 443 decernentia
1011 420 1083 454 pro-

421 466 572 499 fessiones
606 464 855 506 Brigittanorum
888 463 1082 496 Novissime-

421 529 493 552 rum
514 528 582 551 esse
598 517 728 558 validas,
746 527 863 560 eosque
880 516 1083 549 denominan—

421 572 478 606 dos
503 582 570 605 esse
595 571 798 614 Brigittanos,
824 570 902 605 498.

336 626 491 660 CXXVIII.
515 625 667 658 Indicitur
697 625 870 657 iubilaeum
905 623 1084 657 universale

423 679 462 712 ad
494 678 731 722 implorandum
764 677 905 710 divinum
930 677 1083 710 auxilium

422 737 534 765 contra
559 732 687 772 Turcas,
712 730 786 764 501.

336 785 466 819 CXXIX.
491 785 705 818 Confirmatur
725 784 889 817 decretum
907 783 1086 826 Congrega-

424 838 519 871 tionis
536 838 760 881 episcoporum
778 841 808 870 et
825 836 1022 879 regularium
1036 846 1085 880 ap-

423 892 563 935 probans
583 891 800 924 alternativam
830 890 912 923 inter
929 890 1085 934 Hispanos

423 951 454 979 et
470 946 603 979 Criollos
625 945 750 978 Ordinis
767 945 925 978 Minorum
946 944 975 976 S.
992 944 1086 976 Fran-

424 999 499 1032 cisci
532 999 571 1031 de
591 998 799 1031 Observantia
823 998 856 1030 in
880 997 977 1030 Indiis
1002 996 1086 1030 Occi-

424 1051 614 1092 dentalibus,
640 1050 714 1084 504.

335 1106 448 1140 CXXX.
473 1105 696 1139 Conceduntur
732 1105 975 1148 Congregationi
1011 1105 1086 1138 Sve-

424 1159 511 1192 vicae
536 1159 662 1192 Ordinis
699 1158 797 1192 sancti
830 1158 989 1191 Benedicti
1015 1158 1083 1201 pri·
1111 1162 1113 1172 ¹

427 1213 540 1255 vilegia
572 1212 679 1245 onmia
704 1212 881 1255 spiritualia
906 1216 1086 1245 ceterorum

426 1266 669 1305 monachorum,
695 1264 769 1298 506.

339 1320 464 1354 CXXXI.
497 1319 682 1352 Indicuntur
718 1324 782 1351 tres
817 1318 961 1351 decimae
992 1327 1087 1361 super

427 1372 583 1405 fructibus
601 1377 631 1404 et
647 1371 852 1415 pensionibus
865 1371 1024 1404 bonorum
1042 1381 1088 1403 ec-

428 1426 677 1459 clesiastiCorum
696 1426 791 1459 totius
807 1425 883 1457 cleri
898 1425 929 1456 in
940 1425 1088 1457 universa

427 1479 513 1512 ltalia
539 1485 569 1511 et
593 1479 704 1511 insulis
735 1479 762 1511 ci
788 1478 1022 1517 adiacentibus,
1047 1478 1088 1511 ob

428 1533 597 1565 imminens
622 1532 740 1564 bellum
764 1532 944 1572 Turcicum,
969 1531 1042 1564 508.

340 1586 481 1620 CXXXII.
518 1585 752 1619 Confirmantur
786 1585 909 1617 litterae
945 1589 1088 1628 patentes

428 1639 566 1672 ministri
600 1638 756 1681 generalis
781 1637 906 1671 Ordinis
931 1638 1087 1672 Minorum

429 1693 527 1726 sancti
553 1693 712 1725 Francisci
738 1692 777 1724 de
802 1692 1031 1732 Observantia,
1060 1693 1090 1725 e't

429 1747 593 1780 decretum
608 1745 776 1779 cardinalis
790 1745 990 1789 protectoris,
1005 1746 1090 1779 circa

431 1799 678 1842 exequutionem
713 1798 916 1832 alternativae
952 1798 983 1830 in
1017 1809 1091 1842 pro-

431 1853 543 1886 vinciis
576 1853 707 1885 Limana
739 1857 769 1885 et
800 1852 839 1885 (Ie
862 1852 908 1885 Ias
933 1851 1090 1892 Cliarcas,

433 1906 507 1938 517.

343 1960 498 1993 CXXXIII.
523 1960 736 1993 Confirmatur
763 1959 927 1993 decretum
954 1960 1091 2003 Congre-

431 2013 566 2056 gationis
592 2013 733 2052 Concilii‚
750 2023 813 2056 quo
838 2013 1014 2055 iniungitur
1038 2013 1092 2046 Or-

431 2067 562 2099 dinariis
594 2067 684 2109 regni
721 2067 855 2099 I'eruani
891 2068 1091 2100 conservatio

432 2120 550 2153 decreti
575 2120 704 2153 Concilii
728 2120 903 2153 Tridentini
934 2120 973 2153 de
998 2131 1091 2164 regu-

432 2173 552 2206 laribus
582 2173 827 2207 reclamantibus
857 2173 1007 2207 adversus
1031 2184 1088 2207 eo-

433 2237 504 2259 rum
530 2227 759 2270 professionem
781 2228 887 2271 elapso
913 2228 1091 2272 quinquen-

433 2280 496 2320 nio,
522 2280 596 2313 529..

347 2334 498 2367 CXXXIV.
525 2334 687 2367 Mandatur
720 2345 779 2378 pro
812 2335 962 2367 fratribus
993 2336 1092 2368 sancti

435 2387 605 2427 Francisci,
623 2392 656 2421 ut
674 2388 704 2420 in
726 2388 832 2430 Belgio
857 2394 1000 2421 servetur
1018 2399 1093 2422 con-

435 2440 555 2472 stitutio
580 2440 748 2473 Clementis
769 2441 833 2473 VIII
860 2441 943 2473 circa
964 2442 1094 2475 erectio-

436 2503 508 2524 nem
533 2503 688 2526 novorum
710 2495 948 2536 coenobiorum,
970 2494 1044 2527 5⁶23.

349 2546 487 2580 CXXXV.
525 2547 756 2581 Contirmantur
780 2549 902 2582 litterae
935 2550 1089 2582 Innocen-
1117 2558 1120 2609 J

924 199 1103 223 BILLARIUM
1130 199 1284 223 ROMAMM

1223 251 1310 284 Pauli
1335 251 1358 282 V
1383 261 1479 295 super
1511 252 1670 287 erectione
1700 258 1731 285 et
1755 253 1882 296 privile-

1222 303 1282 346 giis
1306 304 1486 337 academiae
1505 304 1571 337 sive
1594 304 1808 341 universitatis
1825 315 1883 350 op-

1223 357 1289 401 pidi
1314 358 1476 398 Zamoski‚
1501 358 1695 392 Chelmensis
1719 358 1882 400 dioecesis,

1224 411 1257 443 in
1281 421 1382 453 regno
1407 411 1566 452 Poloniae‚
1591 410 1665 444 525.

1135 462 1289 497 CXXXVI.
1315 463 1528 497 Confirmatur
1551 463 1712 498 decretum
1741 464 1882 508 Congre-

1224 516 1360 560 gationis
1384 517 1609 561 episcoporum
1635 523 1665 550 et
1687 518 1883 561 regularium

1225 581 1289 614 quo
1324 570 1504 604 declaratur
1539 571 1677 605 Clericos
1711 572 1884 615 chulares

1225 624 1404 667 Pauperum
1424 624 1530 657 Matris
1550 624 1604 657 Dei
1629 635 1698 658 esse
1722 630 1884 669 exemptos

1225 687 1243 709 a
1261 677 1479 711 iurisdictione
1496 677 1747 718 Ordinariorum,
1768 682 1798 711 et
1813 688 1885 720 gau-

1226 729 1301 762 dere
1335 730 1482 763 omnibus
1514 730 1688 774 privilegiis
1713 730 1885 764 Mendican-

1227 783 1317 824 tium,
1342 783 1383 817 502
1410 810 1416 816 .

1137 836 1304 869 CXXXVII.
1331 837 1565 870 Confirmantur
1583 837 1807 870 conventiones
1826 837 1885 869 ini-

1227 894 1276 922 tae
1301 890 1382 922 inter
1407 890 1521 923 fratres
1545 890 1681 923 Minores
1705 890 1743 923 de
1764 890 1882 923 Obser-

1228 943 1331 974 vantia
1350 949 1380 976 et
1396 943 1623 976 Conventuales
1644 942 1770 976 Ordinis
1787 942 1886 976 sancti

1230 995 1389 1029 Francisci
1412 996 1497 1029 circa
1521 996 1695 1040 primatum
1712 997 1744 1028 in
1761 1005 1887 1039 proces-

1228 1048 1370 1083 sionibus
1394 1049 1528 1093 aliisque
1553 1048 1786 1091 functionibus,
1811 1048 1885 1081 527.

1139 1103 1320 1136 CXXXVIII.
1346 1103 1581 1137 Confirmantur
1609 1112 1710 1136 novae
1734 1103 1886 1136 constitu-

1228 1157 1330 1189 tiones
1355 1157 1489 1189 instituti
1520 1156 1711 1190 clericorum
1741 1155 1884 1189 saecula-

1229 1210 1311 1242 rium
1338 1210 1370 1242 in
1395 1211 1558 1244 communi
1582 1210 1764 1251 viventium,
1790 1208 1864 1242 530.

1139 1264 1290 1298 CXXXIX.
1316 1264 1519 1297 Reformatur
1549 1263 1734 1296 alternativa
1757 1263 1789 1296 in
1814 1273 1888 1307 pro-

1228 1317 1331 1350 vincia
1364 1317 1392 1351 S.
1427 1317 1530 1350 Iacobi
1566 1317 1596 1349 in
1624 1316 1776 1360 Hispania
1801 1315 1889 1350 Ordi-

1228 1371 1275 1403 nis
1304 1370 1440 1403 fratrum
1474 1371 1631 1404 Minorum
1665 1370 1763 1404 sancti
1796 1370 1889 1403 Fran-

1229 1424 1304 1457 cisci
1330 1423 1369 1457 de
1393 1423 1610 1463 Observantia,
1634 1423 1707 1456 581.

1248 1477 1419 1517 Statuitur,
1444 1482 1478 1509 ut
1503 1477 1535 1509 in
1566 1477 1730 1520 provincia
1754 1476 1884 1519 Lugdu-

1229 1531 1319 1563 nensi
1343 1531 1476 1563 fratrum
1502 1529 1762 1572 Congrcgationis
1786 1528 1885 1563 Galli-

1231 1594 1327 1618 canae
1351 1583 1447 1616 Tertii
1469 1583 1595 1616 Ordinis
1613 1582 1710 1616 sancti
1729 1581 1890 1615 Francisci

1231 1637 1434 1681 exequutioni
1451 1637 1617 1670 mandetur
1634 1637 1733 1669 Breve
1751 1636 1890 1670 Clemen-

1231 1692 1269 1724 tis
1294 1692 1318 1724 X
1345 1692 1429 1724 circa
1452 1690 1566 1723 fratres
1591 1690 1713 1723 oblatos
1738 1690 1803 1723 sive
1828 1699 1890 1723 ser-

1231 1744 1361 1785 vientes,
1387 1744 1462 1778 585.

1142 1798 1238 1832 CXLI.
1265 1798 1476 1832 Contirmatur
1493 1803 1642 1831 statutum
1664 1797 1792 1841 capituli
1816 1807 1891 1841 pro-

1233 1852 1375 1885 vincialis
1400 1852 1534 1884 fratrum
1560 1851 1656 1884 Tertii
1681 1850 1808 1884 Ordinis
1825 1860 1891 1884 san-

1232 1905 1272 1938 cti
1298 1904 1457 1937 Francisci
1479 1905 1509 1936 in
1526 1903 1625 1937 Gallia
1642 1904 1680 1936 de
1698 1904 1808 1946 regula
1825 1913 1891 1937 ser-

1233 1958 1332 1991 vanda
1357 1958 1387 1990 in
1413 1963 1516 1991 morte
1541 1957 1746 2001 provincialis
1771 1962 1801 1990 et
1831 1967 1888 1990 va·-

1233 2012 1356 2045 catione
1380 2011 1623 2051 definitoriatus‚
1649 2009 1722 2043 586.

1143 2065 1253 2099 CXLII.
1279 2065 1515 2099 Contirmantur
1536 2064 1712 2108 privilegia,
1730 2063 1892 2107 indulgen-

1232 2118 1293 2151 tiae
1310 2123 1340 2151 et
1357 2118 1477 2161 gratiae
1489 2117 1567 2150 locis
1584 2118 1807 2150 Terresanctae
1822 2126 1892 2151 con-

1233 2182 1331 2213 cessa,
1357 2177 1387 2204 ct
1412 2171 1561 2205 fratribus
1589 2170 1763 2203 Minoribus
1794 2170 1892 2204 sancti

1234 2225 1393 2258 Francisci
1418 2225 1456 2258 de
1481 2224 1685 2258 observantia
1716 2224 1892 2268 interpreti-

1233 2279 1291 2312 bus
1331 2278 1523 2321 indulgentia
1563 2278 1702 2321 plenaria
1740 2277 1889 2311 concedi-

1234 2338 1295 2374 tur,
1321 2332 1396 2365 588.

1146 2387 1271 2422 CXLIII.
1288 2386 1470 2421 Extenditur
1486 2386 1673 2420 Constitutio
1691 2385 1808 2419 Urbani
1826 2384 1891 2418 VIII

1235 2440 1273 2472 ad
1299 2440 1494 2479 Melitenses,
1521 2440 1597 2473 itaut
1633 2449 1669 2472 ex
1694 2438 1731 2471 iis
1756 2437 1892 2471 ordinati

1235 2504 1306 2527 cum
1333 2494 1418 2527 salsis
1443 2494 1489 2526 vel
1520 2493 1586 2526 sine
1619 2491 1806 2525 dimissoriis
1833 2490 1891 2524 fori

1234 2547 1401 2591 privilegio
1422 2546 1560 2590 gaudere
1580 2550 1747 2589 nequeant,
1772 2544 1845 2578 589.

1139 1477 1222 1511 cxl..

438 2600 471 2632 tii
487 2601 508 2632 X
533 2610 680 2633 unacum
705 2601 773 2634 aliis
798 2602 965 2636 Clementis
982 2603 1045 2635 VIII
1064 2608 1094 2636 et
1116 2613 1120 2640 ι
1146 2601 1266 2636 CXLIV.
1296 2601 1436 2644 Erigitur
1451 2600 1660 2643 Congregatio
1678 2598 1892 2632 Benedictino-
