2111 3157
0 176 26 195 n.
45 166 74 194 C.
93 159 160 193 1658

743 161 954 187 INNOCENTU'S
977 162 1006 185 XI
1032 159 1079 184 FP.

1586 153 1621 178 Ut

159 213 296 245 relatum
322 211 419 245 suerit
442 222 503 256 per
527 211 699 254 collegium
716 211 894 253 praefatum
940 210 1126 241 trimentum
1158 206 1260 241 dictae
1284 209 1412 239 nostrae
1439 203 1597 243 Gamerae,
1622 214 1658 235 ac

160 265 344 298 nullatenus
370 264 542 307 adimpleri
574 274 629 296 eos
662 263 742 295 slneS
766 267 796 295 et
820 261 895 294 effe-

160 322 238 358 ctus,
273 328 331 360 pro
363 318 492 361 quibus,
528 323 564 350 ut
587 316 794 360 praemissum
831 318 890 355 est,

159 375 302 402 erectum
333 376 364 403 et
387 369 569 402 institutum
601 379 636 401 ac
669 367 892 401 confirmatum

160 421 228 461 fuit,
255 423 329 455 dum
354 422 559 464 negotiorum
591 421 620 453 ei
659 425 695 452 ut
719 429 815 462 supra
840 419 894 451 de-

159 476 382 508 mandatorum
415 472 656 513 administratio,
682 482 760 505 cura
785 476 817 503 et
839 481 893 503 ex-

159 527 280 570 peditio
318 526 506 559 incumbunt
533 531 565 558 et
594 524 774 568 respective
802 533 892 556 exer-

159 584 272 611 centur
309 589 344 611 ac
368 579 587 621 adimplentur
615 587 672 620 per
704 577 783 609 duos
809 576 893 608 eius-

160 631 233 663 dem
268 631 430 663 Romanae
467 629 580 662 Curiae
610 630 772 672 praelatos
805 633 892 660 extra

159 682 279 715 dictum
305 682 477 724 collegium
500 692 559 724 per
583 681 760 714 Romanum
785 680 893 712 Ponti-

158 734 251 767 ficem
276 745 335 777 pro
360 739 505 776 tempore
530 733 720 766 existentem
747 731 891 774 deputari

158 787 282 827 solitos,
318 797 453 830 quorum
486 797 569 818 unus
600 786 791 819 secretarius
827 784 893 816 bre-

157 841 256 880 vium,
277 841 358 873 alter
373 839 565 872 secretarius
583 839 728 871 brevium
748 837 790 870 ad
803 837 893 880 prin-

157 892 242 935 cipes
261 897 475 935 nuncupatur,
491 891 612 924 adeout
631 891 811 934 praefatum
829 890 893 922 col-

157 945 277 987 legium
311 955 446 988 prorsus
480 944 593 976 inutile
631 949 662 977 et
696 944 892 986 superfluum

158 997 295 1030 evaserit
323 1008 359 1030 ac
382 1002 561 1037 remaneat3
580 1007 596 1029 e
613 1006 770 1029 converso
788 1001 893 1028 autem

159 1049 244 1082 inter
268 1049 347 1082 illud
377 1049 508 1092 eiusque
537 1049 729 1081 secretarios
762 1058 799 1080 ex
830 1049 894 1079 una

158 1112 194 1134 ac
218 1102 334 1135 dictam
358 1101 522 1134 Cameram
555 1111 592 1134 ex
617 1102 718 1133 altera
748 1100 892 1143 partibus

157 1155 267 1197 plures
285 1161 347 1187 tam
366 1154 496 1196 antiquo
528 1165 623 1196 quam
640 1154 797 1186 moderno
815 1158 894 1185 tem-

157 1216 238 1248 pore
275 1205 510 1238 eontroversiae
536 1205 654 1237 suerint
679 1210 818 1243 exortae,
843 1204 894 1235 iti-

159 1258 297 1301 demque
319 1257 503 1290 huiusmodi
520 1256 624 1290 officia
641 1257 730 1289 valde
748 1257 891 1289 notabile

158 1310 262 1342 eidem
287 1310 438 1343 Gamerae
474 1309 711 1352 praeiudicium
741 1315 772 1341 et
797 1309 894 1341 detri-

157 1369 301 1396 mentum
314 1363 428 1396 afferre
450 1369 481 1396 et
501 1373 630 1395 causare
649 1363 889 1404 dignoscantur,

157 1416 361 1458 proindeque
382 1415 513 1448 omnino
532 1414 707 1458 expediens
725 1419 756 1447 et
774 1424 892 1456 oppor-

157 1473 269 1500 tunum
305 1468 347 1500 sit
387 1467 508 1500 dictum
541 1467 717 1509 collegium
756 1466 891 1508 eiusque

157 1521 263 1553 officia
287 1521 487 1564 supprimere
513 1526 545 1552 et
570 1519 768 1561 extinguere,
801 1518 891 1551 resti-

157 1577 224 1605 tuto
250 1573 489 1615 possessoribus
508 1572 695 1604 eorumdem
711 1571 890 1603 officiorum

156 1624 213 1658 illo
238 1625 344 1668 pretio
369 1625 455 1668 quod
480 1624 716 1656 restituendum
748 1634 817 1656 esse
848 1623 890 1655 iu-

156 1677 261 1709 stitiae
287 1677 366 1710 ratio
400 1677 497 1718 exigit
522 1681 616 1718 atque
641 1675 791 1718 requirit:
817 1685 890 1718 pro-

155 1729 347 1773 ptereaque⁴
367 1729 472 1762 eidem
488 1727 732 1770 congregationi
752 1728 889 1770 aliisque

155 1783 307 1825 praelatis
332 1793 389 1824 per
420 1792 478 1814 nos
515 1781 630 1813 additis
665 1792 702 1813 ac
728 1781 889 1823 deputatis

156 1835 351 1867 iniunximus
377 1845 412 1867 ac
441 1834 703 1867 demandavimus
734 1839 769 1865 ut
788 1833 891 1866 discu-

155 1892 223 1920 tere
241 1893 272 1920 et
292 1887 484 1926 examinare,
504 1886 662 1928 nobisque
682 1885 889 1928 postmodum

155 1939 278 1972 referre
305 1940 463 1972 deberent
495 1938 647 1981 quidnam
679 1937 764 1968 iuxta
798 1947 890 1980 prae-

156 1992 259 2024 dictae
286 1991 426 2023 iustitiae
462 1989 579 2022 limites
605 1995 636 2021 et
661 1989 829 2029 rationem,
857 1994 891 2021 ut

155 2045 341 2087 unicuique,
366 2044 452 2087 quod
479 2053 571 2075 suum
604 2048 652 2075 est
680 2047 711 2074 et
741 2042 890 2081 debetur,

154 2098 323 2136 tribuatur,
350 2097 586 2129 restituendum
603 2095 659 2135 sit;
687 2106 826 2138 cumque
848 2095 890 2127 in-

155 2150 250 2183 simul
276 2160 348 2182 cum
366 2149 450 2181 dicto
472 2147 645 2181 venerabili
665 2148 762 2180 fratre
781 2145 889 2181 nostro

155 2203 317 2236 Alderano
351 2201 476 2245 pluries
510 2200 709 2242 cougregati,
742 2200 888 2243 partibus

155 2256 311 2289 interesse
337 2253 530 2286 habentibus
556 2254 648 2285 etiam
674 2253 799 2293 auditis,
824 2263 888 2285 non

155 2308 273 2341 suerint
297 2307 464 2339 unanimes
482 2311 512 2338 et
532 2306 709 2338 concordes
726 2305 757 2337 in
777 2315 888 2337 eorum

154 2359 312 2402 sull'ragiis
337 2365 368 2392 et
391 2359 481 2398 votis,
504 2359 583 2390 itaut
601 2357 705 2390 totalis
722 2357 888 2390 conclusio

156 2419 187 2447 et
211 2413 365 2446 resolutio
391 2412 483 2444 valde
510 2410 629 2443 dill'effi
655 2411 757 2453 possit
773 2411 805 2442 in
823 2421 910 2446 ma-‚

937 261 1000 293 iam
1025 260 1227 293 cessantibus
1252 258 1431 291 rationibus
1449 261 1479 289 et
1498 255 1616 292 causis,
1636 259 1672 286 ut

937 324 1043 355 supra,
1059 312 1246 345 existentiae
1266 317 1299 344 et
1314 308 1571 354 perseverantiae
1589 307 1670 340 eius-

936 366 1010 398 dem
1035 364 1174 406 collegii,
1198 364 1306 407 sicque
1324 364 1413 395 nullo
1429 362 1525 394 modo
1551 360 1671 392 iustum

936 423 968 450 et
990 416 1249 450 rationabile.sit
1277 421 1312 448 ut
1329 414 1444 448 incerti
1473 425 1509 446 ac
1529 413 1670 455 illiquidi

935 470 1029 513 pretii
1055 469 1214 502 restitutio
1240 468 1338 511 ipsius
1363 468 1425 500 iam
1446 467 1617 500 conclusae
1639 470 1672 497 et

935 522 1166 556 determinatae
1188 521 1428 564 suppressionis
1447 525 1480 553 et
1503 517 1672 552 extinctio-

934 575 984 607 nis
1009 573 1220 606 substantiam
1258 583 1294 605 ac
1319 572 1467 605 effectum
1492 570 1669 614 impediat:

935 626 1135 660 decrevimus
1161 625 1277 658 exinde
1298 625 1338 657 ad
1367 624 1497 657 easdem
1516 633 1673 666 suppres-

935 680 1060 712 sionem
1096 684 1127 711 et
1157 677 1383 710 extinctionem
1418 675 1582 715 devenire,
1617 675 1673 707 de-

934 732 1084 764 mandata
1101 740 1160 773 pro
1182 740 1267 762 nunc
1291 728 1494 761 restitutione
1520 732 1672 770 prompte

935 794 971 816 ac
995 783 1101 815 statim
1126 781 1271 814 facienda
1296 781 1423 813 illarum
1448 780 1671 822 pecuniarum,

937 846 1013 879 quas
1038 834 1222 868 constiterit
1245 839 1373 866 nostrae
1399 832 1550 865 Gamerae
1580 842 1673 874 prae-

936 889 1019 921 fatae
1053 899 1090 920 ex
1128 889 1222 919 causa
1261 886 1462 928 singulorum
1493 883 1673 917 officiorum

936 940 1124 974 huiusmodi
1157 939 1339 982 persolutus
1376 948 1450 970 vere
1481 942 1512 969 et
1542 936 1672 968 realiter

935 994 1042 1032 fuisse,
1069 993 1108 1025 ad
1133 992 1267 1034 eiusque
1292 1001 1404 1023 manus
1440 990 1507 1022 sive
1534 989 1604 1021 eius
1630 989 1672 1020 os-

936 1047 1087 1079 sicialium
1114 1045 1320 1088 pervenisse,
1344 1043 1563 1086 cognitionem
1594 1052 1670 1074 vcro

937 1111 972 1132 ac
997 1099 1269 1137 terminationem,
1296 1108 1335 1129 an
1361 1102 1391 1130 et
1415 1096 1491 1139 quid
1516 1096 1610 1128 etiam
1628 1096 1672 1127 ul-

937 1159 985 1185 tra
1009 1151 1188 1195 praedictas
1221 1150 1378 1193 pecunias
1409 1148 1552 1190 legitime
1577 1153 1608 1180 et
1631 1148 1670 1180 ad

936 1205 1079 1237 eiusdem
1118 1203 1256 1235 iustitiae
1291 1202 1409 1235 limites
1444 1207 1475 1233 et
1508 1201 1670 1233 rationem

936 1257 1170 1289 restituendum
1191 1265 1244 1287 seu
1266 1253 1514 1297 persolvendum
1539 1253 1589 1291 sit,
1614 1263 1671 1284 no-

936 1316 1001 1342 stro
1015 1308 1220 1341 thesaurario
1239 1306 1380 1349 generali
1399 1307 1437 1338 de
1452 1311 1524 1338 voto
1541 1310 1669 1337 nostrae

937 1362 1046 1401 Rotae,
1068 1366 1102 1393 ut
1128 1361 1180 1396 ita.
1207 1360 1248 1392 ob
1269 1359 1466 1402 peculiarem
1486 1357 1669 1390 huiusmodi

938 1414 1107 1446 tribunalis
1125 1413 1242 1455 stylum
1260 1417 1290 1444 et
1307 1422 1388 1444 onus
1407 1410 1524 1443 edendi
1550 1415 1582 1442 et
1598 1421 1670 1452 pro-

935 1466 1100 1508 mulgandi
1127 1465 1316 1503 decisiones,
1336 1463 1484 1496 omnibus
1504 1473 1618 1495 causae
1634 1473 1669 1495 ac

935 1519 1077 1551 rationes
1108 1517 1247 1550 iustitiae
1281 1522 1312 1549 et
1346 1515 1580 1548 resolutionum
1613 1526 1668 1557 pa-

934 1571 1129 1610 teant,omni
1150 1569 1367 1612 appellatio'ne
1378 1570 1510 1607 remota,
1529 1573 1561 1600 et
1578 1567 1666 1607 alias,

934 1624 1128 1667 proutinsra,
1151 1622 1351 1655 committere
1371 1626 1402 1654 et
1420 1621 1581 1659 mandare,
1604 1626 1665 1654 etc.

977 1676 1039 1718 gf).
1061 1676 1123 1708 Nos
1140 1675 1238 1717 igitur
1256 1673 1433 1717 praemissa
1450 1673 1668 1713 attendentes,

934 1740 969 1761 ex
991 1729 1094 1761 causis
1119 1727 1294 1771 praedictis
1315 1732 1346 1758 et
1363 1726 1433 1758 aliis
1451 1726 1591 1758 animum
1610 1737 1668 1759 no-

934 1787 1035 1814 strum
1057 1780 1271 1819 moventibus,
1298 1789 1370 1810 cum
1400 1783 1587 1821 opportuno
1619 1789 1669 1811 re-

933 1835 1038 1866 medio
1062 1839 1095 1865 ut
1119 1843 1216 1875 supra
1245 1831 1415 1874 providere
1440 1832 1604 1870 volentes,
1630 1843 1668 1865 ae

933 1886 1057 1918 litteras
1071 1885 1266 1928 apostolicas
1285 1883 1460 1916 erectionis
1479 1884 1606 1926 collegii
1624 1894 1669 1916 se-

933 1938 1144 1970 cretariorum
1163 1936 1359 1976 huiusmodi,
1378 1935 1578 1978 aliarumque
1593 1947 1668 1978 qua-

935 1990 1053 2022 rumvis
1071 1989 1327 2028 concessionum,
1343 1988 1517 2030 gratiarum
1533 1994 1564 2020 et
1577 1999 1667 2031 prae-

933 2043 1148 2085 rogativarum
1170 2042 1234 2073 illis
1256 2052 1273 2073 a
1298 2040 1469 2083 praedictis
1487 2046 1517 2073 et
1535 2041 1666 2083 quibus-

932 2096 978 2128 vis
1015 2095 1086 2128 aliis
1117 2095 1268 2127 Romanis
1293 2093 1501 2126 Pontificibus
1533 2094 1667 2136 praede-

933 2148 1115 2181 cessoribus
1134 2147 1252 2180 nostris
1266 2147 1404 2189 desuper
1422 2146 1667 2189 quomodolibet

934 2206 1166 2238 emanaturum,
1192 2199 1315 2232 etiamsi
1341 2199 1515 2242 specialem
1533 2203 1564 2231 et
1587 2198 1666 2231 indi-

933 2252 1058 2285 viduam
1079 2252 1277 2284 mentionem
1299 2251 1514 2294 requirerent,
1532 2256 1615 2284 totos
1633 2257 1666 2283 et.

933 2305 1080 2347 integros
1111 2309 1240 2337 tenores
1271 2304 1494 2346 praesentibus
1520 2314 1579 2346 pro
1613 2314 1666 2336 ex-

932 2358 1052 2400 pressis
1078 2362 1109 2389 et
1142 2357 1273 2389 insertis
1305 2357 1483 2396 habentes,
1509 2361 1597 2389 motu
1622 2356 1666 2389 si-

930 2411 1010 2449 mili,
1028 2416 1059 2443 et
1079 2421 1115 2443 ex
1135 2412 1222 2442 certa
1241 2409 1373 2442 scientia
1391 2420 1428 2441 ac
1448 2411 1572 2441 matura
1589 2409 1666 2441 dcli-

155 2476 254 2510 gnum
291 2476 327 2498 ac
353 2465 484 2498 evidens
520 2464 752 2507 praeiudicium
781 2475 816 2496 ac
836 2465 888 2497 de·
931 2463 1097 2496 horatione
1112 2462 1240 2502 nostris‚
1252 2462 1353 2504 deque
1367 2461 1565 2504 apostolicae
1580 2467 1666 2503 pote-

188 2528 202 2555 1
225 2526 334 2554 Videtur
353 2526 494 2562 legendum
511 2529 666 2562 propterea
685 2529 723 2561 (n.
739 2527 788 2562 Τ.).

932 2517 1022 2551 statis
1043 2516 1256 2561 plenitudine,
1279 2515 1452 2558 collegium
1472 2515 1663 2560 praefatum,

1677 154 1728 180 An.
1751 152 1780 179 C.
1802 151 1867 178 ¹078

1693 1676 1806 1707 Collegium
1817 1684 1863 1704 snp—

1680 1708 1775 1729 prnmuur
1791 1708 1810 1724 et
1826 1712 1863 1730 pe-

1679 1733 1734 1777 pltltrus
1761 1735 1863 1757 extingui-
