2111 3157
19 262 72 293 An.
89 263 118 292 C.
141 261 209 291 ¹675

47 482 191 509 Supplicalio.

56 689 168 709 committit
184 689 206 708 ut

23 716 45 737 'm
59 716 151 736 rubrica.

80 2148 158 2169 obstan
162 2149 174 2169 ti
179 2153 212 2170 um

30 2174 147 2201 derogatio.

791 263 1002 288 INNOCENTIUS
1024 265 1055 287 XI
1080 261 1129 287 Pr.

210 313 349 347 Minores
373 312 548 347 Strictioris
573 312 802 345 Observantiae
827 312 944 344 discre-

211 367 283 400 tiori
302 367 438 400 consilio
459 366 634 398 fraternam
650 365 837 397 charitatem
854 374 945 396 exer-

212 424 322 453 centes
352 428 444 451 suum
475 417 706 461 praestiterunt
737 426 942 448 consensum.

213 472 315 510 Quare
341 472 416 504 dicti
441 475 635 513 exponentes
659 469 753 502 nobis
778 469 945 501 humiliter

214 525 388 568 supplicari
412 526 556 557 fecerunt
573 527 606 554 ut
629 522 689 554 sibi
714 522 744 554 in
762 521 945 565 praemissis

215 582 395 620 opportune
409 575 577 618 providere
592 579 622 606 et
634 579 669 606 ut
681 574 762 606 infra
775 574 945 615 indulgere

216 630 255 662 de
276 629 475 667 benignitate
501 626 679 669 apostoliea
703 626 920 667 dignaremur.

258 680 319 723 §2
338 680 400 713 Nos
424 679 529 721 igitur,
551 679 639 722 ipsos
657 684 857 721 exponentes
874 688 947 721 spe-

215 732 346 765 cialibus
381 731 541 764 favoribus
578 736 610 764 et
645 730 754 772 gratiis
791 731 945 772 prosequi

214 785 371 824 volentes,
398 789 429 817 et
453 793 563 816 eorum
584 783 766 825 singulares
791 793 945 826 personas

215 846 233 869 a
258 835 421 879 quibusvis
439 834 793 873 excommunicationis,
811 844 947 877 suspen-

215 888 316 920 sionis
341 893 373 920 et
395 886 570 927 interdicti,
594 886 729 929 aliisque
755 886 948 918 ecclesiasti-

216 940 261 973 cis
286 939 462 979 sententiis,
489 938 633 971 censuris
651 943 681 971 et
697 939 823 981 poenis,
845 949 862 972 a
879 938 947 970 iure

215 994 266 1026 vel
283 993 322 1025 ab
340 993 481 1033 homine,
500 991 609 1035 quavis
627 991 795 1024 occasione
812 992 860 1024 vel
879 1001 950 1023 cau-

217 1048 252 1078 sa
265 1045 348 1085 latis,
361 1045 385 1078 si
401 1044 517 1088 quibus
531 1044 776 1087 quomodolibet
789 1043 947 1076 innodati¹

218 1098 367 1138 existunt,
381 1098 420 1130 ad
446 1096 592 1130 effectum
620 1096 835 1139 praesentium
861 1097 950 1128 dum-

218 1155 306 1183 taxat
337 1150 616 1193 consequendum,
642 1149 753 1181 barum
786 1149 869 1182 serie
896 1150 950 1181 ab·

219 1204 384 1235 solventes
416 1208 448 1235 et
472 1201 656 1235 absolutos‘2
679 1203 748 1234 fore
774 1208 948 1240 censentes,

220 1254 403 1287 huiusmodi
422 1254 714 1297 supplicationibus
732 1253 884 1291 inclinati,
911 1254 949 1285 de

219 1312 413 1339 memoratae
430 1306 578 1349 specialis
596 1305 861 1348 Congregationis
883 1316 951 1337 rar—

220 1359 376 1392 dinalium
392 1358 538 1397 consilio,
557 1358 685 1390 attentis
703 1369 800 1401 supra
825 1369 952 1400 expres-

219 1411 264 1444 sis
284 1422 320 1443 ac
344 1411 468 1443 noviter
489 1410 643 1450 deductis,
664 1411 853 1442 fraternitati
879 1416 949 1443 tuae

218 1473 277 1506 per
300 1468 485 1506 praesentes
510 1462 741 1495 committimus
767 1469 797 1495 et
822 1464 951 1495 manda-

219 1526 301 1556 muS,
319 1521 361 1555 ut,
386 1521 554 1559 postquam
575 1515 629 1548 tibi
652 1516 833 1549 constiterit
856 1516 950 1548 fabri-

220 1578 288 1601 cam
306 1568 378 1600 novi
397 1573 573 1601 conventus
598 1568 783 1601 huiusmodi
808 1580 879 1601 cum
901 1580 951 1601 ec-

221 1621 328 1659 clesia,
353 1620 464 1660 choro,
490 1620 644 1660 sacristia,
671 1621 875 1661 dormitorio,
902 1632 952 1653 re-

221 1672 366 1711 fectorio,
384 1672 517 1715 aliisque
536 1672 682 1712 officinis,
705 1673 806 1705 hortis
831 1678 862 1705 et
886 1684 952 1716 spa-

221 1724 273 1756 tiis
298 1734 366 1756 esse
384 1724 524 1756 numeris
541 1724 690 1757 omnibus
715 1725 903 1765 absolutam,
921 1730 953 1758 et

221 1775 477 1818 supellectilibus
502 1780 568 1808 tum
594 1776 694 1809 sacris
719 1782 784 1809 tum
808 1778 951 1820 profanis

221 1826 417 1859 sufficienter
441 1827 641 1867 instructam,
661 1829 810 1871 quodque
829 1839 864 1861 ex
884 1829 952 1871 pio-

222 1889 291 1911 rum
301 1879 541 1912 benefactorum
555 1881 768 1923 eleemosynis
782 1881 950 1914 duodecim

221 1931 362 1974 religiosi
387 1933 557 1964 sustentari
575 1934 739 1966 commode
757 1934 887 1976 possint,
913 1935 950 1967 ad

221 1984 415 2026 praedictam
440 1985 637 2017 erectionem
666 1990 698 2017 et
728 1985 949 2019 fundationem

222 2036 412 2069 auctoritate
432 2039 540 2070 nostra
564 2038 742 2080 apostolica
759 2049 817 2081 pro
837 2044 889 2071 tuo
908 2050 951 2071 ar-

221 2087 318 2120 bitrio
343 2089 513 2131 procedas.

266 2140 330 2184 53.
360 2141 429 2174 Non
457 2142 657 2176 obstantibus
681 2144 874 2187 supradictis
899 2145 952 2177 de-

222 2193 318 2227 cretis
344 2199 375 2226 et
399 2195 582 2237 apostolicis
608 2196 639 2228 in
664 2197 765 2230 forma
781 2198 889 2231 Brevis
906 2199 952 2232 lit-

222 2247 306 2287 teris,
325 2251 356 2279 et
375 2247 563 2289 praesertim
581 2248 653 2281 dicti
672 2250 843 2283 Alexandri
862 2262 952 2294 prae-

222 2298 411 2338 decessoris,
425 2298 558 2342 aliisque
571 2301 824 2335 ordinationibus
838 2308 867 2335 ct
881 2314 952 2336 con-

220 2351 439 2384 stitutionibus
473 2352 666 2394 apostolicis,
702 2364 738 2386 ac
774 2355 950 2397 quibusvis,

220 2403 314 2436 etiam
339 2403 529 2444 iuramento,
555 2405 796 2440 confirmatione
822 2414 951 2451 aposto-

987 311 1113 344 statutis
1143 317 1174 344 ct
1205 311 1491 345 consuetudinibus
1504 339 1511 351 ,
1544 312 1724 355 privilegiis

987 374 1124 407 quoque,
1140 364 1274 396 indultis
1293 369 1325 396 et
1341 364 1454 397 litteris
1480 365 1666 406 apostolicis
1692 366 1723 398 in

988 416 1184 448 contrarium
1202 416 1454 459 praemissorum
1475 418 1726 459 quomodolibet

988 469 1162 506 concessis,
1191 469 1388 501 confirmatis
1406 475 1437 501 et
1454 469 1629 507 innovatis,
1657 471 1726 513 qui-

988 521 1048 552 bus
1067 521 1214 553 omnibus
1233 526 1263 553 et
1280 521 1423 563 singulis,
1444 521 1573 554 illorum
1594 527 1725 555 tenores

988 573 1210 615 praesentibus
1244 584 1303 616 pro
1341 575 1436 616 plene
1470 580 1499 606 et
1525 574 1726 607 sufficienter

989 626 1150 668 expressis
1176 636 1211 657 ac
1236 626 1274 658 de
1291 627 1388 658 verbo
1416 627 1454 659 ad
1472 628 1603 659 verbum
1624 628 1725 660 inser-

991 678 1027 709 tis
1053 677 1219 716 habentes,
1247 677 1309 710 illis
1344 679 1422 710 alias
1459 678 1490 710 in
1523 690 1579 711 suo
1606 681 1724 712 robore

989 730 1219 772 permansuris,
1239 731 1278 762 ad
1296 731 1548 772 praemissorum
1565 731 1724 771 effectum,

991 784 1051 815 liac
1068 783 1135 815 vice
1154 783 1328 822 dumtaxat,
1347 783 1533 825 specialiter
1550 789 1581 816 et
1599 795 1726 827 expres-

991 846 1024 868 se
1043 836 1252 878 derogamus3
1275 835 1454 878 ceterisque
1474 837 1642 869 contrariis
1661 838 1726 880 qui-

989 888 1200 930 buscumque.

1035 940 1146 971 Datum
1172 939 1300 979 Romae,
1321 939 1405 982 apud
1431 939 1461 972 S.
1483 940 1611 973 Mariam
1630 941 1725 974 Maio-

992 1001 1067 1031 rem,
1083 992 1141 1024 sub
1155 993 1275 1025 annulo
1289 992 1468 1031 Pis-catoris,
1485 993 1534 1025 die
1550 1003 1578 1025 ix
1600 1003 1712 1025 novem

992 1044 1058 1076 bris
1076 1054 1242 1084 ainctxxx'i,
1257 1045 1463 1087 pontificatus
1486 1045 1586 1077 nostri
1602 1056 1685 1078 anno
1703 1056 1726 1078 ι,

1028 1103 1086 1129 Dat.
1109 1103 1151 1130 die
1171 1104 1186 1130 9
1208 1104 1365 1130 novembris
1382 1104 1458 1138 1676,
1476 1105 1569 1139 pontif.
1588 1113 1657 1132 anno
1673 1112 1690 1132 1.

1342 1244 1379 1277 II.

995 1321 1214 1363 Confirmatzer
1243 1322 1402 1356 ‹lem-etum
1434 1324 1466 1357 S.
1501 1325 1727 1369 Conqreqatrb·

1037 1374 1088 1404 nis
1114 1375 1333 1417 episcoporum
1361 1380 1388 1408 et
1418 1377 1635 1418 rmnlarium,
1667 1390 1727 1422 quo

1036 1428 1194 1458 statuitur
1216 1428 1335 1469 fratres
1361 1427 1496 1461 Ordinis
1527 1430 1580 1462 SS.
1613 1431 1725 1463 Trini-

1039 1479 1113 1510 tatis
1128 1479 1364 1522 Ret'lemptiom's
1381 1481 1586 1523 Captivorum
1601 1485 1728 1525 provin·

1037 1531 1105 1562 ctae
1121 1531 1348 1574 Portunalliae
1363 1533 1503 1575 gradum
1521 1545 1728 1577 supernume-

1036 1583 1123 1614 rarii
1145 1584 1299 1626 nzuyistri
1318 1586 1501 1626 apostolicis
1519 1587 1637 1620 litteris
1654 1598 1728 1620 con-

1037 1646 1154 1668 cessum
1174 1638 1303 1680 assequi
1317 1648 1381 1670 non
1395 1649 1495 1681 posse,
1519 1641 1586 1673 nisi
1603 1641 1636 1673 iu
1655 1652 1729 1673 exa-

1038 1689 1125 1721 mine
1148 1689 1258 1722 idonei
1281 1691 1527 1734 comprobentur
1551 1692 1571 1725 ¹.

1181 1769 1375 1797 Innocentius
1397 1771 1475 1804 Papa
1496 1772 1543 1805 XI,

1136 1814 1172 1840 ad
1189 1814 1321 1841 futuram
1340 1815 1384 1842 rei
1405 1816 1586 1845 memoriam.

1039 1884 1053 1926 g
1075 1883 1105 1915 1.
1129 1884 1251 1927 Nuper,
1270 1896 1329 1928 pro
1349 1892 1439 1929 parte
1459 1887 1566 1920 dilecti
1585 1887 1641 1921 filii
1660 1899 1729 1922 mo-

996 1935 1087 1968 derni
1123 1937 1261 1970 ministri
1297 1939 1504 1981 provincialis
1541 1942 1727 1983 provinciae

995 1988 1210 2030 Portugalliac
1221 1990 1349 2023 Ordinis
1362 1992 1492 2024 fratrum
1505 1992 1554 2025 SS.
1565 1993 1727 2026 Trinitatis

996 2040 1239 2084 Redemptionis
1253 2043 1466 2085 Captivorum,
1477 2045 1726 2087 Congregationi

995 2094 1227 2126 venerabilium
1246 2095 1378 2127 fratrum
1396 2103 1578 2129 nostrorum
1592 2098 1623 2130 S.
1639 2099 1675 2131 It,
1692 2099 1726 2131 E.

994 2146 1202 2178 cardinalium
1228 2148 1372 2190 negociis
1391 2154 1422 2181 et
1439 2151 1728 2184 consultationibus

995 2198 1224 2241 episcoporum
1250 2206 1281 2232 et
1302 2202 1497 2242 regularium
1524 2203 1728 2245 praepositae

995 2251 1149 2293 exposito,
1169 2253 1255 2294 quod
1275 2253 1359 2294 (eum
1385 2255 1531 2287 nonnulli
1554 2256 1666 2288 fratres
1684 2257 1729 2288 di-

995 2308 1062 2335 ctae
1078 2304 1261 2346 provinciae
1280 2306 1410 2347 gradum
1429 2308 1656 2350 magistrorum
1675 2319 1728 2341 su-

1031 2409 1039 2434 1
1059 2407 1165 2434 Fratres
1177 2408 1378 2444 Redemptionis
1390 2410 1559 2445 Captivorum
1576 2413 1728 2447 provinciae

219 2454 291 2496 lica,
307 2455 356 2488 vel
373 2456 480 2498 quavis
500 2455 648 2490 firmitate
665 2458 760 2491 alihss
776 2461 948 2500 roboratis,
993 2451 1172 2486 Portugaltiae
1183 2453 1233 2478 frui
1249 2454 1350 2480 debere
1365 2455 1490 2481 omnihus
1505 2457 1649 2491 privilegiis
1665 2466 1728 2483 con-

253 2533 267 2560 ⁴1
289 2532 382 2560 Potius
400 2533 459 2568 lege
478 2534 635 2562 innodatae
654 2536 689 2571 (R.
705 2537 755 2571 T.).

253 2576 272 2603 2
289 2576 469 2605 Cohaerenter
487 2579 547 2613 lege
566 2579 709 2606 absolutas
726 2583 764 2615 (n.
780 2582 829 2614 τ.).

255 2620 272 2649 3
291 2620 327 2648 De
342 2622 420 2650 solito
435 2623 521 2658 aptius
535 2623 593 2658 lege
612 2624 673 2652 aliti
694 2632 740 2660 pro
756 2625 829 2652 alitis
845 2626 880 2661 (u.
897 2626 945 2660 τ.).

991 2497 1074 2522 cessis
1094 2504 1107 2521 a
1127 2496 1193 2523 Sede
1213 2497 1362 2532 Apostolica
1383 2499 1440 2525 aliis
1460 2499 1588 2526 fratribus
1608 2501 1728 2527 eiusdem

991 2540 1097 2565 Ordinis
1113 2540 1311 2574 provinciarum
1328 2542 1459 2568 Castellae
1474 2543 1599 2577 Legionis
1614 2553 1644 2570 ac
1660 2545 1727 2570 Bae-

992 2583 1059 2609 ticae
1079 2584 1171 2609 statuit
1192 2584 1287 2611 Paulus
1308 2585 1341 2611 ltt
1364 2586 1388 2611 in
1410 2586 1498 2612 Coust.
1520 2593 1551 2617 n,
1572 2596 1640 2622 quae
1661 2588 1727 2614 inci·

990 2627 1027 2661 pit
1044 2627 1121 2655 Inter
1135 2636 1229 2662 curas,
1248 2633 1309 2656 tom.
1329 2636 1367 2663 vi,
1385 2638 1442 2664 pag.
1463 2631 1521 2657 182.

1658 249 1678 287 3
1724 264 1776 289 An.
1798 262 1825 289 c.
1848 260 1915 288 1676

1766 1898 1881 1924 Exposttto.
