2111 3157
99 186 126 215 C.
150 186 217 214 1676

102 1035 216 1060 paragano

36 1063 194 1083 contrariorum.

65 2138 151 2165 Species
166 2138 221 2159 rann,

805 187 900 212 INNOC
907 187 1018 211 ENTtt'S
1042 189 1071 212 xl
1096 190 1146 212 PP.

224 235 293 276 rali,
319 235 521 279 reliquisque
553 235 797 278 inquisitoribus
827 235 955 278 praedi-

225 288 294 327 ctis,
318 293 367 327 ut,
389 292 485 330 prout
509 287 629 320 iustitia
654 287 797 329 exegerit
820 293 851 319 et
874 287 954 319 ordo

224 341 410 384 poposcerit
433 340 591 379 rationis,
622 340 800 382 procedere
832 338 956 381 possint.

225 392 320 425 etiam
337 398 446 426 contra
465 393 684 436 praefatorum
702 391 955 424 Christianorum

224 445 385 479 Novorum
413 446 445 478 in
477 445 568 478 dictis
601 444 784 477 carceribus
809 444 957 476 detento-

224 508 295 530 rum
329 503 568 541 procuratores,
599 496 779 536 advocatos,
818 500 957 538 agentes,

225 561 280 583 seu
305 551 509 594 negotiorum
540 554 694 591 gestores,
721 555 752 581 et
775 549 853 581 alias
878 559 959 591 quo-

224 604 405 637 modolibet
428 613 487 646 pro
514 603 560 635 eis
586 602 853 641 intervenientes,
873 601 958 633 dum-
977 594 980 628 Ι

225 656 321 690 modo
347 660 452 688 tamen
477 665 542 687 non
566 654 670 697 possit
694 655 828 686 subesse
853 653 959 696 suspi-

225 708 274 741 cio
310 709 372 741 hoc
395 707 466 740 sieri
491 707 523 739 in
549 708 659 739 odium
679 716 828 739 recursus
847 716 959 748 snpra·
978 701 979 707 ¹

225 761 301 794 dicti
325 761 364 793 ad
389 761 473 793 hanc
497 765 637 792 sanctam
662 759 778 791 Sedem
802 758 904 790 habiti
927 763 959 790 et

225 814 264 846 ab
289 813 400 846 eadem
424 812 505 845 Sede
530 812 673 851 admissi,
699 811 738 844 ad
764 821 861 854 quem
883 809 959 843 ess'c-

225 871 310 898 ctum
335 865 411 898 dicti
432 864 642 907 inquisitores
659 868 730 895 acta
747 862 859 895 talium
884 872 959 905 pro-

226 928 389 952 cessorum
425 918 481 950 tibi
519 918 557 950 ad
589 917 832 960 beneplacitum
868 920 958 947 tuum

227 971 467 1004 communicare
485 974 666 1003 teneantur.

271 1025 286 1067 ἓ
309 1024 339 1056 6.
366 1023 437 1056 Non
461 1022 676 1061 obstantibus,
701 1021 808 1065 quoad
826 1031 863 1053 ea
879 1031 959 1064 quae

228 1075 453 1119 praesentibus
478 1074 721 1118 quomodolibet
751 1074 961 1106 adversantur

228 1134 284 1161 ant
317 1128 480 1160 adversari
515 1127 576 1160 dici
612 1131 763 1170 possent,
807 1126 959 1168 praefatis

228 1181 401 1215 Clementis
426 1179 684 1223 praedecessoris
714 1184 745 1211 et
769 1179 886 1211 nostris
910 1178 981 1210 lit-·

229 1234 326 1274 teris,
352 1243 478 1266 necnon
504 1231 654 1265 omnibus
679 1236 711 1263 et
735 1231 870 1273 singulis
895 1231 959 1263 illis

229 1296 310 1330 quae
339 1285 372 1318 in
397 1285 518 1318 eisdem
554 1284 668 1317 litteris
703 1293 856 1316 concessa
888 1288 961 1314 sunt

229 1349 294 1372 non
319 1339 456 1379 obstare,
481 1337 663 1380 ceterisque
695 1335 866 1369 contrariis
891 1335 962 1378 qni-

228 1392 442 1434 buscumque.

272 1445 388 1477 Datum
406 1444 544 1482 Romae,
565 1443 650 1486 apud
678 1442 708 1475 S.
737 1442 878 1481 Petrum,
904 1441 962 1473 suh

229 1497 347 1529 annulo
364 1496 554 1534 Piscatoris,
585 1495 634 1528 die
657 1506 753 1528 xxviii
778 1495 961 1527 novembris

228 1558 399 1588 nnctxxvl,
416 1547 620 1591 pontificatus
640 1547 737 1579 nostri
759 1557 843 1579 anno
865 1558 887 1580 1.

263 1609 322 1637 Dat.
338 1609 382 1636 die
397 1610 431 1637 28
446 1608 599 1637 novembris
617 1609 693 1644 1676,
711 1608 808 1645 pontit.
826 1616 895 1640 anno
912 1615 933 1638 ι.

572 1752 623 1785 lx.

231 1831 439 1874 Cdnfirmalio
455 1831 570 1864 decreti
593 1832 677 1864 circa
696 1832 959 1874 processionalem

273 1885 469 1918 delationem
488 1884 681 1917 cadaverum
701 1885 742 1917 acl
759 1885 902 1917 ecclesias
920 1896 963 1918 rc·
983 1901 984 1904 ¹

273 1937 452 1980 (lutarium.

413 2015 609 2044 Innocentius
635 2016 713 2049 Papa
731 2017 780 2050 XI,

367 2062 402 2088 ad
429 2060 562 2088 futuram
581 2061 626 2088 rei
646 2060 826 2088 memoriam.

275 2131 337 2175 51.
358 2130 479 2173 Exponi
504 2130 596 2163 nobis
619 2141 724 2174 nuper
748 2131 894 2164 fecerunt
917 2131 963 2164 di-

231 2184 308 2217 lecti
326 2184 382 2217 tilii
405 2184 519 2216 fratres
536 2188 716 2216 conventus
733 2184 794 2217 loci
812 2185 851 2216 de
869 2184 962 2216 Bina-

230 2247 286 2270 sco
300 2236 468 2279 Papiensis
488 2235 646 2268 dioecesis
661 2236 787 2269 Ordinis
805 2236 961 2268 Minorum

229 2288 332 2322 sancti
363 2288 524 2321 Francisci
557 2288 596 2320 de
621 2287 828 2321 Observantia
852 2288 962 2321 Refor-

229 2347 387 2374 matorum
405 2344 677 2384 nuncupatorum,
698 2341 783 2383 quod
805 2340 866 2383 ipsi
883 2341 960 2373 alias

230 2407 248 2428 a
264 2395 520 2438 Congregatione
537 2400 613 2427 tunc
628 2395 834 2428 existentium
846 2396 959 2429 S.R.E.

230 2448 441 2480 cardinalium
459 2447 594 2481 Concilii
612 2447 787 2480 Tridentini
805 2448 962 2491 interpre-

231 2504 298 2532 tum
322 2499 533 2535 obtinuerunt
556 2500 724 2533 decretum
756 2500 879 2534 tenoris
908 2500 961 2544 qui

230 2552 389 2598 seqnitur,
413 2552 585 2587 videlicet:

1035 237 1246 279 Papiensium
1259 237 1422 279 funerum.
1440 237 1616 280 Regulares
1629 239 1726 273 Mino-

996 298 1046 320 res
1068 289 1236 322 strictioris
1261 290 1483 322 observantiae
1509 292 1608 323 sancti
1627 292 1725 325 Fran-

997 341 1071 372 cisci
1097 341 1255 374 dioecesis
1276 342 1442 385 Papiensis
1463 344 1519 375 ad'
1545 344 1652 386 aliqua
1678 346 1726 377 in-

997 394 1221 427 convenientia
1231 400 1300 428 orta
1312 396 1481 428 occasione
1492 396 1724 436 defunctorum,

998 445 1051 488 qui
1074 447 1112 477 ad
1138 457 1248 479 eorum
1268 447 1434 480 ecclesiam
1454 448 1653 489 deferuntur,
1671 449 1725 481 ubi

1000 498 1119 530 liabent
1144 499 1291 542 proprias
1320 501 1517 542 sepulturas,
1542 501 1727 544 supplicant

1000 550 1178 582 declarari:

1043 613 1064 634 1.
1091 603 1138 634 An
1163 609 1291 636 curatus
1313 604 1406 636 unius
1433 605 1604 644 dioecesis,
1631 617 1728 650 quae-

998 665 1134 697 cumque
1159 656 1211 695 sit,
1237 656 1270 687 in
1296 657 1429 688 transitu
1453 658 1615 690 cadaveris
1640 661 1727 701 quod

998 708 1282 750 processionaliter
1313 709 1458 741 defertur
1489 711 1527 743 ad
1558 712 1728 744 ecclesiam

999 762 1195 803 regularium
1220 763 1259 794 ab
1284 763 1345 795 alia
1370 763 1511 795 dioecesi
1532 765 1727 798 transeundo

998 823 1057 856 pcr
1088 815 1251 857 propriam
1285 815 1539 848 iurisdictionem
1570 821 1601 848 et
1635 828 1729 859 paro-

999 865 1121 907 chiam,
1155 867 1256 909 possit
1286 868 1426 910 aliquam
1460 873 1584 911 partem
1615 874 1728 912 petere

999 929 1091 951 cerac
1117 924 1148 951 et
1170 919 1379 962 pecuniarum
1397 921 1436 952 ab
1458 920 1650 953 haeredibus
1676 921 1730 954 de-

1000 971 1099 1003 functi
1125 973 1358 1014 praetendere:

1044 1034 1079 1057 11.
1111 1025 1158 1056 An
1190 1025 1341 1067 proprius
1374 1025 1535 1068 parochus
1568 1025 1729 1067 defuncti,

1000 1078 1197 1110 transeundo
1222 1088 1282 1120 per
1304 1078 1492 1121 parochiam
1518 1078 1612 1112 unius
1638 1089 1731 1122 paro-

1001 1131 1052 1163 chi
1078 1131 1210 1164 alterius
1234 1131 1462 1174 cuiuscumque
1495 1132 1656 1165 dioecesis
1691 1133 1730 1165 ad

1000 1182 1147 1216 effectum
1175 1183 1340 1216 deferendi
1365 1184 1651 1226 processionaliter
1679 1196 1730 1217 ca-

1001 1237 1097 1268 daver
1121 1236 1159 1268 ad
1184 1236 1354 1268 ecclesiam
1387 1236 1601 1278 regularium,
1628 1236 1732 1279 possit

1001 1288 1103 1320 libere
1130 1292 1162 1319 et
1185 1287 1270 1319 licite
1295 1297 1353 1330 per
1378 1287 1524 1319 eamdem
1556 1298 1626 1319 cum
1650 1289 1732 1320 stola

1002 1346 1033 1373 ct
1056 1351 1151 1373 crime
1176 1342 1298 1373 elevata
1323 1340 1469 1380 transire,
1490 1341 1585 1373 etiarn
1603 1339 1732 1383 irrequi-

1002 1394 1063 1426 sito
1088 1394 1244 1436 parocho.

1045 1447 1099 1479 Die
1125 1457 1221 1479 xxvni
1247 1445 1428 1478 novembris
1448 1455 1584 1479 nncmzxx
1602 1444 1632 1478 S.
1652 1444 1733 1478 Con-

1002 1499 1155 1543 gregatio,
1171 1505 1243 1537 etc.,
1270 1500 1307 1531 ad
1332 1499 1470 1541 primum
1489 1498 1659 1541 respondit
1677 1509 1733 1531 ne-

1003 1553 1115 1593 gative,
1135 1553 1172 1584 ad
1190 1551 1365 1584 secundun]
1380 1550 1586 1583 uffermative.
1607 1550 1639 1582 In
1655 1560 1734 1592 quo-

1002 1616 1070 1637 rum
1095 1605 1188 1637 tidem
1215 1609 1289 1643 etc„
1317 1603 1449 1644 Romae,
1477 1613 1528 1636 xiv
1550 1603 1733 1636 novembris

1002 1668 1171 1692 nocrxxvr

1074 1711 1096 1743 l.
1118 1710 1155 1741 M.
1180 1710 1397 1742 ssnixciccnzs
1421 1709 1565 1751 episcop.
1585 1707 1708 1741 l'iterb.

1230 1762 1260 1794 S.
1281 1761 1313 1794 C.
1334 1761 1365 1794 C.
1390 1761 1598 1794 secretarius.

1046 1817 1059 1857 5³,
1084 1816 1115 1847 ⁶2.
1142 1815 1218 1847 Cum
1245 1820 1361 1848 autem.
1389 1814 1473 1847 sicut
1497 1815 1610 1846 cadem
1635 1824 1732 1857 expo-

1003 1869 1076 1903 sitio
1101 1867 1337 1910 subiungebat,¹
1357 1866 1431 1900 dicti
1457 1870 1654 1909 exponentes
1683 1865 1733 1898 de-

1003 1929 1123 1955 cretum
1144 1920 1337 1959 huiusmodi,
1357 1930 1419 1962 quo
1439 1919 1558 1951 firmius
1578 1918 1734 1951 subsistat

1004 1982 1035 2009 et
1059 1980 1202 2007 servetur
1227 1973 1378 2012 exactius,
1395 1970 1592 2014 apostolicae
1617 1969 1734 2003 confir-

1004 2027 1152 2061 mationis
1179 2030 1307 2058 nostrae
1337 2023 1514 2067 patrocinio
1540 2023 1733 2055 communiri

1004 2088 1207 2121 summopere
1233 2077 1434 2110 desiderent:
1460 2085 1530 2115 nos,
1558 2073 1732 2117 specialem

1003 2133 1079 2175 ipsis
1104 2129 1343 2174 exponentibus
1376 2128 1509 2171 gratiam
1542 2127 1646 2160 facere
1680 2137 1733 2159 vo-

1003 2186 1117 2223 lentes,
1142 2188 1174 2215 et
1197 2192 1309 2215 eorum
1333 2181 1511 2223 singulares
1536 2190 1691 2222 personas
1716 2190 1733 2211 a

1003 2236 1168 2281 quibusvis
1185 2233 1532 2273 excommunicationis,
1551 2232 1735 2275 suspensio-

1004 2291 1052 2322 nis
1085 2294 1117 2321 et.
1142 2287 1314 2326 interdicti,
1343 2285 1478 2328 aliisque
1508 2285 1732 2319 ecclesiasticis

1003 2341 1191 2380 sententiis,
1229 2340 1372 2373 censuris
1400 2344 1430 2371 et
1465 2338 1594 2382 poenis,
1618 2349 1634 2371 a
1664 2338 1733 2371 iure

1003 2395 1051 2427 vel
1084 2394 1121 2426 ab
1152 2392 1310 2432 homine,
1345 2390 1456 2434 quavis
1491 2390 1659 2423 occasione
1684 2391 1732 2423 vel

1003 2448 1096 2480 causa
1115 2445 1200 2485 latis,
1228 2444 1253 2476 si
1279 2444 1393 2487 quibus
1419 2443 1663 2486 quomodolibet
1689 2442 1722 2475 in

1040 2560 1051 2588 1
1074 2559 1185 2587 Videtur
1203 2557 1344 2594 legendum
1364 2556 1397 2584 ob
1417 2564 1464 2594 pro
1483 2555 1521 2582 ad
1538 2556 1575 2588 (n.
1595 2554 1645 2589 T.)-

1644 182 1686 216 023
1731 192 1780 220 Aa.
1801 171 1837 221 c}
1849 194 1915 222 1576

1813 1457 1828 1476 Γ)
1832 1463 1877 1476 rrrrr
1882 1460 1922 1477 turt-

1753 1482 1815 1502 Coum
1822 1487 1911 1506 epatium

1753 1510 1847 1530 Contulit.

1814 1823 1924 1842 narratum

1742 1849 1884 1869 consumatur.
