2111 3157
217 246 258 271 m
277 244 303 270 c.
330 244 394 271 mss
441 234 504 268 880

402 294 504 336 gratia
535 292 712 327 ministrari
745 290 878 334 poterit.
911 290 1138 322 Verumtamen

401 347 427 379 si
447 347 517 390 quis
544 347 576 379 in
602 354 731 378 carcere
759 343 883 386 positus
908 342 991 375 nolit
1014 342 1137 374 crimen

402 410 494 432 suum
521 399 613 432 fateri
640 403 671 430 et
695 397 881 435 emendare,
899 406 982 438 pane
1008 402 1036 429 et
1056 397 1138 438 aquit

400 453 563 485 dumtaxat
601 451 842 490 substentetur,
881 449 985 482 donec
1023 449 1138 492 resipi-

400 511 468 538 scat
488 506 546 547 (a).

441 569 502 592 xxi.
529 558 560 591 Si
586 557 657 601 quis
683 557 715 590 in
747 556 855 600 aliqua
884 555 1053 599 provincia
1080 555 1137 588 Or-

399 611 481 645 dinis
502 611 625 644 crimen
645 609 854 650 commiserit,
881 614 913 641 et
938 609 976 642 de
998 619 1036 642 eo
1061 620 1137 642 con-

398 665 494 697 victus
514 664 617 704 fuerit,
636 664 818 696 visitatores
843 663 972 695 mittant
988 667 1044 695 ant
1061 673 1137 705 por-

398 722 464 751 tcnt
482 717 521 750 ad
540 716 718 760 capitulum
744 726 861 749 nomen
883 715 964 748 eius.

439 780 515 803 xxu.
544 769 651 802 Insani
677 775 709 802 et
733 769 901 801 dementes
935 778 1001 801 non
1027 767 1134 801 statim

398 822 613 856 coniiciantur
630 822 663 855 in
680 832 846 854 carcerem
863 822 912 854 vel
929 821 1069 861 vincula,
1089 821 1136 853 ni-

401 875 422 908 si
454 875 675 909 verisimiliter
707 874 857 907 timeatur
890 874 930 906 de
962 874 1134 906 inferendo

396 928 484 970 gravi
501 928 654 961 scandalo
672 928 721 960 vel
746 927 865 960 damno
891 926 953 959 sibi
977 931 1031 959 aut
1053 926 1132 965 aliis,

395 983 451 1015 sed
482 981 591 1015 mitius
623 985 803 1014 tractentur
831 980 916 1012 iuxta
945 980 1133 1023 qualitatem

395 1035 551 1068 insaniae.

438 1098 526 1122 xxm.
553 1087 739 1126 Monachus,
757 1087 812 1130 qui
834 1086 902 1119 sine
927 1086 1058 1119 licentia
1084 1095 1134 1118 re-

394 1140 527 1174 verendi
553 1140 653 1183 patris
680 1141 729 1173 vel
747 1139 880 1183 capituli
898 1139 1060 1182 generalis
1079 1139 1134 1171 do-

394 1205 465 1227 mus
479 1204 557 1227 suae
579 1194 733 1226 terminos
753 1193 879 1233 exierit,
900 1192 959 1225 nisi
979 1192 1018 1225 ad
1036 1192 1134 1224 susci-

395 1247 531 1290 piendos
555 1247 699 1286 ordines,
717 1246 756 1279 ad
783 1246 870 1289 quod
899 1251 1021 1278 tantum
1044 1250 1133 1278 extra

395 1301 514 1333 limites
547 1312 564 1333 a
597 1300 705 1343 priore
738 1310 796 1332 suo
830 1299 912 1331 mitti
938 1304 1047 1342 potest
1078 1299 1132 1341 (b),

395 1353 467 1397 ipso
485 1353 566 1386 facto
585 1364 642 1396 pro
661 1352 794 1395 fugitivo
813 1353 982 1385 habeatur.

436 1417 520 1440 xxiv.
548 1405 696 1439 Monachi
723 1405 776 1449 qui
808 1414 867 1448 per
899 1405 1026 1449 priores
1059 1415 1134 1437 snos

395 1459 543 1493 simulate
579 1457 795 1491 instituuntur
830 1463 1068 1501 procuratores,
1100 1463 1134 1490 nt

396 1513 458 1546 hoc
481 1512 589 1545 medio
615 1512 654 1544 ad
679 1511 830 1551 medicos,
861 1512 910 1543 vel
940 1511 979 1544 ad
1005 1510 1134 1543 visitan-

398 1566 472 1598 dum
498 1570 650 1608 parentes
675 1565 724 1597 vel
749 1564 882 1604 amicos,
903 1568 957 1596 aut
977 1563 1056 1597 alias
1075 1574 1134 1607 pro

396 1628 508 1652 eorum
533 1617 734 1651 recreatione
754 1622 785 1650 et
802 1617 966 1650 voluntate
990 1628 1008 1649 a
1033 1616 1135 1650 domi-

396 1671 456 1704 bus
478 1676 604 1710 exeant,
630 1675 661 1703 et
686 1670 761 1703 inde
787 1675 954 1713 postquam
982 1675 1055 1703 sunt
1084 1680 1134 1702 re-

399 1725 481 1758 versi
512 1724 734 1763 absolvuntur,
763 1735 779 1756 a
809 1723 1030 1756 visitatoribus
1057 1728 1135 1755 tam-

398 1787 492 1820 quam
517 1776 639 1819 fugitivi
666 1776 856 1816 iudicentur,
873 1781 904 1809 et
926 1781 1027 1819 prout
1043 1787 1136 1809 casus

399 1829 543 1873 exigent,
571 1829 759 1874 puniantur.

442 1893 510 1916 xxv.
532 1882 661 1916 Priores
679 1888 709 1915 et
726 1882 834 1916 vicarii
854 1882 1044 1916 monialium
1063 1893 1137 1917 suos

402 1936 551 1979 fugitivos
576 1941 608 1969 et
638 1941 801 1979 apostatas
826 1937 866 1969 ad
895 1947 928 1969 se
962 1937 1137 1970 redeuntes

401 1990 583 2033 recipiant3
610 1990 717 2023 redire
740 2000 815 2022 vero
833 1991 983 2023 nolentes
1007 2000 1078 2022 cum
1105 2001 1138 2023 o-

402 2042 466 2076 mni
485 2043 655 2086 diligentia
673 2041 853 2085 requirant.
869 2042 1025 2076 Omnibus
1043 2043 1138 2076 etiam

401 2101 435 2129 et
454 2096 592 2139 singulis
617 2095 787 2139 prioribus
814 2096 996 2129 rectoribus
1016 2102 1047 2129 et
1065 2107 1140 2139 pro-

402 2148 608 2182 curatoribus
647 2148 749 2180 nostri
784 2147 912 2181 Ordinis
948 2149 979 2181 in
1011 2154 1140 2182 sanctae

403 2200 610 2234 obedientiae
646 2201 762 2234 merito
799 2201 1007 2244 iniungimus,
1033 2207 1142 2245 quate-

404 2265 472 2295 nus,
495 2264 575 2299 quos
597 2265 633 2287 ex
652 2254 770 2288 Ordine
788 2260 901 2288 nostro
919 2255 1098 2288 monachos
1116 2255 1141 2288 si

439 2325 469 2359 α)
488 2325 565 2352 Circa
584 2325 742 2352 criminosos
761 2331 787 2352 et
805 2326 1015 2361 incorrigibiles,
1038 2326 1142 2352 etiamsi

406 2376 457 2396 non
473 2369 525 2396 sint
541 2369 643 2404 fugitiii
659 2374 704 2397 aut
718 2373 868 2404 apostatae,
889 2370 1088 2397 consulendum
1104 2375 1145 2397 est

407 2413 544 2441 decretum
560 2422 652 2441 sacrae
672 2414 892 2450 Congregationis
907 2414 1031 2447 Concssii,
1051 2414 1094 2442 SS.
1113 2414 1141 2442 D.

410 2457 438 2483 N.
460 2457 559 2484 Urbani
582 2458 631 2484 Pe.
663 2458 718 2484 Vlll
744 2458 819 2485 iussn
844 2459 945 2486 editum
969 2459 1013 2485 die
1035 2465 1077 2485 xxl
1101 2467 1144 2484 se-

411 2502 538 2537 ptembris
561 2503 624 2530 anni
648 2510 775 2536 Mncxle‚
799 2508 826 2531 et
849 2504 884 2531 ibi
908 2505 1059 2539 reperietur
1081 2504 1144 2540 quid

410 2545 468 2574 fieri
485 2549 566 2582 possit
582 2556 614 2575 ne
629 2550 686 2575 ovis
703 2549 828 2583 pestifera
844 2550 909 2576 alias
924 2549 1034 2576 inficiat.

445 2591 473 2625 b)
493 2591 558 2617 Vide
575 2599 634 2627 cap.
651 2601 665 2619 x
682 2593 776 2620 tertiae
796 2593 991 2629 compilationis
1006 2593 1144 2629 antiquae,

409 2635 456 2663 soi.
473 2636 487 2662 2
508 2639 593 2663 recto.

987 242 1164 266 nuttamttn
1190 242 1340 266 nontANUM

1181 294 1234 321 aut
1259 299 1430 323 conversos
1448 290 1596 333 fugitivos
1620 298 1651 325 et
1670 297 1832 335 apostatas
1857 292 1919 326 sci-

1181 342 1284 374 verint
1316 348 1348 375 et
1379 343 1524 376 invenire
1557 345 1743 387 potuerint,
1776 345 1866 385 illos,
1891 346 1917 379 si

1180 400 1296 437 sponte
1315 396 1354 428 ad
1376 396 1597 429 obedientiam
1617 398 1725 431 redire
1742 398 1918 439 noluerint,

1181 448 1277 480 etiam
1301 448 1419 482 invitos
1440 449 1569 493 capiant
1585 456 1618 483 ct
1630 450 1728 483 firmis
1748 451 1919 485 intrudant

1180 501 1380 541 carceribus,
1406 513 1466 536 nec
1490 504 1646 543 relaxent,
1672 504 1777 537 donec
1800 515 1818 537 a
1843 508 1918 538 tunc

1179 554 1328 597 sequenti
1361 555 1515 597 capitulo,
1543 557 1591 589 vel
1617 557 1747 590 interim
1777 567 1795 590 a
1824 568 1918 591 reve-

1179 607 1279 640 rendo
1303 613 1395 650 patre
1419 608 1452 640 in
1477 609 1637 642 mandatis
1662 610 1845 651 habuerint,
1872 611 1920 644 in-

1179 665 1292 694 vocato
1318 662 1358 695 ad
1383 662 1465 702 hoc,
1491 662 1515 695 si
1546 672 1627 706 opus
1658 663 1770 704 fuerit,
1797 665 1918 697 auxilio

1179 714 1347 757 utriusque
1371 715 1497 748 brachii
1523 716 1734 749 ecclesiastici
1759 722 1792 750 et
1808 728 1919 751 saecu-

1180 766 1268 799 laris.
1295 767 1333 800 Et
1357 768 1388 800 in
1414 769 1477 801 hoc
1496 768 1549 801 fiat
1567 768 1735 812 diligentia
1752 770 1916 813 possibilis

1179 830 1237 862 pro
1262 819 1318 853 Dei
1340 826 1372 853 et
1395 820 1525 854 Ordinis
1550 823 1729 855 reverentia
1748 828 1779 856 et
1796 824 1917 857 anima-

1179 883 1249 905 rum
1275 874 1388 913 salute,
1414 882 1474 907 nec
1506 879 1659 917 parcatur
1691 875 1860 909 laboribus
1886 883 1918 911 et

1178 926 1330 968 expensis
1357 927 1395 960 de
1420 927 1538 969 quibus
1564 927 1618 960 siet
1643 932 1675 960 et
1699 927 1768 961 fieri
1789 930 1919 963 manda-

1178 977 1262 1010 bitur
1286 979 1319 1011 in
1346 984 1422 1012 tunc
1447 980 1598 1022 sequenti
1616 981 1757 1023 capitulo
1775 982 1870 1025 plena
1887 988 1919 1016 et

1178 1031 1346 1073 integralis
1372 1033 1500 1072 refusio,
1527 1033 1573 1065 sic
1598 1034 1683 1076 quod
1709 1035 1822 1068 domus
1847 1037 1918 1069 nul-

1178 1085 1243 1117 lum
1269 1095 1306 1118 ex
1331 1085 1395 1119 hoc
1419 1086 1648 1118 detrimentum
1673 1089 1825 1129 patiatur.

1220 1148 1302 1171 xxv1.
1329 1138 1367 1170 Et
1386 1139 1611 1178 nihilominus,
1627 1149 1667 1172 ne
1685 1140 1765 1174 forte
1789 1141 1916 1184 priores

1177 1196 1210 1223 et
1239 1197 1470 1234 procuratores
1496 1192 1668 1234 praedicti,
1704 1193 1854 1228 timentes
1879 1206 1917 1229 ex

1177 1254 1291 1279 eorum
1323 1245 1512 1278 detentione
1537 1251 1569 1277 et
1593 1246 1740 1279 custodia
1770 1249 1916 1289 gravari,

1177 1297 1291 1340 exequi
1306 1303 1505 1340 postponant
1518 1299 1704 1332 mandatum
1722 1300 1917 1340 huiusmodi,

1177 1351 1367 1383 conceditur
1392 1351 1438 1383 eis
1463 1351 1638 1384 auctoritas
1656 1357 1688 1385 et
1710 1351 1851 1393 licentia,
1871 1360 1917 1393 ut,

1177 1408 1348 1446 postquam
1375 1414 1429 1436 eos
1455 1403 1626 1447 ceperint,
1653 1404 1679 1437 si
1705 1405 1842 1447 professi
1867 1406 1916 1439 sui

1178 1466 1242 1488 non
1267 1456 1397 1496 fuerint,
1419 1462 1450 1488 et
1467 1467 1524 1489 eos
1543 1457 1628 1499 apud
1645 1468 1677 1490 se
1696 1458 1841 1491 retinere
1859 1469 1917 1492 no-

1178 1509 1305 1549 luerint,
1333 1509 1456 1542 vinctos
1481 1514 1513 1542 et
1538 1509 1598 1542 sub
1615 1509 1679 1543 sida
1699 1511 1844 1544 custodia
1861 1512 1914 1545 de-

1178 1562 1298 1595 ducere
1324 1563 1373 1595 vel
1409 1562 1537 1595 mittere
1570 1563 1696 1605 possint
1727 1564 1766 1597 ad
1799 1564 1914 1598 domus

1178 1625 1308 1648 suarum
1333 1615 1587 1658 professionum,
1604 1617 1656 1650 vel
1674 1617 1713 1649 ad
1735 1617 1848 1650 domos
1862 1628 1906 1651 un

1179 1669 1218 1701 de
1242 1668 1399 1708 exierint;
1426 1669 1501 1701 dum
1524 1674 1629 1701 tamen
1654 1674 1767 1702 neutra
1784 1669 1917 1704 istarum

1179 1721 1275 1754 distet
1299 1722 1383 1755 ultra
1421 1727 1485 1754 tres
1511 1721 1624 1754 dietas.
1662 1721 1753 1760 Quod
1785 1722 1810 1755 si
1836 1723 1916 1756 forte

1179 1774 1241 1818 ipsi
1265 1775 1315 1808 vel
1342 1775 1423 1808 alter
1447 1786 1484 1807 ex
1510 1774 1556 1807 eis
1584 1775 1770 1808 mandatum
1804 1775 1914 1809 huius‘

1925 244 1973 270 An.
1994 243 2020 270 C.
2043 246 2103 273 mss

1180 1828 1278 1868 modi,
1296 1829 1382 1871 quod
1403 1833 1538 1871 possent
1555 1827 1750 1870 adimplere,
1769 1829 1936 1872 neglexe->

1180 1882 1252 1922 rint,
1279 1881 1548 1924 contempserint,
1574 1881 1848 1915 dissimulaverint
1864 1888 1918 1915 aut

1181 1935 1375 1975 distulerint,
1408 1940 1440 1967 et
1465 1935 1586 1977 pariter
1617 1933 1772 1968 officiales
1805 1935 1920 1968 domun

1180 1988 1279 2028 illius,
1304 1998 1386 2032 quae
1412 1988 1526 2020 missos
1551 1987 1589 2020 ad
1612 1997 1681 2020 eain
1699 1988 1844 2031 recipere
1862 1999 1904 2022 no

1183 2041 1286 2080 luerit,
1313 2041 1346 2073 in
1371 2039 1521 2083 sequenti
1547 2039 1689 2082 capitulo
1715 2050 1791 2073 suae
1809 2046 1906 2073 contu

1183 2094 1302 2127 macine
1328 2103 1452 2137 poenas
1479 2093 1581 2126 luent.

1226 2158 1323 2181 xxvu.
1351 2147 1381 2180 si
1407 2157 1485 2180 vero
1510 2146 1610 2190 aliqui
1636 2156 1674 2179 ex
1700 2146 1746 2180 eis
1772 2146 1916 2190 fugitivos

1184 2211 1240 2234 seu
1265 2206 1426 2244 apostatas
1462 2200 1646 2234 huiusmodi
1683 2201 1917 2244 receptaverint

1185 2265 1242 2288 seu
1267 2254 1514 2294 occultaverint,
1540 2255 1589 2287 vel
1621 2252 1667 2286 cis
1693 2253 1731 2286 ad
1756 2254 1919 2288 continua-

1186 2308 1307 2341 tionem
1330 2317 1407 2340 suae
1432 2307 1525 2349 fugae
1542 2307 1591 2339 vel
1613 2307 1791 2350 apostasiae
1812 2317 1872 2350 per
1888 2316 1921 2340 se

1185 2363 1235 2394 vel
1267 2371 1326 2404 per
1357 2370 1593 2404 quamcumque
1619 2360 1713 2393 aliam
1751 2370 1922 2403 personam

1186 2414 1412 2458 interpositam
1438 2414 1551 2457 quovis
1577 2414 1673 2447 modo
1705 2413 1856 2446 dederint
1871 2424 1923 2446 au·

1187 2468 1306 2507 xilium,
1325 2469 1374 2501 vel
1392 2467 1444 2511 qui
1460 2467 1506 2500 eis
1524 2466 1678 2510 pecunias
1691 2471 1810 2506 mutuo,
1826 2466 1924 2505 dono.

1187 2523 1234 2554 vel
1261 2518 1338 2555 alias
1363 2520 1606 2559 concesserint,
1633 2529 1651 2551 a
1675 2518 1741 2551 suis
1766 2518 1923 2552 obedien·
1955 2531 1957 2533 ·

1188 2575 1240 2606 tiis
1266 2574 1493 2612 absolvantur,
1520 2571 1686 2611 monachi,
1712 2571 1857 2604 conversi
1893 2575 1923 2604 et

1189 2627 1297 2660 donati
1324 2627 1350 2659 si
1376 2627 1437 2660 hoc
1470 2625 1624 2663 fecerint,
1659 2625 1922 2665 incarceremur¹
