2111 3157
15 250 64 278 An.
78 249 110 278 G.
133 247 199 275 1639

75 1203 180 1223 statutum

0 1229 135 1256 praedictum.

204 296 332 329 eveniat
349 300 383 328 ut
399 297 511 340 plures
529 307 564 330 ex
583 287 662 340 ipsis
678 297 741 329 reis
759 297 934 335 conventis,

203 354 290 381 metu
315 359 456 392 poenae,
474 359 529 382 seu
557 348 667 382 iudicii
688 348 856 383 disserendi
881 354 935 381 aut

205 401 266 434 alia
289 402 398 435 forsan
415 402 454 436 de
472 404 576 443 causa,
595 402 793 446 respondere
818 403 934 442 nolint,

202 465 261 487 nec
274 455 314 487 ad
339 454 370 488 id
396 455 614 489 ecclesiastica
630 457 768 488 censura
787 460 842 488 aut
866 466 934 489 car-

202 507 387 549 ceratione,
414 519 493 551 quas
517 509 639 541 malunt
663 507 802 541 indurati
826 508 933 551 potius

200 561 369 601 sustinere,
383 561 453 604 cogi
475 562 620 605 possint:
646 561 738 594 nobis
759 566 932 605 propterca

199 613 284 646 idem
308 614 444 647 loannes
469 614 640 658 episcopus
665 614 834 647 humiliter
857 625 931 657 sup-

199 666 313 709 plicari
340 667 428 705 fecit,
456 672 500 707 ut,
527 666 801 710 quemadmodum
826 667 928 701 felicis

198 720 431 752 recordationis
456 720 602 754 Clemens
627 719 711 762 Papa
727 720 777 752 Vll
794 721 929 763 praede·

197 782 306 805 cessor
330 777 440 805 noster
463 783 521 816 per
548 782 621 805 suas
646 772 679 805 in
704 772 801 806 simili
827 773 927 806 forma

197 824 306 857 Brevis
335 825 386 857 die
406 835 464 858 xxx
481 824 556 857 maii
580 834 691 858 unxcu
716 835 774 867 pro
800 825 927 858 civitate

194 882 225 909 et
250 876 392 909 dioecesi
417 876 572 910 Eborensi
589 903 596 917 ,
623 876 654 909 in
680 877 796 920 quibus
814 877 927 911 similis

193 929 420 962 contestandae
446 929 510 962 litis
535 929 634 972 stylus
654 929 817 963 observari
843 932 926 964 sole-

192 980 258 1022 bat,
287 981 439 1015 statuisse
465 982 675 1022 noscebatur,
700 993 758 1015 nos
778 983 926 1016 similiter

193 1045 251 1078 pro
271 1034 339 1067 eius
363 1034 452 1067 curia
476 1040 507 1067 et
532 1034 671 1069 dioecesi
697 1036 728 1068 in
748 1036 925 1069 remedium

191 1087 447 1131 praemissorum
473 1092 611 1121 statuere
641 1092 673 1120 et
707 1089 859 1122 ordinare
885 1089 923 1123 de

191 1140 392 1182 benignitate
418 1140 597 1183 apostolica
615 1140 834 1182 dignaremur.

235 1194 250 1237 g
274 1193 305 1226 2.
333 1193 395 1227 Nos
423 1193 531 1236 igitur,
550 1194 655 1237 ipsun]
682 1193 835 1228 Ioannem
859 1195 924 1238 epi-

190 1257 323 1291 scopum
347 1246 542 1291 specialibus
566 1247 727 1280 favoribus
758 1253 788 1280 et
812 1249 922 1290 gratiis

190 1300 344 1344 prosequi
375 1300 529 1340 volentes,
556 1310 573 1332 a
597 1300 764 1343 quibusvis
788 1311 919 1335 excom-

189 1352 426 1394 municationis,
448 1353 671 1396 suspensionis
695 1358 725 1387 et
749 1354 920 1396 interdicti,

189 1407 326 1450 aliisque
345 1405 572 1439 ecclesiasticis
584 1406 763 1446 sententiis,
778 1407 920 1440 censuris

189 1465 219 1492 et
236 1459 361 1503 poenis,
388 1470 405 1492 a
430 1458 499 1491 iure
518 1459 566 1492 vel
585 1459 623 1491 ab
641 1459 785 1499 homine,
811 1460 922 1503 quavis

188 1511 360 1546 occasione
386 1512 434 1544 vel
459 1513 553 1544 causa
570 1511 652 1551 latis,
671 1512 697 1544 si
714 1513 830 1556 quibus
847 1524 921 1556 quo-

188 1565 366 1599 modolibet
389 1564 564 1598 innodatus
579 1564 697 1605 existit,
717 1566 754 1597 ad
774 1565 919 1600 ellectum

187 1617 407 1662 praesentium
438 1618 599 1650 dumtaxat
630 1619 918 1661 consequendum,

189 1672 304 1704 harum
339 1671 424 1704 serie
451 1670 657 1704 absolventes
684 1676 714 1704 et
738 1672 920 1705 ahsolutum

189 1725 257 1757 sore
277 1728 458 1763 censenteS,
476 1723 661 1756 huiusmodi
680 1724 922 1767 supplicationi-

187 1779 248 1811 bus
265 1776 424 1816 inclinati,
439 1787 474 1810 ac
487 1776 629 1818 vestigiis
643 1776 814 1810 Clementis
831 1788 922 1821 prae-

189 1831 371 1864 decessoris
394 1829 553 1874 praedicti
580 1830 612 1863 in
638 1830 702 1863 hoc
728 1831 860 1864 omnino
877 1831 921 1863 in-

190 1884 371 1923 haerentes
391 1893 448 1926 per
472 1887 661 1926 praesentes
687 1884 842 1923 volumus,
864 1888 921 1917 sta-

191 1937 310 1969 tuimus
335 1941 366 1968 et
401 1935 587 1968 ordinamus
620 1935 706 1978 quod
740 1936 778 1969 de
810 1942 920 1970 cetero

189 1988 356 2033 perpetuis
383 1988 498 2021 suturis
525 1988 735 2030 temporibus,
763 1989 789 2021 si
815 1989 862 2022 rei
888 1989 920 2022 in

190 2040 317 2074 civitate
345 2045 377 2074 et
416 2040 558 2073 dioecesi
590 2040 824 2083 portugallensi
857 2047 921 2074 tam

191 2093 327 2128 civiliter
352 2104 448 2137 quam
478 2092 688 2126 criminaliter
711 2094 861 2127 conventi
886 2094 923 2128 li-

190 2152 256 2180 tem
273 2146 503 2180 contumaciter
519 2146 550 2178 in
569 2147 765 2189 competenti
783 2147 922 2180 termino

192 2199 239 2232 eis
262 2198 472 2243 praefigendo
498 2199 670 2231 contestari
703 2200 924 2233 recusaverint

192 2261 249 2285 seu
274 2250 453 2291 noluerint,
479 2250 618 2284 termino
644 2251 763 2294 elapso,
789 2252 828 2284 lis
853 2252 924 2296 ipsa

191 2315 252 2349 per
276 2304 455 2347 negativam
489 2314 549 2347 pro
575 2303 718 2347 legitime
743 2307 923 2339 contestata

193 2358 363 2397 habeatur,
384 2368 420 2390 ac
439 2357 554 2390 exinde
573 2356 705 2397 iudices,
723 2368 831 2390 coram
853 2358 923 2402 qui-

192 2411 251 2444 bus
276 2419 387 2443 causas
411 2419 470 2453 pro
496 2414 640 2452 tempore
665 2410 808 2453 pendere
825 2411 925 2444 conti-

194 2463 284 2507 gerit,
306 2463 344 2496 ad
365 2462 529 2501 ulteriora,
547 2463 641 2495 etiam
661 2463 699 2496 ad
720 2473 834 2497 causae
849 2474 924 2497 con-

193 2516 372 2550 clusionem
397 2520 429 2548 et
452 2515 633 2548 sententiae
650 2515 832 2549 definitivae
848 2527 924 2560 pro-

194 2569 364 2608 lationem,
390 2568 468 2601 alias
501 2572 605 2600 tamen
632 2567 786 2610 legitime,
813 2578 924 2611 proce-

195 2621 270 2655 dere
293 2621 433 2660 valeant,
461 2630 520 2653 nec
545 2630 654 2652 eorum
680 2630 861 2663 processus,
886 2631 921 2654 ex

263 2683 342 2711 Bull-
363 2684 445 2712 Rom.
466 2699 498 2704 -
523 2683 581 2712 Vol.
601 2683 674 2710 XIX.
819 2682 866 2709 117

795 248 1003 272 INNOCENTWS
1026 250 1056 273 XI
1083 250 1128 273 ΡΡ.

978 307 1016 329 eo
1041 298 1126 340 quod
1150 298 1188 332 lis
1213 299 1282 342 ipsa
1305 299 1337 332 in
1360 300 1460 333 forma
1485 300 1562 333 iuris
1580 307 1709 334 contes-

977 354 1057 382 stata
1082 361 1147 384 non
1179 352 1295 392 suerit,
1319 353 1521 396 impugnari,
1546 355 1708 388 annullari

976 412 1031 434 seu
1052 403 1220 437 invalidari
1246 405 1361 438 debeat
1384 416 1439 438 seu
1464 406 1578 449 possit.
1604 407 1642 439 Et
1661 408 1708 440 sic

976 454 1007 486 in
1033 456 1220 498 praemissis
1252 468 1312 501 per
1332 469 1554 502 quoscumque
1584 459 1706 494 iudices

975 507 1072 540 etiam
1102 519 1268 542 causarum
1293 510 1403 553 palatii
1423 512 1594 554 apostolici
1618 512 1707 545 audi-

975 564 1070 600 tores,
1095 561 1219 595 sublata
1236 562 1281 595 cis
1307 567 1338 595 et
1357 573 1468 596 eornm
1485 564 1616 597 cuilibet
1629 576 1707 608 qua-

972 614 1018 646 vis
1042 614 1138 648 aliter
1160 616 1323 649 iudicandi
1349 623 1380 650 et
1404 617 1639 661 interpretandi
1661 619 1706 652 sa-

972 667 1100 707 cultate,
1119 668 1263 709 iudicari,
1289 669 1393 702 decidi
1418 675 1449 703 et
1469 670 1634 703 terminari
1651 671 1706 704 de-

971 719 1056 760 bere,
1083 721 1208 754 irritum
1234 732 1364 765 quoque
1390 727 1421 755 et
1447 723 1541 766 inane
1566 723 1592 755 si
1612 733 1703 756 secus

971 783 1068 816 super
1082 773 1131 807 his
1152 786 1168 806 a
1184 785 1354 818 quoquam,
1374 775 1485 818 quavis
1499 776 1702 818 auctoritate,

970 827 1110 859 scienter
1126 828 1177 860 vel
1194 827 1392 870 ignoranter,
1410 829 1584 872 eontigerit
1601 834 1702 863 atten-

971 880 1039 919 tari,
1065 880 1282 913 decernimus.

1012 933 1026 975 ἓ
1052 931 1082 966 3.
1110 932 1181 966 Non
1210 934 1412 968 obstantibus
1438 935 1637 977 apostolicis,
1663 946 1700 969 ac

968 986 1001 1019 in
1042 986 1279 1019 universalibus
1316 987 1632 1031 provincialibusque
1669 993 1701 1022 et

968 1039 1176 1082 synodalibus
1200 1039 1344 1072 conciliis
1369 1040 1472 1081 editis,
1491 1041 1699 1083 generalibus

1601 243 1663 276 9⁹20
1710 253 1757 282 An.
1776 253 1804 281 c.
1830 255 1897 282 1089

1735 946 1892 969 Contrariorum

1709 971 1825 998 daromae.

968 1091 1015 1125 vel
1039 1092 1247 1135 specialibus,
1264 1093 1549 1126 constitutionibus
1575 1099 1607 1127 et
1640 1105 1698 1127 or-
1723 1096 1727 1099 ’

968 1144 1213 1185 dinationibus,
1241 1145 1410 1189 dictaeque
1438 1147 1592 1180 ecclesiae
1622 1147 1701 1180 Por-

968 1199 1154 1242 tugallensis
1171 1225 1178 1238 ,
1216 1198 1415 1239 iuramento,
1454 1198 1700 1234 confirmatione

966 1251 1154 1294 apostolica,
1178 1252 1227 1284 vel
1253 1251 1363 1294 quavis
1387 1250 1536 1284 firmitate
1561 1252 1624 1285 alia
1648 1263 1700 1286 ro-

965 1304 1107 1342 boratis,
1146 1303 1274 1337 statutis
1312 1308 1344 1336 et
1378 1304 1697 1347 consuetudinibus,

964 1356 1143 1400 privilegiis
1174 1367 1319 1400 quoque,
1354 1356 1490 1389 indultis
1527 1362 1558 1389 et
1581 1357 1698 1391 litteris

964 1410 1151 1454 apostolicis
1175 1409 1207 1441 in
1228 1409 1427 1442 contrarium
1447 1409 1699 1452 praemissorum

965 1462 1211 1507 quomodolibet
1235 1462 1418 1501 concessis,
1445 1461 1643 1494 confirmatis
1668 1468 1700 1495 et

964 1516 1145 1556 innovatis;
1179 1514 1295 1558 quibus
1321 1514 1470 1547 omnibus
1496 1519 1527 1547 et
1550 1515 1697 1557 singulis,

963 1570 1094 1603 illorum
1114 1574 1242 1602 tenores
1265 1567 1492 1611 praesentibus
1515 1578 1575 1610 pro
1600 1569 1697 1611 plene

964 1629 995 1656 et
1017 1622 1217 1655 sufficienter
1234 1620 1398 1664 expressis
1423 1631 1459 1652 ae
1482 1620 1617 1653 insertis
1639 1621 1681 1654 ha

962 1675 1098 1715 bentes,
1121 1674 1186 1707 illis
1222 1674 1302 1706 alias
1335 1673 1368 1705 in
1395 1683 1453 1705 suo
1479 1672 1598 1706 robore
1623 1684 1698 1716 per-

964 1728 1142 1767 mansuris,
1168 1727 1207 1760 ad
1237 1725 1492 1769 praemissorum
1525 1725 1696 1765 effectum,

964 1782 1023 1814 hac
1035 1782 1102 1814 vice
1117 1781 1291 1818 dumtaxat,
1311 1778 1499 1822 specialiter
1519 1783 1550 1811 et
1567 1789 1698 1822 expres-

963 1847 997 1869 se
1013 1835 1204 1877 derogamus
1219 1845 1226 1873 ·,
1246 1832 1430 1875 ceterisque
1447 1831 1618 1864 contrariis
1633 1832 1698 1875 qui-

963 1890 1178 1930 buscumque.

1006 1941 1119 1975 Datum
1144 1939 1279 1978 Romae,
1305 1937 1389 1981 apud
1422 1936 1454 1970 S.
1480 1936 1608 1969 Mariam
1634 1937 1697 1970 Ma-

964 1995 1076 2033 iorem,
1102 1993 1161 2025 sub
1179 1992 1297 2024 annulo
1313 1990 1496 2030 piscatoris,
1512 1989 1562 2022 die
1577 2000 1605 2022 1v
1620 2000 1697 2022 mar-

965 2047 999 2079 tii
1032 2054 1233 2084 nectuntur,
1262 2042 1469 2087 pontificatus
1505 2041 1606 2075 nostri
1634 2052 1694 2075 au-

966 2110 1006 2132 no
1030 2108 1097 2132 xlu.

1000 2160 1059 2187 Dat.
1075 2159 1119 2186 die
1135 2159 1151 2186 4
1170 2158 1261 2186 martii
1282 2157 1360 2192 1689,
1380 2156 1475 2192 pontif.
1492 2163 1561 2184 anno
1577 2162 1631 2184 xttt.

1289 2281 1375 2315 CCV.

966 2352 1158 2390 Conceditur
1180 2351 1339 2396 fratribus
1365 2351 1578 2395 Cappuccv‘nis
1596 2351 1700 2394 facul-

1010 2411 1058 2440 tas
1089 2405 1284 2450 applicandi
1314 2404 1558 2447 indulyentiam
1593 2404 1646 2436 die
1676 2413 1700 2438 11

1009 2459 1139 2503 anqusti
1176 2457 1348 2491 animabus
1385 2456 1608 2500 defunctorum
1641 2466 1701 2501 per

1009 2512 1140 2545 modum
1163 2509 1345 2554 suffrayii¹.

1002 2584 1012 2610 1
1036 2582 1139 2610 Eadem
1164 2581 1278 2609 facultas
1304 2588 1431 2608 concessa
1450 2580 1498 2607 suit
1516 2580 1646 2607 fratribus
1665 2581 1700 2608 do

965 2627 1140 2655 observantia
1155 2630 1181 2655 et
1196 2626 1355 2654 Reformatis
1369 2625 1475 2653 Ordinis
1490 2625 1574 2652 sancti
1589 2624 1710 2652 Franci-v
