2111 3157
4 226 96 254 Amo.
118 224 185 252 1680

192 273 244 311 ris,
267 281 439 312 omnemque
461 271 616 312 pretiosam
638 270 845 310 supellectilem
870 273 925 298 sta-

193 321 235 352 tui
257 331 418 361 pauperum
440 321 559 351 minime
580 320 813 351 convenientem.
832 318 924 356 Super

192 370 269 408 quod
290 370 443 408 invigilent
471 373 567 408 patres
598 368 771 401 visitatores,
795 370 823 396 et
851 365 923 395 tales

192 426 327 447 excessus
349 418 395 457 (si
416 427 488 457 quos
510 416 694 455 invenerint)
725 415 851 445 reserant
876 422 920 442 re-

191 465 304 503 gimini,
328 475 343 495 a
367 475 423 505 quo
455 474 553 495 severe
579 468 664 494 erunt
686 461 835 502 puniendi,
858 460 919 499 qui,

191 513 283 552 prima
315 514 377 544 vice
409 523 474 543 cum
503 512 644 542 charitate
676 509 830 547 admoniti,
862 517 920 537 non

189 562 392 593 abstinuerint.

228 620 266 641 vi.
289 612 395 641 Damus
416 611 458 641 eis
480 611 601 640 liberam
623 613 650 639 et
671 607 848 638 ordinariam
871 615 919 645 po-

189 663 320 689 testatem
342 659 462 697 regendi
484 662 513 687 et
534 656 715 695 gubernandi
744 653 917 684 monasteria

188 716 241 747 per
261 708 418 746 capitulum
440 707 574 744 generale
608 706 652 734 vel
684 705 813 742 regimen
846 702 916 741 ipsis

187 755 354 792 commissa,
384 754 597 793 monachosque
626 762 659 782 ac
690 752 858 783 commissos
889 754 916 779 et

186 803 320 840 novitios,
343 807 512 841 ceterosque
534 802 569 831 ad
591 800 764 831 monasteria
778 799 834 828 sibi
856 807 916 828 cre-

185 851 245 881 dita
266 855 440 890 spectantes,
464 855 521 880 tam
543 851 572 880 in
596 847 805 889 spiritualibus,
830 855 915 885 quam

185 899 215 929 in
238 899 630 938 temporalibus‚'secundum
652 898 680 928 S.
698 898 729 926 P.
745 897 777 926 N.
797 895 916 926 Benedi-

185 949 224 978 cti
245 949 375 987 regulam
397 953 425 978 et
450 948 672 977 constitutiones
699 951 824 976 nostras.
858 944 916 984 Ipsi

185 1001 299 1035 autem,
324 1007 389 1027 cum
410 998 440 1027 in
463 997 604 1036 praelatos
625 997 787 1034 eliguntur,
812 999 861 1024 aut
882 994 916 1023 ad

184 1046 263 1076 aliud
284 1046 491 1076 monasterium
514 1049 674 1081 mutantur,
702 1043 916 1083 quamprimum

185 1103 215 1124 se
237 1094 272 1123 ab
301 1094 434 1124 omnibus
466 1094 530 1123 aliis
564 1093 687 1131 negotiis
718 1092 915 1131 expedientes,

184 1146 262 1172 recto
284 1143 400 1172 tramite
426 1142 460 1171 ad
483 1142 539 1171 sibi
566 1142 708 1179 assignata
743 1139 917 1169 monasteria

184 1200 214 1220 se
236 1191 396 1220 conserant.
420 1190 525 1220 Damus
547 1190 668 1228 iusuper
689 1189 730 1218 eis
747 1192 916 1227 potestatem

183 1239 310 1277 eligendi
329 1239 384 1268 sibi
402 1238 605 1273 confessarios,
625 1237 675 1276 qui
697 1246 745 1266 eos
768 1235 918 1265 absolvant

184 1292 213 1317 et
233 1287 387 1317 salutarem
409 1287 450 1316 eis
467 1286 673 1325 poenitentiam
688 1285 851 1322 iniungant,
867 1293 917 1313 au-

183 1336 346 1374 ctoritatem
368 1336 454 1365 etiam
476 1334 611 1364 audiendi
633 1333 827 1364 consessiones
859 1342 918 1362 om-

184 1385 265 1414 nium
288 1384 483 1423 praelatorum
506 1387 533 1412 et
555 1383 676 1412 fratrum
705 1386 820 1411 nostrae
849 1381 918 1411 Con-

183 1432 359 1471 gregationis
374 1432 409 1461 ad
425 1441 524 1461 eorum
539 1430 712 1461 monasteria
727 1430 916 1467 venientium,

183 1481 227 1510 vel
249 1480 336 1510 alicui
357 1489 391 1509 ex
414 1480 474 1509 suis
492 1479 641 1508 monachis
659 1478 822 1508 facultatem
839 1487 919 1516 prae-

183 1529 288 1559 dictam
311 1528 520 1558 committendi.

222 1586 271 1607 vn.
294 1578 446 1607 Praeterea
479 1577 521 1606 eis
543 1576 718 1606 conserimus
750 1579 918 1614 potestatem

183 1626 366 1656 examinandi
388 1625 520 1655 licentias
542 1626 662 1654 fratrum
692 1629 867 1660 nostrorum,
892 1630 919 1654 et

183 1684 256 1713 quos
278 1673 441 1713 repererint
470 1682 526 1702 non
549 1673 708 1711 complesse
740 1672 919 1702 conditiones

183 1731 303 1752 suarum
325 1721 520 1759 licentiarum,
543 1721 587 1750 vel
608 1721 692 1750 aliter
724 1721 920 1759 deprehende-

183 1771 243 1800 rint
265 1769 410 1808 fugitims,
434 1768 584 1807 girovagos
607 1769 650 1798 vel
676 1773 830 1808 apostatas,
856 1769 919 1807 capi

185 1818 311 1848 faciendi
332 1822 360 1848 et
381 1818 410 1847 in
433 1818 564 1847 custodia
587 1817 743 1855 retinendi,
766 1817 919 1856 impetrato

184 1867 283 1904 etiam,
306 1867 331 1896 si
352 1876 423 1905 opus
446 1866 542 1902 suerit,
559 1866 667 1895 auxilio
688 1865 799 1895 brachii
821 1872 920 1895 saecu-

185 1915 266 1945 laris.

225 1965 262 2001 (b)
285 1972 344 1993 vm.
368 1963 409 1993 Ad
432 1965 554 1993 ιιοίὶίίνιηι
578 1964 705 2002 episcopi.
723 1962 812 1992 llodie
827 1972 861 1992 ex
877 1963 920 1992 in-

184 2012 264 2042 dulto
285 2012 442 2051 apostolico
465 2015 521 2040 tota
551 2016 648 2041 nostra
670 2011 861 2048 Congregatio
893 2015 920 2040 et

184 2060 297 2098 singula
320 2060 493 2089 monasteria
516 2064 646 2098 exempta
662 2064 728 2089 sunt
744 2060 778 2089 ab
800 2060 921 2089 Ordina-

184 2109 296 2139 riorum
309 2109 508 2138 iurisdictione
521 2113 548 2138 et
561 2109 727 2138 immediate
739 2109 920 2148 Apostolicae

185 2158 250 2188 Sedi
266 2158 405 2187 subiecta.
422 2157 532 2192 Quibus
548 2161 643 2186 autem
660 2157 774 2186 casibus
789 2158 822 2187 ad
839 2157 920 2187 ordi·

186 2206 283 2235 uarios
308 2206 516 2236 recurrendum
539 2206 592 2241 sit,
615 2205 676 2235 iura
705 2205 918 2244 praescribunt.

210 2268 306 2298 CAPUT
330 2268 408 2297 LXV.
434 2285 467 2289 —
492 2268 529 2297 De
550 2269 704 2306 praeposito
726 2270 892 2297 monasterii.

0 2329 177 2382 inihiiiiiss'ss‘r'ffi
230 2326 364 2369 Saepius
389 2326 519 2369 quidem
546 2326 705 2368 contingit
727 2331 762 2358 ut
792 2337 851 2369 per
875 2336 921 2359 or-

0 2385 47 2434 ffifnf'
61 2380 388 2431 ggssfifig⁸ssgdissfltione¹11
424 2379 599 2422 praepositi
631 2379 780 2411 scandala
814 2380 922 2422 gravia

0 2432 221 2487 :ghgfdffiffiin
246 2431 450 2464 monasteriis
467 2431 623 2471 oriantur,
646 2431 718 2463 dum
736 2432 800 2464 sint
821 2432 921 2475 aliqui

0 2489 113 2511 uetuerit-
189 2484 330 2525 maligno
355 2484 468 2527 spiritu
501 2484 673 2527 superbiae
699 2485 821 2525 inflati,
847 2486 920 2528 qui,

190 2537 397 2570 aestimantes
421 2548 454 2570 se
480 2537 643 2570 secundos
675 2537 806 2571 abbates
840 2549 920 2579 esse,

191 2595 392 2623 assumentes
422 2590 482 2622 sibi
519 2590 745 2633 tyrannidem,
773 2592 922 2625 scandala

268 2652 332 2677 ΠΗΠ,
362 2654 427 2675 Ram
454 2667 486 2673 —-
508 2653 556 2676 Vn]
589 2653 650 2676 X'IX'
802 2653 835 2675 As).

773 221 982 246 INNOCENTIUS
1004 222 1035 245 XI
1060 222 1107 245 PP.

1588 208 1651 242 337
1698 218 1748 245 An.
1769 217 1797 244 c.
1823 218 1888 244 1680

964 268 1127 307 nutriunt,
1154 272 1185 300 et
1209 266 1430 300 dissensiones
1457 267 1488 299 in
1514 266 1697 309 Congrega-

965 321 1051 353 tione
1076 321 1215 361 faciunt,
1241 325 1273 353 et
1296 320 1432 353 maxime
1458 319 1491 351 in
1516 320 1579 352 illis
1604 321 1697 360 loeis,

963 373 1018 405 uhi
1043 373 1082 405 ab
1107 374 1222 406 eodem
1245 373 1413 406 sacerdote
1436 374 1485 406 vel
1510 373 1549 405 ab
1575 374 1696 406 eisdem

963 425 1152 466 abbatibus,
1186 427 1239 468 qui
1275 426 1423 458 abbatem
1450 425 1622 465 ordinant,
1656 426 1696 458 ab

962 477 1041 520 ipsis
1073 478 1170 511 etiam
1205 484 1236 511 et
1270 478 1475 521 praepositus
1515 478 1694 511 ordinatur.

962 529 1053 567 Quod
1078 541 1172 573 quam
1193 531 1235 564 sit
1260 531 1442 570 absurdum,
1466 531 1558 564 facile
1587 532 1697 564 adver-

963 583 1050 622 titur,
1075 584 1149 626 quia
1173 584 1212 616 ab
1244 584 1317 626 ipso
1350 583 1441 616 initio
1478 583 1695 617 ordinationis

960 636 1093 668 materia
1124 636 1152 668 ei
1185 636 1279 668 datur
1312 635 1543 678 superbiendi,
1569 636 1644 668 dum
1667 637 1696 669 ei

960 687 1144 730 suggeritur
1161 699 1178 720 a
1195 687 1448 730 cogitationibus
1466 688 1530 720 suis
1550 688 1696 721 exutum¹

958 750 1030 772 eum
1055 750 1125 773 esse
1149 751 1166 772 a
1191 745 1350 782 potestate
1376 739 1501 772 abbatis
1532 741 1593 780 sui,
1620 742 1696 784 quia

957 792 996 824 ab
1021 792 1098 835 ipsis
1128 798 1176 825 est
1205 793 1374 826 ordinatus
1399 803 1416 825 a
1440 792 1554 835 quibus
1581 798 1612 825 et
1635 794 1689 825 ab·

957 845 1026 877 bas.
1064 844 1145 877 Hinc
1181 845 1378 878 suscitantur
1412 845 1565 884 invidiae,
1598 846 1695 879 rixae,

959 898 1186 938 detractiones,
1204 898 1445 937 aemulationes,
1462 897 1695 932 dissensiones.

959 950 1232 984 exordinationes.
1260 951 1297 983 Et
1329 951 1404 983 dum
1440 952 1603 984 contraria
1634 952 1696 984 sibi

959 1005 1095 1037 invicem
1119 1005 1217 1037 abbas
1242 1004 1514 1047 praepositusque
1539 1005 1694 1045 sentiunt,

960 1063 991 1089 et
1014 1058 1157 1100 ipsorum
1181 1068 1313 1090 neeesse
1339 1062 1386 1090 est
1406 1058 1467 1090 sub
1486 1058 1547 1090 hae
1571 1058 1697 1090 dissen-

959 1111 1049 1144 sione
1075 1111 1198 1143 animas
1224 1111 1413 1154 periclitari,
1440 1116 1472 1143 et
1496 1110 1528 1151 ii,
1554 1111 1610 1154 qui
1635 1111 1696 1144 sub

960 1165 1036 1208 ipsis
1057 1170 1142 1203 sunt,
1162 1165 1236 1197 dum
1257 1165 1429 1197 adulantur
1444 1165 1600 1207 partibus,
1620 1170 1697 1197 eunt

960 1218 992 1249 in
1016 1217 1249 1260 perditionem.
1277 1217 1374 1250 Cuius
1407 1217 1543 1260 periculi
1575 1218 1696 1250 malum

960 1270 1034 1303 illos
1059 1270 1192 1312 respicit
1216 1270 1249 1301 in
1278 1271 1396 1313 capite,
1433 1269 1486 1312 qui
1515 1270 1631 1303 talibus
1662 1270 1695 1303 in

961 1322 1169 1356 ordinatione
1187 1333 1220 1355 so
1246 1323 1394 1355 fecerunt
1418 1328 1580 1355 auctores.

1004 1376 1143 1419 Ideoque
1180 1386 1238 1408 nos
1277 1375 1503 1419 praevidemus
1540 1376 1695 1419 expedire
1732 1385 1784 1405 uine
1811 1385 1889 1420 tanturn

961 1434 1097 1472 propter
1128 1429 1217 1471 pacis
1249 1428 1480 1471 charitatisque
1516 1413 1890 1461 CustodiamZfissi{⁸²'{ssi÷'}2.i'.i.5

1721 1466 1852 1489 pi·aep051tus
1872 1479 1877 1487 ‚

961 1482 994 1515 in
1018 1482 1142 1514 abbatis
1167 1482 1310 1524 pendere
1335 1481 1467 1513 arbitrio
1493 1481 1540 1524 (a)
1570 1482 1697 1514 ordina·
1708 1496 1773 1526 ‹turm-
1808 1491 1891 1508 amm

963 1536 1084 1568 tionem
1101 1534 1288 1567 monasterii
1306 1534 1365 1566 sui.
1386 1534 1431 1574 Et,
1450 1534 1473 1566 si
1492 1539 1602 1577 potest
1616 1534 1694 1574 fieri,
1708 1517 1889 1565 il}15.l.1.÷,⁰‘''„1¹.¹.'.3

962 1599 1020 1631 per
1044 1588 1184 1621 decanos
1210 1588 1380 1620 ordinetur
1405 1587 1458 1629 (ut
1475 1593 1569 1620 antea
1586 1571 1811 1631 dispo-Fum‘dffi'

962 1642 1103 1683 suimus)
1122 1641 1226 1673 omnis
1243 1640 1364 1673 utilitas
1386 1641 1583 1680 monasterii,
1603 1645 1698 1683 prout

962 1695 1061 1726 abbas
1077 1694 1289 1737 disposuerit,
1305 1699 1345 1733 ut,
1363 1693 1435 1725 dum
1449 1693 1597 1735 pluribus
1612 1703 1698 1725 eom-

962 1747 1120 1786 mittitur,
1147 1757 1230 1779 unus
1254 1756 1319 1778 non
1344 1745 1519 1789 superbiat.
1554 1745 1643 1783 Quod
1669 1745 1696 1777 si

962 1805 1016 1831 aut
1040 1801 1131 1832 locus
1157 1799 1298 1842 expetit,
1325 1804 1379 1831 aut
1403 1798 1614 1841 congregatio
1641 1808 1698 1841 pc-

963 1853 1049 1885 {ierit
1073 1852 1312 1885 rationabiliter
1336 1862 1408 1884 cum
1434 1851 1638 1891 humilitate,
1666 1856 1699 1883 et

962 1906 1060 1939 abbas
1093 1905 1283 1938 iudicaverit
1314 1904 1479 1947 expedire,
1513 1915 1698 1947 quemcum-

962 1970 1024 2002 que
1053 1959 1190 2000 elegerit
1222 1959 1336 1997 abbas,
1365 1968 1435 1990 cum
1465 1957 1603 1990 consilio
1635 1957 1698 1989 sra-

963 2017 1045 2044 trmn
1065 2011 1246 2043 timentium
1271 2011 1382 2049 Deum,
1400 2010 1530 2042 ordinet
1550 2010 1619 2051 ipse
1636 2010 1698 2042 sibi

963 2064 1195 2107 praepositum.
1216 2062 1275 2100 Qui
1295 2068 1403 2095 tamen
1422 2062 1625 2105 praepositus
1643 2062 1700 2095 illa

962 2122 1035 2158 agat
1060 2127 1132 2148 curn
1166 2115 1365 2154 reverentia,
1399 2125 1481 2157 quac
1514 2115 1552 2146 ab
1583 2114 1698 2147 abbate

962 2180 1019 2202 suo
1053 2169 1082 2201 ei
1114 2168 1259 2200 iniuncta
1296 2166 1436 2205 suerint,
1473 2165 1555 2198 nihil
1587 2171 1700 2199 contra

963 2221 1087 2254 abbatis
1124 2221 1323 2253 voluntatem
1370 2224 1425 2251 aut
1460 2219 1700 2252 ordinationem

964 2275 1095 2314 faciem,
1116 2274 1192 2316 quia
1217 2278 1371 2316 quantum
1396 2273 1559 2315 praelatus
1584 2277 1633 2304 est
1652 2283 1701 2305 ce-

964 2327 1050 2367 teris,
1077 2332 1201 2359 tantum
1227 2336 1301 2358 eum
1326 2329 1459 2368 oportet
1483 2325 1620 2358 sollicite
1645 2326 1702 2357 ob-

964 2390 1093 2413 servare
1119 2384 1293 2422 praecepta
1317 2379 1462 2421 regulae.
1489 2378 1546 2416 Qui
1564 2389 1701 2422 praepo-

963 2433 1052 2471 situs,
1090 2433 1114 2465 si
1153 2437 1300 2475 repertus
1335 2431 1430 2464 suerit
1465 2431 1607 2471 vitiosus,
1648 2436 1702 2464 aut

964 2486 1104 2519 elatione
1138 2486 1293 2527 deceptus
1320 2485 1511 2528 superbiae,
1542 2490 1596 2517 aut
1627 2495 1702 2517 con-

965 2544 1106 2582 temptor
1127 2543 1256 2571 sanctae
1279 2539 1411 2581 regulae
1437 2538 1534 2571 suerit
1558 2548 1702 2581 compro-

1001 2603 1012 2627 1
1036 2599 1137 2628 Forsan
1158 2603 1325 2635 exemplum
1344 2602 1382 2635 (a.
1399 2600 1447 2634 τ.).
