<?xml version="1.0" encoding="UTF-8"?>
<!DOCTYPE html PUBLIC "-//W3C//DTD XHTML 1.0 Transitional//EN"
    "http://www.w3.org/TR/xhtml1/DTD/xhtml1-transitional.dtd">
<html xmlns="http://www.w3.org/1999/xhtml" xml:lang="en" lang="en">
 <head>
  <title>
</title>
<meta http-equiv="Content-Type" content="text/html;charset=utf-8" />
  <meta name='ocr-system' content='tesseract 3.04.00' />
  <meta name='ocr-capabilities' content='ocr_page ocr_carea ocr_par ocr_line ocrx_word'/>
</head>
<body>
  <div class='ocr_page' id='page_1' title='image "./bullarumdiplomat19cath_1023.png"; bbox 0 0 2111 3157; ppageno 0'>
   <div class='ocr_carea' id='block_1_1' title="bbox 797 188 1630 227">
    <p class='ocr_par' dir='ltr' id='par_1_1' title="bbox 797 188 1630 227">
     <span class='ocr_line' id='line_1_1' title="bbox 797 188 1630 227; baseline -0.006 0"><span class='ocrx_word' id='word_1_1' title='bbox 797 204 892 227; x_wconf 66' lang='lat' dir='ltr'>tucax</span> <span class='ocrx_word' id='word_1_2' title='bbox 919 203 1022 226; x_wconf 66' lang='lat' dir='ltr'>aarum</span> <span class='ocrx_word' id='word_1_3' title='bbox 1569 188 1630 223; x_wconf 82' lang='grc'>987</span> 
     </span>
    </p>
   </div>
   <div class='ocr_carea' id='block_1_2' title="bbox 148 251 1687 2609">
    <p class='ocr_par' dir='ltr' id='par_1_2' title="bbox 166 251 1680 613">
     <span class='ocr_line' id='line_1_2' title="bbox 232 251 1676 297; baseline -0.004 -9"><span class='ocrx_word' id='word_1_4' title='bbox 232 257 332 288; x_wconf 85' lang='lat' dir='ltr'>tiones</span> <span class='ocrx_word' id='word_1_5' title='bbox 353 255 528 293; x_wconf 79' lang='lat' dir='ltr'>confirmat,</span> <span class='ocrx_word' id='word_1_6' title='bbox 549 255 613 288; x_wconf 66' lang='lat'>6602</span> <span class='ocrx_word' id='word_1_7' title='bbox 631 267 667 293; x_wconf 68' lang='grc' dir='ltr'>ας</span> <span class='ocrx_word' id='word_1_8' title='bbox 688 257 762 288; x_wconf 90' lang='lat' dir='ltr'>item</span> <span class='ocrx_word' id='word_1_9' title='bbox 791 255 950 288; x_wconf 87' lang='lat' dir='ltr'>decretum</span> <span class='ocrx_word' id='word_1_10' title='bbox 984 253 1142 297; x_wconf 80' lang='lat' dir='ltr'>quoddam</span> <span class='ocrx_word' id='word_1_11' title='bbox 1168 251 1426 294; x_wconf 82' lang='lat' dir='ltr'>Congregationis</span> <span class='ocrx_word' id='word_1_12' title='bbox 1452 251 1676 294; x_wconf 84' lang='lat' dir='ltr'>episcoporum</span> 
     </span>
     <span class='ocr_line' id='line_1_3' title="bbox 233 305 1677 350; baseline -0.003 -10"><span class='ocrx_word' id='word_1_13' title='bbox 233 314 263 340; x_wconf 84' lang='lat' dir='ltr'>et</span> <span class='ocrx_word' id='word_1_14' title='bbox 287 308 480 350; x_wconf 82' lang='lat' dir='ltr'>regularium</span> <span class='ocrx_word' id='word_1_15' title='bbox 507 307 590 340; x_wconf 87' lang='lat' dir='ltr'>circa</span> <span class='ocrx_word' id='word_1_16' title='bbox 608 308 776 341; x_wconf 78' lang='lat' dir='ltr'>electiones</span> <span class='ocrx_word' id='word_1_17' title='bbox 793 308 950 347; x_wconf 87' lang='lat' dir='ltr'>abbatum,</span> <span class='ocrx_word' id='word_1_18' title='bbox 969 305 1033 339; x_wconf 79' lang='lat'>663</span> <span class='ocrx_word' id='word_1_19' title='bbox 1057 318 1077 339; x_wconf 81' lang='grc' dir='ltr'><em>α</em></span> <span class='ocrx_word' id='word_1_20' title='bbox 1102 312 1131 339; x_wconf 92' lang='lat' dir='ltr'>et</span> <span class='ocrx_word' id='word_1_21' title='bbox 1155 317 1234 349; x_wconf 82' lang='lat' dir='ltr'>seq.;</span> <span class='ocrx_word' id='word_1_22' title='bbox 1259 305 1332 338; x_wconf 87' lang='lat' dir='ltr'>item</span> <span class='ocrx_word' id='word_1_23' title='bbox 1358 306 1518 338; x_wconf 88' lang='lat' dir='ltr'>decretum</span> <span class='ocrx_word' id='word_1_24' title='bbox 1545 313 1677 346; x_wconf 77' lang='lat' dir='ltr'>congre-</span> 
     </span>
     <span class='ocr_line' id='line_1_4' title="bbox 232 356 1680 404; baseline -0.003 -11"><span class='ocrx_word' id='word_1_25' title='bbox 232 361 366 404; x_wconf 81' lang='lat' dir='ltr'>gationis</span> <span class='ocrx_word' id='word_1_26' title='bbox 385 360 594 404; x_wconf 87' lang='lat' dir='ltr'>particularis,</span> <span class='ocrx_word' id='word_1_27' title='bbox 619 370 682 403; x_wconf 91' lang='lat' dir='ltr'>quo</span> <span class='ocrx_word' id='word_1_28' title='bbox 706 361 906 393; x_wconf 85' lang='lat' dir='ltr'>resolvuntur</span> <span class='ocrx_word' id='word_1_29' title='bbox 933 360 1083 392; x_wconf 84' lang='lat' dir='ltr'>nonnulla</span> <span class='ocrx_word' id='word_1_30' title='bbox 1113 358 1207 391; x_wconf 90' lang='lat' dir='ltr'>dubia</span> <span class='ocrx_word' id='word_1_31' title='bbox 1232 358 1315 391; x_wconf 87' lang='lat' dir='ltr'>circa</span> <span class='ocrx_word' id='word_1_32' title='bbox 1338 357 1577 391; x_wconf 81' lang='lat' dir='ltr'>constitutiones</span> <span class='ocrx_word' id='word_1_33' title='bbox 1600 356 1680 399; x_wconf 91' lang='lat' dir='ltr'>ipso-</span> 
     </span>
     <span class='ocr_line' id='line_1_5' title="bbox 231 409 1679 456; baseline -0.003 -10"><span class='ocrx_word' id='word_1_34' title='bbox 231 424 313 453; x_wconf 86' lang='lat' dir='ltr'>rum,</span> <span class='ocrx_word' id='word_1_35' title='bbox 340 412 402 445; x_wconf 66' lang='lat'>726</span> <span class='ocrx_word' id='word_1_36' title='bbox 427 425 446 445; x_wconf 81' lang='grc' dir='ltr'>(ι</span> <span class='ocrx_word' id='word_1_37' title='bbox 472 419 502 445; x_wconf 91' lang='lat' dir='ltr'>et</span> <span class='ocrx_word' id='word_1_38' title='bbox 524 423 608 455; x_wconf 79' lang='lat' dir='ltr'>seq.;</span> <span class='ocrx_word' id='word_1_39' title='bbox 630 413 786 456; x_wconf 80' lang='lat' dir='ltr'>praefatae</span> <span class='ocrx_word' id='word_1_40' title='bbox 810 413 1052 456; x_wconf 77' lang='lat' dir='ltr'>Congregationi</span> <span class='ocrx_word' id='word_1_41' title='bbox 1078 412 1245 456; x_wconf 81' lang='lat' dir='ltr'>privilegia</span> <span class='ocrx_word' id='word_1_42' title='bbox 1269 412 1375 445; x_wconf 90' lang='lat' dir='ltr'>omnia</span> <span class='ocrx_word' id='word_1_43' title='bbox 1406 415 1434 444; x_wconf 88' lang='lat' dir='ltr'>et</span> <span class='ocrx_word' id='word_1_44' title='bbox 1467 409 1679 452; x_wconf 81' lang='lat' dir='ltr'>indulgentiae</span> 
     </span>
     <span class='ocr_line' id='line_1_6' title="bbox 232 464 1269 508; baseline -0.003 -9"><span class='ocrx_word' id='word_1_45' title='bbox 232 466 492 508; x_wconf 80' lang='lat' dir='ltr'>Congregationis</span> <span class='ocrx_word' id='word_1_46' title='bbox 517 465 694 498; x_wconf 79' lang='lat' dir='ltr'>Helveticae</span> <span class='ocrx_word' id='word_1_47' title='bbox 719 466 1002 506; x_wconf 81' lang='lat' dir='ltr'>communicantur,</span> <span class='ocrx_word' id='word_1_48' title='bbox 1023 464 1087 497; x_wconf 85' lang='grc'>919</span> <span class='ocrx_word' id='word_1_49' title='bbox 1113 465 1130 497; x_wconf 85' lang='lat' dir='ltr'>b</span> <span class='ocrx_word' id='word_1_50' title='bbox 1155 470 1185 497; x_wconf 89' lang='lat' dir='ltr'>et</span> <span class='ocrx_word' id='word_1_51' title='bbox 1209 476 1269 507; x_wconf 79' lang='lat' dir='ltr'>seq.</span> 
     </span>
     <span class='ocr_line' id='line_1_7' title="bbox 166 515 1679 561; baseline -0.003 -9"><span class='ocrx_word' id='word_1_52' title='bbox 166 539 209 543; x_wconf 89' lang='lat'>—</span> <span class='ocrx_word' id='word_1_53' title='bbox 233 519 357 552; x_wconf 80' lang='lat' dir='ltr'>Ordinis</span> <span class='ocrx_word' id='word_1_54' title='bbox 381 518 410 551; x_wconf 85' lang='lat' dir='ltr'>S.</span> <span class='ocrx_word' id='word_1_55' title='bbox 428 518 587 551; x_wconf 86' lang='lat' dir='ltr'>Benedicti</span> <span class='ocrx_word' id='word_1_56' title='bbox 605 518 851 551; x_wconf 84' lang='lat' dir='ltr'>Caelestinorum</span> <span class='ocrx_word' id='word_1_57' title='bbox 873 518 1090 560; x_wconf 80' lang='lat' dir='ltr'>Congregatio,</span> <span class='ocrx_word' id='word_1_58' title='bbox 1112 517 1176 550; x_wconf 68' lang='grc'>415</span> <span class='ocrx_word' id='word_1_59' title='bbox 1193 529 1230 556; x_wconf 84' lang='grc' dir='ltr'>α;</span> <span class='ocrx_word' id='word_1_60' title='bbox 1252 518 1392 561; x_wconf 88' lang='lat' dir='ltr'>ipsorum</span> <span class='ocrx_word' id='word_1_61' title='bbox 1415 516 1555 549; x_wconf 86' lang='lat' dir='ltr'>ecclesiis</span> <span class='ocrx_word' id='word_1_62' title='bbox 1579 515 1679 548; x_wconf 91' lang='lat' dir='ltr'>indul-</span> 
     </span>
     <span class='ocr_line' id='line_1_8' title="bbox 233 568 1678 613; baseline -0.003 -10"><span class='ocrx_word' id='word_1_63' title='bbox 233 571 369 613; x_wconf 79' lang='lat' dir='ltr'>gentiam</span> <span class='ocrx_word' id='word_1_64' title='bbox 394 571 566 613; x_wconf 85' lang='lat' dir='ltr'>plenariam</span> <span class='ocrx_word' id='word_1_65' title='bbox 591 575 775 613; x_wconf 85' lang='lat' dir='ltr'>perpetuam</span> <span class='ocrx_word' id='word_1_66' title='bbox 797 571 827 602; x_wconf 92' lang='lat' dir='ltr'>in</span> <span class='ocrx_word' id='word_1_67' title='bbox 848 571 925 603; x_wconf 81' lang='lat' dir='ltr'>festo</span> <span class='ocrx_word' id='word_1_68' title='bbox 943 570 972 603; x_wconf 92' lang='lat' dir='ltr'>S.</span> <span class='ocrx_word' id='word_1_69' title='bbox 991 570 1072 602; x_wconf 89' lang='lat' dir='ltr'>Petri</span> <span class='ocrx_word' id='word_1_70' title='bbox 1090 570 1254 603; x_wconf 81' lang='lat' dir='ltr'>Caelestini</span> <span class='ocrx_word' id='word_1_71' title='bbox 1275 569 1418 602; x_wconf 86' lang='lat' dir='ltr'>concedit</span> <span class='ocrx_word' id='word_1_72' title='bbox 1435 568 1585 607; x_wconf 79' lang='lat' dir='ltr'>Pontifex,</span> <span class='ocrx_word' id='word_1_73' title='bbox 1601 568 1678 600; x_wconf 57' lang='lat' dir='ltr'>ibat.</span> 
     </span>
    </p>

    <p class='ocr_par' dir='ltr' id='par_1_3' title="bbox 168 621 1684 1346">
     <span class='ocr_line' id='line_1_9' title="bbox 168 621 1678 666; baseline -0.002 -11"><span class='ocrx_word' id='word_1_74' title='bbox 168 642 208 647; x_wconf 93' lang='lat'>—</span> <span class='ocrx_word' id='word_1_75' title='bbox 233 622 358 655; x_wconf 83' lang='lat' dir='ltr'>Ordinis</span> <span class='ocrx_word' id='word_1_76' title='bbox 394 622 422 655; x_wconf 87' lang='lat' dir='ltr'>S.</span> <span class='ocrx_word' id='word_1_77' title='bbox 456 622 614 654; x_wconf 84' lang='lat' dir='ltr'>Benedicti</span> <span class='ocrx_word' id='word_1_78' title='bbox 647 621 908 664; x_wconf 77' lang='lat' dir='ltr'>Congregationis</span> <span class='ocrx_word' id='word_1_79' title='bbox 943 622 1134 655; x_wconf 85' lang='lat' dir='ltr'>Cassinensis</span> <span class='ocrx_word' id='word_1_80' title='bbox 1167 623 1339 666; x_wconf 87' lang='lat' dir='ltr'>capitulum</span> <span class='ocrx_word' id='word_1_81' title='bbox 1374 622 1522 664; x_wconf 79' lang='lat' dir='ltr'>generale</span> <span class='ocrx_word' id='word_1_82' title='bbox 1547 621 1678 663; x_wconf 82' lang='lat' dir='ltr'>singulis</span> 
     </span>
     <span class='ocr_line' id='line_1_10' title="bbox 234 674 1679 717; baseline -0.001 -10"><span class='ocrx_word' id='word_1_83' title='bbox 234 676 333 714; x_wconf 88' lang='lat' dir='ltr'>annis,</span> <span class='ocrx_word' id='word_1_84' title='bbox 363 685 398 707; x_wconf 81' lang='lat' dir='ltr'>ex</span> <span class='ocrx_word' id='word_1_85' title='bbox 428 674 702 708; x_wconf 84' lang='lat' dir='ltr'>constitutionibus</span> <span class='ocrx_word' id='word_1_86' title='bbox 730 675 990 717; x_wconf 81' lang='lat' dir='ltr'>Congregationis</span> <span class='ocrx_word' id='word_1_87' title='bbox 1020 675 1172 707; x_wconf 90' lang='lat' dir='ltr'>celebrari</span> <span class='ocrx_word' id='word_1_88' title='bbox 1202 675 1275 707; x_wconf 89' lang='lat' dir='ltr'>olim</span> <span class='ocrx_word' id='word_1_89' title='bbox 1310 674 1526 713; x_wconf 78' lang='lat' dir='ltr'>consuevisse,</span> <span class='ocrx_word' id='word_1_90' title='bbox 1554 679 1679 716; x_wconf 88' lang='lat' dir='ltr'>postea,</span> 
     </span>
     <span class='ocr_line' id='line_1_11' title="bbox 233 726 1678 769; baseline -0.001 -10"><span class='ocrx_word' id='word_1_91' title='bbox 233 739 269 759; x_wconf 81' lang='lat' dir='ltr'>ex</span> <span class='ocrx_word' id='word_1_92' title='bbox 294 727 422 759; x_wconf 86' lang='lat' dir='ltr'>decreto</span> <span class='ocrx_word' id='word_1_93' title='bbox 439 726 578 759; x_wconf 88' lang='lat' dir='ltr'>eiusdem</span> <span class='ocrx_word' id='word_1_94' title='bbox 596 727 752 768; x_wconf 79' lang='lat' dir='ltr'>generalis</span> <span class='ocrx_word' id='word_1_95' title='bbox 781 727 906 769; x_wconf 88' lang='lat' dir='ltr'>capituli</span> <span class='ocrx_word' id='word_1_96' title='bbox 936 737 952 758; x_wconf 90' lang='lat' dir='ltr'>a</span> <span class='ocrx_word' id='word_1_97' title='bbox 981 727 1139 760; x_wconf 88' lang='lat' dir='ltr'>Clemente</span> <span class='ocrx_word' id='word_1_98' title='bbox 1156 727 1181 759; x_wconf 87' lang='lat' dir='ltr'>X</span> <span class='ocrx_word' id='word_1_99' title='bbox 1207 727 1404 766; x_wconf 85' lang='lat' dir='ltr'>confirmato,</span> <span class='ocrx_word' id='word_1_100' title='bbox 1429 727 1528 760; x_wconf 81' lang='lat' dir='ltr'>altero</span> <span class='ocrx_word' id='word_1_101' title='bbox 1553 736 1678 769; x_wconf 87' lang='lat' dir='ltr'>quoque</span> 
     </span>
     <span class='ocr_line' id='line_1_12' title="bbox 233 778 1678 823; baseline -0.001 -11"><span class='ocrx_word' id='word_1_102' title='bbox 233 790 324 819; x_wconf 74' lang='lat' dir='ltr'>anno,</span> <span class='ocrx_word' id='word_1_103' title='bbox 342 780 465 811; x_wconf 85' lang='lat' dir='ltr'>tandem</span> <span class='ocrx_word' id='word_1_104' title='bbox 480 779 618 821; x_wconf 87' lang='lat' dir='ltr'>quolibet</span> <span class='ocrx_word' id='word_1_105' title='bbox 633 779 794 811; x_wconf 82' lang='lat' dir='ltr'>dumtaxat</span> <span class='ocrx_word' id='word_1_106' title='bbox 808 779 942 812; x_wconf 87' lang='lat' dir='ltr'>triennio</span> <span class='ocrx_word' id='word_1_107' title='bbox 956 779 1177 811; x_wconf 87' lang='lat' dir='ltr'>celebrandum</span> <span class='ocrx_word' id='word_1_108' title='bbox 1192 790 1258 812; x_wconf 87' lang='lat' dir='ltr'>esse</span> <span class='ocrx_word' id='word_1_109' title='bbox 1275 780 1431 819; x_wconf 88' lang='lat' dir='ltr'>statuitur,</span> <span class='ocrx_word' id='word_1_110' title='bbox 1448 778 1513 811; x_wconf 75' lang='lat' dir='ltr'>02ss5</span> <span class='ocrx_word' id='word_1_111' title='bbox 1529 791 1546 811; x_wconf 88' lang='grc' dir='ltr'><em>α</em></span> <span class='ocrx_word' id='word_1_112' title='bbox 1564 784 1593 811; x_wconf 87' lang='lat' dir='ltr'>et</span> <span class='ocrx_word' id='word_1_113' title='bbox 1605 790 1678 823; x_wconf 83' lang='lat' dir='ltr'>seq.;</span> 
     </span>
     <span class='ocr_line' id='line_1_13' title="bbox 233 831 1680 874; baseline 0 -10"><span class='ocrx_word' id='word_1_114' title='bbox 233 832 460 864; x_wconf 81' lang='lat' dir='ltr'>declarationes</span> <span class='ocrx_word' id='word_1_115' title='bbox 486 832 652 864; x_wconf 88' lang='lat' dir='ltr'>nonnullas</span> <span class='ocrx_word' id='word_1_116' title='bbox 677 831 714 863; x_wconf 90' lang='lat' dir='ltr'>ad</span> <span class='ocrx_word' id='word_1_117' title='bbox 740 832 881 874; x_wconf 80' lang='lat' dir='ltr'>regulam</span> <span class='ocrx_word' id='word_1_118' title='bbox 907 837 936 863; x_wconf 89' lang='lat' dir='ltr'>et</span> <span class='ocrx_word' id='word_1_119' title='bbox 962 832 1200 864; x_wconf 83' lang='lat' dir='ltr'>constitutiones</span> <span class='ocrx_word' id='word_1_120' title='bbox 1225 842 1283 874; x_wconf 91' lang='lat' dir='ltr'>pro</span> <span class='ocrx_word' id='word_1_121' title='bbox 1316 832 1397 864; x_wconf 81' lang='lat' dir='ltr'>felici</span> <span class='ocrx_word' id='word_1_122' title='bbox 1430 832 1568 864; x_wconf 84' lang='lat' dir='ltr'>ciusdem</span> <span class='ocrx_word' id='word_1_123' title='bbox 1600 832 1680 864; x_wconf 90' lang='lat' dir='ltr'>Con-</span> 
     </span>
     <span class='ocr_line' id='line_1_14' title="bbox 233 883 1680 926; baseline 0.001 -10"><span class='ocrx_word' id='word_1_124' title='bbox 233 884 425 926; x_wconf 78' lang='lat' dir='ltr'>gregationis</span> <span class='ocrx_word' id='word_1_125' title='bbox 450 883 604 925; x_wconf 77' lang='lat' dir='ltr'>gubernio</span> <span class='ocrx_word' id='word_1_126' title='bbox 629 883 793 916; x_wconf 73' lang='lat' dir='ltr'>confirmat</span> <span class='ocrx_word' id='word_1_127' title='bbox 820 884 969 923; x_wconf 78' lang='lat' dir='ltr'>Pontifex,</span> <span class='ocrx_word' id='word_1_128' title='bbox 986 884 1050 916; x_wconf 57' lang='lat'>0275</span> <span class='ocrx_word' id='word_1_129' title='bbox 1075 884 1091 915; x_wconf 84' lang='lat' dir='ltr'>b</span> <span class='ocrx_word' id='word_1_130' title='bbox 1115 890 1145 916; x_wconf 91' lang='lat' dir='ltr'>et</span> <span class='ocrx_word' id='word_1_131' title='bbox 1169 895 1248 926; x_wconf 81' lang='lat' dir='ltr'>seq.;</span> <span class='ocrx_word' id='word_1_132' title='bbox 1276 884 1422 926; x_wconf 84' lang='lat' dir='ltr'>praelatis</span> <span class='ocrx_word' id='word_1_133' title='bbox 1442 884 1598 926; x_wconf 83' lang='lat' dir='ltr'>omnibus,</span> <span class='ocrx_word' id='word_1_134' title='bbox 1622 895 1680 926; x_wconf 88' lang='lat' dir='ltr'>pro</span> 
     </span>
     <span class='ocr_line' id='line_1_15' title="bbox 233 936 1680 979; baseline -0.001 -11"><span class='ocrx_word' id='word_1_135' title='bbox 233 938 295 968; x_wconf 79' lang='lat' dir='ltr'>una</span> <span class='ocrx_word' id='word_1_136' title='bbox 320 940 438 968; x_wconf 86' lang='lat' dir='ltr'>tantum</span> <span class='ocrx_word' id='word_1_137' title='bbox 463 936 546 971; x_wconf 83' lang='lat' dir='ltr'>vice.</span> <span class='ocrx_word' id='word_1_138' title='bbox 572 936 611 969; x_wconf 92' lang='lat' dir='ltr'>ob</span> <span class='ocrx_word' id='word_1_139' title='bbox 636 937 836 968; x_wconf 88' lang='lat' dir='ltr'>immutatum</span> <span class='ocrx_word' id='word_1_140' title='bbox 867 937 993 979; x_wconf 89' lang='lat' dir='ltr'>capituli</span> <span class='ocrx_word' id='word_1_141' title='bbox 1025 940 1167 979; x_wconf 85' lang='lat' dir='ltr'>tempus,</span> <span class='ocrx_word' id='word_1_142' title='bbox 1192 936 1493 968; x_wconf 86' lang='lat' dir='ltr'>administrationem</span> <span class='ocrx_word' id='word_1_143' title='bbox 1526 936 1680 975; x_wconf 86' lang='lat' dir='ltr'>extendit,</span> 
     </span>
     <span class='ocr_line' id='line_1_16' title="bbox 233 984 1681 1032; baseline 0 -12"><span class='ocrx_word' id='word_1_144' title='bbox 233 987 296 1020; x_wconf 78' lang='lat'>385</span> <span class='ocrx_word' id='word_1_145' title='bbox 320 999 357 1027; x_wconf 81' lang='lat' dir='ltr'>a;</span> <span class='ocrx_word' id='word_1_146' title='bbox 382 984 519 1020; x_wconf 82' lang='lat' dir='ltr'>officium</span> <span class='ocrx_word' id='word_1_147' title='bbox 545 989 760 1031; x_wconf 83' lang='lat' dir='ltr'>procuratoris</span> <span class='ocrx_word' id='word_1_148' title='bbox 785 989 940 1031; x_wconf 75' lang='lat' dir='ltr'>generalis</span> <span class='ocrx_word' id='word_1_149' title='bbox 961 989 1220 1031; x_wconf 77' lang='lat' dir='ltr'>Congregationis</span> <span class='ocrx_word' id='word_1_150' title='bbox 1238 988 1429 1031; x_wconf 83' lang='lat' dir='ltr'>praedictae,</span> <span class='ocrx_word' id='word_1_151' title='bbox 1448 989 1472 1020; x_wconf 87' lang='lat' dir='ltr'>si</span> <span class='ocrx_word' id='word_1_152' title='bbox 1494 989 1681 1032; x_wconf 75' lang='lat' dir='ltr'>quandoque</span> 
     </span>
     <span class='ocr_line' id='line_1_17' title="bbox 233 1041 1682 1084; baseline 0 -11"><span class='ocrx_word' id='word_1_153' title='bbox 233 1047 320 1074; x_wconf 82' lang='lat' dir='ltr'>extra</span> <span class='ocrx_word' id='word_1_154' title='bbox 343 1047 465 1084; x_wconf 90' lang='lat' dir='ltr'>tempus</span> <span class='ocrx_word' id='word_1_155' title='bbox 490 1042 616 1084; x_wconf 89' lang='lat' dir='ltr'>capituli</span> <span class='ocrx_word' id='word_1_156' title='bbox 636 1042 791 1084; x_wconf 79' lang='lat' dir='ltr'>generalis</span> <span class='ocrx_word' id='word_1_157' title='bbox 816 1047 950 1080; x_wconf 76' lang='lat' dir='ltr'>vacaret,</span> <span class='ocrx_word' id='word_1_158' title='bbox 975 1041 1078 1073; x_wconf 84' lang='lat' dir='ltr'>abbati</span> <span class='ocrx_word' id='word_1_159' title='bbox 1101 1041 1129 1074; x_wconf 91' lang='lat' dir='ltr'>S.</span> <span class='ocrx_word' id='word_1_160' title='bbox 1151 1041 1236 1072; x_wconf 88' lang='lat' dir='ltr'>Pauli</span> <span class='ocrx_word' id='word_1_161' title='bbox 1255 1046 1341 1073; x_wconf 82' lang='lat' dir='ltr'>extra</span> <span class='ocrx_word' id='word_1_162' title='bbox 1363 1042 1477 1073; x_wconf 87' lang='lat' dir='ltr'>Urbem</span> <span class='ocrx_word' id='word_1_163' title='bbox 1503 1041 1682 1081; x_wconf 79' lang='lat' dir='ltr'>committit,</span> 
     </span>
     <span class='ocr_line' id='line_1_18' title="bbox 232 1093 1682 1136; baseline 0.001 -11"><span class='ocrx_word' id='word_1_164' title='bbox 232 1093 296 1126; x_wconf 77' lang='lat'>385</span> <span class='ocrx_word' id='word_1_165' title='bbox 320 1094 353 1129; x_wconf 80' lang='lat' dir='ltr'>b;</span> <span class='ocrx_word' id='word_1_166' title='bbox 379 1094 540 1126; x_wconf 88' lang='lat' dir='ltr'>monachis</span> <span class='ocrx_word' id='word_1_167' title='bbox 565 1094 704 1126; x_wconf 86' lang='lat' dir='ltr'>ciusdem</span> <span class='ocrx_word' id='word_1_168' title='bbox 729 1093 988 1136; x_wconf 76' lang='lat' dir='ltr'>Congregationis</span> <span class='ocrx_word' id='word_1_169' title='bbox 1012 1094 1203 1126; x_wconf 87' lang='lat' dir='ltr'>Cassinensis</span> <span class='ocrx_word' id='word_1_170' title='bbox 1232 1093 1394 1126; x_wconf 83' lang='lat' dir='ltr'>decretum</span> <span class='ocrx_word' id='word_1_171' title='bbox 1423 1094 1682 1136; x_wconf 77' lang='lat' dir='ltr'>Congregationis</span> 
     </span>
     <span class='ocr_line' id='line_1_19' title="bbox 233 1143 1683 1189; baseline 0.001 -12"><span class='ocrx_word' id='word_1_172' title='bbox 233 1146 452 1189; x_wconf 87' lang='lat' dir='ltr'>episcoporum</span> <span class='ocrx_word' id='word_1_173' title='bbox 478 1153 507 1178; x_wconf 91' lang='lat' dir='ltr'>et</span> <span class='ocrx_word' id='word_1_174' title='bbox 526 1147 719 1188; x_wconf 76' lang='lat' dir='ltr'>regularium</span> <span class='ocrx_word' id='word_1_175' title='bbox 749 1156 843 1188; x_wconf 88' lang='lat' dir='ltr'>super</span> <span class='ocrx_word' id='word_1_176' title='bbox 867 1143 1060 1178; x_wconf 87' lang='lat' dir='ltr'>subiectione</span> <span class='ocrx_word' id='word_1_177' title='bbox 1088 1146 1271 1187; x_wconf 80' lang='lat' dir='ltr'>collegiatae</span> <span class='ocrx_word' id='word_1_178' title='bbox 1300 1146 1329 1178; x_wconf 88' lang='lat' dir='ltr'>S.</span> <span class='ocrx_word' id='word_1_179' title='bbox 1359 1145 1505 1178; x_wconf 87' lang='lat' dir='ltr'>Germani</span> <span class='ocrx_word' id='word_1_180' title='bbox 1533 1146 1683 1178; x_wconf 86' lang='lat' dir='ltr'>ecclesiae</span> 
     </span>
     <span class='ocr_line' id='line_1_20' title="bbox 232 1197 1684 1241; baseline 0 -11"><span class='ocrx_word' id='word_1_181' title='bbox 232 1199 377 1230; x_wconf 85' lang='lat' dir='ltr'>abbatiali</span> <span class='ocrx_word' id='word_1_182' title='bbox 404 1199 514 1231; x_wconf 82' lang='lat' dir='ltr'>Montis</span> <span class='ocrx_word' id='word_1_183' title='bbox 534 1199 663 1235; x_wconf 85' lang='lat' dir='ltr'>Cassini‚</span> <span class='ocrx_word' id='word_1_184' title='bbox 688 1198 905 1234; x_wconf 78' lang='lat' dir='ltr'>confirmatur,</span> <span class='ocrx_word' id='word_1_185' title='bbox 927 1197 989 1229; x_wconf 65' lang='lat'>7⁶28</span> <span class='ocrx_word' id='word_1_186' title='bbox 1015 1199 1031 1229; x_wconf 83' lang='lat' dir='ltr'>b</span> <span class='ocrx_word' id='word_1_187' title='bbox 1052 1203 1082 1230; x_wconf 89' lang='lat' dir='ltr'>ct</span> <span class='ocrx_word' id='word_1_188' title='bbox 1106 1208 1180 1241; x_wconf 77' lang='lat' dir='ltr'>seq.;</span> <span class='ocrx_word' id='word_1_189' title='bbox 1206 1209 1264 1240; x_wconf 89' lang='lat' dir='ltr'>pro</span> <span class='ocrx_word' id='word_1_190' title='bbox 1289 1198 1406 1230; x_wconf 86' lang='lat' dir='ltr'>eisdem</span> <span class='ocrx_word' id='word_1_191' title='bbox 1432 1199 1599 1240; x_wconf 79' lang='lat' dir='ltr'>collegium</span> <span class='ocrx_word' id='word_1_192' title='bbox 1622 1204 1684 1230; x_wconf 91' lang='lat' dir='ltr'>stu-</span> 
     </span>
     <span class='ocr_line' id='line_1_21' title="bbox 233 1250 1683 1294; baseline 0.001 -12"><span class='ocrx_word' id='word_1_193' title='bbox 233 1250 357 1283; x_wconf 89' lang='lat' dir='ltr'>diorum</span> <span class='ocrx_word' id='word_1_194' title='bbox 384 1251 414 1282; x_wconf 89' lang='lat' dir='ltr'>in</span> <span class='ocrx_word' id='word_1_195' title='bbox 439 1251 630 1283; x_wconf 88' lang='lat' dir='ltr'>monasterio</span> <span class='ocrx_word' id='word_1_196' title='bbox 654 1251 683 1283; x_wconf 89' lang='lat' dir='ltr'>S.</span> <span class='ocrx_word' id='word_1_197' title='bbox 709 1251 795 1282; x_wconf 84' lang='lat' dir='ltr'>Pauli</span> <span class='ocrx_word' id='word_1_198' title='bbox 819 1256 906 1282; x_wconf 76' lang='lat' dir='ltr'>extra</span> <span class='ocrx_word' id='word_1_199' title='bbox 932 1251 1055 1282; x_wconf 88' lang='lat' dir='ltr'>moenia</span> <span class='ocrx_word' id='word_1_200' title='bbox 1079 1251 1187 1289; x_wconf 84' lang='lat' dir='ltr'>Urbis,</span> <span class='ocrx_word' id='word_1_201' title='bbox 1213 1250 1346 1283; x_wconf 88' lang='lat' dir='ltr'>conditis</span> <span class='ocrx_word' id='word_1_202' title='bbox 1371 1262 1431 1294; x_wconf 90' lang='lat' dir='ltr'>pro</span> <span class='ocrx_word' id='word_1_203' title='bbox 1460 1262 1496 1284; x_wconf 87' lang='lat' dir='ltr'>eo</span> <span class='ocrx_word' id='word_1_204' title='bbox 1524 1252 1683 1284; x_wconf 91' lang='lat' dir='ltr'>nonnullis</span> 
     </span>
     <span class='ocr_line' id='line_1_22' title="bbox 233 1302 1194 1346; baseline 0.001 -12"><span class='ocrx_word' id='word_1_205' title='bbox 233 1303 373 1345; x_wconf 76' lang='lat' dir='ltr'>legibus,</span> <span class='ocrx_word' id='word_1_206' title='bbox 407 1304 629 1346; x_wconf 89' lang='lat' dir='ltr'>motuproprio</span> <span class='ocrx_word' id='word_1_207' title='bbox 654 1304 752 1335; x_wconf 81' lang='lat' dir='ltr'>erexit</span> <span class='ocrx_word' id='word_1_208' title='bbox 777 1303 925 1341; x_wconf 79' lang='lat' dir='ltr'>Pontifex,</span> <span class='ocrx_word' id='word_1_209' title='bbox 952 1302 1014 1335; x_wconf 74' lang='lat'>7:30</span> <span class='ocrx_word' id='word_1_210' title='bbox 1038 1314 1058 1335; x_wconf 82' lang='grc' dir='ltr'><em>α</em></span> <span class='ocrx_word' id='word_1_211' title='bbox 1081 1309 1111 1335; x_wconf 85' lang='lat' dir='ltr'>et</span> <span class='ocrx_word' id='word_1_212' title='bbox 1134 1314 1194 1346; x_wconf 72' lang='lat' dir='ltr'>seq.</span> 
     </span>
    </p>

    <p class='ocr_par' dir='ltr' id='par_1_4' title="bbox 169 1355 1683 1452">
     <span class='ocr_line' id='line_1_23' title="bbox 169 1355 1683 1399; baseline 0.001 -11"><span class='ocrx_word' id='word_1_213' title='bbox 169 1374 210 1379; x_wconf 92' lang='lat'>—</span> <span class='ocrx_word' id='word_1_214' title='bbox 234 1356 361 1388; x_wconf 87' lang='lat' dir='ltr'>Ordinis</span> <span class='ocrx_word' id='word_1_215' title='bbox 393 1356 422 1389; x_wconf 90' lang='lat' dir='ltr'>S.</span> <span class='ocrx_word' id='word_1_216' title='bbox 455 1356 611 1388; x_wconf 88' lang='lat' dir='ltr'>Benedicti</span> <span class='ocrx_word' id='word_1_217' title='bbox 642 1355 903 1397; x_wconf 77' lang='lat' dir='ltr'>Congrcgationis</span> <span class='ocrx_word' id='word_1_218' title='bbox 934 1355 1156 1398; x_wconf 84' lang='lat' dir='ltr'>Hispaniarum</span> <span class='ocrx_word' id='word_1_219' title='bbox 1190 1355 1430 1388; x_wconf 71' lang='lat' dir='ltr'>constitutiones</span> <span class='ocrx_word' id='word_1_220' title='bbox 1463 1357 1613 1399; x_wconf 88' lang='lat' dir='ltr'>quasdam</span> <span class='ocrx_word' id='word_1_221' title='bbox 1647 1368 1683 1389; x_wconf 87' lang='lat' dir='ltr'>cx</span> 
     </span>
     <span class='ocr_line' id='line_1_24' title="bbox 235 1407 1532 1452; baseline 0.001 -13"><span class='ocrx_word' id='word_1_222' title='bbox 235 1408 369 1450; x_wconf 84' lang='lat' dir='ltr'>antiquis</span> <span class='ocrx_word' id='word_1_223' title='bbox 394 1409 584 1447; x_wconf 81' lang='lat' dir='ltr'>immutatas,</span> <span class='ocrx_word' id='word_1_224' title='bbox 609 1408 750 1450; x_wconf 84' lang='lat' dir='ltr'>aliasque</span> <span class='ocrx_word' id='word_1_225' title='bbox 767 1407 805 1439; x_wconf 90' lang='lat' dir='ltr'>de</span> <span class='ocrx_word' id='word_1_226' title='bbox 830 1417 912 1440; x_wconf 86' lang='lat' dir='ltr'>novo</span> <span class='ocrx_word' id='word_1_227' title='bbox 933 1408 1100 1445; x_wconf 87' lang='lat' dir='ltr'>confectas,</span> <span class='ocrx_word' id='word_1_228' title='bbox 1126 1413 1285 1447; x_wconf 80' lang='lat' dir='ltr'>recenset,</span> <span class='ocrx_word' id='word_1_229' title='bbox 1309 1407 1351 1439; x_wconf 80' lang='lat'>38</span> <span class='ocrx_word' id='word_1_230' title='bbox 1376 1409 1393 1439; x_wconf 83' lang='lat' dir='ltr'>b</span> <span class='ocrx_word' id='word_1_231' title='bbox 1418 1413 1447 1442; x_wconf 88' lang='lat' dir='ltr'>et</span> <span class='ocrx_word' id='word_1_232' title='bbox 1472 1420 1532 1452; x_wconf 76' lang='lat' dir='ltr'>seq.</span> 
     </span>
    </p>

    <p class='ocr_par' dir='ltr' id='par_1_5' title="bbox 167 1459 1682 1557">
     <span class='ocr_line' id='line_1_25' title="bbox 167 1459 1682 1502; baseline 0.002 -11"><span class='ocrx_word' id='word_1_233' title='bbox 167 1478 211 1484; x_wconf 86' lang='lat'><em>—</em></span> <span class='ocrx_word' id='word_1_234' title='bbox 234 1459 358 1492; x_wconf 86' lang='lat' dir='ltr'>Ordinis</span> <span class='ocrx_word' id='word_1_235' title='bbox 390 1461 418 1491; x_wconf 81' lang='lat' dir='ltr'>S.</span> <span class='ocrx_word' id='word_1_236' title='bbox 452 1460 609 1492; x_wconf 88' lang='lat' dir='ltr'>Benedicti</span> <span class='ocrx_word' id='word_1_237' title='bbox 641 1460 902 1502; x_wconf 72' lang='lat' dir='ltr'>Congregationis</span> <span class='ocrx_word' id='word_1_238' title='bbox 927 1460 1184 1493; x_wconf 85' lang='lat' dir='ltr'>Silvestrinorum</span> <span class='ocrx_word' id='word_1_239' title='bbox 1215 1460 1454 1493; x_wconf 84' lang='lat' dir='ltr'>constitutiones</span> <span class='ocrx_word' id='word_1_240' title='bbox 1484 1467 1514 1493; x_wconf 90' lang='lat' dir='ltr'>et</span> <span class='ocrx_word' id='word_1_241' title='bbox 1543 1462 1682 1494; x_wconf 82' lang='lat' dir='ltr'>declara-</span> 
     </span>
     <span class='ocr_line' id='line_1_26' title="bbox 235 1512 1339 1557; baseline 0.001 -13"><span class='ocrx_word' id='word_1_242' title='bbox 235 1512 334 1544; x_wconf 88' lang='lat' dir='ltr'>tiones</span> <span class='ocrx_word' id='word_1_243' title='bbox 359 1513 524 1545; x_wconf 88' lang='lat' dir='ltr'>nonnullas</span> <span class='ocrx_word' id='word_1_244' title='bbox 549 1513 655 1549; x_wconf 77' lang='lat' dir='ltr'>refert,</span> <span class='ocrx_word' id='word_1_245' title='bbox 681 1512 744 1545; x_wconf 67' lang='lat'>436</span> <span class='ocrx_word' id='word_1_246' title='bbox 769 1513 786 1542; x_wconf 74' lang='lat' dir='ltr'><em>h</em></span> <span class='ocrx_word' id='word_1_247' title='bbox 810 1519 840 1545; x_wconf 84' lang='lat' dir='ltr'>et</span> <span class='ocrx_word' id='word_1_248' title='bbox 865 1524 941 1557; x_wconf 77' lang='lat' dir='ltr'>seq.;</span> <span class='ocrx_word' id='word_1_249' title='bbox 968 1519 997 1545; x_wconf 89' lang='lat' dir='ltr'>et.</span> <span class='ocrx_word' id='word_1_250' title='bbox 1022 1513 1198 1551; x_wconf 84' lang='lat' dir='ltr'>confirmat,</span> <span class='ocrx_word' id='word_1_251' title='bbox 1224 1512 1288 1545; x_wconf 74' lang='lat'>439</span> <span class='ocrx_word' id='word_1_252' title='bbox 1314 1512 1339 1545; x_wconf 85' lang='lat' dir='ltr'>b.</span> 
     </span>
    </p>

    <p class='ocr_par' dir='ltr' id='par_1_6' title="bbox 169 1564 1683 1663">
     <span class='ocr_line' id='line_1_27' title="bbox 169 1564 1683 1609; baseline 0.002 -12"><span class='ocrx_word' id='word_1_253' title='bbox 169 1583 210 1588; x_wconf 91' lang='lat'>—-</span> <span class='ocrx_word' id='word_1_254' title='bbox 234 1564 358 1597; x_wconf 88' lang='lat' dir='ltr'>Ordinis</span> <span class='ocrx_word' id='word_1_255' title='bbox 383 1564 412 1597; x_wconf 80' lang='lat' dir='ltr'>S.</span> <span class='ocrx_word' id='word_1_256' title='bbox 438 1565 596 1597; x_wconf 77' lang='lat' dir='ltr'>Benedicti</span> <span class='ocrx_word' id='word_1_257' title='bbox 629 1565 872 1607; x_wconf 68' lang='lat' dir='ltr'>Congregationi</span> <span class='ocrx_word' id='word_1_258' title='bbox 901 1566 1050 1598; x_wconf 73' lang='lat' dir='ltr'>Suevicae</span> <span class='ocrx_word' id='word_1_259' title='bbox 1082 1566 1248 1608; x_wconf 77' lang='lat' dir='ltr'>privilegia</span> <span class='ocrx_word' id='word_1_260' title='bbox 1281 1566 1387 1598; x_wconf 89' lang='lat' dir='ltr'>omnia</span> <span class='ocrx_word' id='word_1_261' title='bbox 1418 1567 1593 1609; x_wconf 86' lang='lat' dir='ltr'>spiritualia</span> <span class='ocrx_word' id='word_1_262' title='bbox 1619 1574 1683 1600; x_wconf 88' lang='lat' dir='ltr'>tan-</span> 
     </span>
     <span class='ocr_line' id='line_1_28' title="bbox 237 1618 1505 1663; baseline 0.003 -15"><span class='ocrx_word' id='word_1_263' title='bbox 237 1622 301 1648; x_wconf 92' lang='lat' dir='ltr'>tum</span> <span class='ocrx_word' id='word_1_264' title='bbox 329 1618 555 1650; x_wconf 83' lang='lat' dir='ltr'>monachorum</span> <span class='ocrx_word' id='word_1_265' title='bbox 582 1623 758 1650; x_wconf 77' lang='lat' dir='ltr'>ceterarum</span> <span class='ocrx_word' id='word_1_266' title='bbox 783 1618 1070 1660; x_wconf 71' lang='lat' dir='ltr'>Congrcgationum</span> <span class='ocrx_word' id='word_1_267' title='bbox 1096 1618 1234 1657; x_wconf 87' lang='lat' dir='ltr'>indulsit,</span> <span class='ocrx_word' id='word_1_268' title='bbox 1261 1618 1324 1651; x_wconf 84' lang='grc'>506</span> <span class='ocrx_word' id='word_1_269' title='bbox 1349 1619 1365 1649; x_wconf 78' lang='lat' dir='ltr'>b</span> <span class='ocrx_word' id='word_1_270' title='bbox 1390 1624 1420 1651; x_wconf 89' lang='lat' dir='ltr'>et</span> <span class='ocrx_word' id='word_1_271' title='bbox 1443 1630 1505 1663; x_wconf 80' lang='lat' dir='ltr'>seq.</span> 
     </span>
    </p>

    <p class='ocr_par' dir='ltr' id='par_1_7' title="bbox 148 1670 1686 2239">
     <span class='ocr_line' id='line_1_29' title="bbox 148 1670 1684 1715; baseline 0.003 -13"><span class='ocrx_word' id='word_1_272' title='bbox 148 1670 305 1703; x_wconf 83' lang='lat' dir='ltr'>Monachis</span> <span class='ocrx_word' id='word_1_273' title='bbox 326 1670 448 1702; x_wconf 86' lang='lat' dir='ltr'>Ordinis</span> <span class='ocrx_word' id='word_1_274' title='bbox 469 1670 697 1703; x_wconf 85' lang='lat' dir='ltr'>Carthusicnsis</span> <span class='ocrx_word' id='word_1_275' title='bbox 722 1671 883 1702; x_wconf 86' lang='lat' dir='ltr'>decretum</span> <span class='ocrx_word' id='word_1_276' title='bbox 902 1671 1027 1713; x_wconf 86' lang='lat' dir='ltr'>capituli</span> <span class='ocrx_word' id='word_1_277' title='bbox 1046 1671 1210 1713; x_wconf 73' lang='lat' dir='ltr'>generalis,</span> <span class='ocrx_word' id='word_1_278' title='bbox 1228 1671 1312 1713; x_wconf 88' lang='lat' dir='ltr'>quod</span> <span class='ocrx_word' id='word_1_279' title='bbox 1331 1681 1424 1704; x_wconf 92' lang='lat' dir='ltr'>nemo</span> <span class='ocrx_word' id='word_1_280' title='bbox 1445 1673 1476 1703; x_wconf 91' lang='lat' dir='ltr'>in</span> <span class='ocrx_word' id='word_1_281' title='bbox 1496 1673 1684 1715; x_wconf 87' lang='lat' dir='ltr'>quibusdam</span> 
     </span>
     <span class='ocr_line' id='line_1_30' title="bbox 237 1723 1685 1768; baseline 0.003 -14"><span class='ocrx_word' id='word_1_282' title='bbox 237 1723 358 1754; x_wconf 82' lang='lat' dir='ltr'>casibus</span> <span class='ocrx_word' id='word_1_283' title='bbox 376 1729 515 1755; x_wconf 86' lang='lat' dir='ltr'>uteretur</span> <span class='ocrx_word' id='word_1_284' title='bbox 533 1723 704 1766; x_wconf 78' lang='lat' dir='ltr'>privilegiis</span> <span class='ocrx_word' id='word_1_285' title='bbox 722 1723 855 1755; x_wconf 87' lang='lat' dir='ltr'>aliorum</span> <span class='ocrx_word' id='word_1_286' title='bbox 873 1724 1067 1766; x_wconf 80' lang='lat' dir='ltr'>regularium</span> <span class='ocrx_word' id='word_1_287' title='bbox 1084 1724 1151 1756; x_wconf 88' lang='lat' dir='ltr'>sine</span> <span class='ocrx_word' id='word_1_288' title='bbox 1168 1733 1321 1756; x_wconf 85' lang='lat' dir='ltr'>consensu</span> <span class='ocrx_word' id='word_1_289' title='bbox 1339 1724 1502 1757; x_wconf 90' lang='lat' dir='ltr'>reverendi</span> <span class='ocrx_word' id='word_1_290' title='bbox 1520 1726 1616 1768; x_wconf 88' lang='lat' dir='ltr'>patris</span> <span class='ocrx_word' id='word_1_291' title='bbox 1632 1732 1685 1759; x_wconf 86' lang='lat' dir='ltr'>aut</span> 
     </span>
     <span class='ocr_line' id='line_1_31' title="bbox 237 1775 1684 1819; baseline 0.003 -12"><span class='ocrx_word' id='word_1_292' title='bbox 237 1775 362 1818; x_wconf 84' lang='lat' dir='ltr'>capituli</span> <span class='ocrx_word' id='word_1_293' title='bbox 389 1776 553 1817; x_wconf 74' lang='lat' dir='ltr'>generatis,</span> <span class='ocrx_word' id='word_1_294' title='bbox 580 1776 793 1816; x_wconf 77' lang='lat' dir='ltr'>confirmatur,</span> <span class='ocrx_word' id='word_1_295' title='bbox 813 1775 876 1808; x_wconf 67' lang='lat'>426</span> <span class='ocrx_word' id='word_1_296' title='bbox 901 1788 921 1809; x_wconf 77' lang='grc' dir='ltr'><em>α</em></span> <span class='ocrx_word' id='word_1_297' title='bbox 946 1781 976 1808; x_wconf 92' lang='lat' dir='ltr'>et</span> <span class='ocrx_word' id='word_1_298' title='bbox 1000 1777 1036 1815; x_wconf 75' lang='lat' dir='ltr'>b,</span> <span class='ocrx_word' id='word_1_299' title='bbox 1062 1776 1136 1808; x_wconf 91' lang='lat' dir='ltr'>item</span> <span class='ocrx_word' id='word_1_300' title='bbox 1161 1776 1322 1809; x_wconf 88' lang='lat' dir='ltr'>decretum</span> <span class='ocrx_word' id='word_1_301' title='bbox 1348 1777 1606 1819; x_wconf 82' lang='lat' dir='ltr'>Congregationis</span> <span class='ocrx_word' id='word_1_302' title='bbox 1630 1780 1684 1812; x_wconf 90' lang='lat' dir='ltr'>Ri-</span> 
     </span>
     <span class='ocr_line' id='line_1_32' title="bbox 236 1828 1684 1873; baseline 0.003 -14"><span class='ocrx_word' id='word_1_303' title='bbox 236 1833 341 1867; x_wconf 90' lang='lat' dir='ltr'>tuum‚</span> <span class='ocrx_word' id='word_1_304' title='bbox 366 1838 428 1871; x_wconf 92' lang='lat' dir='ltr'>quo</span> <span class='ocrx_word' id='word_1_305' title='bbox 453 1828 622 1861; x_wconf 84' lang='lat' dir='ltr'>declaravit</span> <span class='ocrx_word' id='word_1_306' title='bbox 652 1829 746 1861; x_wconf 85' lang='lat' dir='ltr'>licere</span> <span class='ocrx_word' id='word_1_307' title='bbox 766 1829 908 1871; x_wconf 85' lang='lat' dir='ltr'>patribus</span> <span class='ocrx_word' id='word_1_308' title='bbox 933 1829 1115 1862; x_wconf 86' lang='lat' dir='ltr'>Carthusiae.</span> <span class='ocrx_word' id='word_1_309' title='bbox 1135 1829 1295 1872; x_wconf 78' lang='lat' dir='ltr'>Papiensis</span> <span class='ocrx_word' id='word_1_310' title='bbox 1323 1830 1424 1862; x_wconf 78' lang='lat' dir='ltr'>facere</span> <span class='ocrx_word' id='word_1_311' title='bbox 1449 1831 1684 1873; x_wconf 89' lang='lat' dir='ltr'>processionem</span> 
     </span>
     <span class='ocr_line' id='line_1_33' title="bbox 238 1880 1684 1927; baseline 0.003 -15"><span class='ocrx_word' id='word_1_312' title='bbox 238 1880 268 1912; x_wconf 88' lang='lat' dir='ltr'>in</span> <span class='ocrx_word' id='word_1_313' title='bbox 293 1881 457 1913; x_wconf 73' lang='lat' dir='ltr'>festivitate</span> <span class='ocrx_word' id='word_1_314' title='bbox 482 1881 629 1924; x_wconf 81' lang='lat' dir='ltr'>Corporis</span> <span class='ocrx_word' id='word_1_315' title='bbox 655 1881 768 1913; x_wconf 82' lang='lat' dir='ltr'>Christi</span> <span class='ocrx_word' id='word_1_316' title='bbox 793 1881 908 1924; x_wconf 90' lang='lat' dir='ltr'>apertis</span> <span class='ocrx_word' id='word_1_317' title='bbox 935 1881 1035 1914; x_wconf 91' lang='lat' dir='ltr'>ianuis</span> <span class='ocrx_word' id='word_1_318' title='bbox 1060 1883 1140 1913; x_wconf 88' lang='lat' dir='ltr'>intra</span> <span class='ocrx_word' id='word_1_319' title='bbox 1165 1882 1317 1921; x_wconf 85' lang='lat' dir='ltr'>claustra,</span> <span class='ocrx_word' id='word_1_320' title='bbox 1342 1882 1407 1915; x_wconf 70' lang='lat'>4⁶29</span> <span class='ocrx_word' id='word_1_321' title='bbox 1433 1884 1468 1922; x_wconf 68' lang='lat'>113</span> <span class='ocrx_word' id='word_1_322' title='bbox 1504 1884 1603 1926; x_wconf 90' lang='lat' dir='ltr'>priori</span> <span class='ocrx_word' id='word_1_323' title='bbox 1631 1895 1684 1927; x_wconf 79' lang='lat' dir='ltr'>ge-</span> 
     </span>
     <span class='ocr_line' id='line_1_34' title="bbox 238 1933 1683 1976; baseline 0.003 -11"><span class='ocrx_word' id='word_1_324' title='bbox 238 1933 335 1965; x_wconf 86' lang='lat' dir='ltr'>nerali</span> <span class='ocrx_word' id='word_1_325' title='bbox 363 1934 514 1976; x_wconf 86' lang='lat' dir='ltr'>praedicti</span> <span class='ocrx_word' id='word_1_326' title='bbox 539 1934 663 1966; x_wconf 83' lang='lat' dir='ltr'>Ordinis</span> <span class='ocrx_word' id='word_1_327' title='bbox 684 1934 812 1966; x_wconf 79' lang='lat' dir='ltr'>facultas</span> <span class='ocrx_word' id='word_1_328' title='bbox 827 1934 1009 1967; x_wconf 87' lang='lat' dir='ltr'>conceditur</span> <span class='ocrx_word' id='word_1_329' title='bbox 1027 1934 1207 1967; x_wconf 82' lang='lat' dir='ltr'>absolvendi</span> <span class='ocrx_word' id='word_1_330' title='bbox 1231 1935 1262 1966; x_wconf 90' lang='lat' dir='ltr'>in</span> <span class='ocrx_word' id='word_1_331' title='bbox 1287 1935 1355 1967; x_wconf 87' lang='lat' dir='ltr'>foro</span> <span class='ocrx_word' id='word_1_332' title='bbox 1380 1936 1589 1969; x_wconf 88' lang='lat' dir='ltr'>conscientiae</span> <span class='ocrx_word' id='word_1_333' title='bbox 1610 1948 1683 1970; x_wconf 90' lang='lat' dir='ltr'>suos</span> 
     </span>
     <span class='ocr_line' id='line_1_35' title="bbox 238 1986 1684 2030; baseline 0.003 -13"><span class='ocrx_word' id='word_1_334' title='bbox 238 1986 408 2018; x_wconf 84' lang='lat' dir='ltr'>monachos</span> <span class='ocrx_word' id='word_1_335' title='bbox 430 1997 446 2018; x_wconf 91' lang='lat' dir='ltr'>a</span> <span class='ocrx_word' id='word_1_336' title='bbox 471 1987 594 2019; x_wconf 84' lang='lat' dir='ltr'>casibus</span> <span class='ocrx_word' id='word_1_337' title='bbox 614 1987 777 2020; x_wconf 87' lang='lat' dir='ltr'>reservatis</span> <span class='ocrx_word' id='word_1_338' title='bbox 796 1988 825 2018; x_wconf 90' lang='lat' dir='ltr'>in</span> <span class='ocrx_word' id='word_1_339' title='bbox 846 1987 933 2019; x_wconf 74' lang='lat' dir='ltr'>Bulla</span> <span class='ocrx_word' id='word_1_340' title='bbox 952 1987 1073 2019; x_wconf 79' lang='lat' dir='ltr'>Coenac</span> <span class='ocrx_word' id='word_1_341' title='bbox 1099 1987 1233 2019; x_wconf 70' lang='lat' dir='ltr'>Domini</span> <span class='ocrx_word' id='word_1_342' title='bbox 1257 1997 1383 2030; x_wconf 86' lang='lat' dir='ltr'>quoque</span> <span class='ocrx_word' id='word_1_343' title='bbox 1401 1989 1564 2030; x_wconf 86' lang='lat' dir='ltr'>contentis,</span> <span class='ocrx_word' id='word_1_344' title='bbox 1587 1989 1649 2022; x_wconf 80' lang='lat'>773</span> <span class='ocrx_word' id='word_1_345' title='bbox 1668 1991 1684 2022; x_wconf 83' lang='lat' dir='ltr'>b</span> 
     </span>
     <span class='ocr_line' id='line_1_36' title="bbox 240 2039 1686 2084; baseline 0.003 -14"><span class='ocrx_word' id='word_1_346' title='bbox 240 2045 268 2070; x_wconf 93' lang='lat' dir='ltr'>ct</span> <span class='ocrx_word' id='word_1_347' title='bbox 292 2049 373 2081; x_wconf 52' lang='grc' dir='ltr'>ηιμ</span> <span class='ocrx_word' id='word_1_348' title='bbox 398 2039 623 2071; x_wconf 85' lang='lat' dir='ltr'>Monachorum</span> <span class='ocrx_word' id='word_1_349' title='bbox 650 2040 861 2082; x_wconf 76' lang='lat' dir='ltr'>praefatorum</span> <span class='ocrx_word' id='word_1_350' title='bbox 886 2050 965 2072; x_wconf 80' lang='lat' dir='ltr'>nova</span> <span class='ocrx_word' id='word_1_351' title='bbox 990 2040 1133 2072; x_wconf 90' lang='lat' dir='ltr'>collectio</span> <span class='ocrx_word' id='word_1_352' title='bbox 1160 2045 1347 2072; x_wconf 86' lang='lat' dir='ltr'>statutorum</span> <span class='ocrx_word' id='word_1_353' title='bbox 1374 2041 1405 2072; x_wconf 91' lang='lat' dir='ltr'>in</span> <span class='ocrx_word' id='word_1_354' title='bbox 1430 2046 1492 2073; x_wconf 87' lang='lat' dir='ltr'>tres</span> <span class='ocrx_word' id='word_1_355' title='bbox 1516 2047 1620 2084; x_wconf 88' lang='lat' dir='ltr'>partes</span> <span class='ocrx_word' id='word_1_356' title='bbox 1642 2042 1686 2074; x_wconf 91' lang='lat' dir='ltr'>di-</span> 
     </span>
     <span class='ocr_line' id='line_1_37' title="bbox 239 2092 1686 2135; baseline 0.003 -12"><span class='ocrx_word' id='word_1_357' title='bbox 239 2092 319 2133; x_wconf 87' lang='lat' dir='ltr'>visa,</span> <span class='ocrx_word' id='word_1_358' title='bbox 346 2103 416 2124; x_wconf 90' lang='lat' dir='ltr'>cum</span> <span class='ocrx_word' id='word_1_359' title='bbox 443 2092 693 2124; x_wconf 83' lang='lat' dir='ltr'>ordinationibus</span> <span class='ocrx_word' id='word_1_360' title='bbox 717 2093 926 2135; x_wconf 89' lang='lat' dir='ltr'>capitulorum</span> <span class='ocrx_word' id='word_1_361' title='bbox 952 2093 1149 2135; x_wconf 79' lang='lat' dir='ltr'>generalium</span> <span class='ocrx_word' id='word_1_362' title='bbox 1174 2098 1204 2124; x_wconf 89' lang='lat' dir='ltr'>et</span> <span class='ocrx_word' id='word_1_363' title='bbox 1228 2093 1309 2125; x_wconf 93' lang='lat' dir='ltr'>notis</span> <span class='ocrx_word' id='word_1_364' title='bbox 1335 2093 1562 2135; x_wconf 80' lang='lat' dir='ltr'>marginalibus</span> <span class='ocrx_word' id='word_1_365' title='bbox 1593 2095 1686 2127; x_wconf 85' lang='lat' dir='ltr'>reser-</span> 
     </span>
     <span class='ocr_line' id='line_1_38' title="bbox 239 2144 1684 2188; baseline 0.002 -12"><span class='ocrx_word' id='word_1_366' title='bbox 239 2150 307 2184; x_wconf 93' lang='lat' dir='ltr'>tur,</span> <span class='ocrx_word' id='word_1_367' title='bbox 333 2144 396 2177; x_wconf 86' lang='lat'>788</span> <span class='ocrx_word' id='word_1_368' title='bbox 421 2145 437 2176; x_wconf 82' lang='lat' dir='ltr'>b</span> <span class='ocrx_word' id='word_1_369' title='bbox 463 2151 492 2177; x_wconf 87' lang='lat' dir='ltr'>et</span> <span class='ocrx_word' id='word_1_370' title='bbox 514 2156 590 2188; x_wconf 76' lang='lat' dir='ltr'>seq.;</span> <span class='ocrx_word' id='word_1_371' title='bbox 616 2151 645 2177; x_wconf 86' lang='lat' dir='ltr'>et</span> <span class='ocrx_word' id='word_1_372' title='bbox 669 2144 874 2177; x_wconf 85' lang='lat' dir='ltr'>confirmatur</span> <span class='ocrx_word' id='word_1_373' title='bbox 892 2155 963 2177; x_wconf 91' lang='lat' dir='ltr'>cum</span> <span class='ocrx_word' id='word_1_374' title='bbox 983 2145 1123 2177; x_wconf 77' lang='lat' dir='ltr'>clausula</span> <span class='ocrx_word' id='word_1_375' title='bbox 1144 2145 1227 2187; x_wconf 90' lang='lat' dir='ltr'>quod</span> <span class='ocrx_word' id='word_1_376' title='bbox 1248 2151 1340 2178; x_wconf 87' lang='lat' dir='ltr'>notae</span> <span class='ocrx_word' id='word_1_377' title='bbox 1357 2146 1547 2188; x_wconf 81' lang='lat' dir='ltr'>marginales</span> <span class='ocrx_word' id='word_1_378' title='bbox 1566 2147 1684 2179; x_wconf 85' lang='lat' dir='ltr'>nullam</span> 
     </span>
     <span class='ocr_line' id='line_1_39' title="bbox 240 2197 724 2239; baseline 0.002 -10"><span class='ocrx_word' id='word_1_379' title='bbox 240 2197 303 2229; x_wconf 72' lang='lat' dir='ltr'>vim</span> <span class='ocrx_word' id='word_1_380' title='bbox 329 2198 406 2239; x_wconf 75' lang='lat' dir='ltr'>legis</span> <span class='ocrx_word' id='word_1_381' title='bbox 431 2197 582 2237; x_wconf 88' lang='lat' dir='ltr'>habeant,</span> <span class='ocrx_word' id='word_1_382' title='bbox 609 2197 673 2230; x_wconf 77' lang='lat'>913</span> <span class='ocrx_word' id='word_1_383' title='bbox 698 2199 724 2229; x_wconf 81' lang='lat' dir='ltr'>b.</span> 
     </span>
    </p>

    <p class='ocr_par' dir='ltr' id='par_1_8' title="bbox 152 2249 1687 2451">
     <span class='ocr_line' id='line_1_40' title="bbox 152 2249 1687 2293; baseline 0.001 -11"><span class='ocrx_word' id='word_1_384' title='bbox 152 2249 309 2282; x_wconf 87' lang='lat' dir='ltr'>Monachis</span> <span class='ocrx_word' id='word_1_385' title='bbox 331 2249 455 2282; x_wconf 89' lang='lat' dir='ltr'>Ordinis</span> <span class='ocrx_word' id='word_1_386' title='bbox 477 2250 691 2283; x_wconf 86' lang='lat' dir='ltr'>Cisterciensis</span> <span class='ocrx_word' id='word_1_387' title='bbox 715 2250 876 2282; x_wconf 86' lang='lat' dir='ltr'>decretum</span> <span class='ocrx_word' id='word_1_388' title='bbox 903 2250 1029 2293; x_wconf 86' lang='lat' dir='ltr'>capituli</span> <span class='ocrx_word' id='word_1_389' title='bbox 1055 2250 1210 2292; x_wconf 75' lang='lat' dir='ltr'>generalis</span> <span class='ocrx_word' id='word_1_390' title='bbox 1229 2250 1312 2283; x_wconf 86' lang='lat' dir='ltr'>cirea</span> <span class='ocrx_word' id='word_1_391' title='bbox 1339 2251 1597 2283; x_wconf 84' lang='lat' dir='ltr'>reformationem</span> <span class='ocrx_word' id='word_1_392' title='bbox 1623 2262 1687 2285; x_wconf 91' lang='lat' dir='ltr'>mo-</span> 
     </span>
     <span class='ocr_line' id='line_1_41' title="bbox 239 2302 1686 2345; baseline 0.001 -11"><span class='ocrx_word' id='word_1_393' title='bbox 239 2302 413 2335; x_wconf 91' lang='lat' dir='ltr'>nachorum</span> <span class='ocrx_word' id='word_1_394' title='bbox 432 2308 462 2335; x_wconf 88' lang='lat' dir='ltr'>ct</span> <span class='ocrx_word' id='word_1_395' title='bbox 482 2303 666 2335; x_wconf 89' lang='lat' dir='ltr'>monialium</span> <span class='ocrx_word' id='word_1_396' title='bbox 684 2303 841 2342; x_wconf 90' lang='lat' dir='ltr'>Poloniac,</span> <span class='ocrx_word' id='word_1_397' title='bbox 861 2303 1003 2334; x_wconf 84' lang='lat' dir='ltr'>Prussiae</span> <span class='ocrx_word' id='word_1_398' title='bbox 1020 2308 1050 2334; x_wconf 90' lang='lat' dir='ltr'>et</span> <span class='ocrx_word' id='word_1_399' title='bbox 1066 2303 1235 2341; x_wconf 88' lang='lat' dir='ltr'>Lituaniae‚</span> <span class='ocrx_word' id='word_1_400' title='bbox 1249 2303 1308 2335; x_wconf 76' lang='lat' dir='ltr'>ott</span> <span class='ocrx_word' id='word_1_401' title='bbox 1331 2303 1361 2341; x_wconf 73' lang='lat' dir='ltr'>b,</span> <span class='ocrx_word' id='word_1_402' title='bbox 1380 2303 1410 2335; x_wconf 91' lang='lat' dir='ltr'>in</span> <span class='ocrx_word' id='word_1_403' title='bbox 1428 2304 1560 2345; x_wconf 77' lang='lat' dir='ltr'>gratiam</span> <span class='ocrx_word' id='word_1_404' title='bbox 1579 2314 1686 2336; x_wconf 85' lang='lat' dir='ltr'>mona-</span> 
     </span>
     <span class='ocr_line' id='line_1_42' title="bbox 242 2355 1685 2398; baseline 0.001 -11"><span class='ocrx_word' id='word_1_405' title='bbox 242 2355 374 2388; x_wconf 90' lang='lat' dir='ltr'>chorum</span> <span class='ocrx_word' id='word_1_406' title='bbox 400 2355 582 2388; x_wconf 87' lang='lat' dir='ltr'>eorumdem</span> <span class='ocrx_word' id='word_1_407' title='bbox 608 2355 756 2388; x_wconf 88' lang='lat' dir='ltr'>nonnulla</span> <span class='ocrx_word' id='word_1_408' title='bbox 781 2355 875 2387; x_wconf 91' lang='lat' dir='ltr'>dubia</span> <span class='ocrx_word' id='word_1_409' title='bbox 900 2355 983 2388; x_wconf 87' lang='lat' dir='ltr'>circa</span> <span class='ocrx_word' id='word_1_410' title='bbox 1009 2355 1136 2387; x_wconf 90' lang='lat' dir='ltr'>modum</span> <span class='ocrx_word' id='word_1_411' title='bbox 1162 2355 1339 2388; x_wconf 87' lang='lat' dir='ltr'>celebrandi</span> <span class='ocrx_word' id='word_1_412' title='bbox 1365 2356 1503 2398; x_wconf 87' lang='lat' dir='ltr'>capitula</span> <span class='ocrx_word' id='word_1_413' title='bbox 1527 2357 1685 2398; x_wconf 78' lang='lat' dir='ltr'>generalia</span> 
     </span>
     <span class='ocr_line' id='line_1_43' title="bbox 241 2407 1170 2451; baseline -0.002 -10"><span class='ocrx_word' id='word_1_414' title='bbox 241 2408 365 2441; x_wconf 90' lang='lat' dir='ltr'>Ordinis</span> <span class='ocrx_word' id='word_1_415' title='bbox 390 2409 604 2441; x_wconf 88' lang='lat' dir='ltr'>Cisterciensis</span> <span class='ocrx_word' id='word_1_416' title='bbox 628 2409 767 2441; x_wconf 90' lang='lat' dir='ltr'>resoluta</span> <span class='ocrx_word' id='word_1_417' title='bbox 787 2414 901 2449; x_wconf 81' lang='lat' dir='ltr'>extant,</span> <span class='ocrx_word' id='word_1_418' title='bbox 926 2407 984 2440; x_wconf 55' lang='lat'>6321</span> <span class='ocrx_word' id='word_1_419' title='bbox 1015 2409 1032 2439; x_wconf 83' lang='lat' dir='ltr'>b</span> <span class='ocrx_word' id='word_1_420' title='bbox 1056 2412 1086 2440; x_wconf 91' lang='lat' dir='ltr'>et</span> <span class='ocrx_word' id='word_1_421' title='bbox 1110 2419 1170 2451; x_wconf 79' lang='lat' dir='ltr'>seq.</span> 
     </span>
    </p>

    <p class='ocr_par' dir='ltr' id='par_1_9' title="bbox 154 2460 1686 2609">
     <span class='ocr_line' id='line_1_44' title="bbox 154 2460 1686 2503; baseline 0.001 -10"><span class='ocrx_word' id='word_1_422' title='bbox 154 2461 311 2494; x_wconf 85' lang='lat' dir='ltr'>Monachis</span> <span class='ocrx_word' id='word_1_423' title='bbox 336 2460 460 2494; x_wconf 91' lang='lat' dir='ltr'>Ordinis</span> <span class='ocrx_word' id='word_1_424' title='bbox 485 2461 709 2501; x_wconf 87' lang='lat' dir='ltr'>Cisterciensis‚</span> <span class='ocrx_word' id='word_1_425' title='bbox 726 2461 984 2503; x_wconf 80' lang='lat' dir='ltr'>Congregationis</span> <span class='ocrx_word' id='word_1_426' title='bbox 1002 2460 1155 2493; x_wconf 86' lang='lat' dir='ltr'>Fuliensis</span> <span class='ocrx_word' id='word_1_427' title='bbox 1172 2460 1211 2492; x_wconf 88' lang='lat' dir='ltr'>ad</span> <span class='ocrx_word' id='word_1_428' title='bbox 1227 2460 1319 2492; x_wconf 90' lang='lat' dir='ltr'>aliam</span> <span class='ocrx_word' id='word_1_429' title='bbox 1341 2460 1526 2503; x_wconf 83' lang='lat' dir='ltr'>religionem</span> <span class='ocrx_word' id='word_1_430' title='bbox 1552 2462 1686 2494; x_wconf 87' lang='lat' dir='ltr'>transire</span> 
     </span>
     <span class='ocr_line' id='line_1_45' title="bbox 243 2512 1686 2557; baseline -0.001 -11"><span class='ocrx_word' id='word_1_431' title='bbox 243 2514 309 2546; x_wconf 92' lang='lat' dir='ltr'>sine</span> <span class='ocrx_word' id='word_1_432' title='bbox 334 2514 533 2557; x_wconf 90' lang='lat' dir='ltr'>superiorum</span> <span class='ocrx_word' id='word_1_433' title='bbox 558 2514 685 2547; x_wconf 75' lang='lat' dir='ltr'>licentia</span> <span class='ocrx_word' id='word_1_434' title='bbox 710 2520 779 2557; x_wconf 89' lang='lat' dir='ltr'>post</span> <span class='ocrx_word' id='word_1_435' title='bbox 803 2514 994 2547; x_wconf 91' lang='lat' dir='ltr'>Clementem</span> <span class='ocrx_word' id='word_1_436' title='bbox 1021 2512 1085 2544; x_wconf 92' lang='lat' dir='ltr'>VlIl</span> <span class='ocrx_word' id='word_1_437' title='bbox 1116 2518 1146 2545; x_wconf 91' lang='lat' dir='ltr'>et</span> <span class='ocrx_word' id='word_1_438' title='bbox 1170 2513 1300 2545; x_wconf 88' lang='lat' dir='ltr'>Paulum</span> <span class='ocrx_word' id='word_1_439' title='bbox 1325 2513 1348 2544; x_wconf 87' lang='lat' dir='ltr'>V</span> <span class='ocrx_word' id='word_1_440' title='bbox 1376 2514 1490 2545; x_wconf 89' lang='lat' dir='ltr'>iterum</span> <span class='ocrx_word' id='word_1_441' title='bbox 1524 2513 1686 2557; x_wconf 87' lang='lat' dir='ltr'>prohibuit</span> 
     </span>
     <span class='ocr_line' id='line_1_46' title="bbox 243 2565 795 2609; baseline -0.002 -11"><span class='ocrx_word' id='word_1_442' title='bbox 243 2566 442 2599; x_wconf 91' lang='lat' dir='ltr'>Innocentius</span> <span class='ocrx_word' id='word_1_443' title='bbox 468 2566 524 2603; x_wconf 81' lang='lat' dir='ltr'>Xl,</span> <span class='ocrx_word' id='word_1_444' title='bbox 549 2565 612 2597; x_wconf 88' lang='grc'>699</span> <span class='ocrx_word' id='word_1_445' title='bbox 640 2567 656 2597; x_wconf 78' lang='grc' dir='ltr'><strong>ὁ</strong></span> <span class='ocrx_word' id='word_1_446' title='bbox 682 2572 711 2598; x_wconf 86' lang='lat' dir='ltr'>et</span> <span class='ocrx_word' id='word_1_447' title='bbox 735 2577 795 2609; x_wconf 81' lang='lat' dir='ltr'>seq.</span> 
     </span>
    </p>
   </div>
  </div>
 </body>
</html>
