2111 3157
208 220 258 248 An.
279 220 309 249 C,
329 221 395 248 ¹689
442 213 506 245 9.ἶὸ

231 1505 259 1525 Du
282 1506 388 1529 originali-

203 1532 241 1551 bna
252 1548 256 1555 ,
272 1533 351 1553 salario
367 1535 386 1553 et
418 1549 423 1554 .

204 1564 308 1585 expensis.

399 271 439 304 ad
464 281 578 305 eorum
604 270 807 311 electionem,
844 271 968 314 absque
993 280 1032 304 eo
1052 271 1137 314 quod

400 325 508 368 aliqua
545 324 748 357 consuetudo
785 324 818 357 in
842 323 1045 357 contrarium
1070 325 1137 357 ullo

399 388 541 420 unquam
568 382 713 420 tempore
731 377 840 410 induci
857 377 971 418 valeat,
993 382 1025 410 et
1042 386 1137 421 quam

399 431 533 468 irritam,
559 440 683 463 cassam
708 440 744 462 ac
772 430 981 473 reprobatam
1000 440 1070 464 esse
1088 431 1138 463 de—

399 488 521 515 cretum
547 488 578 515 et
603 482 805 516 declaratum
823 483 897 524 suit3
917 484 1071 527 quodque
1090 484 1136 517 illi

398 536 520 569 iudices
546 540 609 569 tam
641 535 799 569 ordinarii
825 547 920 580 quam
953 537 1138 571 commissa-

398 589 448 629 rii,
471 589 586 632 quibus
609 598 669 632 per
692 589 842 624 eamdem
871 591 1137 625 constitutionem

398 640 488 675 Pauli
514 642 547 682 V,
567 642 616 676 vel
641 651 701 685 per
726 643 868 686 speciale
889 643 1050 678 indultum
1067 655 1138 678 con-

397 695 523 728 ceditur
548 704 645 738 posse
672 695 802 738 exigere
827 699 1002 740 sportulas,
1028 703 1063 731 ut
1087 709 1136 731 su-

397 759 465 793 pra,
492 758 556 782 non
581 749 710 792 possint
735 749 767 782 in
794 752 860 783 tota
885 754 982 785 eausa
1007 752 1138 795 exigere

397 801 459 834 nisi
485 801 614 834 unicam
639 802 811 845 propinain
835 803 921 837 iuxta
962 809 1077 845 taxum,
1103 811 1137 837 ut

397 865 504 898 supra,
531 854 675 898 quamvis
700 856 813 899 plures
839 862 948 890 essent
977 867 1137 901 personae

397 907 429 942 in
454 911 559 950 causa,
588 909 717 949 adeout,
744 909 770 942 si
795 910 930 945 victoria
950 913 1062 946 ambas
1086 914 1136 946 vel

396 963 508 1006 plures
547 969 656 1006 partes
684 968 817 1006 tangat,
854 974 968 999 omnes
998 975 1138 1010 propor-

397 1016 599 1050 tionabiliter
635 1022 667 1050 et
691 1028 750 1061 pro
783 1020 853 1051 rata
877 1025 1074 1053 concurrant
1098 1021 1137 1055 ad

397 1070 516 1103 dictam
552 1071 680 1103 unicam
715 1072 890 1115 propinem
930 1073 1135 1112 solvendum,

396 1133 503 1166 neque
529 1123 646 1157 divisio
672 1125 909 1158 sententiarum
934 1126 983 1159 vel
1004 1132 1138 1169 puncto-

395 1186 467 1208 rum
492 1185 670 1220 eorumque
695 1177 875 1211 reservatio
899 1179 931 1211 in
958 1179 1020 1212 hoc
1046 1180 1138 1222 quid-

396 1240 493 1273 quam
519 1229 687 1272 suffragari
711 1231 824 1271 valeat,
851 1232 973 1265 adeout
988 1232 1075 1266 idem
1094 1234 1139 1266 in-

396 1282 457 1315 dex
483 1283 515 1316 in
534 1284 646 1317 eadem
664 1287 760 1318 causa
777 1285 904 1319 unicam
927 1291 1050 1321 tantum
1068 1297 1139 1331 pro-

396 1336 505 1379 pinam
531 1337 700 1381 percipiat.

409 1391 448 1424 De
470 1394 602 1424 advocatis
624 1399 649 1424 et
669 1397 904 1435 procuratoribus,
928 1398 1046 1437 aliisque
1059 1409 1124 1428 (ato-

504 1444 609 1478 sidiczs,
633 1449 658 1473 et
681 1446 846 1482 negotiorum
861 1447 1036 1484 ,qeslorz'busk

443 1496 489 1529 Ad
515 1496 751 1530 sublevandum
776 1498 942 1541 litigantes
963 1501 1003 1533 ab
1029 1511 1139 1534 exces-

398 1549 523 1583 sivitate
561 1560 777 1593 expensarum
803 1562 882 1594 quas
913 1553 1082 1595 patiuntur
1105 1555 1137 1587 in

398 1602 501 1643 Curia,
526 1614 587 1647 pro
624 1614 712 1637 nunc
747 1604 914 1638 decretum
941 1606 1020 1647 suit,
1050 1609 1136 1651 quod

397 1656 569 1700 originalia
585 1657 850 1691 informationum
868 1664 932 1692 tam
949 1660 1028 1694 iuris
1043 1672 1137 1705 quam

398 1710 480 1751 sacti,
500 1716 532 1743 et
549 1716 610 1744 tam
628 1711 857 1745 advocatorum
875 1723 971 1755 quam
988 1724 1139 1757 procura-

398 1769 518 1804 torum,
544 1764 750 1807 aliorumque
774 1765 946 1799 curialium
972 1772 1004 1800 et
1027 1768 1139 1802 defen-

398 1827 522 1857 sorum,
559 1828 626 1850 non
651 1817 793 1851 debeant
826 1820 986 1853 excedere
1011 1826 1137 1854 scutum

396 1880 495 1903 unum
517 1875 681 1911 monetae,
701 1871 828 1905 etiamsi
853 1872 976 1906 suerint
995 1875 1139 1917 plurium

397 1922 568 1964 soliorum3
592 1934 650 1967 pro
671 1924 877 1958 brevioribus
891 1936 967 1959 vero
981 1926 1035 1960 siat
1053 1929 1138 1960 solu-

399 1975 442 2009 tio
456 1986 516 2018 pro
531 1977 642 2019 quanti
662 1976 884 2019 importabunt
905 1978 993 2012 iuxta
1014 1979 1135 2013 stilum.

442 2029 606 2069 Advocati,
633 2035 864 2072 procuratores
889 2037 921 2064 et
950 2033 1139 2066 sollicitato-

396 2091 461 2120 res,
487 2088 519 2114 et
543 2082 741 2125 quicumque
766 2083 820 2116 alii
846 2085 998 2118 causidici
1026 2090 1058 2118 et
1083 2086 1138 2119 dg„

397 2134 566 2175 sensores,
592 2141 690 2179 atque
716 2135 916 2170 iudicialium
942 2139 992 2172 vel
1016 2139 1137 2172 aulico-

397 2198 466 2220 rum
500 2189 708 2229 negotiorum
743 2195 911 2232 gestoieS,
937 2201 999 2234 pro
1023 2201 1136 2225 eorum

397 2241 580 2274 honorariis
606 2252 660 2275 seu
687 2243 823 2282 salariis,
841 2243 937 2277 etiam
956 2246 1135 2284 conventis,

397 2304 464 2327 non
490 2294 632 2327 habeant
648 2295 811 2329 actionem
829 2297 862 2329 in
879 2302 1058 2340 posterum,
1075 2298 1135 2330 nisi

397 2356 456 2388 pro
482 2348 598 2380 salurio
626 2349 673 2381 vel
700 2349 851 2382 mercede
869 2349 975 2382 ultimi
999 2351 1135 2390 biennii,

399 2404 461 2432 tam
497 2401 577 2434 citra
610 2412 705 2444 quarn
730 2403 982 2443 ultramontes,
1017 2404 1135 2446 quibus

434 2488 442 2513 1
467 2487 531 2513 Vide
564 2488 641 2514 aliam
672 2489 891 2517 reformationem
922 2490 1060 2517 Benedicti
1090 2491 1134 2518 ΧῘΙ

396 2532 503 2557 constit.
525 2533 568 2558 ed.
589 2539 703 2566 mccxc,
724 2534 767 2560 die
786 2534 821 2560 25
840 2535 969 2566 octobris=
999 2540 1072 2569 pont.
1094 2543 1135 2569 vi,

397 2580 423 2602 et
443 2577 483 2603 Pii
504 2577 538 2603 lv
559 2582 644 2605 const.
674 2579 719 2605 ed.
741 2585 833 2612 numi,
855 2579 899 2607 die
917 2580 951 2606 27
971 2579 1135 2611 decembris,

396 2624 470 2657 pont.
492 2627 529 2655 iu,
550 2621 563 2657 5
584 2623 626 2649 10.

986 221 1116 246 mittam
1124 221 1164 246 ΓΜ
1192 222 1230 245 ΠΟ
1236 222 1253 246 31
1260 222 1341 247 ANUM

1927 224 1977 252 An,
1997 224 2026 254 C.
2044 226 2110 257 1689

1183 270 1315 313 elapsis,
1341 276 1511 303 remaneat
1527 271 1727 314 praescripta
1749 277 1780 305 et
1799 281 1925 316 perem-

1182 329 1235 367 pta
1260 323 1365 357 omnis
1390 324 1472 357 actio
1498 324 1537 357 ad
1562 324 1742 366 agendum,
1769 335 1924 368 quocum·

1182 387 1245 421 que
1263 376 1430 410 ordinario
1449 381 1482 410 et
1506 377 1762 411 extraordinario
1777 378 1923 412 remedio

1182 430 1355 473 denegato.

1224 482 1255 516 Si
1292 482 1471 526 contigerit
1505 493 1564 527 per
1603 484 1706 518 dictos
1731 484 1920 526 advocatos,

1182 540 1418 579 procuratoreS,
1444 536 1695 578 sollicitatores,
1720 541 1753 571 et
1775 538 1855 571 alios
1882 538 1922 572 de

1182 589 1299 633 quibus
1337 600 1453 635 supra,
1479 589 1548 623 fieri
1573 601 1732 634 expensas
1757 591 1790 625 in
1814 591 1923 625 causis

1182 644 1221 676 ab
1248 644 1369 677 eisdem
1394 643 1604 688 patrocinatis
1631 645 1678 678 vel
1705 645 1860 688 negotiis,
1888 651 1924 679 ut

1182 708 1291 741 supra,
1310 699 1349 731 ab
1367 698 1413 731 eis
1431 699 1549 741 gestis,
1567 710 1632 732 non
1657 700 1786 744 possint
1810 699 1850 732 ab
1868 710 1923 733 co-

1182 762 1252 784 rum
1276 751 1512 795 principalibus
1531 753 1584 786 illa
1603 753 1820 796 praetendere
1840 754 1924 787 ultra

1182 814 1339 838 summam
1358 811 1523 839 scutorum
1540 806 1785 850 quinquaginta,
1797 805 1859 840 nisi
1877 807 1923 840 le-

1182 858 1294 901 gitime
1319 864 1350 892 et
1374 858 1500 892 sincere
1519 859 1599 892 citra
1616 867 1745 893 omnem
1762 859 1925 903 suspicio-

1181 920 1258 945 nem
1283 912 1405 945 sraudis
1430 917 1462 945 et
1485 913 1710 947 concussionis
1735 918 1863 947 constet
1883 913 1923 947 de

1182 965 1408 1008 recognitione
1425 965 1569 998 veritatis
1588 972 1619 999 et
1636 966 1739 999 debiti
1755 966 1789 999 in
1806 966 1923 1000 maiori

1182 1020 1306 1051 summa
1326 1018 1410 1051 sacta
1430 1018 1469 1051 de
1488 1018 1603 1052 ordine
1628 1018 1677 1052 sui
1699 1018 1904 1063 principalis.

1460 1075 1499 1107 De
1521 1077 1636 1106 notariis
1647 1078 1666 1106 ¹.

1225 1126 1273 1159 Ad
1299 1125 1461 1159 tollendas
1487 1126 1735 1166 controversias,
1767 1136 1849 1170 quae
1873 1136 1926 1160 so·
1968 1133 1998 1163 De
2018 1133 2111 1155 mrem

1934 1165 1971 1186 pro
1993 1162 2110 1182 instrumen-

1182 1179 1251 1213 lent
1274 1189 1445 1212 occurrere
1471 1179 1557 1212 inter
1589 1184 1697 1222 partes
1725 1185 1757 1212 et
1777 1181 2110 1234 notariosgsfflesmwmm·

1182 1242 1283 1276 super
1307 1232 1457 1266 mercede
1483 1232 1775 1266 instrumentorum
1804 1235 1923 1268 tutelae
2020 1227 2025 1234 ¹

1181 1287 1231 1319 rel
1257 1295 1352 1319 curae
1370 1295 1442 1318 cum
1463 1285 1644 1318 inventario
1667 1285 1805 1327 tutelari,
1834 1291 1866 1320 et
1888 1286 1925 1320 fi·

1182 1339 1381 1372 deiussionis
1406 1338 1636 1382 praestatione,
1662 1349 1698 1372 ac
1726 1338 1924 1373 instrumen-

1181 1398 1289 1425 torum
1318 1391 1474 1424 aditionis
1499 1391 1711 1425 haereditatis
1736 1391 1832 1425 etiam
1853 1402 1926 1426 cum

1181 1445 1360 1478 inventario
1386 1444 1537 1484 solemni,
1559 1449 1590 1478 et
1610 1455 1670 1487 pro
1691 1445 1800 1488 rogitu
1821 1456 1925 1479 susce-

1181 1498 1303 1542 ptionis
1328 1498 1466 1538 tutelae,
1502 1503 1533 1530 et
1569 1497 1769 1541 obligatione
1793 1497 1925 1532 fideius-

1180 1551 1264 1585 soris
1289 1556 1342 1584 aut
1368 1551 1607 1592 fideiussorum,
1624 1561 1753 1585 necnon
1782 1551 1924 1585 aditione

1181 1603 1394 1637 haereditatis
1426 1609 1458 1637 et
1482 1604 1696 1638 confectionis
1735 1604 1922 1646 inventarii,

1181 1658 1349 1692 decretum
1375 1663 1407 1691 et
1432 1658 1630 1691 declaratum
1656 1658 1730 1699 suit,
1756 1658 1844 1702 quod
1865 1668 1923 1692 no-

1180 1711 1252 1745 tarii
1278 1711 1466 1754 quorumvis
1500 1711 1710 1745 tribunalium
1747 1721 1813 1745 non
1848 1722 1924 1755 pos-

1182 1764 1249 1798 sint
1262 1764 1395 1807 exigere
1409 1765 1505 1797 aliam
1519 1764 1702 1798 mercedem
1719 1764 1781 1798 nisi
1806 1765 1846 1798 ad
1859 1765 1925 1798 sor·

1182 1828 1268 1852 mam
1294 1818 1406 1851 statuti
1432 1817 1539 1859 Urbis,
1563 1818 1621 1852 lib.
1650 1829 1705 1860 111,
1732 1829 1802 1862 cap.
1828 1828 1921 1852 xciii.

1226 1871 1288 1904 Pro
1324 1871 1474 1904 mercede
1511 1871 1716 1905 instrumenti
1741 1871 1922 1905 sententiae

1183 1924 1303 1958 notarii
1328 1925 1364 1957 Α.
1392 1924 1424 1958 C.
1447 1934 1514 1957 non
1532 1924 1659 1967 possint
1675 1924 1805 1967 exigere
1822 1935 1839 1958 a
1856 1935 1924 1968 par-

1182 1978 1269 2011 tibus
1287 1977 1350 2010 nisi
1369 1987 1526 2010 summam
1547 1977 1702 2011 iuliorum
1723 1977 1920 2020 quindecim,

1182 2031 1269 2064 iuxta
1295 2036 1398 2064 taxam
1422 2031 1654 2073 praescriptam
1683 2029 1808 2063 eisdem
1831 2036 1923 2063 nota-

1181 2084 1236 2117 riis
1271 2084 1303 2116 in
1338 2083 1571 2117 rel‘ormatione
1608 2082 1711 2116 felicis
1746 2083 1922 2116 memoriae

1181 2137 1270 2170 Pauli
1295 2136 1327 2176 V,
1353 2136 1479 2170 etiamsi
1504 2137 1538 2169 in
1562 2136 1635 2179 ipsa
1650 2135 1811 2169 sententia
1827 2135 1923 2168 suerit

1181 2198 1371 2223 concessum
1407 2189 1594 2222 mandatum
1630 2188 1846 2228 executivum,
1873 2189 1922 2223 vel

1181 2243 1219 2276 de
1245 2243 1445 2282 associando,
1485 2241 1724 2276 manutenendo
1749 2246 1781 2275 et
1804 2241 1922 2275 immit-

1182 2297 1301 2336 tendo;
1328 2297 1455 2340 possint
1480 2302 1586 2329 tamen
1611 2295 1731 2329 notarii
1755 2304 1922 2339 apponere

1217 2404 1225 2430 1
1247 2403 1311 2429 Vide
1325 2403 1404 2429 etiam
1416 2402 1449 2429 de
1461 2402 1501 2428 iiis
1513 2402 1553 2428 Pii
1569 2401 1599 2428 IV
1616 2405 1702 2429 const.
1718 2400 1862 2435 ed.Mn1,x1,
1877 2400 1921 2428 die

1179 2447 1212 2474 27
1233 2447 1396 2479 decembris,
1412 2451 1486 2482 pont.
1502 2452 1540 2479 ui,
1556 2446 1569 2481 5
1584 2447 1633 2479 ἓν,
1654 2450 1740 2472 const.
1757 2446 1800 2472 ed.
1818 2451 1920 2480 Μῡικιι,

1180 2491 1223 2517 die
1252 2491 1279 2517 31
1306 2491 1381 2525 iunii,
1412 2492 1424 2525 5
1454 2491 1488 2516 58
1519 2499 1578 2518 cum
1609 2499 1678 2526 seq.‚
1708 2492 1734 2517 et
1753 2489 1767 2525 §
1786 2489 1834 2523 683
1856 2489 1921 2516 item

1179 2536 1300 2566 (ire-gorii
1314 2535 1370 2561 ΧΙΗ
1383 2539 1469 2562 const.
1486 2535 1529 2562 ed,
1550 2541 1665 2567 moLxxV,
1678 2535 1722 2561 die
1740 2535 1772 2559 27
1794 2533 1921 2568 ianuarii,

1180 2584 1253 2613 pont.
1266 2586 1304 2609 m,
1317 2580 1329 2613 ᾗ
1340 2581 1372 2612 63
1386 2587 1490 2606 necnon
1501 2580 1565 2606 Sixti
1579 2579 1594 2603 V
1607 2578 1920 2609 const-ed.M1›Lxxxvu‚

1179 2624 1223 2651 die
1245 2625 1254 2650 ι
1278 2623 1440 2658 decembris,
1461 2628 1535 2659 pout.
1555 2630 1593 2651 ιιι.
