2111 3157
171 235 223 261 An.
239 235 268 261 c.
291 233 357 261 loss
402 224 467 258 902

963 229 1142 254 omnnium
1167 228 1318 253 Romanum

409 294 461 317 xt.
484 283 515 317 Si
541 284 611 326 quis
638 281 881 324 fratrumimpie
899 290 1041 322 unquam
1060 279 1106 310 iu-
1149 278 1339 317 locationes,
1359 276 1586 321 emphyteuses
1611 277 1661 310 vel
1685 276 1765 310 alias
1783 275 1888 309 licitas

367 339 471 371 raudo
496 338 534 370 ad
561 336 701 369 dicenda
725 335 764 367 de
794 335 880 373 Deo,
912 343 967 366 seu
994 332 1032 365 de
1058 342 1106 364 sa·
1149 332 1362 364 alienationes
1388 335 1500 364 contra
1522 330 1642 374 prioris
1660 336 1691 363 et
1710 335 1888 363 conventus

369 390 555 429 oramentis,
571 395 623 421 aut
643 388 768 421 Sanctis
787 387 854 419 eius
872 385 1107 419 contumeliosa

370 445 468 477 verba
482 442 677 486 proruperit,
693 441 856 484 impietate
871 439 1044 472 verborum
1059 438 1106 471 di-

369 499 509 539 ligenter
524 497 668 539 pensata,
688 500 850 537 tamquam
870 491 1062 525 execrabilis
1077 496 1108 524 et

369 551 590 593 blasphemus,
612 554 708 591 prout
727 558 779 580 res
801 545 958 588 exegerit,
981 554 1107 588 poenae

370 603 535 636 subiaceat
559 601 720 644 graviori,
749 610 848 643 super
877 609 939 641 quo
964 598 1054 641 prior
1077 602 1109 629 et

368 660 564 699 procurator
588 654 731 686 studiose
753 651 936 694 invIgilent.
956 649 1013 687 Qui
1032 659 1108 682 vero

370 719 451 752 quae
467 708 552 748 dicit,
568 707 706 740 iurando
720 705 912 748 simpliciter
926 714 986 746 per
998 702 1107 741 Deum,

370 772 428 805 per
449 760 544 793 fidem
564 770 663 799 suam,
681 769 740 802 per
757 757 938 796 Clu-istum,
960 755 1004 787 sic
1025 755 1109 787 Deus

371 826 421 847 nie
447 814 599 852 adiuvet,
625 817 679 845 aut
703 811 765 844 alio
791 809 887 843 simili
914 809 1028 848 modo,
1056 819 1110 840 au-

371 869 481 901 diente
513 877 577 900 uno
608 867 657 898 vel
689 864 858 908 pluribus,
886 861 1108 900 affirmaverit,

371 921 510 964 graviter
534 919 700 963 puniatur,
725 923 756 949 et
781 916 806 948 si
832 921 977 948 assuetus
1005 914 1108 952 suerit,

371 984 497 1017 poenae
523 973 687 1005 subiaceat
711 969 863 1012 graviori.
890 969 977 1001 Idem
1003 977 1111 1000 cense-

372 1037 442 1059 mus
468 1026 506 1058 de
532 1036 570 1058 eo
596 1024 650 1067 qui
676 1023 773 1055 verba
793 1023 842 1054 vel
868 1020 1042 1053 sententias
1063 1030 1110 1051 sa-

372 1090 444 1112 crae
466 1078 649 1121 Scripturae
675 1072 890 1109 eonverterit¹
916 1073 955 1106 ad
981 1083 1059 1105 vana
1081 1078 1111 1104 et

372 1131 520 1164 scurrilia
545 1130 652 1162 verba.

415 1195 479 1218 xm.
518 1183 693 1216 Licentiam
728 1192 745 1213 a
770 1181 879 1224 priore
915 1179 1109 1220 denegatam

372 1249 436 1271 non
472 1238 593 1281 poterit
627 1241 740 1278 postea
775 1235 851 1266 dare
886 1232 1024 1265 vicarius
1058 1236 1111 1263 aut

373 1296 585 1334 procurator,
612 1295 644 1322 et
668 1289 742 1321 ideo
769 1287 898 1330 petitor,
925 1286 1020 1318 etiam
1047 1294 1110 1316 non

374 1345 604 1386 interrogatus,
631 1342 717 1375 dicat
743 1341 829 1384 quod
867 1339 928 1371 sibi
961 1349 977 1370 a
1001 1337 1111 1380 priore

374 1398 471 1430 suerit
496 1397 667 1437 denegata,
691 1404 744 1433 ne,
768 1399 804 1425 ut
829 1392 949 1424 fraudis
975 1401 1061 1429 reus,
1086 1391 1110 1422 si

373 1462 442 1483 eam
473 1450 513 1482 ab
544 1450 715 1491 ignorante
750 1445 993 1488 impetraverit,
1020 1443 1110 1485 argui

373 1503 490 1535 debeat
514 1506 545 1534 et
571 1501 689 1544 puniri.
712 1499 867 1532 Similiter
883 1498 907 1529 si
931 1497 1001 1539 quis
1020 1498 1112 1529 licen-

373 1557 461 1595 tiam,
481 1566 497 1587 a
518 1554 636 1586 vicario
661 1554 708 1585 vel
738 1556 948 1595 procuratore
974 1550 1113 1590 denega—

374 1615 450 1647 tam,
476 1619 493 1640 a
518 1607 626 1650 priore
652 1611 764 1649 postea
790 1610 900 1647 petere
927 1602 1074 1640 voluerit,
1096 1613 1112 1633 a

372 1661 549 1704 praedictis
577 1660 674 1691 tuisse
708 1659 900 1699 denegatam
926 1655 1113 1689 manifestet

374 1714 511 1748 eidem².

416 1779 494 1801 xm.
524 1768 567 1799 Ad
596 1772 732 1809 tempus,
758 1770 895 1807 urgente
917 1765 1032 1805 magna
1057 1773 1112 1794 ne-

373 1822 531 1860 cessitate,
553 1826 583 1852 et
604 1830 668 1852 non
695 1819 799 1857 aliter,
818 1818 965 1860 recipere
991 1827 1064 1848 oves
1082 1821 1113 1847 et

374 1885 493 1918 pecora
533 1874 614 1905 intra
651 1872 807 1904 terminos
840 1876 892 1903 aut
926 1870 956 1901 in
992 1869 1112 1901 nostris

374 1927 516 1970 grangiis
533 1931 580 1959 est
602 1925 807 1968 permissum.

417 1991 507 2014 xttu.
543 1980 601 2018 Qui
634 1990 669 2011 ex
705 1977 870 2010 conversis
901 1977 951 2009 vel
985 1976 1113 2008 donatis

375 2035 540 2078 potuerint
563 2039 595 2066 et
618 2032 784 2065 noluerint
808 2031 968 2069 laborare,
988 2029 1062 2061 vino
1084 2034 1115 2061 et

376 2088 511 2131 pitantia
536 2091 665 2119 careant
686 2085 723 2117 ad
745 2084 862 2127 prioris
888 2084 937 2115 vel
963 2092 1115 2124 procura-

377 2141 455 2173 toris
481 2141 688 2178 voluntatem,
709 2144 740 2170 ct
760 2138 783 2169 si
802 2135 955 2169 obstinati
982 2135 1112 2174 suerint,

376 2194 464 2225 iussu
491 2193 609 2236 prioris
636 2192 891 2223 incarceremur.

419 2256 500 2279 XLtv.
518 2245 575 2283 Qui
595 2244 774 2277 creditores
791 2243 905 2275 domus
922 2241 959 2274 ad
979 2251 1115 2283 recupe-

376 2300 475 2332 randa
489 2298 598 2332 debita
611 2296 865 2335 sollicitaverint,
880 2305 937 2327 seu
951 2294 1046 2327 aliter
1060 2295 1115 2326 ‹la-

377 2363 485 2385 mnum
505 2353 619 2385 domus
643 2349 899 2393 procuraverint,
915 2349 1029 2380 cellam
1054 2357 1113 2390 pro

377 2416 507 2438 carcere
534 2410 666 2437 teneant
684 2404 722 2435 ad
748 2402 865 2446 prioris
889 2402 1098 2434 voluntatem.

422 2468 491 2490 ων.
518 2458 549 2490 Si
576 2457 673 2500 aliqui
695 2455 852 2493 conversi,
872 2456 977 2497 palam
995 2454 1042 2485 vel
1065 2462 1115 2485 oc-

379 2512 471 2551 culte,
491 2511 600 2553 aliquo
618 2510 715 2542 modo
733 2508 892 2551 impedire
918 2506 1115 2539 tentaverint

415 2592 425 2617 ί
450 2589 516 2616 Edit.
540 2590 618 2616 Μαίη.
639 2589 703 2622 legit
721 2590 885 2615 convertent
905 2589 942 2619 (n.
959 2588 1007 2619 T.).

413 2634 429 2661 2
449 2634 518 2661 Edit.
538 2633 615 2660 atain.
636 2633 699 2668 legit
720 2633 824 2658 eisdem
844 2632 882 2665 (n.
900 2632 947 2664 T.).

1150 385 1320 417 consilium
1339 391 1370 417 et
1394 386 1602 422 voluntatem,
1628 384 1885 417 incarceremur.

1193 448 1275 471 xtvt.
1289 438 1443 470 Conversi
1460 438 1589 470 inutiles
1605 442 1805 480 reputantur,
1821 437 1888 480 qui,

1151 491 1391 534 impedimentis
1417 491 1582 534 perpetuis
1607 490 1797 533 praepediti,
1822 500 1888 524 non

1151 548 1287 586 possunt
1312 543 1489 575 secundum
1521 542 1649 576 Ordinis
1679 542 1891 576 consuetud-i-

1152 606 1224 628 nem
1250 596 1410 629 laborare.

1195 659 1291 682 xtvu.
1312 649 1575 682 Familiaritatem
1590 654 1622 681 et
1638 648 1800 691 colloquia
1818 658 1888 682 cum

1153 702 1354 741 mulieribus,
1381 702 1518 736 maxime
1544 712 1617 735 curn
1641 701 1792 745 personis
1810 707 1841 735 et
1857 701 1890 734 in

1153 755 1229 788 loeis
1266 766 1302 787 ac
1327 755 1417 788 horis
1444 754 1619 798 suspectis,
1646 754 1789 788 districte
1815 765 1891 798 pro-

1154 807 1302 839 hibemus
1320 807 1490 848 conversis,
1508 817 1565 839 nec
1582 807 1729 840 volumus
1748 810 1804 840 eo‘s
1819 817 1890 840 cum

1154 860 1345 893 mulieribus
1370 859 1457 902 loqui
1475 887 1482 901 ,
1512 859 1576 892 sive
1603 860 1685 892 infra
1710 859 1775 893 sive
1801 865 1891 893 extra

1155 913 1321 950 terminos.
1341 913 1403 945 nisi
1421 913 1501 945 iusta
1524 917 1556 944 et
1577 912 1754 945 inevitabili
1772 923 1809 945 ac
1824 923 1891 946 ma-

1154 966 1268 998 nifesta
1286 967 1378 998 causa
1396 965 1557 1008 exigente.
1580 965 1766 998 Mulieribus
1783 965 1889 1005 etiarn,

1154 1019 1179 1050 si
1195 1018 1364 1051 commode
1378 1018 1448 1050 {ieri
1465 1023 1581 1061 potest,
1596 1028 1660 1050 non
1677 1018 1794 1050 dentur
1810 1019 1892 1051 elee-

1154 1079 1319 1114 mosynae,
1341 1070 1400 1103 nisi
1419 1072 1516 1113 longe
1542 1082 1559 1103 a
1584 1070 1733 1104 domibus
1757 1071 1889 1104 nostris.

1197 1133 1307 1157 xtvui.
1334 1123 1485 1156 Mulieres
1509 1123 1664 1157 terminos
1689 1128 1819 1156 nostros
1840 1133 1893 1156 ne-

1155 1187 1316 1220 quaquam
1352 1178 1475 1210 intrare
1501 1177 1634 1209 sinimus
1650 1204 1657 1215 ,
1678 1177 1710 1209 in
1736 1182 1892 1220 quantum

1155 1240 1340 1273 possumus⁸
1367 1230 1423 1268 Qui
1448 1240 1522 1263 vero
1547 1230 1700 1263 mulieres
1724 1239 1894 1273 quascum-

1155 1294 1215 1328 que
1242 1283 1469 1323 introduxerit,
1492 1288 1563 1323 aut,
1589 1293 1659 1315 cum
1683 1287 1793 1326 posset
1818 1293 1893 1326 pro-

1156 1337 1280 1375 hibere,
1305 1336 1492 1380 permiserit
1517 1346 1569 1369 eas
1595 1337 1716 1369 intrare
1740 1336 1825 1368 infra
1840 1337 1894 1368 do-

1155 1400 1279 1422 morum
1313 1395 1495 1422 nostrarum
1528 1391 1693 1422 clausuras
1724 1389 1775 1421 vel
1807 1389 1894 1422 clau-

1155 1453 1301 1475 surarum
1327 1443 1536 1475 limitationes
1563 1442 1687 1474 fossatis
1718 1442 1768 1474 vel
1790 1442 1893 1484 signis

1155 1497 1411 1539 quibuscumque
1431 1496 1613 1537 designatas
1639 1504 1698 1537 per
1722 1494 1829 1527 Bullas
1850 1488 1895 1527 lu-

1157 1549 1187 1581 tii
1213 1549 1258 1588 lt,
1292 1549 1335 1581 Pii
1364 1549 1385 1579 V
1418 1554 1449 1581 et
1475 1547 1621 1590 Gregorii
1656 1547 1721 1579 >1111
1753 1556 1894 1580 summo-

1156 1612 1225 1633 rum
1252 1601 1443 1634 Pontificum
1477 1601 1549 1643 ipso
1583 1601 1664 1632 tacto
1697 1599 1894 1632 sententiam

1156 1655 1500 1688 excommunicationis
1517 1653 1608 1687 Sedi¹
1625 1653 1830 1696 Apostolieae
1848 1663 1896 1685 re·

1156 1715 1299 1742 servatae
1325 1709 1470 1741 incurrit.

1200 1773 1283 1796 xtix.
1311 1763 1387 1795 Cum
1409 1762 1562 1794 mulieres
1582 1766 1748 1804 ponuntur
1765 1760 1796 1793 in
1823 1770 1896 1804 ope-

1157 1818 1255 1856 ribus,
1272 1816 1420 1849 conversi
1438 1826 1491 1848 eas
1506 1826 1570 1848 non
1586 1814 1779 1854 custodiant,
1797 1823 1896 1857 quan-

1158 1876 1221 1902 tum
1246 1869 1340 1902 vitari
1365 1873 1483 1912 potest,
1510 1878 1569 1899 nee
1594 1867 1640 1900 eis
1664 1866 1806 1909 propriis
1828 1875 1896 1898 ma-

1157 1924 1250 1956 nibus
1275 1922 1458 1954 mercedem
1483 1921 1629 1961 reddant,
1649 1919 1705 1952 sed
1723 1919 1838 1962 aliquis
1856 1918 1895 1951 de

1158 1975 1382 2010 mercenariis.

1201 2041 1229 2063 L.
1264 2030 1298 2062 In
1333 2028 1483 2061 domibus
1520 2026 1710 2060 monialium
1746 2024 1894 2059 conversi

1157 2094 1321 2127 nunquam
1346 2083 1561 2126 hospitentur.

1202 2148 1243 2171 LI.
1271 2137 1302 2170 Si
1328 2136 1398 2180 quis
1416 2145 1588 2169 conversus
1607 2139 1659 2167 aut
1675 2134 1811 2166 donatus
1830 2142 1896 2165 mu-

1158 2193 1252 2225 lieres
1273 2191 1398 2234 aliquas
1424 2187 1678 2221 incontinentiae
1700 2188 1794 2219 causa
1811 2185 1895 2219 infra

1157 2250 1249 2287 septa
1274 2242 1568 2281 monasteriorum,
1595 2245 1649 2272 aut
1681 2240 1712 2272 in
1744 2239 1814 2272 aliis
1838 2239 1895 2272 do-

1158 2298 1273 2335 mibus,
1298 2296 1442 2339 grangiis
1466 2305 1522 2327 seu
1548 2293 1686 2327 cellariis
1718 2292 1820 2326 nostri
1838 2292 1895 2325 Or-

1158 2352 1251 2390 dinis,
1274 2348 1494 2383 introduxerit
1510 2353 1564 2380 aut
1587 2345 1749 2380 introduci
1768 2345 1890 2385 fecerit,

1158 2407 1206 2438 vel
1238 2405 1300 2437 iam
1333 2403 1535 2436 introductas
1568 2398 1805 2443 receptaverit,
1838 2402 1894 2431 aut

1159 2459 1189 2491 in
1216 2458 1279 2490 hoc
1304 2456 1350 2489 eis
1375 2454 1574 2499 praestiterit
1598 2452 1761 2491 auxilium,
1787 2451 1893 2484 consi-

1158 2512 1235 2544 lium
1254 2511 1302 2542 vel
1322 2509 1471 2547 savorem,
1491 2507 1557 2539 sive
1575 2511 1664 2539 actus
1677 2509 1806 2538 secutus
1828 2504 1894 2536 sue-

1158 2564 1199 2596 rit
1212 2565 1276 2596 sive
1295 2573 1373 2602 non,
1392 2571 1456 2593 non
1475 2560 1578 2605 possit
1599 2570 1615 2592 a
1634 2564 1722 2591 tanto
1741 2563 1828 2590 reatu
1842 2557 1883 2590 ab

1196 2627 1204 2651 l
1231 2624 1299 2651 Edit
1319 2623 1399 2650 Main.
1416 2622 1480 2658 legit
1497 2621 1578 2649 Satis
1593 2622 1629 2652 (tt.
1647 2620 1697 2654 T.).

1894 226 1944 253 An.
1964 225 1994 254 C.
2012 226 2077 256 ¹688
