2111 3157
181 241 234 267 An.
257 240 286 267 c.
306 238 373 266 loss
420 227 484 264 830

228 2521 295 2542 Carti
312 2520 354 2542 xm

231 2550 258 2568 ltu:

278 2550 385 2568 §mill-A‘ldl}

374 298 447 320 cum
473 286 536 319 alio
563 285 702 318 discreto
734 281 867 325 priore:
895 278 969 322 qui,
996 276 1113 311 erami—

375 340 457 373 natis
491 339 642 373 omnibus
674 334 860 379 praedictis,
886 330 1050 365 licentiam
1083 329 1111 362 ei

376 394 407 426 in
434 393 563 435 scriptis
586 391 719 429 dabunt,
739 388 798 428 vel,
818 387 844 419 si
866 396 930 418 non
956 384 1113 428 probave-

378 446 450 485 rint,
477 444 699 485 denegabunt.

420 509 468 531 xv.
496 498 640 530 Pieturas
658 501 689 528 et
714 493 872 536 imagines
890 491 1042 528 curiosas,
1060 494 1114 522 aut

376 551 498 594 aliquid
520 548 686 582 inhonesti
713 548 881 583 habentes,
906 545 937 577 in
969 543 1112 576 eeclesiis

376 609 407 636 et
432 603 580 636 domibus
601 600 738 640 Ordinis,
765 599 828 632 sive
853 598 975 636 vitreis,
993 597 1059 629 sive
1081 596 1113 627 in

378 656 506 695 tabuliS,
544 654 719 698 lapidibus,
757 652 936 695 parietibus
967 655 999 683 et
1034 649 1113 682 loeis

377 709 456 747 aliis,
473 714 635 750 tamquam
663 707 856 747 derogantes
883 710 914 736 ct.
938 703 1114 736 contrarias

377 761 540 794 honestati
574 770 698 792 morum
725 764 756 791 et
790 764 920 791 nostrae
946 756 1114 798 religionis

377 813 573 857 simplicitati
590 819 620 845 et
634 810 1113 854 humilitati,reprebendimus:

378 873 410 900 et
434 878 475 900 ne
501 867 539 900 de
566 871 675 899 cetero
701 865 796 903 siant,
823 864 1022 896 inhibemus,
1053 862 1115 894 lam

378 921 477 954 factas
504 931 597 960 vero,
625 919 647 951 si
682 919 851 951 commode
878 923 909 950 et
933 918 1001 949 sine
1027 927 1117 948 sean-

379 974 453 1007 dalo
491 973 558 1006 lieri
591 972 702 1016 possit,
729 972 797 1004 tolli
824 976 855 1003 et
879 970 1040 1009 amoveri,
1066 971 1115 1002 vel

379 1028 417 1061 ad
440 1029 644 1060 honestatem
669 1031 700 1059 et
726 1025 929 1058 devotionem
948 1023 1116 1056 reformari

379 1083 537 1114 volumus.
565 1080 601 1112 Et
626 1079 713 1122 quod
740 1079 778 1111 de
805 1078 940 1121 picturis
958 1076 1119 1118 etima‘gi-

379 1134 475 1166 nibus
502 1132 697 1171 huiusmodi,
725 1132 804 1164 illud
832 1136 862 1163 et
888 1130 925 1162 de
952 1129 1117 1168 aedificiis,

379 1186 588 1226 vestimentis,
616 1184 807 1228 equitaturis
834 1189 865 1216 et
889 1194 998 1216 earum
1025 1193 1119 1215 orna-

379 1245 433 1277 tu.
461 1245 492 1272 et
517 1239 633 1272 ceteris
657 1239 753 1270 rebus
780 1237 917 1270 curiosis
943 1236 1117 1276 omnibus,

380 1293 589 1326 ordinamus:
624 1302 723 1334 super
748 1301 812 1334 quo
837 1289 1018 1323 visitatores
1049 1288 1120 1321 dili-

382 1352 496 1389 genter
520 1345 703 1387 invigilent.

422 1398 566 1429 Ordinatio
592 1399 658 1427 anni
688 1406 844 1427 noetxxvi.
872 1407 885 1425 «
915 1396 950 1426 Ut
982 1396 1120 1426 tollantur

382 1448 501 1484 abusus,
519 1448 567 1487 qui
591 1457 674 1486 saepe
698 1447 832 1486 irrepunt
848 1455 881 1475 ex
898 1445 1024 1475 licentiis
1040 1445 1121 1474 inde-

382 1497 538 1526 terminate
561 1495 688 1525 obtentis
705 1495 782 1525 circa
805 1494 935 1524 aedificia
951 1497 1120 1523 construen-

383 1545 430 1580 da,
456 1545 531 1574 unde
554 1544 658 1573 accidit
680 1548 712 1573 ut
733 1543 863 1580 curiosa,
883 1543 1027 1582 superflua
1054 1545 1081 1571 et
1106 1551 1119 1570 a

384 1593 570 1632 simplicitate
593 1592 781 1621 carthusiana
806 1592 900 1621 aliena
928 1590 1059 1620 aedificia
1086 1591 1120 1619 ad

385 1642 565 1671 aedificantis
589 1641 703 1670 libitum
726 1650 783 1670 non
804 1650 869 1669 raro
885 1640 1048 1677 erigantur,
1065 1643 1121 1668 sta-

385 1693 492 1720 tuimus
516 1694 546 1719 ut
568 1691 757 1729 imposterum
780 1689 890 1718 nemini
912 1689 997 1718 liceat
1019 1689 1061 1718 uti
1089 1689 1122 1718 li-

386 1739 482 1769 cena-:1
504 1738 632 1777 generali
651 1738 834 1775 aedificandi,
852 1737 908 1766 nisi
931 1737 1011 1776 prius
1032 1737 1123 1776 ipsius

385 1791 551 1817 structurae
573 1787 726 1824 vestigium
750 1786 779 1816 in
802 1786 887 1825 plano
910 1790 937 1815 et
959 1785 1045 1815 etiam
1067 1786 1124 1815 ele-

387 1837 510 1866 vationis
532 1836 659 1866 fabricae
686 1836 713 1865 in
731 1835 821 1865 altum
842 1834 999 1864 delineatio
1016 1834 1124 1864 suerint

387 1885 514 1916 exhibita
537 1889 565 1915 et
587 1885 792 1922 determinata,
815 1893 848 1913 ac
871 1884 949 1913 iuxta
972 1893 1053 1913 num.
1076 1892 1123 1912 xiv

387 1943 450 1973 cap.
472 1943 514 1963 xli
537 1933 679 1963 secundae
701 1933 791 1971 partis
813 1936 987 1962 statutorum
1011 1936 1123 1961 nostro-

388 1992 451 2012 rum
468 1992 482 2012 a
499 1981 696 2012 visitatoribus
713 1982 791 2019 prius
807 1981 983 2016 examinata,
1008 1980 1123 2009 tandem

389 2040 402 2060 a
420 2031 580 2060 reverendo
596 2035 677 2069 patre
700 2029 807 2058 suerint
829 2029 985 2068 approbata
1008 2033 1035 2058 et
1057 2029 1123 2057 sub-

389 2081 520 2117 signata·,
544 2079 650 2118 quibus
672 2083 770 2117 postea
792 2078 902 2107 nemini
929 2078 995 2107 licet
1017 2077 1124 2116 aliquid

389 2129 516 2158 notabile
532 2128 561 2158 in
578 2136 729 2157 murorum
746 2127 857 2156 ambitu
872 2127 989 2163 addere,
1009 2127 1125 2155 demere

390 2181 439 2207 aut
461 2178 616 2206 immutare
639 2176 747 2214 absque
770 2177 907 2213 expressa
931 2175 1059 2211 licentia,
1073 2175 1125 2204 sub

390 2228 483 2265 poena
505 2225 697 2255 absolutionis
720 2226 789 2254 ta1n¹
812 2224 920 2253 inflicta
944 2232 994 2262 per
1012 2224 1127 2253 ordina-

391 2276 497 2305 tionem
520 2275 640 2314 capituti
663 2273 806 2312 generalis
829 2273 897 2302 anui
915 2282 1007 2309 moen,
1027 2282 1125 2312 quam,

392 2324 485 2363 quoad
500 2324 582 2353 istam
600 2332 733 2362 poenam,
748 2332 933 2359 renovamus;
948 2321 1126 2358 ordinantes,

393 2378 424 2402 ut
445 2373 542 2402 nullus
565 2372 655 2411 possit
678 2372 807 2401 aedilicia
830 2371 883 2401 sub
914 2371 1019 2400 talibus
1048 2370 1127 2400 inde-

395 2419 557 2449 terminatis
583 2418 710 2448 licentiis
738 2428 814 2447 nunc
842 2418 956 2457 incepta
981 2417 1128 2457 prosequi,

396 2466 486 2496 donec
510 2465 656 2504 praesenti
678 2464 854 2494 ordinationi
876 2464 1050 2494 satisfecerit
1072 2474 1099 2491 )).

441 2525 461 2548 1.
490 2514 531 2547 De
556 2514 839 2546 commendatione
856 2514 938 2546 vitae
957 2513 1130 2547 solitariae,

204 2579 259 2595 wne
283 2568 436 2601 mmmm-515]
455 2578 549 2610 quam
567 2567 749 2610 specialiter
767 2577 876 2599 sumus
893 2565 1004 2606 vocati,
1031 2576 1131 2609 pauca

203 2602 295 2622 datione.

434 2631 443 2650 ⁴
467 2629 580 2658 Videtur
600 2629 741 2665 legendum
762 2630 820 2656 iam
840 2630 877 2663 (R.
893 2629 940 2664 T.).

960 228 1140 253 notuimus!
1164 227 1315 251 ROMANUM

1155 275 1318 313 dicemus,
1338 274 1478 307 scientes
1498 284 1568 308 eam
1594 285 1612 308 a
1635 276 1744 309 multis
1770 277 1890 310 sanctis

1155 332 1186 359 et
1210 327 1421 370 sapientibus,
1439 334 1470 360 et
1493 332 1602 361 tantae
1626 329 1838 370 auctoritatis,
1856 335 1893 363 ut

1157 391 1269 413 eorum
1293 381 1429 423 vestigia
1447 391 1512 414 non
1530 381 1628 414 simus
1645 383 1770 415 calcare
1789 382 1890 425 digni,

1156 433 1286 477 copiose
1308 435 1578 468 commendatam.
1598 434 1738 468 Nostris⁴
1757 436 1842 469 enim
1858 440 1894 469 ut

1157 487 1188 519 in
1213 486 1317 519 Veteri
1350 492 1382 519 et
1404 487 1491 520 Novo
1522 488 1658 521 maxime
1688 488 1893 522 Testatnento

1157 540 1265 573 omnia
1289 551 1373 583 pene
1399 541 1520 574 maiora
1546 546 1577 574 et
1601 541 1772 575 subtiliora
1789 552 1895 577 secre-

1158 599 1196 633 ta,
1222 604 1288 627 non
1314 594 1347 626 in
1373 594 1474 627 turbis
1499 595 1720 635 tumultuosis,
1739 596 1795 629 sed
1821 605 1895 630 curn

1158 647 1219 680 soli
1246 653 1365 685 essent,
1387 647 1442 680 Dei
1464 647 1592 681 famulis
1616 649 1758 682 revelata
1783 648 1894 689 ruisse,

1158 701 1313 744 ipsosque
1332 701 1386 733 Dei
1414 701 1559 740 famulos,
1579 711 1650 734 cum
1674 702 1724 735 vel
1748 702 1896 735 subtilius

1158 755 1278 798 aliquid
1304 755 1463 794 meditari,
1489 756 1537 788 vel
1562 754 1697 789 liberius
1722 766 1826 796 orare,
1845 756 1896 790 vel

1159 819 1176 841 a
1201 807 1339 841 terrenis
1364 817 1422 851 per
1439 808 1555 840 mentis
1573 815 1736 841 excessum
1760 805 1897 841 alienari

1160 866 1325 905 cuperent,
1356 861 1422 894 sere
1449 871 1579 904 semper
1603 861 1820 896 multitudinis
1844 860 1899 894 im·

1160 914 1346 958 pedimenta
1359 914 1484 954 vitasse,
1500 918 1531 947 et
1549 913 1733 947 solitudinis
1750 920 1897 958 captasse

1160 967 1420 1000 commoditates.

1205 1031 1239 1054 ιι.
1261 1020 1341 1053 ilinc
1360 1020 1478 1052 sactum
1503 1025 1562 1061 est,
1585 1025 1621 1053 ut
1645 1020 1770 1064 aliquot
1794 1030 1900 1055 exem-

1161 1073 1223 1117 plis
1250 1084 1287 1106 ea
1314 1083 1395 1116 quae
1418 1073 1554 1105 diximus
1576 1073 1792 1115 declarentur,
1811 1072 1900 1117 quod

1162 1127 1194 1159 in
1230 1137 1343 1169 agrum
1382 1126 1420 1159 ad
1455 1126 1676 1159 meditandum
1701 1126 1786 1159 Isaac
1811 1127 1901 1160 solus

1163 1180 1353 1222 egreditur,
1381 1179 1411 1211 id
1431 1179 1516 1212 enim
1541 1179 1568 1212 ei
1595 1190 1660 1212 non
1681 1180 1821 1221 casuale,
1843 1179 1902 1213 sed

1163 1232 1486 1267 consuetudinarium
1507 1233 1606 1265 fuisse
1621 1233 1819 1266 credendum
1838 1238 1900 1274 est;

1164 1288 1249 1330 quod
1275 1287 1382 1326 Iacob,
1410 1285 1595 1328 praemissis
1622 1285 1786 1326 omnibus,
1811 1286 1901 1319 solus

1165 1346 1316 1381 remanet,
1355 1340 1435 1372 facie
1470 1340 1508 1372 ad
1542 1339 1655 1372 faciem
1679 1338 1781 1372 Deum
1803 1338 1901 1380 videt,

1164 1394 1303 1427 nominis
1325 1393 1502 1426 mutatione
1530 1392 1563 1425 in
1587 1392 1711 1433 melius,
1738 1397 1770 1425 et
1795 1391 1904 1426 divina

1164 1448 1256 1479 simul
1282 1445 1511 1479 benedictione
1538 1445 1675 1484 ditatur,
1708 1446 1782 1489 plus
1817 1455 1904 1478 asse-

1164 1506 1282 1543 quutus
1308 1510 1372 1532 uno
1398 1504 1562 1532 momento
1587 1499 1687 1541 solus,
1714 1508 1810 1542 quam
1837 1502 1903 1532 toto

1166 1559 1311 1596 tempore
1337 1553 1430 1593 vitae,
1457 1552 1640 1585 comitatus.

1209 1617 1257 1640 111.
1285 1606 1406 1648 Moyses
1432 1615 1575 1648 quoque,
1602 1604 1687 1637 Elias
1712 1608 1808 1648 atque
1841 1604 1905 1639 Eli-

1165 1670 1238 1692 seus
1279 1659 1491 1692 solitudinem
1529 1658 1620 1691 testis
1657 1663 1705 1691 est
1739 1658 1905 1702 Scriptura

1166 1718 1318 1756 quantum
1343 1713 1502 1755 diligant3
1529 1717 1725 1755 quantumve,
1750 1722 1808 1755 per
1832 1722 1904 1746 eam

1166 1766 1200 1798 in
1223 1766 1403 1799 divinorum
1428 1770 1627 1798 secretorum
1650 1764 1903 1798 revelationibus

1167 1826 1332 1859 crescant,
1359 1830 1488 1862 quoque
1510 1820 1606 1852 modo
1632 1824 1665 1851 et
1689 1819 1775 1852 inter
1799 1817 1902 1852 homi-

1167 1883 1224 1906 nes
1245 1873 1475 1916 periclitentur
1492 1872 1632 1913 assidue,
1652 1875 1684 1904 et
1703 1882 1721 1904 a
1737 1870 1816 1911 Deo,
1833 1880 1906 1904 cum

1167 1926 1227 1959 soli
1253 1930 1340 1964 sunt,
1365 1925 1548 1957 visitentur.

1211 1989 1254 2012 lv.
1277 1978 1338 2011 Sed
1359 1983 1390 2010 et
1407 1978 1585 2011 Hieremias
1602 1978 1689 2011 solus
1706 1978 1809 2019 sedet,
1828 1977 1906 2022 quia

1167 2033 1221 2065 Dei
1243 2032 1494 2065 comminatione
1521 2033 1663 2075 repletus
1689 2037 1745 2072 est,
1763 2041 1903 2076 poscens

1167 2085 1235 2118 dari
1254 2096 1368 2128 aquam
1386 2085 1482 2128 capiti
1503 2096 1561 2118 suo
1586 2090 1618 2117 et
1636 2085 1737 2118 oculis
1754 2084 1820 2117 suis
1836 2084 1906 2118 son-

1169 2144 1231 2171 tem
1257 2139 1469 2181 lacrymarum
1506 2143 1541 2170 ut
1575 2139 1684 2181 lugeat
1716 2137 1905 2171 interfectos

1169 2192 1278 2235 populi
1304 2192 1361 2232 sui,
1388 2193 1495 2225 locum
1526 2202 1656 2235 quoque
1687 2191 1742 2225 ubi
1774 2201 1808 2225 se
1839 2196 1906 2225 tam

1169 2252 1281 2278 saneto
1306 2246 1408 2289 possit
1428 2245 1460 2277 in
1485 2255 1585 2288 opere
1604 2244 1737 2278 liberius
1753 2254 1905 2278 exercere

1170 2300 1320 2341 postulat,
1339 2299 1471 2331 dicens:
1492 2298 1572 2337 Quis
1589 2297 1678 2331 dabit
1693 2298 1779 2331 mihi
1801 2297 1913 2331 diver··

1170 2353 1293 2385 sarium
1328 2352 1506 2384 viatorium
1542 2353 1575 2384 in
1601 2350 1804 2384 solitudine?
1829 2357 1907 2385 tam-

1172 2417 1268 2449 quam
1295 2406 1357 2438 boc
1383 2405 1415 2437 in
1441 2405 1567 2437 civitate
1593 2405 1700 2438 facere
1725 2414 1791 2437 non
1815 2414 1907 2438 vaca-

1173 2465 1240 2491 ret:
1263 2459 1323 2491 boc
1349 2458 1445 2491 modo
1469 2457 1614 2491 indicans
1631 2463 1786 2501 quantum
1805 2457 1908 2501 impe·

1173 2512 1262 2544 <liant
1297 2511 1375 2544 socii
1411 2511 1544 2553 gratiam
1578 2511 1804 2554 laerymarum.
1830 2509 1908 2548 Quia

1174 2565 1281 2603 etiam,
1300 2575 1370 2596 rum
1390 2564 1540 2597 dixisset:
1561 2564 1690 2597 Bonum
1708 2568 1751 2596 est
1765 2566 1908 2607 praesto-

1151 2593 1154 2649 Ι
1210 2627 1219 2653 1
1245 2625 1344 2653 Forsan
1366 2626 1459 2655 Nostis
1478 2630 1516 2662 (a.
1536 2628 1584 2662 τ.).

1895 202 1946 252 dn.
1966 224 1996 252 C.
2012 224 2077 253 1688
