2111 3157
12 258 60 283 An.
76 256 105 281 C.
126 254 193 280 11:87

37 1204 65 1225 De
88 1204 143 1225 victu
167 1206 188 1225 et

6 1232 87 1253 vestitu.
98 1231 186 1260 aliisque

5 1263 137 1280 necessarus.

777 253 986 277 {NNOCENTIUS
1008 254 1038 277 xt
1062 254 1111 278 Pr.

202 302 404 335 scientiarum
426 312 568 335 amorem
582 302 832 334 inflammentur.
850 301 928 332 Dum

201 364 275 386 vero
306 354 336 386 S.
365 354 483 387 Callisti
509 354 604 387 aedes
635 353 815 397 praedictas
839 353 928 384 inco-

200 406 277 444 lent,
302 412 468 439 consuetas
485 406 640 439 lectiones
665 411 696 438 et
718 405 929 449 repetitiones

200 459 383 502 neutiquam
400 459 618 499 intermittant,
633 463 664 491 et
677 459 810 501 insuper
820 456 930 499 singil-

200 511 289 544 latim
316 512 421 544 theses
445 512 477 544 in
503 514 637 554 utraque
669 511 816 544 facultate
848 509 929 552 typis

201 560 370 604 impressas
390 561 517 604 publice
539 566 700 594 tueantur.
720 560 805 598 Quae
824 558 930 592 omnia

198 618 233 645 ut
251 614 397 653 alacrius,
417 613 541 646 facilius
560 619 591 646 et
607 613 803 646 commodius
816 609 928 653 exequi

200 667 352 705 valeant,
380 671 445 698 tum
478 667 614 699 lectores
644 670 710 697 tum
746 663 928 696 scholastici

195 719 246 753 sab
272 729 400 751 accessu
424 718 462 750 ad
500 717 729 750 monasterium
760 715 791 748 S.
831 715 929 753 Pauli,

190 769 198 776 ⁵
209 775 319 809 estivis
334 774 446 808 diebus
461 770 613 813 exceptis,
627 769 816 802 eximantur.
835 767 930 800 Prae-

198 827 274 861 dicti
301 837 376 860 vero
406 825 537 857 abbates
563 827 593 854 et
617 826 809 865 procurator
834 830 929 861 gene-

195 880 271 913 ralis
307 879 437 912 eosdem
471 878 609 909 lectores
640 873 796 917 peculiari
831 873 929 905 bene-

196 932 337 965 ficientia
362 937 394 964 et
418 929 611 973 specialibus
629 927 797 960 charitatis
816 925 928 958 officiis

195 989 447 1029 prosequantur,
467 982 593 1025 ipsique
606 981 755 1019 lectores,
773 977 927 1011 sexennio

196 1038 230 1071 in
250 1038 392 1081 praefato
415 1035 552 1077 collegio
570 1033 774 1067 laudabiliter
790 1032 928 1074 expleto,

197 1102 214 1124 a
249 1090 405 1132 religione
445 1088 561 1121 debitis
608 1085 786 1118 honoribus
827 1084 925 1116 deeo-

197 1149 320 1177 rentur.

241 1198 258 1240 §
281 1196 311 1229 7.
334 1196 479 1229 Ceterum
503 1192 662 1236 magistris
681 1196 712 1224 et
728 1190 939 1223 scholasticis«

199 1250 372 1294 praedictis
394 1248 541 1281 omnibus
567 1252 597 1279 et
621 1245 754 1287 singulis
777 1244 878 1276 victus
896 1248 927 1275 et

197 1303 349 1343 vestitus,
382 1299 585 1334 medicinalia
616 1304 645 1331 et
671 1298 732 1331 alia
763 1297 802 1330 ad
834 1296 925 1328 vitam

196 1355 379 1389 necessaria
395 1381 402 1394 ,
428 1353 663 1386 monachorum
689 1351 926 1387 Cassinensium

196 1419 284 1442 more
310 1414 342 1441 et
366 1406 441 1440 dicti
471 1405 657 1439 monasterii
683 1405 713 1437 S.
742 1405 826 1437 Pauli
853 1415 927 1437 con-

195 1461 366 1496 suetudine
392 1460 540 1498 servatis,
567 1459 605 1491 ab
627 1458 739 1492 eodem
764 1463 927 1491 monaste-

194 1516 243 1549 rio
268 1525 338 1548 cum
364 1513 449 1546 omni
471 1511 671 1553 benignitate
697 1511 924 1554 praebeantur.

194 1567 234 1602 Ut
259 1572 363 1601 autem
399 1565 630 1598 monasterium
668 1564 772 1608 ipsum
809 1564 925 1596 horum

194 1621 289 1653 causa
314 1619 394 1653 nulli
427 1618 590 1651 subiaceat
613 1617 837 1656 incommodo,
867 1627 927 1650 nec

194 1673 296 1715 magis
322 1678 483 1716 gravetur,
502 1682 572 1705 eum
594 1671 632 1704 de
648 1671 808 1713 praesenti
827 1671 928 1703 lector

195 1731 228 1758 et
245 1737 298 1759 sex
317 1725 506 1759 scholastici
524 1726 563 1757 ab
582 1725 696 1757 eodem
717 1734 753 1757 ex
772 1724 836 1757 suis
852 1734 927 1767 pro-

193 1780 345 1813 ventibus
371 1779 608 1817 substentetur,
636 1788 694 1820 pro
720 1778 782 1810 alio
807 1778 926 1810 lectore

195 1832 331 1875 aliisque
356 1831 560 1865 scholasticis
584 1831 739 1864 addendis
762 1840 862 1873 usque
887 1831 925 1864 ad

194 1885 429 1929 praescriptum
455 1894 623 1916 numerum
649 1883 827 1921 denarium,
851 1893 927 1926 pro-

195 1943 322 1970 curator
346 1936 507 1980 generalis
534 1936 636 1969 dictae
659 1935 926 1978 Congregationis

195 1989 299 2023 eidem
314 1987 737 2029 monasterio,cumetl'ectu,
749 1989 926 2027 sinemora,

194 2041 329 2085 singulis
354 2042 445 2075 annis
470 2043 633 2084 persolvat
665 2047 753 2074 scuta
777 2047 927 2074 sexcenta

198 2101 357 2128 monetae.
387 2094 485 2135 Quae,
512 2105 584 2128 cum
609 2094 691 2127 dicta
715 2095 926 2138 Congregatio

198 2147 390 2181 interusuria
404 2147 503 2180 debiti
521 2147 685 2189 sexaginta
701 2147 848 2187 millium,
862 2159 926 2191 quo

196 2201 228 2234 in
253 2207 364 2234 monte
389 2201 558 2234 novennali
583 2206 767 2244 nuncupato
794 2202 927 2234 obstrin-

198 2254 344 2296 gebatur,
364 2253 510 2292 diminui‚
529 2258 560 2286 et
584 2253 622 2285 ad
648 2253 805 2286 minorem
832 2265 927 2297 quan-

197 2307 319 2339 titatem
344 2306 455 2339 reduci
480 2316 584 2348 nuper
608 2305 803 2346 obtinuerit,
829 2317 864 2339 ex
891 2309 927 2339 ea

198 2362 331 2399 summa,
350 2369 430 2402 quae
451 2369 509 2401 per
527 2357 772 2391 diminutionem
801 2359 866 2391 sive
884 2370 927 2392 re-

199 2411 381 2445 ductionem
408 2411 590 2443 huiusmodi
610 2411 689 2443 sacta
706 2416 755 2443 est
779 2421 928 2455 compen*-

201 2464 260 2505 dii,
285 2465 476 2509 praestanda
501 2470 605 2497 crunt.
636 2464 690 2496 Cui
724 2465 877 2498 solutioni
904 2466 927 2498 si

196 2520 283 2561 ,ullus
307 2524 497 2561 procurator
522 2518 682 2560 generalis
700 2528 758 2560 pro
786 2523 927 2561 tempore

203 2571 340 2604 existens
365 2571 548 2604 satisfacere
582 2570 781 2613 neglexerit,
813 2572 861 2604 vel
887 2577 930 2604 te·

201 2633 289 2658 mere
313 2624 465 2664 renuerit,
484 2623 555 2666 ipso
581 2623 672 2663 sacto,
698 2623 820 2656 seclusa
844 2624 929 2657 omni

973 301 1200 340 excusatione,
1225 301 1378 344 nulloque
1413 301 1535 333 favente
1567 300 1676 332 colore
1693 326 1700 337 ,

973 354 1087 395 officio,
1107 355 1260 398 dignitate
1280 355 1429 388 abbatiali
1448 366 1484 387 ac
1508 364 1584 387 voce
1601 353 1702 386 activa

972 411 1003 438 et
1028 408 1152 449 passiva
1171 408 1201 440 in
1223 413 1415 452 perpetuum
1441 407 1583 451 privatus
1608 405 1702 438 intel-

971 458 1099 501 ligatur,
1119 461 1289 504 statimque
1307 473 1324 494 a
1342 461 1489 504 praeside
1507 460 1609 493 dictae
1625 457 1701 491 Con-

972 514 1168 553 gregationis
1185 514 1224 546 ab
1246 514 1360 553 officio,
1380 514 1479 556 gradu
1497 517 1527 545 et
1544 510 1700 554 dignitate

971 565 1134 607 depositus
1158 572 1189 600 et
1214 567 1353 609 privatus
1379 567 1578 606 declaretur3
1610 570 1702 608 pote-

971 623 1051 651 state
1085 619 1123 651 ad
1157 621 1287 652 eosdem
1319 621 1435 662 gradus
1471 625 1502 652 et
1530 618 1701 661 dignitates

970 669 1083 702 iterum
1114 671 1203 704 illum
1236 673 1416 705 assumendi
1452 673 1502 705 vel
1539 669 1698 704 rehabili-

971 723 1058 755 tandi
1085 724 1189 765 (Sede
1210 725 1392 768 Apostolica
1408 725 1612 767 inconsulta)
1630 735 1701 758 cun-

971 775 1028 807 ctis
1055 776 1182 817 penitus
1209 777 1388 810 interdieta.
1423 777 1510 815 Quod
1528 777 1552 810 si
1571 787 1701 820 praeses

972 828 1188 869 negligentiae
1207 831 1255 862 vel
1275 830 1497 863 conniventiae
1518 830 1549 862 in
1568 830 1617 863 his
1635 840 1702 863 exe·

971 880 1106 922 quendis
1130 891 1203 913 reus
1234 882 1384 921 extiterit,
1411 882 1442 914 in
1468 882 1597 915 easdem
1623 893 1702 925 poe-

1598 242 1661 276 733
1707 251 1756 278 An.
1789 249 1819 278 c.
1837 247 1899 276 ictu

970 944 1026 966 nas
1052 944 1083 966 se
1110 933 1181 975 ipso
1201 934 1283 968 sacto
1302 935 1628 968 noveritincurrisse.
1645 935 1702 968 Pe·
1735 979 1741 983 .

970 986 1081 1020 cuniae
1106 998 1191 1025 vero,
1215 988 1246 1020 in
1272 999 1403 1021 accessu
1433 988 1471 1020 ad
1504 988 1699 1031 collegium,

970 1045 1001 1072 et
1025 1051 1154 1073 recessu
1181 1042 1220 1074 ab
1245 1041 1310 1081 illo,
1328 1053 1364 1074 ac
1386 1042 1417 1074 in
1439 1041 1702 1074 conclusionibus

971 1094 1117 1136 quolibet
1141 1105 1224 1127 anno
1260 1095 1486 1138 imprimendis
1518 1095 1702 1138 expenden-

970 1146 1043 1185 dae,
1070 1157 1087 1179 a
1120 1147 1324 1179 monasteriis
1348 1148 1559 1189 professionis
1592 1157 1702 1180 eorum

969 1200 1123 1232 lectorum
1152 1206 1182 1232 et
1217 1200 1487 1234 scholasticorum
1523 1201 1702 1245 respective

968 1252 1263 1285 subministrentur.

1013 1305 1026 1345 ,ἓ
1052 1303 1082 1336 8.
1110 1304 1217 1337 Liceat
1241 1310 1346 1337 autem
1372 1305 1548 1346 abhatibus,
1576 1311 1607 1339 et
1630 1306 1702 1340 aliis

971 1357 1128 1399 praefatae
1146 1357 1409 1399 Congregationis
1423 1358 1622 1392 Cassinensis
1636 1370 1704 1393 mo-

970 1410 1110 1442 nasteria
1134 1411 1314 1453 respective
1339 1411 1549 1453 regentibus,
1575 1422 1702 1446 necnon

971 1462 1039 1495 aliis
1060 1463 1230 1495 abbatibus
1248 1464 1295 1496 vel
1318 1464 1542 1506 superioribus
1568 1465 1702 1498 aliarum

969 1515 1261 1558 Congregationum
1277 1517 1510 1549 monachorum
1531 1518 1702 1560 nigrorum

970 1574 1091 1601 tantum
1110 1570 1166 1601 sub
1185 1569 1215 1602 S.
1236 1570 1399 1602 Benedicti
1427 1571 1538 1613 regula
1563 1570 1704 1604 militan-

971 1622 1066 1661 tium,
1092 1633 1190 1666 supra
1215 1623 1449 1667 praescriptum
1476 1624 1585 1657 decem
1609 1624 1704 1658 scho⁶

969 1675 1083 1707 larium
1109 1685 1290 1715 numerum,
1309 1677 1498 1719 praehabito
1515 1677 1547 1709 in
1573 1677 1701 1720 scriptis

969 1727 1126 1770 praesidis
1161 1729 1264 1763 dictae
1302 1728 1568 1771 Congregationis
1603 1730 1704 1763 Cassi⁶

969 1781 1078 1814 nensis
1115 1792 1151 1815 ac
1187 1782 1311 1815 abbatis
1343 1783 1528 1816 monasterii
1555 1783 1586 1817 S.
1613 1782 1702 1818 Pauli

970 1838 1000 1866 ct
1033 1834 1254 1876 procuratoris
1291 1835 1450 1876 generalis
1485 1836 1702 1877 praelatorum

969 1897 1146 1928 consensu,
1173 1888 1252 1921 alios
1287 1889 1462 1922 monachos
1494 1890 1703 1924 monasterio*

969 1950 1038 1971 rum
1064 1940 1180 1983 quibus
1209 1941 1356 1983 praesint
1387 1942 1531 1975 alumnos
1564 1943 1603 1975 ad
1639 1943 1703 1982 col-

969 1992 1087 2034 legium
1122 1993 1324 2035 praedictum
1354 1994 1508 2033 mittere,
1536 1987 1703 2036 persoluta

969 2045 1139 2088 quotannis
1159 2046 1242 2079 dicto
1260 2047 1459 2079 monasterio
1477 2048 1507 2080 S.
1528 2047 1625 2087 Pauli,
1642 2058 1701 2091 pro

970 2099 1157 2132 eorumdem
1183 2101 1417 2133 sustentatione
1437 2100 1572 2144 aliisque
1590 2111 1702 2134 neces·

970 2152 1071 2192 sariis,
1087 2151 1287 2184 convenienti
1307 2153 1463 2195 pecuniae
1490 2155 1624 2186 summa.
1644 2153 1701 2191 Qui

969 2214 1064 2247 supra
1087 2214 1254 2237 numerum
1280 2205 1440 2245 mittendi,
1459 2205 1588 2238 casdem
1610 2207 1702 2239 colle»

969 2257 1010 2297 gii
1035 2257 1134 2298 leges,
1153 2262 1270 2288 statuta
1296 2262 1328 2288 et
1353 2257 1615 2298 consuetudines,
1633 2257 1702 2301 qui-

969 2310 1027 2341 bus
1053 2308 1152 2341 ceteri
1179 2309 1362 2342 scholastici
1381 2309 1510 2342 obnoxii
1530 2315 1613 2351 sunt,
1634 2321 1702 2344 ser-

970 2372 1042 2395 vare
1067 2362 1198 2394 omnino
1225 2367 1404 2395 teneantur.

1014 2415 1028 2457 ἓ
1053 2414 1083 2447 9.
1111 2414 1188 2452 Quia
1219 2425 1294 2447 vero
1325 2415 1362 2447 ad
1395 2416 1570 2457 praemissa
1595 2416 1702 2450 omnia

971 2477 1105 2510 prorsus
1130 2467 1316 2509 exequenda
1341 2467 1540 2510 potissimum
1566 2469 1703 2502 obstrin—

972 2524 1088 2561 guntur
1112 2524 1144 2551 et
1167 2520 1258 2552 valde
1285 2520 1433 2553 conferre
1459 2526 1596 2563 possunt
1626 2521 1702 2564 ipsi-

972 2577 1037 2605 met
1054 2571 1221 2613 religionis
1243 2572 1437 2614 superiores,
1457 2572 1576 2606 idcirco
1593 2574 1703 2606 statui·-

974 2635 1040 2656 mus
1061 2624 1182 2667 pariter
1199 2629 1229 2656 et
1245 2623 1441 2664 ordinamus,
1461 2630 1495 2656 ut
1512 2625 1543 2657 in
1559 2625 1704 2669 quolibet

1747 1312 1776 1333 De
1796 1319 1897 1340 suprann-

1714 1339 1818 1362 mei-artis.

1735 2417 1764 2441 De
1777 2419 1895 2447 pramlirtn·

1713 2453 1756 2467 l'unt
1805 2454 1895 2469 tunulum

1713 2475 1843 2494 executione.
