2111 3157
7 255 55 280 An.
72 252 101 281 C.
122 250 187 279 1687

29 1577 95 1598 cfflvr
109 1576 141 1597 lx.

28 1603 56 1623 Do
77 1603 176 1628 regimine

0 1657 31 1676 lis.

781 252 993 277 INNOCENTIUS
1016 253 1047 276 XI
1071 253 1120 276 1³1².

195 299 342 340 triclinio,
361 306 393 334 et
409 311 461 334 eas
481 301 565 334 dicet
592 301 691 334 frater
715 302 846 340 zelator,
872 300 926 343 qui

193 364 253 397 pro
277 354 332 387 illa
354 354 536 397 septimana
558 354 654 387 suerit
677 354 870 393 nominatus,
896 358 927 386 et

192 412 265 451 post
288 417 421 441 coenam
446 406 557 440 finient
581 418 653 440 cum
670 418 734 440 uno
759 416 926 449 responso-

193 460 251 501 rio,
271 471 306 494 ac
324 461 468 494 oratione
492 465 619 494 sanctae
644 460 758 503 synodi
782 470 842 502 pro
859 458 926 491 ani-

192 514 305 546 mabus
318 514 506 557 purgatorii,
525 523 643 556 eosque
662 512 839 546 adveniam
858 522 926 554 pro-

192 572 309 599 stratos
334 567 484 599 lustrabit
509 566 669 609 superior.

235 618 267 651 6.
294 618 369 651 Post
392 619 562 661 prandium
581 624 612 651 et
628 628 775 656 coenam,
795 615 924 659 aliquod

191 671 396 704 intervallum
421 671 585 703 habebunt
606 670 771 702 familiaris
796 678 925 701 conver-

191 724 332 764 sationis,
350 729 382 757 et
397 730 470 767 post
487 734 557 756 eam
571 723 732 755 indicetur
756 722 864 754 sonitu
882 722 923 754 si-

189 778 337 817 lentium,
362 777 447 820 quod
471 775 631 809 observari
657 775 755 808 debet
778 775 925 807 adamus-

191 830 250 862 sim
284 841 302 862 a
335 830 441 873 prima
468 839 569 871 usque
595 829 634 861 ad
659 827 833 860 secundam
868 837 925 869 po-

189 882 412 921 meridianam,
429 893 446 914 a
470 884 556 915 nona
580 882 736 914 nocturna
760 891 860 923 usque
885 880 923 911 ad

190 940 314 968 sextam
339 935 542 975 matutinam,
565 944 744 977 omnesque
770 934 832 966 diei
858 943 925 965 cur-

189 988 292 1021 riculo
313 994 426 1021 curent
449 988 622 1021 observare
646 987 809 1020 silentium
837 986 923 1029 quod

190 1051 249 1084 per
273 1046 382 1074 nostra
405 1041 516 1074 licebit
538 1040 726 1073 ministeria.

236 1094 266 1127 7.
294 1094 364 1127 Non
397 1098 551 1137 poterunt
578 1094 694 1126 fratres
715 1103 847 1126 exarare
875 1092 923 1125 lit-

189 1153 274 1180 teras
293 1157 352 1180 nec
369 1147 554 1189 scripturas,
569 1157 675 1189 neque
690 1157 742 1178 eas
757 1145 920 1189 recipient,

189 1201 312 1243 absque
339 1200 493 1244 peculiari
518 1200 670 1242 praefecti
695 1199 837 1238 licentia,
864 1209 923 1231 nec

188 1253 311 1296 pariter
334 1259 490 1297 poterunt
524 1253 556 1285 in
589 1253 725 1286 alioruin
760 1252 922 1285 conclavia

188 1305 329 1347 ingredi,
352 1316 456 1348 neque
482 1305 514 1337 in
539 1305 737 1345 novitiatum,
765 1315 824 1337 nec
844 1304 921 1336 alias

189 1358 381 1391 domesticas
399 1358 542 1390 officinas
560 1358 683 1396 domus,
703 1357 764 1389 nisi
786 1357 858 1399 quis
878 1356 921 1388 in-

189 1410 329 1452 diguerit
363 1411 448 1450 illis,
475 1421 555 1453 quae
589 1411 666 1442 inibi
693 1411 865 1449 extabunt,
891 1414 922 1442 et

189 1469 263 1495 tunc
286 1463 319 1496 id
345 1463 390 1496 eis
411 1463 530 1503 licebit,
552 1463 651 1507 petita
672 1474 688 1496 a
707 1462 868 1505 praesecto
885 1462 921 1494 li-

188 1516 306 1549 centia.

232 1568 262 1600 1.
290 1568 351 1601 Pro
387 1573 517 1601 nostrae
555 1569 719 1602 societatis
756 1578 921 1600 conserva-

0 1632 176 1650 nnstmesueieta-
189 1621 289 1661 tione,
308 1627 340 1654 et
356 1626 391 1653 ut
415 1627 476 1654 tam
504 1622 589 1664 pium
608 1622 785 1653 institutum
811 1632 920 1653 manu-

188 1679 346 1713 teneatur,
362 1675 475 1707 adesse
497 1674 625 1706 debebit
651 1674 811 1715 generalis
829 1684 920 1716 prae-

186 1727 288 1760 fectus
313 1727 365 1759 cui
390 1727 572 1760 obediatur.

229 1780 260 1812 ⁶2.
288 1780 315 1812 Is
340 1781 454 1818 etiam,
482 1781 536 1823 qui
572 1791 631 1823 per
662 1780 852 1813 electionem
878 1780 920 1811 in-

186 1834 232 1865 sra
249 1833 453 1866 indicandam
470 1833 650 1875 praefectus
665 1833 823 1874 generalis
845 1843 919 1865 con-

186 1886 350 1925 stituetur,
370 1886 484 1923 durare
507 1886 602 1918 debet
621 1886 651 1917 in
670 1885 822 1917 exer-*itio
848 1885 918 1917 tulis

184 1939 326 1971 muneris
352 1949 410 1981 per
435 1938 626 1971 sexenuium
653 1943 788 1970 tantuin.

228 1991 260 2024 3.
298 1991 334 2023 Et
365 1990 520 2033 quoniam
556 1991 652 2023 debet
692 1990 816 2035 luthere
842 1991 918 2022 assi-

185 2049 306 2077 stentes
323 2044 505 2086 praefectus
523 2043 693 2085 generalis,
712 2054 782 2075 cuni
805 2043 918 2085 quibus

185 2096 320 2138 negocia
337 2096 539 2129 occurrentia
551 2097 694 2128 couserat
709 2101 739 2128 et
758 2096 916 2138 expediat,

185 2150 262 2183 hinc
287 2156 336 2182 est
364 2150 448 2193 quod
466 2149 552 2181 iuxta
578 2150 710 2182 sormam
736 2149 818 2181 infra
837 2149 918 2181 desi-

185 2203 345 2245 gnandam
381 2202 457 2244 eligi
493 2202 659 2234 debebunt
693 2202 746 2235 alii
781 2207 918 2245 quatuor

184 2256 300 2288 fratres
325 2255 484 2288 habentes
510 2255 679 2297 qualitates
704 2255 786 2287 infra
811 2255 918 2297 requi-

185 2309 281 2348 sitas,
306 2308 361 2351 qui
386 2308 443 2340 sub
476 2308 696 2340 assistentium
728 2308 820 2340 titulo
846 2318 917 2340 cum

184 2361 348 2405 praesecto
373 2360 515 2402 generali
541 2362 659 2402 degere
684 2361 829 2400 debeant,
851 2362 919 2404 qui-

186 2425 247 2457 que
272 2415 310 2447 ab
336 2414 452 2447 eodem
485 2414 647 2456 praesecto
683 2425 746 2456 quo
780 2414 919 2447 voluerit

186 2467 354 2500 convocari
372 2466 500 2510 possint
517 2466 554 2498 ad
574 2467 798 2508 pertractanda
823 2473 855 2500 et
871 2477 920 2500 ex-

186 2517 349 2562 pedienda
364 2516 499 2558 negocia
513 2517 727 2557 occurrentia,
743 2517 920 2551 habebunt-

187 2581 249 2614 que
274 2571 430 2613 praedicti
467 2570 650 2603 assistentes
676 2576 781 2603 votum
807 2571 919 2604 decisi-

968 300 1090 343 pariter
1113 299 1330 333 assistentium
1353 309 1488 332 munera
1509 297 1627 331 debent
1648 298 1700 330 du-

968 364 1037 386 rare
1062 364 1121 396 per
1144 353 1350 393 sexennium3
1370 357 1402 385 et
1419 352 1568 396 quoniam
1586 351 1618 383 in
1638 351 1700 383 hoc

967 407 1060 440 initio
1078 418 1142 440 non
1157 413 1263 450 potest
1275 408 1314 440 ad
1327 406 1449 450 praxim
1466 405 1581 439 deduci
1600 405 1700 437 forma

967 460 1049 493 inl'ra
1073 461 1271 503 praescripta
1304 470 1401 502 super
1426 459 1601 498 electione,
1634 463 1698 490 tam

967 513 1122 556 praefecti
1147 512 1319 555 generalis,
1340 523 1436 556 quam
1460 510 1696 551 assistentium,

967 572 998 599 et
1021 566 1232 599 nihilominus
1264 565 1458 599 introductio
1489 565 1610 598 formae
1643 574 1698 606 gu-

966 618 1071 651 bernii
1103 618 1285 651 necessaria
1325 623 1396 657 est,
1430 622 1602 660 propterea
1638 627 1698 659 pro

966 671 1069 713 prima
1091 671 1161 703 vice
1187 671 1373 712 dignabitur
1397 669 1618 702 sanctissimus
1643 670 1700 702 do-

966 724 1072 756 minus
1089 728 1198 756 noster
1215 724 1300 765 Papa
1325 722 1530 756 Innocentius
1546 722 1584 754 >11
1602 721 1700 755 nomi-

966 787 1043 809 nare
1069 787 1169 808 unum
1200 787 1236 808 ex
1262 776 1412 808 fratribus
1442 775 1474 807 iu
1498 775 1701 817 praesectum

967 830 1151 871 generalem
1178 828 1279 861 dietae
1305 828 1486 867 societatiS,
1505 832 1537 860 et
1564 833 1701 870 quatuor

967 883 1046 915 alios
1072 882 1103 914 in
1129 881 1314 914 assistentes
1339 881 1378 913 ad
1402 880 1592 913 sexennium
1610 880 1700 912 dura-

967 940 1074 974 turos,
1100 934 1154 977 qui
1179 934 1326 966 eamdem
1358 933 1500 966 habeant
1529 932 1700 965 auctorita-

968 994 1041 1029 tem,
1058 989 1193 1032 perinde
1219 998 1253 1020 ac
1271 988 1298 1020 si
1318 987 1461 1030 legitime
1487 997 1504 1018 a
1522 986 1615 1019 dictis
1641 986 1702 1019 sra-

967 1042 1069 1074 tribus
1094 1042 1189 1074 electi
1215 1041 1332 1074 serent.

1009 1094 1040 1127 4.
1080 1094 1234 1127 Praefecti
1281 1092 1444 1135 generalis
1487 1091 1604 1124 electio
1642 1101 1699 1134 pro

966 1148 1069 1190 prima
1094 1147 1162 1181 vice
1195 1146 1355 1179 celebrari
1388 1145 1522 1178 debebit
1546 1144 1577 1176 in
1603 1145 1700 1177 domo

965 1200 1171 1239 Guatimalae‚
1189 1199 1340 1242 quoniam
1366 1199 1435 1241 ipsa
1460 1203 1510 1230 est
1533 1198 1648 1230 matrix
1670 1203 1701 1229 et

966 1253 1068 1296 prima
1093 1253 1184 1294 origo
1209 1258 1340 1285 nostrae
1366 1251 1542 1291 societatis,
1572 1256 1608 1283 ut
1638 1250 1698 1282 iste

965 1307 1071 1338 honor
1106 1306 1153 1338 illi
1191 1306 1363 1338 tribuatur.
1391 1304 1559 1347 Perpetuis
1592 1309 1698 1335 autem

966 1360 1080 1392 suturis
1118 1359 1338 1402 temporibus,
1367 1357 1518 1401 quoniam
1547 1357 1579 1389 ln
1604 1356 1698 1389 dictis

964 1412 1163 1445 Gnatimalae
1187 1412 1361 1455 provinciis
1392 1416 1525 1453 propter
1553 1411 1697 1443 locorum

965 1465 1137 1508 qualitates
1167 1469 1199 1497 et
1224 1465 1394 1497 domorum
1419 1462 1588 1506 penuriam
1613 1463 1699 1505 capi-

966 1519 1030 1551 tula
1055 1517 1220 1560 generalia
1252 1516 1408 1549 celebrari
1440 1516 1607 1549 commode
1634 1526 1699 1548 non

964 1576 1108 1613 possunt,
1135 1571 1211 1602 liiuc
1242 1575 1292 1603 est
1316 1569 1418 1613 quod,
1454 1570 1583 1611 excepta
1615 1569 1699 1601 dicta

965 1625 1068 1667 prima
1092 1624 1267 1661 electione,
1293 1622 1458 1665 perpetuis
1483 1622 1596 1654 suturis
1621 1627 1698 1653 teni-

964 1677 1107 1720 poribus,
1133 1676 1247 1709 electio
1273 1675 1429 1718 praefecti
1455 1675 1638 1716 generalis,
1667 1680 1700 1707 et

964 1730 1089 1771 reliqua
1115 1729 1222 1761 omnia
1254 1738 1335 1770 quae
1361 1728 1392 1759 in
1417 1727 1623 1769 generalibus
1650 1737 1698 1759 co-

964 1782 1060 1814 niitiis
1087 1782 1245 1824 explenda
1264 1786 1346 1820 sunt,
1365 1780 1434 1812 fieri
1450 1780 1583 1813 debebit
1600 1780 1698 1812 alter-

964 1835 1062 1866 natim
1088 1834 1193 1866 Liuiae
1220 1838 1250 1865 et
1275 1833 1405 1871 Mexici,
1432 1843 1514 1875 quae
1540 1837 1614 1864 sunt
1639 1833 1696 1864 do-

963 1898 1032 1919 mus
1052 1886 1260 1928 antiquiores,
1279 1886 1358 1918 itaut
1379 1885 1553 1927 incipiatur
1567 1896 1583 1917 a
1601 1885 1696 1917 domo

964 1940 1087 1978 Liuiae,
1107 1950 1142 1971 ac
1168 1939 1285 1970 deinde
1311 1939 1343 1970 in
1368 1939 1462 1971 domo
1488 1937 1608 1977 Mexici,
1634 1938 1696 1970 lioc

962 1994 1057 2025 ruodo
1083 1992 1258 2025 electiones
1278 1991 1468 2024 alternando
1482 2018 1489 2030 ‚
1507 2001 1568 2033 quo
1593 2001 1696 2033 aequa

964 2046 1101 2078 liabetur
1126 2045 1207 2077 ratio
1234 2045 1411 2084 domorum,
1434 2055 1513 2087 quae
1537 2049 1610 2076 actu
1630 2045 1696 2076 exi-

962 2104 1056 2139 stunt,
1075 2104 1106 2131 et
1131 2098 1254 2130 favente
1280 2098 1334 2130 Dei
1360 2097 1581 2131 misericordia
1598 2097 1696 2140 impo-

962 2157 1083 2184 sterum
1098 2152 1260 2191 extabunt,
1278 2150 1311 2183 in
1328 2150 1420 2183 dictis
1445 2151 1553 2192 regnis
1571 2155 1603 2183 et
1619 2160 1694 2193 pro-

960 2205 1084 2237 vinciis.

1004 2257 1036 2289 5.
1063 2256 1185 2289 Electio
1211 2256 1366 2299 praefecti
1403 2257 1565 2298 generalis
1596 2257 1695 2290 dehet

962 2310 1031 2343 fieri
1057 2320 1073 2342 a
1098 2309 1215 2342 vicario
1241 2311 1385 2351 generali
1408 2315 1443 2341 ut
1466 2309 1549 2342 infra
1574 2311 1694 2343 denun-

961 2363 1085 2402 ciando,
1114 2373 1130 2395 a
1164 2367 1301 2405 quatuor
1324 2362 1564 2402 assistentibus,
1595 2373 1612 2395 a
1644 2373 1694 2395 se-

962 2417 1098 2449 cretario
1123 2416 1275 2457 generali,
1302 2416 1340 2448 ab
1368 2416 1517 2448 omnibus
1542 2416 1692 2449 fratribus

962 2469 1155 2512 praesectis,
1180 2473 1211 2501 et
1243 2469 1418 2511 antiquiori
1451 2469 1590 2502 discreto
1616 2480 1694 2513 quo-

962 2531 1171 2564 rumcumque
1196 2521 1416 2564 hospitalium,
1434 2531 1562 2555 necnon
1587 2533 1604 2555 a
1627 2533 1694 2556 ma-

963 2573 1070 2615 gistris
1090 2573 1296 2606 novitiorum.
1317 2574 1364 2606 Ad
1386 2585 1480 2617 quam
1500 2575 1693 2609 electionem

186 2633 268 2663 vum,
288 2633 351 2656 non
369 2623 617 2657 consultativum
642 2628 774 2664 tantum,
791 2629 819 2657 et
843 2625 920 2658 haec
963 2631 1015 2658 aut
1039 2626 1265 2669 personaliter,
1293 2632 1346 2660 aut
1370 2638 1428 2671 per
1452 2634 1698 2672 procuratorem

1596 239 1660 273 743
1705 252 1754 276 Au.
1777 249 1806 275 (2.
1827 249 1889 275 1187
