<?xml version="1.0" encoding="UTF-8"?>
<!DOCTYPE html PUBLIC "-//W3C//DTD XHTML 1.0 Transitional//EN"
    "http://www.w3.org/TR/xhtml1/DTD/xhtml1-transitional.dtd">
<html xmlns="http://www.w3.org/1999/xhtml" xml:lang="en" lang="en">
 <head>
  <title>
</title>
<meta http-equiv="Content-Type" content="text/html;charset=utf-8" />
  <meta name='ocr-system' content='tesseract 3.04.00' />
  <meta name='ocr-capabilities' content='ocr_page ocr_carea ocr_par ocr_line ocrx_word'/>
</head>
<body>
  <div class='ocr_page' id='page_1' title='image "./bullarumdiplomat19cath_0351.png"; bbox 0 0 2111 3157; ppageno 0'>
   <div class='ocr_carea' id='block_1_1' title="bbox 192 188 1890 332">
    <p class='ocr_par' dir='ltr' id='par_1_1' title="bbox 192 188 1890 332">
     <span class='ocr_line' id='line_1_1' title="bbox 784 188 1890 226; baseline 0.004 -5"><span class='ocrx_word' id='word_1_1' title='bbox 784 197 996 222; x_wconf 70' lang='lat' dir='ltr'>INNOCENTIUS</span> <span class='ocrx_word' id='word_1_2' title='bbox 1018 198 1050 221; x_wconf 80' lang='lat' dir='ltr'>xl</span> <span class='ocrx_word' id='word_1_3' title='bbox 1074 198 1122 221; x_wconf 79' lang='grc' dir='ltr'>ΡΡ.</span> <span class='ocrx_word' id='word_1_4' title='bbox 1593 188 1657 222; x_wconf 72' lang='lat'>317</span> <span class='ocrx_word' id='word_1_5' title='bbox 1702 197 1752 225; x_wconf 83' lang='lat' dir='ltr'>An.</span> <span class='ocrx_word' id='word_1_6' title='bbox 1769 197 1798 225; x_wconf 88' lang='lat' dir='ltr'>C.</span> <span class='ocrx_word' id='word_1_7' title='bbox 1822 198 1890 226; x_wconf 75' lang='lat'>¹680</span> 
     </span>
     <span class='ocr_line' id='line_1_2' title="bbox 193 243 1623 284; baseline 0.003 -12"><span class='ocrx_word' id='word_1_8' title='bbox 193 253 249 283; x_wconf 89' lang='lat' dir='ltr'>qua</span> <span class='ocrx_word' id='word_1_9' title='bbox 263 243 395 282; x_wconf 67' lang='lat' dir='ltr'>recitata,</span> <span class='ocrx_word' id='word_1_10' title='bbox 409 244 574 275; x_wconf 81' lang='lat' dir='ltr'>immediate</span> <span class='ocrx_word' id='word_1_11' title='bbox 591 245 724 276; x_wconf 87' lang='lat' dir='ltr'>dicantur</span> <span class='ocrx_word' id='word_1_12' title='bbox 739 245 842 284; x_wconf 87' lang='lat' dir='ltr'>psalmi</span> <span class='ocrx_word' id='word_1_13' title='bbox 861 255 927 284; x_wconf 86' lang='lat' dir='ltr'>poe-</span> <span class='ocrx_word' id='word_1_14' title='bbox 1042 246 1138 276; x_wconf 78' lang='lat' dir='ltr'><strong>CAPUT</strong></span> <span class='ocrx_word' id='word_1_15' title='bbox 1159 245 1252 276; x_wconf 82' lang='lat' dir='ltr'>XLIX.</span> <span class='ocrx_word' id='word_1_16' title='bbox 1277 261 1312 267; x_wconf 89' lang='lat'>-—</span> <span class='ocrx_word' id='word_1_17' title='bbox 1334 245 1374 276; x_wconf 80' lang='lat' dir='ltr'>De</span> <span class='ocrx_word' id='word_1_18' title='bbox 1397 245 1623 284; x_wconf 69' lang='lat' dir='ltr'>Quadrayesz&#39;mae</span> 
     </span>
     <span class='ocr_line' id='line_1_3' title="bbox 192 292 1429 332; baseline 0.003 -11"><span class='ocrx_word' id='word_1_19' title='bbox 192 292 358 322; x_wconf 87' lang='lat' dir='ltr'>nitentiales</span> <span class='ocrx_word' id='word_1_20' title='bbox 373 302 440 322; x_wconf 91' lang='lat' dir='ltr'>cum</span> <span class='ocrx_word' id='word_1_21' title='bbox 456 294 574 329; x_wconf 57' lang='lat' dir='ltr'>litaniis</span> <span class='ocrx_word' id='word_1_22' title='bbox 588 294 633 324; x_wconf 81' lang='lat' dir='ltr'>vel</span> <span class='ocrx_word' id='word_1_23' title='bbox 655 294 819 332; x_wconf 82' lang='lat' dir='ltr'>graduales,</span> <span class='ocrx_word' id='word_1_24' title='bbox 843 298 870 323; x_wconf 90' lang='lat' dir='ltr'>et</span> <span class='ocrx_word' id='word_1_25' title='bbox 885 294 926 323; x_wconf 85' lang='lat' dir='ltr'>os·</span> <span class='ocrx_word' id='word_1_26' title='bbox 1238 296 1429 325; x_wconf 70' lang='lat' dir='ltr'>observatione.</span> 
     </span>
    </p>
   </div>
   <div class='ocr_carea' id='block_1_2' title="bbox 193 340 1892 395">
    <p class='ocr_par' dir='ltr' id='par_1_2' title="bbox 193 340 1892 395">
     <span class='ocr_line' id='line_1_4' title="bbox 193 340 1892 395; baseline 0.003 -25"><span class='ocrx_word' id='word_1_27' title='bbox 193 340 290 370; x_wconf 87' lang='lat' dir='ltr'>ficium</span> <span class='ocrx_word' id='word_1_28' title='bbox 319 340 519 372; x_wconf 82' lang='lat' dir='ltr'>defunctorum</span> <span class='ocrx_word' id='word_1_29' title='bbox 534 364 541 378; x_wconf 94' lang='lat'><strong><em>‚</em></strong></span> <span class='ocrx_word' id='word_1_30' title='bbox 565 342 679 381; x_wconf 86' lang='lat' dir='ltr'>quando</span> <span class='ocrx_word' id='word_1_31' title='bbox 706 343 737 372; x_wconf 81' lang='lat' dir='ltr'>fit</span> <span class='ocrx_word' id='word_1_32' title='bbox 766 342 800 372; x_wconf 92' lang='lat' dir='ltr'>de</span> <span class='ocrx_word' id='word_1_33' title='bbox 831 342 904 371; x_wconf 68' lang='lat' dir='ltr'>seria</span> <span class='ocrx_word' id='word_1_34' title='bbox 915 364 922 377; x_wconf 89' lang='lat'>‚</span> <span class='ocrx_word' id='word_1_35' title='bbox 1010 351 1098 384; x_wconf 60' lang='lat' dir='ltr'>Licet</span> <span class='ocrx_word' id='word_1_36' title='bbox 1115 352 1202 384; x_wconf 73' lang='lat' dir='ltr'>omni</span> <span class='ocrx_word' id='word_1_37' title='bbox 1217 358 1361 395; x_wconf 54' lang='lat' dir='ltr'>tempore</span> <span class='ocrx_word' id='word_1_38' title='bbox 1377 352 1440 385; x_wconf 63' lang='lat' dir='ltr'>vim</span> <span class='ocrx_word' id='word_1_39' title='bbox 1455 352 1605 386; x_wconf 71' lang='lat' dir='ltr'>monachi</span> <span class='ocrx_word' id='word_1_40' title='bbox 1622 352 1699 391; x_wconf 74' lang='lat' dir='ltr'>Qua.</span> <span class='ocrx_word' id='word_1_41' title='bbox 1735 360 1779 380; x_wconf 75' lang='lat' dir='ltr'>noc</span> <span class='ocrx_word' id='word_1_42' title='bbox 1794 366 1892 385; x_wconf 54' lang='lat' dir='ltr'>manser.</span> 
     </span>
    </p>
   </div>
   <div class='ocr_carea' id='block_1_3' title="bbox 191 389 1892 477">
    <p class='ocr_par' dir='ltr' id='par_1_3' title="bbox 191 389 1892 477">
     <span class='ocr_line' id='line_1_5' title="bbox 191 389 1892 445; baseline 0.007 -17"><span class='ocrx_word' id='word_1_43' title='bbox 191 389 271 418; x_wconf 62' lang='lat' dir='ltr'>ium</span> <span class='ocrx_word' id='word_1_44' title='bbox 293 389 510 428; x_wconf 82' lang='lat' dir='ltr'>dispositionem</span> <span class='ocrx_word' id='word_1_45' title='bbox 532 389 675 419; x_wconf 83' lang='lat' dir='ltr'>rubricae.</span> <span class='ocrx_word' id='word_1_46' title='bbox 869 437 874 443; x_wconf 57' lang='grc'>,</span> <span class='ocrx_word' id='word_1_47' title='bbox 966 402 1168 445; x_wconf 80' lang='lat' dir='ltr'>dragesimae</span> <span class='ocrx_word' id='word_1_48' title='bbox 1201 405 1319 438; x_wconf 89' lang='lat' dir='ltr'>debeat</span> <span class='ocrx_word' id='word_1_49' title='bbox 1348 405 1610 438; x_wconf 86' lang='lat' dir='ltr'>observationem</span> <span class='ocrx_word' id='word_1_50' title='bbox 1641 389 1892 438; x_wconf 53' lang='lat' dir='ltr'>1,3-ss&#39;5&#39;1¹‘11⁵&#39;⁰s¹2¹³3l?&lt;11³.</span> 
     </span>
     <span class='ocr_line' id='line_1_6' title="bbox 231 437 924 477; baseline -0.001 -10"><span class='ocrx_word' id='word_1_51' title='bbox 231 447 280 467; x_wconf 87' lang='lat' dir='ltr'>vn.</span> <span class='ocrx_word' id='word_1_52' title='bbox 303 437 398 477; x_wconf 87' lang='lat' dir='ltr'>Spatia</span> <span class='ocrx_word' id='word_1_53' title='bbox 421 447 489 468; x_wconf 90' lang='lat' dir='ltr'>vero</span> <span class='ocrx_word' id='word_1_54' title='bbox 506 438 627 467; x_wconf 86' lang='lat' dir='ltr'>aliarum</span> <span class='ocrx_word' id='word_1_55' title='bbox 644 438 793 475; x_wconf 89' lang='lat' dir='ltr'>horarum,</span> <span class='ocrx_word' id='word_1_56' title='bbox 812 438 924 467; x_wconf 81' lang='lat' dir='ltr'>scillcet</span> 
     </span>
    </p>
   </div>
   <div class='ocr_carea' id='block_1_4' title="bbox 192 439 1891 525">
    <p class='ocr_par' dir='ltr' id='par_1_4' title="bbox 192 439 1891 525">
     <span class='ocr_line' id='line_1_7' title="bbox 1708 439 1891 460; baseline 0 -2"><span class='ocrx_word' id='word_1_57' title='bbox 1708 440 1776 460; x_wconf 74' lang='lat' dir='ltr'>neant.</span> <span class='ocrx_word' id='word_1_58' title='bbox 1793 441 1813 457; x_wconf 80' lang='lat' dir='ltr'>et</span> <span class='ocrx_word' id='word_1_59' title='bbox 1828 439 1891 458; x_wconf 78' lang='lat' dir='ltr'>virtu·</span> 
     </span>
     <span class='ocr_line' id='line_1_8' title="bbox 192 487 924 525; baseline -0.003 -9"><span class='ocrx_word' id='word_1_60' title='bbox 192 487 304 521; x_wconf 81' lang='lat' dir='ltr'>tertiae,</span> <span class='ocrx_word' id='word_1_61' title='bbox 329 491 436 523; x_wconf 78' lang='lat' dir='ltr'>sextae,</span> <span class='ocrx_word' id='word_1_62' title='bbox 459 495 552 516; x_wconf 82' lang='lat' dir='ltr'>nonae</span> <span class='ocrx_word' id='word_1_63' title='bbox 573 490 607 516; x_wconf 51' lang='lat' dir='ltr'>et*</span> <span class='ocrx_word' id='word_1_64' title='bbox 623 495 823 525; x_wconf 85' lang='lat' dir='ltr'>vesperarum,</span> <span class='ocrx_word' id='word_1_65' title='bbox 841 495 924 524; x_wconf 86' lang='lat' dir='ltr'>prae-</span> 
     </span>
    </p>
   </div>
   <div class='ocr_carea' id='block_1_5' title="bbox 4 193 188 225">
    <p class='ocr_par' dir='ltr' id='par_1_5' title="bbox 4 193 188 225">
     <span class='ocr_line' id='line_1_9' title="bbox 4 193 188 225; baseline -0.022 0"><span class='ocrx_word' id='word_1_66' title='bbox 4 196 56 225; x_wconf 76' lang='lat' dir='ltr'>An.</span> <span class='ocrx_word' id='word_1_67' title='bbox 69 194 99 222; x_wconf 87' lang='lat' dir='ltr'>C.</span> <span class='ocrx_word' id='word_1_68' title='bbox 121 193 188 222; x_wconf 83' lang='lat'>¹680</span> 
     </span>
    </p>
   </div>
   <div class='ocr_carea' id='block_1_6' title="bbox 965 455 1891 500">
    <p class='ocr_par' dir='ltr' id='par_1_6' title="bbox 965 455 1891 500">
     <span class='ocr_line' id='line_1_10' title="bbox 965 455 1891 500; baseline 0.004 -13"><span class='ocrx_word' id='word_1_69' title='bbox 965 455 1061 495; x_wconf 83' lang='lat' dir='ltr'>bere,</span> <span class='ocrx_word' id='word_1_70' title='bbox 1097 462 1223 497; x_wconf 83' lang='lat' dir='ltr'>tamen,</span> <span class='ocrx_word' id='word_1_71' title='bbox 1258 458 1334 500; x_wconf 83' lang='lat' dir='ltr'>quia</span> <span class='ocrx_word' id='word_1_72' title='bbox 1356 468 1532 500; x_wconf 88' lang='lat' dir='ltr'>paucorum</span> <span class='ocrx_word' id='word_1_73' title='bbox 1557 463 1607 491; x_wconf 89' lang='lat' dir='ltr'>est</span> <span class='ocrx_word' id='word_1_74' title='bbox 1630 458 1891 500; x_wconf 60' lang='lat' dir='ltr'>1ista¹0ssev=vn=nmx</span> 
     </span>
    </p>
   </div>
   <div class='ocr_carea' id='block_1_7' title="bbox 1708 491 1891 511">
    <p class='ocr_par' dir='ltr' id='par_1_7' title="bbox 1708 491 1891 511">
     <span class='ocr_line' id='line_1_11' title="bbox 1708 491 1891 511; baseline 0.005 -1"><span class='ocrx_word' id='word_1_75' title='bbox 1708 491 1792 510; x_wconf 78' lang='lat' dir='ltr'>abbatis</span> <span class='ocrx_word' id='word_1_76' title='bbox 1822 493 1891 511; x_wconf 82' lang='lat' dir='ltr'>tamen</span> 
     </span>
    </p>
   </div>
   <div class='ocr_carea' id='block_1_8' title="bbox 964 508 1802 554">
    <p class='ocr_par' dir='ltr' id='par_1_8' title="bbox 964 508 1802 554">
     <span class='ocr_line' id='line_1_12' title="bbox 964 508 1802 554; baseline 0.005 -14"><span class='ocrx_word' id='word_1_77' title='bbox 964 508 1081 549; x_wconf 77' lang='lat' dir='ltr'>virtuS‚</span> <span class='ocrx_word' id='word_1_78' title='bbox 1107 509 1182 542; x_wconf 90' lang='lat' dir='ltr'>ideo</span> <span class='ocrx_word' id='word_1_79' title='bbox 1214 511 1384 543; x_wconf 80' lang='lat' dir='ltr'>suademus</span> <span class='ocrx_word' id='word_1_80' title='bbox 1415 511 1462 554; x_wconf 78' lang='lat' dir='ltr'>(a)</span> <span class='ocrx_word' id='word_1_81' title='bbox 1488 511 1559 543; x_wconf 90' lang='lat' dir='ltr'>istis</span> <span class='ocrx_word' id='word_1_82' title='bbox 1584 511 1802 544; x_wconf 68' lang='lat' dir='ltr'>diebugncouua.</span> 
     </span>
    </p>
   </div>
   <div class='ocr_carea' id='block_1_9' title="bbox 187 533 924 2545">
    <p class='ocr_par' dir='ltr' id='par_1_9' title="bbox 191 533 924 657">
     <span class='ocr_line' id='line_1_13' title="bbox 191 533 924 564; baseline -0.003 0"><span class='ocrx_word' id='word_1_83' title='bbox 191 535 242 564; x_wconf 87' lang='lat' dir='ltr'>lati</span> <span class='ocrx_word' id='word_1_84' title='bbox 264 535 507 564; x_wconf 78' lang='lat' dir='ltr'>monasteriorum</span> <span class='ocrx_word' id='word_1_85' title='bbox 529 537 694 563; x_wconf 88' lang='lat' dir='ltr'>nostrorum</span> <span class='ocrx_word' id='word_1_86' title='bbox 710 534 752 563; x_wconf 87' lang='lat' dir='ltr'>sic</span> <span class='ocrx_word' id='word_1_87' title='bbox 774 533 924 562; x_wconf 87' lang='lat' dir='ltr'>moderen-</span> 
     </span>
     <span class='ocr_line' id='line_1_14' title="bbox 192 579 924 616; baseline -0.003 -6"><span class='ocrx_word' id='word_1_88' title='bbox 192 584 249 616; x_wconf 86' lang='lat' dir='ltr'>tur,</span> <span class='ocrx_word' id='word_1_89' title='bbox 273 584 305 609; x_wconf 89' lang='lat' dir='ltr'>ut</span> <span class='ocrx_word' id='word_1_90' title='bbox 326 580 396 609; x_wconf 91' lang='lat' dir='ltr'>hora</span> <span class='ocrx_word' id='word_1_91' title='bbox 418 579 605 608; x_wconf 80' lang='lat' dir='ltr'>comestion1s</span> <span class='ocrx_word' id='word_1_92' title='bbox 627 579 735 609; x_wconf 90' lang='lat' dir='ltr'>incidat</span> <span class='ocrx_word' id='word_1_93' title='bbox 765 579 842 608; x_wconf 87' lang='lat' dir='ltr'>circa</span> <span class='ocrx_word' id='word_1_94' title='bbox 864 587 924 608; x_wconf 90' lang='lat' dir='ltr'>me-</span> 
     </span>
     <span class='ocr_line' id='line_1_15' title="bbox 191 627 306 657; baseline -0.009 -1"><span class='ocrx_word' id='word_1_95' title='bbox 191 627 306 657; x_wconf 87' lang='lat' dir='ltr'>ridiem.</span> 
     </span>
    </p>

    <p class='ocr_par' dir='ltr' id='par_1_10' title="bbox 189 673 923 896">
     <span class='ocr_line' id='line_1_16' title="bbox 230 673 923 713; baseline -0.001 -9"><span class='ocrx_word' id='word_1_96' title='bbox 230 684 290 704; x_wconf 82' lang='lat' dir='ltr'>vm.</span> <span class='ocrx_word' id='word_1_97' title='bbox 313 674 367 704; x_wconf 93' lang='lat' dir='ltr'>Sed</span> <span class='ocrx_word' id='word_1_98' title='bbox 389 673 598 704; x_wconf 83' lang='lat' dir='ltr'>advertendum</span> <span class='ocrx_word' id='word_1_99' title='bbox 620 677 686 711; x_wconf 83' lang='lat' dir='ltr'>est,</span> <span class='ocrx_word' id='word_1_100' title='bbox 710 673 785 712; x_wconf 90' lang='lat' dir='ltr'>quod</span> <span class='ocrx_word' id='word_1_101' title='bbox 807 674 923 713; x_wconf 86' lang='lat' dir='ltr'>quando</span> 
     </span>
     <span class='ocr_line' id='line_1_17' title="bbox 190 721 923 757; baseline -0.001 -5"><span class='ocrx_word' id='word_1_102' title='bbox 190 722 318 753; x_wconf 89' lang='lat' dir='ltr'>occurrit</span> <span class='ocrx_word' id='word_1_103' title='bbox 340 722 444 751; x_wconf 80' lang='lat' dir='ltr'>festum</span> <span class='ocrx_word' id='word_1_104' title='bbox 465 722 618 751; x_wconf 89' lang='lat' dir='ltr'>duodecim</span> <span class='ocrx_word' id='word_1_105' title='bbox 633 722 790 751; x_wconf 88' lang='lat' dir='ltr'>lectionum</span> <span class='ocrx_word' id='word_1_106' title='bbox 803 722 832 751; x_wconf 89' lang='lat' dir='ltr'>in</span> <span class='ocrx_word' id='word_1_107' title='bbox 850 721 923 757; x_wconf 83' lang='lat' dir='ltr'>Qua-</span> 
     </span>
     <span class='ocr_line' id='line_1_18' title="bbox 189 770 921 810; baseline -0.003 -9"><span class='ocrx_word' id='word_1_108' title='bbox 189 771 364 809; x_wconf 69' lang='lat' dir='ltr'>dragesima,</span> <span class='ocrx_word' id='word_1_109' title='bbox 382 775 446 810; x_wconf 91' lang='lat' dir='ltr'>post</span> <span class='ocrx_word' id='word_1_110' title='bbox 468 771 583 801; x_wconf 81' lang='lat' dir='ltr'>tertiam</span> <span class='ocrx_word' id='word_1_111' title='bbox 605 771 715 800; x_wconf 88' lang='lat' dir='ltr'>cantari</span> <span class='ocrx_word' id='word_1_112' title='bbox 737 770 820 800; x_wconf 85' lang='lat' dir='ltr'>dehet</span> <span class='ocrx_word' id='word_1_113' title='bbox 836 771 921 799; x_wconf 88' lang='lat' dir='ltr'>missa</span> 
     </span>
     <span class='ocr_line' id='line_1_19' title="bbox 189 818 922 858; baseline -0.003 -9"><span class='ocrx_word' id='word_1_114' title='bbox 189 820 224 849; x_wconf 92' lang='lat' dir='ltr'>de</span> <span class='ocrx_word' id='word_1_115' title='bbox 254 819 344 857; x_wconf 88' lang='lat' dir='ltr'>sesto,</span> <span class='ocrx_word' id='word_1_116' title='bbox 372 823 400 848; x_wconf 90' lang='lat' dir='ltr'>et</span> <span class='ocrx_word' id='word_1_117' title='bbox 429 822 493 858; x_wconf 89' lang='lat' dir='ltr'>post</span> <span class='ocrx_word' id='word_1_118' title='bbox 516 827 621 848; x_wconf 88' lang='lat' dir='ltr'>nonam</span> <span class='ocrx_word' id='word_1_119' title='bbox 643 818 750 848; x_wconf 88' lang='lat' dir='ltr'>dicitur</span> <span class='ocrx_word' id='word_1_120' title='bbox 772 818 859 847; x_wconf 88' lang='lat' dir='ltr'>missa</span> <span class='ocrx_word' id='word_1_121' title='bbox 887 818 922 847; x_wconf 91' lang='lat' dir='ltr'>de</span> 
     </span>
     <span class='ocr_line' id='line_1_20' title="bbox 190 867 274 896; baseline 0 0"><span class='ocrx_word' id='word_1_122' title='bbox 190 867 274 896; x_wconf 68' lang='lat' dir='ltr'>seria.</span> 
     </span>
    </p>

    <p class='ocr_par' dir='ltr' id='par_1_11' title="bbox 188 914 923 1099">
     <span class='ocr_line' id='line_1_21' title="bbox 228 914 922 954; baseline -0.003 -9"><span class='ocrx_word' id='word_1_123' title='bbox 228 924 267 945; x_wconf 83' lang='lat' dir='ltr'>1x.</span> <span class='ocrx_word' id='word_1_124' title='bbox 291 915 361 945; x_wconf 91' lang='lat' dir='ltr'>Item</span> <span class='ocrx_word' id='word_1_125' title='bbox 384 915 413 945; x_wconf 92' lang='lat' dir='ltr'>in</span> <span class='ocrx_word' id='word_1_126' title='bbox 436 915 585 954; x_wconf 72' lang='lat' dir='ltr'>praedicta</span> <span class='ocrx_word' id='word_1_127' title='bbox 607 915 696 944; x_wconf 73' lang='lat' dir='ltr'>missa</span> <span class='ocrx_word' id='word_1_128' title='bbox 717 914 751 944; x_wconf 92' lang='lat' dir='ltr'>de</span> <span class='ocrx_word' id='word_1_129' title='bbox 773 915 845 944; x_wconf 68' lang='lat' dir='ltr'>seria</span> <span class='ocrx_word' id='word_1_130' title='bbox 858 918 922 953; x_wconf 90' lang='lat' dir='ltr'>post</span> 
     </span>
     <span class='ocr_line' id='line_1_22' title="bbox 188 963 923 1002; baseline -0.001 -9"><span class='ocrx_word' id='word_1_131' title='bbox 188 964 284 1002; x_wconf 66' lang='lat' dir='ltr'>Agnus</span> <span class='ocrx_word' id='word_1_132' title='bbox 307 964 356 993; x_wconf 77' lang='lat' dir='ltr'>Dei</span> <span class='ocrx_word' id='word_1_133' title='bbox 379 964 507 1002; x_wconf 82' lang='lat' dir='ltr'>pulsetur</span> <span class='ocrx_word' id='word_1_134' title='bbox 519 963 633 1001; x_wconf 79' lang='lat' dir='ltr'>signum</span> <span class='ocrx_word' id='word_1_135' title='bbox 650 972 701 1002; x_wconf 88' lang='lat' dir='ltr'>pro</span> <span class='ocrx_word' id='word_1_136' title='bbox 723 963 852 1001; x_wconf 81' lang='lat' dir='ltr'>vesperis</span> <span class='ocrx_word' id='word_1_137' title='bbox 865 963 923 1001; x_wconf 86' lang='lat' dir='ltr'>pri·</span> 
     </span>
     <span class='ocr_line' id='line_1_23' title="bbox 190 1011 920 1051; baseline -0.001 -10"><span class='ocrx_word' id='word_1_138' title='bbox 190 1021 280 1042; x_wconf 90' lang='lat' dir='ltr'>mum.</span> <span class='ocrx_word' id='word_1_139' title='bbox 304 1013 337 1041; x_wconf 87' lang='lat' dir='ltr'>Et</span> <span class='ocrx_word' id='word_1_140' title='bbox 359 1012 473 1051; x_wconf 88' lang='lat' dir='ltr'>quando</span> <span class='ocrx_word' id='word_1_141' title='bbox 491 1012 624 1041; x_wconf 79' lang='lat' dir='ltr'>sacerdos</span> <span class='ocrx_word' id='word_1_142' title='bbox 647 1012 717 1041; x_wconf 90' lang='lat' dir='ltr'>dicit</span> <span class='ocrx_word' id='word_1_143' title='bbox 732 1012 877 1041; x_wconf 83' lang='lat' dir='ltr'>orationes</span> <span class='ocrx_word' id='word_1_144' title='bbox 892 1011 920 1040; x_wconf 88' lang='lat' dir='ltr'>in</span> 
     </span>
     <span class='ocr_line' id='line_1_24' title="bbox 189 1059 732 1099; baseline -0.004 -9"><span class='ocrx_word' id='word_1_145' title='bbox 189 1060 246 1090; x_wconf 86' lang='lat' dir='ltr'>fine</span> <span class='ocrx_word' id='word_1_146' title='bbox 268 1060 383 1097; x_wconf 87' lang='lat' dir='ltr'>missae,</span> <span class='ocrx_word' id='word_1_147' title='bbox 407 1060 540 1099; x_wconf 87' lang='lat' dir='ltr'>pulsetur</span> <span class='ocrx_word' id='word_1_148' title='bbox 561 1059 732 1089; x_wconf 89' lang='lat' dir='ltr'>secundum.</span> 
     </span>
    </p>

    <p class='ocr_par' dir='ltr' id='par_1_12' title="bbox 188 1107 922 1338">
     <span class='ocr_line' id='line_1_25' title="bbox 228 1107 922 1146; baseline -0.003 -9"><span class='ocrx_word' id='word_1_149' title='bbox 228 1117 257 1137; x_wconf 83' lang='lat' dir='ltr'>x.</span> <span class='ocrx_word' id='word_1_150' title='bbox 280 1108 309 1138; x_wconf 94' lang='lat' dir='ltr'>Si</span> <span class='ocrx_word' id='word_1_151' title='bbox 332 1117 399 1138; x_wconf 91' lang='lat' dir='ltr'>vero</span> <span class='ocrx_word' id='word_1_152' title='bbox 421 1107 555 1146; x_wconf 84' lang='lat' dir='ltr'>sequenti</span> <span class='ocrx_word' id='word_1_153' title='bbox 582 1107 628 1137; x_wconf 92' lang='lat' dir='ltr'>die</span> <span class='ocrx_word' id='word_1_154' title='bbox 650 1108 705 1137; x_wconf 89' lang='lat' dir='ltr'>erit</span> <span class='ocrx_word' id='word_1_155' title='bbox 727 1107 830 1137; x_wconf 87' lang='lat' dir='ltr'>sestum</span> <span class='ocrx_word' id='word_1_156' title='bbox 852 1107 922 1136; x_wconf 89' lang='lat' dir='ltr'>duo-</span> 
     </span>
     <span class='ocr_line' id='line_1_26' title="bbox 189 1155 922 1194; baseline -0.004 -8"><span class='ocrx_word' id='word_1_157' title='bbox 189 1157 283 1186; x_wconf 88' lang='lat' dir='ltr'>decim</span> <span class='ocrx_word' id='word_1_158' title='bbox 304 1156 481 1193; x_wconf 89' lang='lat' dir='ltr'>lectionum,</span> <span class='ocrx_word' id='word_1_159' title='bbox 504 1165 555 1194; x_wconf 90' lang='lat' dir='ltr'>pro</span> <span class='ocrx_word' id='word_1_160' title='bbox 581 1165 638 1194; x_wconf 91' lang='lat' dir='ltr'>quo</span> <span class='ocrx_word' id='word_1_161' title='bbox 660 1156 714 1184; x_wconf 85' lang='lat' dir='ltr'>tria</span> <span class='ocrx_word' id='word_1_162' title='bbox 736 1155 817 1193; x_wconf 83' lang='lat' dir='ltr'>signa</span> <span class='ocrx_word' id='word_1_163' title='bbox 840 1164 922 1193; x_wconf 87' lang='lat' dir='ltr'>prae-</span> 
     </span>
     <span class='ocr_line' id='line_1_27' title="bbox 189 1203 922 1242; baseline -0.003 -8"><span class='ocrx_word' id='word_1_164' title='bbox 189 1204 367 1242; x_wconf 84' lang='lat' dir='ltr'>mittuntur,</span> <span class='ocrx_word' id='word_1_165' title='bbox 392 1209 460 1233; x_wconf 91' lang='lat' dir='ltr'>tunc</span> <span class='ocrx_word' id='word_1_166' title='bbox 491 1204 619 1242; x_wconf 90' lang='lat' dir='ltr'>primum</span> <span class='ocrx_word' id='word_1_167' title='bbox 647 1204 763 1241; x_wconf 78' lang='lat' dir='ltr'>signum</span> <span class='ocrx_word' id='word_1_168' title='bbox 791 1203 922 1242; x_wconf 73' lang='lat' dir='ltr'>pulsetur</span> 
     </span>
     <span class='ocr_line' id='line_1_28' title="bbox 188 1250 920 1291; baseline -0.001 -10"><span class='ocrx_word' id='word_1_169' title='bbox 188 1253 286 1282; x_wconf 86' lang='lat' dir='ltr'>statim</span> <span class='ocrx_word' id='word_1_170' title='bbox 308 1256 372 1291; x_wconf 90' lang='lat' dir='ltr'>post</span> <span class='ocrx_word' id='word_1_171' title='bbox 393 1252 581 1282; x_wconf 73' lang='lat' dir='ltr'>elevationem</span> <span class='ocrx_word' id='word_1_172' title='bbox 597 1251 735 1281; x_wconf 90' lang='lat' dir='ltr'>dominici</span> <span class='ocrx_word' id='word_1_173' title='bbox 757 1250 920 1289; x_wconf 78' lang='lat' dir='ltr'>Sanguinis,</span> 
     </span>
     <span class='ocr_line' id='line_1_29' title="bbox 188 1300 704 1338; baseline -0.002 -9"><span class='ocrx_word' id='word_1_174' title='bbox 188 1301 245 1330; x_wconf 90' lang='lat' dir='ltr'>alia</span> <span class='ocrx_word' id='word_1_175' title='bbox 267 1309 334 1330; x_wconf 91' lang='lat' dir='ltr'>vero</span> <span class='ocrx_word' id='word_1_176' title='bbox 357 1300 413 1330; x_wconf 90' lang='lat' dir='ltr'>duo</span> <span class='ocrx_word' id='word_1_177' title='bbox 435 1300 528 1338; x_wconf 83' lang='lat' dir='ltr'>signa,</span> <span class='ocrx_word' id='word_1_178' title='bbox 552 1304 583 1329; x_wconf 91' lang='lat' dir='ltr'>ut</span> <span class='ocrx_word' id='word_1_179' title='bbox 604 1308 704 1338; x_wconf 88' lang='lat' dir='ltr'>supra.</span> 
     </span>
    </p>

    <p class='ocr_par' dir='ltr' id='par_1_13' title="bbox 187 1347 922 1626">
     <span class='ocr_line' id='line_1_30' title="bbox 227 1347 921 1387; baseline -0.001 -10"><span class='ocrx_word' id='word_1_180' title='bbox 227 1357 266 1377; x_wconf 71' lang='lat' dir='ltr'>m.</span> <span class='ocrx_word' id='word_1_181' title='bbox 290 1348 378 1377; x_wconf 90' lang='lat' dir='ltr'>Dictis</span> <span class='ocrx_word' id='word_1_182' title='bbox 394 1348 522 1387; x_wconf 85' lang='lat' dir='ltr'>vesperis</span> <span class='ocrx_word' id='word_1_183' title='bbox 538 1348 643 1377; x_wconf 82' lang='lat' dir='ltr'>fratres</span> <span class='ocrx_word' id='word_1_184' title='bbox 658 1347 837 1377; x_wconf 83' lang='lat' dir='ltr'>reficiantur.</span> <span class='ocrx_word' id='word_1_185' title='bbox 854 1347 921 1377; x_wconf 85' lang='lat' dir='ltr'>Post</span> 
     </span>
     <span class='ocr_line' id='line_1_31' title="bbox 188 1396 921 1435; baseline -0.001 -10"><span class='ocrx_word' id='word_1_186' title='bbox 188 1396 312 1435; x_wconf 89' lang='lat' dir='ltr'>primam</span> <span class='ocrx_word' id='word_1_187' title='bbox 334 1405 480 1434; x_wconf 83' lang='lat' dir='ltr'>mensam,</span> <span class='ocrx_word' id='word_1_188' title='bbox 505 1397 652 1425; x_wconf 72' lang='lat' dir='ltr'>transacta</span> <span class='ocrx_word' id='word_1_189' title='bbox 678 1396 751 1425; x_wconf 65' lang='lat' dir='ltr'>liora</span> <span class='ocrx_word' id='word_1_190' title='bbox 772 1396 849 1433; x_wconf 72' lang='lat' dir='ltr'>una,</span> <span class='ocrx_word' id='word_1_191' title='bbox 874 1405 921 1425; x_wconf 89' lang='lat' dir='ltr'>va-</span> 
     </span>
     <span class='ocr_line' id='line_1_32' title="bbox 188 1443 921 1482; baseline 0 -10"><span class='ocrx_word' id='word_1_192' title='bbox 188 1448 254 1473; x_wconf 85' lang='lat' dir='ltr'>cent</span> <span class='ocrx_word' id='word_1_193' title='bbox 274 1444 411 1481; x_wconf 86' lang='lat' dir='ltr'>lectioni,</span> <span class='ocrx_word' id='word_1_194' title='bbox 436 1448 484 1473; x_wconf 86' lang='lat' dir='ltr'>aut</span> <span class='ocrx_word' id='word_1_195' title='bbox 505 1443 643 1473; x_wconf 81' lang='lat' dir='ltr'>exercitio</span> <span class='ocrx_word' id='word_1_196' title='bbox 665 1443 813 1479; x_wconf 90' lang='lat' dir='ltr'>manuali,</span> <span class='ocrx_word' id='word_1_197' title='bbox 837 1447 921 1482; x_wconf 87' lang='lat' dir='ltr'>prout</span> 
     </span>
     <span class='ocr_line' id='line_1_33' title="bbox 187 1491 919 1530; baseline 0 -10"><span class='ocrx_word' id='word_1_198' title='bbox 187 1491 276 1520; x_wconf 86' lang='lat' dir='ltr'>suerit</span> <span class='ocrx_word' id='word_1_199' title='bbox 297 1491 478 1529; x_wconf 88' lang='lat' dir='ltr'>ordinatum,</span> <span class='ocrx_word' id='word_1_200' title='bbox 506 1500 599 1530; x_wconf 90' lang='lat' dir='ltr'>usque</span> <span class='ocrx_word' id='word_1_201' title='bbox 626 1491 661 1520; x_wconf 87' lang='lat' dir='ltr'>ad</span> <span class='ocrx_word' id='word_1_202' title='bbox 688 1491 919 1529; x_wconf 82' lang='lat' dir='ltr'>completorium,</span> 
     </span>
     <span class='ocr_line' id='line_1_34' title="bbox 188 1539 922 1579; baseline -0.003 -9"><span class='ocrx_word' id='word_1_203' title='bbox 188 1540 268 1575; x_wconf 85' lang='lat' dir='ltr'>Quod</span> <span class='ocrx_word' id='word_1_204' title='bbox 295 1540 349 1570; x_wconf 85' lang='lat' dir='ltr'>lioc</span> <span class='ocrx_word' id='word_1_205' title='bbox 376 1544 504 1579; x_wconf 86' lang='lat' dir='ltr'>tempore</span> <span class='ocrx_word' id='word_1_206' title='bbox 527 1539 658 1578; x_wconf 89' lang='lat' dir='ltr'>pulsetur</span> <span class='ocrx_word' id='word_1_207' title='bbox 679 1540 764 1578; x_wconf 88' lang='lat' dir='ltr'>paulo</span> <span class='ocrx_word' id='word_1_208' title='bbox 785 1544 850 1569; x_wconf 89' lang='lat' dir='ltr'>ante</span> <span class='ocrx_word' id='word_1_209' title='bbox 872 1540 922 1569; x_wconf 85' lang='lat' dir='ltr'>lio-</span> 
     </span>
     <span class='ocr_line' id='line_1_35' title="bbox 188 1588 591 1626; baseline -0.005 -8"><span class='ocrx_word' id='word_1_210' title='bbox 188 1597 251 1618; x_wconf 83' lang='lat' dir='ltr'>ram</span> <span class='ocrx_word' id='word_1_211' title='bbox 273 1589 443 1626; x_wconf 79' lang='lat' dir='ltr'>vigesimam</span> <span class='ocrx_word' id='word_1_212' title='bbox 466 1588 591 1617; x_wconf 83' lang='lat' dir='ltr'>tertiam.</span> 
     </span>
    </p>

    <p class='ocr_par' dir='ltr' id='par_1_14' title="bbox 187 1635 922 2196">
     <span class='ocr_line' id='line_1_36' title="bbox 227 1635 921 1675; baseline -0.001 -9"><span class='ocrx_word' id='word_1_213' title='bbox 227 1646 278 1666; x_wconf 79' lang='lat' dir='ltr'>xri.</span> <span class='ocrx_word' id='word_1_214' title='bbox 302 1637 335 1666; x_wconf 88' lang='lat' dir='ltr'>Et</span> <span class='ocrx_word' id='word_1_215' title='bbox 362 1636 521 1666; x_wconf 89' lang='lat' dir='ltr'>notandum</span> <span class='ocrx_word' id='word_1_216' title='bbox 543 1636 639 1675; x_wconf 89' lang='lat' dir='ltr'>quod,</span> <span class='ocrx_word' id='word_1_217' title='bbox 674 1635 788 1674; x_wconf 89' lang='lat' dir='ltr'>quando</span> <span class='ocrx_word' id='word_1_218' title='bbox 816 1636 921 1666; x_wconf 82' lang='lat' dir='ltr'>fratres</span> 
     </span>
     <span class='ocr_line' id='line_1_37' title="bbox 188 1684 920 1723; baseline -0.001 -9"><span class='ocrx_word' id='word_1_219' title='bbox 188 1684 294 1714; x_wconf 87' lang='lat' dir='ltr'>debent</span> <span class='ocrx_word' id='word_1_220' title='bbox 314 1685 356 1714; x_wconf 92' lang='lat' dir='ltr'>ire</span> <span class='ocrx_word' id='word_1_221' title='bbox 379 1684 415 1713; x_wconf 88' lang='lat' dir='ltr'>ad</span> <span class='ocrx_word' id='word_1_222' title='bbox 437 1684 619 1721; x_wconf 84' lang='lat' dir='ltr'>exercitium,</span> <span class='ocrx_word' id='word_1_223' title='bbox 637 1684 767 1722; x_wconf 87' lang='lat' dir='ltr'>pulsetur</span> <span class='ocrx_word' id='word_1_224' title='bbox 782 1693 920 1723; x_wconf 87' lang='lat' dir='ltr'>campana</span> 
     </span>
     <span class='ocr_line' id='line_1_38' title="bbox 189 1732 921 1772; baseline -0.001 -9"><span class='ocrx_word' id='word_1_225' title='bbox 189 1733 306 1772; x_wconf 83' lang='lat' dir='ltr'>capituli</span> <span class='ocrx_word' id='word_1_226' title='bbox 336 1742 387 1772; x_wconf 90' lang='lat' dir='ltr'>per</span> <span class='ocrx_word' id='word_1_227' title='bbox 412 1733 487 1762; x_wconf 90' lang='lat' dir='ltr'>ictus</span> <span class='ocrx_word' id='word_1_228' title='bbox 514 1732 665 1762; x_wconf 89' lang='lat' dir='ltr'>distinctos</span> <span class='ocrx_word' id='word_1_229' title='bbox 697 1736 827 1771; x_wconf 88' lang='lat' dir='ltr'>tempore</span> <span class='ocrx_word' id='word_1_230' title='bbox 853 1742 921 1762; x_wconf 90' lang='lat' dir='ltr'>con-</span> 
     </span>
     <span class='ocr_line' id='line_1_39' title="bbox 187 1779 920 1819; baseline 0 -9"><span class='ocrx_word' id='word_1_231' title='bbox 187 1791 272 1819; x_wconf 83' lang='lat' dir='ltr'>gruo,</span> <span class='ocrx_word' id='word_1_232' title='bbox 290 1785 318 1810; x_wconf 92' lang='lat' dir='ltr'>et</span> <span class='ocrx_word' id='word_1_233' title='bbox 340 1782 370 1810; x_wconf 89' lang='lat' dir='ltr'>in</span> <span class='ocrx_word' id='word_1_234' title='bbox 392 1780 577 1810; x_wconf 88' lang='lat' dir='ltr'>monasteriis</span> <span class='ocrx_word' id='word_1_235' title='bbox 599 1779 768 1815; x_wconf 86' lang='lat' dir='ltr'>maioribus,</span> <span class='ocrx_word' id='word_1_236' title='bbox 792 1781 920 1819; x_wconf 86' lang='lat' dir='ltr'>quinque</span> 
     </span>
     <span class='ocr_line' id='line_1_40' title="bbox 187 1827 921 1868; baseline -0.001 -10"><span class='ocrx_word' id='word_1_237' title='bbox 187 1828 295 1859; x_wconf 86' lang='lat' dir='ltr'>ictibus</span> <span class='ocrx_word' id='word_1_238' title='bbox 324 1829 454 1868; x_wconf 90' lang='lat' dir='ltr'>pulsetur</span> <span class='ocrx_word' id='word_1_239' title='bbox 481 1828 575 1866; x_wconf 86' lang='lat' dir='ltr'>aliqua</span> <span class='ocrx_word' id='word_1_240' title='bbox 607 1836 641 1856; x_wconf 87' lang='lat' dir='ltr'>ex</span> <span class='ocrx_word' id='word_1_241' title='bbox 664 1827 822 1857; x_wconf 87' lang='lat' dir='ltr'>maioribus</span> <span class='ocrx_word' id='word_1_242' title='bbox 844 1838 921 1857; x_wconf 88' lang='lat' dir='ltr'>cam-</span> 
     </span>
     <span class='ocr_line' id='line_1_41' title="bbox 188 1877 922 1916; baseline -0.001 -9"><span class='ocrx_word' id='word_1_243' title='bbox 188 1877 272 1916; x_wconf 84' lang='lat' dir='ltr'>panis</span> <span class='ocrx_word' id='word_1_244' title='bbox 299 1877 456 1915; x_wconf 88' lang='lat' dir='ltr'>ecclesiae,</span> <span class='ocrx_word' id='word_1_245' title='bbox 481 1881 508 1906; x_wconf 89' lang='lat' dir='ltr'>et</span> <span class='ocrx_word' id='word_1_246' title='bbox 534 1880 603 1906; x_wconf 88' lang='lat' dir='ltr'>tunc</span> <span class='ocrx_word' id='word_1_247' title='bbox 629 1884 729 1905; x_wconf 88' lang='lat' dir='ltr'>omnes</span> <span class='ocrx_word' id='word_1_248' title='bbox 751 1885 781 1905; x_wconf 88' lang='lat' dir='ltr'>se</span> <span class='ocrx_word' id='word_1_249' title='bbox 804 1886 922 1914; x_wconf 82' lang='lat' dir='ltr'>congre-</span> 
     </span>
     <span class='ocr_line' id='line_1_42' title="bbox 187 1924 922 1964; baseline 0 -9"><span class='ocrx_word' id='word_1_250' title='bbox 187 1930 256 1964; x_wconf 87' lang='lat' dir='ltr'>gent</span> <span class='ocrx_word' id='word_1_251' title='bbox 276 1926 307 1955; x_wconf 91' lang='lat' dir='ltr'>in</span> <span class='ocrx_word' id='word_1_252' title='bbox 328 1927 423 1955; x_wconf 90' lang='lat' dir='ltr'>locum</span> <span class='ocrx_word' id='word_1_253' title='bbox 445 1925 480 1954; x_wconf 91' lang='lat' dir='ltr'>ad</span> <span class='ocrx_word' id='word_1_254' title='bbox 501 1925 530 1955; x_wconf 93' lang='lat' dir='ltr'>id</span> <span class='ocrx_word' id='word_1_255' title='bbox 552 1924 731 1963; x_wconf 87' lang='lat' dir='ltr'>deputatum,</span> <span class='ocrx_word' id='word_1_256' title='bbox 751 1928 782 1954; x_wconf 91' lang='lat' dir='ltr'>ut</span> <span class='ocrx_word' id='word_1_257' title='bbox 803 1925 922 1955; x_wconf 86' lang='lat' dir='ltr'>audiant</span> 
     </span>
     <span class='ocr_line' id='line_1_43' title="bbox 188 1974 922 2013; baseline -0.001 -10"><span class='ocrx_word' id='word_1_258' title='bbox 188 1983 204 2003; x_wconf 89' lang='lat' dir='ltr'>a</span> <span class='ocrx_word' id='word_1_259' title='bbox 225 1974 375 2013; x_wconf 87' lang='lat' dir='ltr'>superiore</span> <span class='ocrx_word' id='word_1_260' title='bbox 389 1998 397 2012; x_wconf 90' lang='lat'>,</span> <span class='ocrx_word' id='word_1_261' title='bbox 424 1974 474 2013; x_wconf 89' lang='lat' dir='ltr'>qui</span> <span class='ocrx_word' id='word_1_262' title='bbox 496 1974 536 2003; x_wconf 88' lang='lat' dir='ltr'>ibi</span> <span class='ocrx_word' id='word_1_263' title='bbox 558 1974 664 2012; x_wconf 85' lang='lat' dir='ltr'>suerit,</span> <span class='ocrx_word' id='word_1_264' title='bbox 697 1974 781 2013; x_wconf 88' lang='lat' dir='ltr'>quale</span> <span class='ocrx_word' id='word_1_265' title='bbox 812 1974 922 2003; x_wconf 83' lang='lat' dir='ltr'>exerci-</span> 
     </span>
     <span class='ocr_line' id='line_1_44' title="bbox 188 2022 922 2062; baseline 0.001 -11"><span class='ocrx_word' id='word_1_266' title='bbox 188 2022 261 2052; x_wconf 92' lang='lat' dir='ltr'>tium</span> <span class='ocrx_word' id='word_1_267' title='bbox 283 2022 321 2052; x_wconf 90' lang='lat' dir='ltr'>sit</span> <span class='ocrx_word' id='word_1_268' title='bbox 342 2022 524 2059; x_wconf 64' lang='lat' dir='ltr'>faciendum</span> <span class='ocrx_word' id='word_1_269' title='bbox 547 2027 575 2052; x_wconf 85' lang='lat' dir='ltr'>et</span> <span class='ocrx_word' id='word_1_270' title='bbox 602 2023 633 2052; x_wconf 91' lang='lat' dir='ltr'>in</span> <span class='ocrx_word' id='word_1_271' title='bbox 657 2023 801 2062; x_wconf 89' lang='lat' dir='ltr'>principio</span> <span class='ocrx_word' id='word_1_272' title='bbox 825 2023 922 2053; x_wconf 90' lang='lat' dir='ltr'>cuius-</span> 
     </span>
     <span class='ocr_line' id='line_1_45' title="bbox 188 2069 922 2110; baseline 0.001 -11"><span class='ocrx_word' id='word_1_273' title='bbox 188 2069 260 2099; x_wconf 89' lang='lat' dir='ltr'>libet</span> <span class='ocrx_word' id='word_1_274' title='bbox 289 2070 437 2108; x_wconf 71' lang='lat' dir='ltr'>exercifii,</span> <span class='ocrx_word' id='word_1_275' title='bbox 468 2071 685 2110; x_wconf 84' lang='lat' dir='ltr'>unusquisque,</span> <span class='ocrx_word' id='word_1_276' title='bbox 715 2070 839 2109; x_wconf 77' lang='lat' dir='ltr'>genibus</span> <span class='ocrx_word' id='word_1_277' title='bbox 873 2071 922 2100; x_wconf 90' lang='lat' dir='ltr'>sse-</span> 
     </span>
     <span class='ocr_line' id='line_1_46' title="bbox 189 2117 922 2158; baseline 0.001 -11"><span class='ocrx_word' id='word_1_278' title='bbox 189 2117 244 2155; x_wconf 84' lang='lat' dir='ltr'>xis,</span> <span class='ocrx_word' id='word_1_279' title='bbox 267 2117 346 2148; x_wconf 89' lang='lat' dir='ltr'>dicat</span> <span class='ocrx_word' id='word_1_280' title='bbox 366 2118 422 2147; x_wconf 82' lang='lat' dir='ltr'>Ave</span> <span class='ocrx_word' id='word_1_281' title='bbox 441 2118 543 2156; x_wconf 70' lang='lat' dir='ltr'>Maria,</span> <span class='ocrx_word' id='word_1_282' title='bbox 566 2123 597 2148; x_wconf 91' lang='lat' dir='ltr'>ut</span> <span class='ocrx_word' id='word_1_283' title='bbox 619 2119 750 2149; x_wconf 87' lang='lat' dir='ltr'>devotius</span> <span class='ocrx_word' id='word_1_284' title='bbox 765 2128 837 2158; x_wconf 89' lang='lat' dir='ltr'>opus</span> <span class='ocrx_word' id='word_1_285' title='bbox 859 2128 922 2157; x_wconf 88' lang='lat' dir='ltr'>per-</span> 
     </span>
     <span class='ocr_line' id='line_1_47' title="bbox 188 2165 314 2196; baseline 0 -1"><span class='ocrx_word' id='word_1_286' title='bbox 188 2165 314 2196; x_wconf 86' lang='lat' dir='ltr'>ficiatur.</span> 
     </span>
    </p>

    <p class='ocr_par' dir='ltr' id='par_1_15' title="bbox 189 2213 922 2388">
     <span class='ocr_line' id='line_1_48' title="bbox 229 2213 919 2249; baseline 0.001 -5"><span class='ocrx_word' id='word_1_287' title='bbox 229 2223 289 2244; x_wconf 82' lang='lat' dir='ltr'>xm.</span> <span class='ocrx_word' id='word_1_288' title='bbox 313 2213 431 2249; x_wconf 82' lang='lat' dir='ltr'>Quando</span> <span class='ocrx_word' id='word_1_289' title='bbox 454 2217 549 2243; x_wconf 88' lang='lat' dir='ltr'>autem</span> <span class='ocrx_word' id='word_1_290' title='bbox 571 2215 614 2244; x_wconf 89' lang='lat' dir='ltr'>ire</span> <span class='ocrx_word' id='word_1_291' title='bbox 636 2214 742 2245; x_wconf 88' lang='lat' dir='ltr'>debent</span> <span class='ocrx_word' id='word_1_292' title='bbox 763 2216 798 2245; x_wconf 87' lang='lat' dir='ltr'>ad</span> <span class='ocrx_word' id='word_1_293' title='bbox 821 2215 919 2249; x_wconf 82' lang='lat' dir='ltr'>cellas,</span> 
     </span>
     <span class='ocr_line' id='line_1_49' title="bbox 189 2262 922 2302; baseline 0.001 -10"><span class='ocrx_word' id='word_1_294' title='bbox 189 2266 222 2292; x_wconf 88' lang='lat' dir='ltr'>ut</span> <span class='ocrx_word' id='word_1_295' title='bbox 244 2266 347 2292; x_wconf 86' lang='lat' dir='ltr'>vacent</span> <span class='ocrx_word' id='word_1_296' title='bbox 368 2262 492 2292; x_wconf 84' lang='lat' dir='ltr'>orationi</span> <span class='ocrx_word' id='word_1_297' title='bbox 515 2263 559 2292; x_wconf 88' lang='lat' dir='ltr'>vel</span> <span class='ocrx_word' id='word_1_298' title='bbox 581 2263 710 2301; x_wconf 88' lang='lat' dir='ltr'>lectioni,</span> <span class='ocrx_word' id='word_1_299' title='bbox 725 2273 862 2302; x_wconf 85' lang='lat' dir='ltr'>campana</span> <span class='ocrx_word' id='word_1_300' title='bbox 875 2273 922 2293; x_wconf 86' lang='lat' dir='ltr'>ca-</span> 
     </span>
     <span class='ocr_line' id='line_1_50' title="bbox 190 2310 922 2351; baseline 0.001 -11"><span class='ocrx_word' id='word_1_301' title='bbox 190 2310 274 2350; x_wconf 88' lang='lat' dir='ltr'>pituli</span> <span class='ocrx_word' id='word_1_302' title='bbox 302 2310 433 2350; x_wconf 84' lang='lat' dir='ltr'>pulsetur</span> <span class='ocrx_word' id='word_1_303' title='bbox 461 2314 580 2340; x_wconf 82' lang='lat' dir='ltr'>extense</span> <span class='ocrx_word' id='word_1_304' title='bbox 603 2320 654 2350; x_wconf 91' lang='lat' dir='ltr'>per</span> <span class='ocrx_word' id='word_1_305' title='bbox 675 2320 835 2349; x_wconf 80' lang='lat' dir='ltr'>congruum</span> <span class='ocrx_word' id='word_1_306' title='bbox 857 2321 922 2351; x_wconf 90' lang='lat' dir='ltr'>spa-</span> 
     </span>
     <span class='ocr_line' id='line_1_51' title="bbox 189 2359 272 2388; baseline 0 0"><span class='ocrx_word' id='word_1_307' title='bbox 189 2359 272 2388; x_wconf 87' lang='lat' dir='ltr'>tium.</span> 
     </span>
    </p>

    <p class='ocr_par' dir='ltr' id='par_1_16' title="bbox 190 2407 923 2545">
     <span class='ocr_line' id='line_1_52' title="bbox 228 2407 923 2447; baseline 0.003 -10"><span class='ocrx_word' id='word_1_308' title='bbox 228 2416 286 2437; x_wconf 82' lang='lat' dir='ltr'>xiv.</span> <span class='ocrx_word' id='word_1_309' title='bbox 301 2407 371 2437; x_wconf 91' lang='lat' dir='ltr'>Item</span> <span class='ocrx_word' id='word_1_310' title='bbox 387 2407 547 2446; x_wconf 87' lang='lat' dir='ltr'>hortamur,</span> <span class='ocrx_word' id='word_1_311' title='bbox 563 2407 650 2447; x_wconf 89' lang='lat' dir='ltr'>quod,</span> <span class='ocrx_word' id='word_1_312' title='bbox 668 2409 782 2447; x_wconf 89' lang='lat' dir='ltr'>quando</span> <span class='ocrx_word' id='word_1_313' title='bbox 795 2408 826 2438; x_wconf 89' lang='lat' dir='ltr'>fit</span> <span class='ocrx_word' id='word_1_314' title='bbox 841 2418 923 2439; x_wconf 79' lang='lat' dir='ltr'>exer-</span> 
     </span>
     <span class='ocr_line' id='line_1_53' title="bbox 190 2455 921 2497; baseline 0.003 -11"><span class='ocrx_word' id='word_1_315' title='bbox 190 2455 290 2486; x_wconf 89' lang='lat' dir='ltr'>citium</span> <span class='ocrx_word' id='word_1_316' title='bbox 311 2457 341 2486; x_wconf 89' lang='lat' dir='ltr'>in</span> <span class='ocrx_word' id='word_1_317' title='bbox 362 2457 426 2487; x_wconf 90' lang='lat' dir='ltr'>loco</span> <span class='ocrx_word' id='word_1_318' title='bbox 449 2458 558 2496; x_wconf 88' lang='lat' dir='ltr'>quieto,</span> <span class='ocrx_word' id='word_1_319' title='bbox 577 2462 605 2487; x_wconf 93' lang='lat' dir='ltr'>et</span> <span class='ocrx_word' id='word_1_320' title='bbox 626 2458 718 2494; x_wconf 87' lang='lat' dir='ltr'>locus,</span> <span class='ocrx_word' id='word_1_321' title='bbox 742 2462 855 2497; x_wconf 89' lang='lat' dir='ltr'>tempus</span> <span class='ocrx_word' id='word_1_322' title='bbox 878 2458 921 2488; x_wconf 91' lang='lat' dir='ltr'>vel</span> 
     </span>
     <span class='ocr_line' id='line_1_54' title="bbox 190 2505 923 2545; baseline 0.004 -12"><span class='ocrx_word' id='word_1_323' title='bbox 190 2513 263 2543; x_wconf 91' lang='lat' dir='ltr'>opus</span> <span class='ocrx_word' id='word_1_324' title='bbox 286 2505 381 2543; x_wconf 90' lang='lat' dir='ltr'>ipsum</span> <span class='ocrx_word' id='word_1_325' title='bbox 405 2505 581 2544; x_wconf 81' lang='lat' dir='ltr'>permiserit,</span> <span class='ocrx_word' id='word_1_326' title='bbox 602 2515 654 2545; x_wconf 89' lang='lat' dir='ltr'>pro</span> <span class='ocrx_word' id='word_1_327' title='bbox 676 2505 823 2545; x_wconf 86' lang='lat' dir='ltr'>spirituali</span> <span class='ocrx_word' id='word_1_328' title='bbox 845 2506 923 2536; x_wconf 88' lang='lat' dir='ltr'>aedi-</span> 
     </span>
    </p>
   </div>
   <div class='ocr_carea' id='block_1_10' title="bbox 171 2551 597 2599">
    <p class='ocr_par' dir='ltr' id='par_1_17' title="bbox 171 2551 597 2599">
     <span class='ocr_line' id='line_1_55' title="bbox 171 2551 597 2599; baseline 0.002 -16"><span class='ocrx_word' id='word_1_329' title='bbox 171 2551 323 2599; x_wconf 31' lang='lat' dir='ltr'>*ficatione</span> <span class='ocrx_word' id='word_1_330' title='bbox 345 2553 457 2592; x_wconf 80' lang='lat' dir='ltr'>legatur</span> <span class='ocrx_word' id='word_1_331' title='bbox 478 2554 597 2593; x_wconf 80' lang='lat' dir='ltr'>aliquid.</span> 
     </span>
    </p>
   </div>
   <div class='ocr_carea' id='block_1_11' title="bbox 942 294 947 841">
    <p class='ocr_par' dir='ltr' id='par_1_18' title="bbox 942 294 947 841">
     <span class='ocr_line' id='line_1_56' title="bbox 942 294 947 841; baseline 0 0"><span class='ocrx_word' id='word_1_332' title='bbox 942 294 947 841; x_wconf 95' lang='lat' dir='ltr'> </span> 
     </span>
    </p>
   </div>
   <div class='ocr_carea' id='block_1_12' title="bbox 939 1349 944 2355">
    <p class='ocr_par' dir='ltr' id='par_1_19' title="bbox 939 1349 944 2355">
     <span class='ocr_line' id='line_1_57' title="bbox 939 1349 944 2355; baseline 0 0"><span class='ocrx_word' id='word_1_333' title='bbox 939 1349 944 2355; x_wconf 95' lang='lat' dir='ltr'> </span> 
     </span>
    </p>
   </div>
   <div class='ocr_carea' id='block_1_13' title="bbox 961 559 1699 1853">
    <p class='ocr_par' dir='ltr' id='par_1_20' title="bbox 961 559 1699 1853">
     <span class='ocr_line' id='line_1_58' title="bbox 964 559 1697 605; baseline 0.005 -13"><span class='ocrx_word' id='word_1_334' title='bbox 964 559 1231 603; x_wconf 78' lang='lat' dir='ltr'>Quadragesimae</span> <span class='ocrx_word' id='word_1_335' title='bbox 1246 562 1331 594; x_wconf 92' lang='lat' dir='ltr'>omni</span> <span class='ocrx_word' id='word_1_336' title='bbox 1346 563 1484 605; x_wconf 85' lang='lat' dir='ltr'>puritate</span> <span class='ocrx_word' id='word_1_337' title='bbox 1498 563 1593 596; x_wconf 88' lang='lat' dir='ltr'>vitam</span> <span class='ocrx_word' id='word_1_338' title='bbox 1608 573 1697 596; x_wconf 90' lang='lat' dir='ltr'>suam</span> 
     </span>
     <span class='ocr_line' id='line_1_59' title="bbox 964 613 1698 658; baseline 0.005 -14"><span class='ocrx_word' id='word_1_339' title='bbox 964 613 1145 653; x_wconf 87' lang='lat' dir='ltr'>custodire;</span> <span class='ocrx_word' id='word_1_340' title='bbox 1177 624 1290 647; x_wconf 87' lang='lat' dir='ltr'>omnes</span> <span class='ocrx_word' id='word_1_341' title='bbox 1324 615 1447 657; x_wconf 84' lang='lat' dir='ltr'>pariter</span> <span class='ocrx_word' id='word_1_342' title='bbox 1482 615 1698 658; x_wconf 81' lang='lat' dir='ltr'>negligentias</span> 
     </span>
     <span class='ocr_line' id='line_1_60' title="bbox 963 665 1699 709; baseline 0.004 -12"><span class='ocrx_word' id='word_1_343' title='bbox 963 665 1100 698; x_wconf 87' lang='lat' dir='ltr'>aliorum</span> <span class='ocrx_word' id='word_1_344' title='bbox 1118 671 1298 709; x_wconf 84' lang='lat' dir='ltr'>temporum</span> <span class='ocrx_word' id='word_1_345' title='bbox 1318 666 1367 698; x_wconf 90' lang='lat' dir='ltr'>his</span> <span class='ocrx_word' id='word_1_346' title='bbox 1386 667 1497 700; x_wconf 88' lang='lat' dir='ltr'>diebus</span> <span class='ocrx_word' id='word_1_347' title='bbox 1517 668 1634 700; x_wconf 89' lang='lat' dir='ltr'>sanctis</span> <span class='ocrx_word' id='word_1_348' title='bbox 1652 668 1699 700; x_wconf 90' lang='lat' dir='ltr'>di-</span> 
     </span>
     <span class='ocr_line' id='line_1_61' title="bbox 963 717 1698 761; baseline 0.004 -11"><span class='ocrx_word' id='word_1_349' title='bbox 963 719 1065 751; x_wconf 85' lang='lat' dir='ltr'>luere.</span> <span class='ocrx_word' id='word_1_350' title='bbox 1093 717 1182 756; x_wconf 85' lang='lat' dir='ltr'>Quod</span> <span class='ocrx_word' id='word_1_351' title='bbox 1209 724 1284 751; x_wconf 86' lang='lat' dir='ltr'>tunc</span> <span class='ocrx_word' id='word_1_352' title='bbox 1309 719 1406 761; x_wconf 81' lang='lat' dir='ltr'>digne</span> <span class='ocrx_word' id='word_1_353' title='bbox 1430 719 1489 759; x_wconf 90' lang='lat' dir='ltr'>sit,</span> <span class='ocrx_word' id='word_1_354' title='bbox 1514 720 1539 751; x_wconf 87' lang='lat' dir='ltr'>si</span> <span class='ocrx_word' id='word_1_355' title='bbox 1566 720 1604 752; x_wconf 90' lang='lat' dir='ltr'>ab</span> <span class='ocrx_word' id='word_1_356' title='bbox 1629 731 1698 753; x_wconf 89' lang='lat' dir='ltr'>om-</span> 
     </span>
     <span class='ocr_line' id='line_1_62' title="bbox 964 769 1697 813; baseline 0.005 -12"><span class='ocrx_word' id='word_1_357' title='bbox 964 769 1058 802; x_wconf 87' lang='lat' dir='ltr'>nihus</span> <span class='ocrx_word' id='word_1_358' title='bbox 1089 769 1175 802; x_wconf 79' lang='lat' dir='ltr'>vitiis</span> <span class='ocrx_word' id='word_1_359' title='bbox 1206 780 1266 803; x_wconf 88' lang='lat' dir='ltr'>nos</span> <span class='ocrx_word' id='word_1_360' title='bbox 1291 775 1529 813; x_wconf 85' lang='lat' dir='ltr'>temperemus,</span> <span class='ocrx_word' id='word_1_361' title='bbox 1557 772 1697 805; x_wconf 86' lang='lat' dir='ltr'>orationi</span> 
     </span>
     <span class='ocr_line' id='line_1_63' title="bbox 963 821 1697 866; baseline 0.004 -13"><span class='ocrx_word' id='word_1_362' title='bbox 963 832 1034 854; x_wconf 90' lang='lat' dir='ltr'>cum</span> <span class='ocrx_word' id='word_1_363' title='bbox 1059 821 1208 861; x_wconf 78' lang='lat' dir='ltr'>fletibus,</span> <span class='ocrx_word' id='word_1_364' title='bbox 1235 822 1366 855; x_wconf 89' lang='lat' dir='ltr'>lectioni</span> <span class='ocrx_word' id='word_1_365' title='bbox 1397 827 1429 855; x_wconf 88' lang='lat' dir='ltr'>et</span> <span class='ocrx_word' id='word_1_366' title='bbox 1454 824 1697 866; x_wconf 84' lang='lat' dir='ltr'>compunctioni</span> 
     </span>
     <span class='ocr_line' id='line_1_64' title="bbox 963 874 1698 918; baseline 0.004 -13"><span class='ocrx_word' id='word_1_367' title='bbox 963 874 1069 906; x_wconf 89' lang='lat' dir='ltr'>cordis</span> <span class='ocrx_word' id='word_1_368' title='bbox 1102 879 1198 917; x_wconf 88' lang='lat' dir='ltr'>atque</span> <span class='ocrx_word' id='word_1_369' title='bbox 1230 874 1443 907; x_wconf 87' lang='lat' dir='ltr'>abstinentiae</span> <span class='ocrx_word' id='word_1_370' title='bbox 1476 885 1609 918; x_wconf 88' lang='lat' dir='ltr'>operam</span> <span class='ocrx_word' id='word_1_371' title='bbox 1643 877 1698 908; x_wconf 90' lang='lat' dir='ltr'>de-</span> 
     </span>
     <span class='ocr_line' id='line_1_65' title="bbox 963 926 1696 969; baseline 0.004 -12"><span class='ocrx_word' id='word_1_372' title='bbox 963 936 1047 957; x_wconf 86' lang='lat' dir='ltr'>mus.</span> <span class='ocrx_word' id='word_1_373' title='bbox 1073 926 1156 968; x_wconf 84' lang='lat' dir='ltr'>Ergo</span> <span class='ocrx_word' id='word_1_374' title='bbox 1182 926 1232 958; x_wconf 88' lang='lat' dir='ltr'>his</span> <span class='ocrx_word' id='word_1_375' title='bbox 1257 927 1370 959; x_wconf 86' lang='lat' dir='ltr'>diebus</span> <span class='ocrx_word' id='word_1_376' title='bbox 1402 937 1575 969; x_wconf 82' lang='lat' dir='ltr'>augeamus</span> <span class='ocrx_word' id='word_1_377' title='bbox 1599 929 1696 960; x_wconf 88' lang='lat' dir='ltr'>nobis</span> 
     </span>
     <span class='ocr_line' id='line_1_66' title="bbox 964 978 1696 1021; baseline 0.004 -12"><span class='ocrx_word' id='word_1_378' title='bbox 964 978 1085 1020; x_wconf 86' lang='lat' dir='ltr'>aliquid</span> <span class='ocrx_word' id='word_1_379' title='bbox 1122 978 1160 1010; x_wconf 91' lang='lat' dir='ltr'>ad</span> <span class='ocrx_word' id='word_1_380' title='bbox 1195 978 1325 1011; x_wconf 89' lang='lat' dir='ltr'>solitum</span> <span class='ocrx_word' id='word_1_381' title='bbox 1361 989 1497 1021; x_wconf 87' lang='lat' dir='ltr'>pensum</span> <span class='ocrx_word' id='word_1_382' title='bbox 1533 980 1696 1013; x_wconf 82' lang='lat' dir='ltr'>servitutis</span> 
     </span>
     <span class='ocr_line' id='line_1_67' title="bbox 963 1030 1696 1074; baseline 0.005 -12"><span class='ocrx_word' id='word_1_383' title='bbox 963 1036 1105 1069; x_wconf 87' lang='lat' dir='ltr'>nostrae,</span> <span class='ocrx_word' id='word_1_384' title='bbox 1132 1030 1295 1063; x_wconf 87' lang='lat' dir='ltr'>orationes</span> <span class='ocrx_word' id='word_1_385' title='bbox 1319 1031 1522 1074; x_wconf 83' lang='lat' dir='ltr'>peculiares,</span> <span class='ocrx_word' id='word_1_386' title='bbox 1549 1032 1696 1066; x_wconf 89' lang='lat' dir='ltr'>ciborum</span> 
     </span>
     <span class='ocr_line' id='line_1_68' title="bbox 964 1083 1695 1128; baseline 0.003 -13"><span class='ocrx_word' id='word_1_387' title='bbox 964 1088 996 1115; x_wconf 90' lang='lat' dir='ltr'>ct</span> <span class='ocrx_word' id='word_1_388' title='bbox 1018 1088 1113 1125; x_wconf 84' lang='lat' dir='ltr'>potus</span> <span class='ocrx_word' id='word_1_389' title='bbox 1138 1083 1384 1123; x_wconf 89' lang='lat' dir='ltr'>abstinentiam,</span> <span class='ocrx_word' id='word_1_390' title='bbox 1408 1090 1443 1116; x_wconf 86' lang='lat' dir='ltr'>ut</span> <span class='ocrx_word' id='word_1_391' title='bbox 1473 1084 1695 1128; x_wconf 88' lang='lat' dir='ltr'>unusquisque</span> 
     </span>
     <span class='ocr_line' id='line_1_69' title="bbox 963 1136 1694 1179; baseline 0 -12"><span class='ocrx_word' id='word_1_392' title='bbox 963 1145 1060 1177; x_wconf 87' lang='lat' dir='ltr'>super</span> <span class='ocrx_word' id='word_1_393' title='bbox 1084 1145 1267 1168; x_wconf 87' lang='lat' dir='ltr'>mensuram</span> <span class='ocrx_word' id='word_1_394' title='bbox 1296 1136 1357 1168; x_wconf 88' lang='lat' dir='ltr'>sibi</span> <span class='ocrx_word' id='word_1_395' title='bbox 1391 1136 1543 1169; x_wconf 82' lang='lat' dir='ltr'>indictam</span> <span class='ocrx_word' id='word_1_396' title='bbox 1573 1137 1694 1179; x_wconf 84' lang='lat' dir='ltr'>aliquid</span> 
     </span>
     <span class='ocr_line' id='line_1_70' title="bbox 962 1188 1693 1232; baseline 0.004 -14"><span class='ocrx_word' id='word_1_397' title='bbox 962 1188 1094 1229; x_wconf 80' lang='lat' dir='ltr'>propria</span> <span class='ocrx_word' id='word_1_398' title='bbox 1108 1188 1272 1221; x_wconf 84' lang='lat' dir='ltr'>voluntate</span> <span class='ocrx_word' id='word_1_399' title='bbox 1290 1199 1361 1221; x_wconf 87' lang='lat' dir='ltr'>cnm</span> <span class='ocrx_word' id='word_1_400' title='bbox 1379 1189 1494 1230; x_wconf 83' lang='lat' dir='ltr'>gaudio</span> <span class='ocrx_word' id='word_1_401' title='bbox 1508 1188 1614 1221; x_wconf 87' lang='lat' dir='ltr'>Sancti</span> <span class='ocrx_word' id='word_1_402' title='bbox 1631 1189 1693 1232; x_wconf 61' lang='lat' dir='ltr'>§prs</span> 
     </span>
     <span class='ocr_line' id='line_1_71' title="bbox 964 1240 1698 1281; baseline 0.004 -10"><span class='ocrx_word' id='word_1_403' title='bbox 964 1240 1043 1272; x_wconf 88' lang='lat' dir='ltr'>ritus</span> <span class='ocrx_word' id='word_1_404' title='bbox 1068 1240 1181 1273; x_wconf 82' lang='lat' dir='ltr'>oll‘erat</span> <span class='ocrx_word' id='word_1_405' title='bbox 1204 1241 1279 1281; x_wconf 86' lang='lat' dir='ltr'>Deo,</span> <span class='ocrx_word' id='word_1_406' title='bbox 1305 1242 1337 1274; x_wconf 92' lang='lat' dir='ltr'>id</span> <span class='ocrx_word' id='word_1_407' title='bbox 1363 1246 1412 1274; x_wconf 86' lang='lat' dir='ltr'>est</span> <span class='ocrx_word' id='word_1_408' title='bbox 1436 1241 1605 1274; x_wconf 86' lang='lat' dir='ltr'>subtrahat</span> <span class='ocrx_word' id='word_1_409' title='bbox 1629 1252 1698 1274; x_wconf 87' lang='lat' dir='ltr'>cor-</span> 
     </span>
     <span class='ocr_line' id='line_1_72' title="bbox 963 1292 1694 1337; baseline 0.005 -14"><span class='ocrx_word' id='word_1_410' title='bbox 963 1292 1033 1334; x_wconf 86' lang='lat' dir='ltr'>pori</span> <span class='ocrx_word' id='word_1_411' title='bbox 1058 1303 1116 1325; x_wconf 88' lang='lat' dir='ltr'>suo</span> <span class='ocrx_word' id='word_1_412' title='bbox 1142 1293 1181 1326; x_wconf 89' lang='lat' dir='ltr'>dc</span> <span class='ocrx_word' id='word_1_413' title='bbox 1206 1293 1297 1334; x_wconf 89' lang='lat' dir='ltr'>cibo,</span> <span class='ocrx_word' id='word_1_414' title='bbox 1326 1294 1364 1326; x_wconf 89' lang='lat' dir='ltr'>de</span> <span class='ocrx_word' id='word_1_415' title='bbox 1388 1299 1478 1337; x_wconf 89' lang='lat' dir='ltr'>potu,</span> <span class='ocrx_word' id='word_1_416' title='bbox 1503 1294 1542 1326; x_wconf 88' lang='lat' dir='ltr'>de</span> <span class='ocrx_word' id='word_1_417' title='bbox 1567 1305 1694 1335; x_wconf 82' lang='lat' dir='ltr'>somno,</span> 
     </span>
     <span class='ocr_line' id='line_1_73' title="bbox 963 1344 1696 1388; baseline 0.001 -11"><span class='ocrx_word' id='word_1_418' title='bbox 963 1344 1001 1377; x_wconf 85' lang='lat' dir='ltr'>de</span> <span class='ocrx_word' id='word_1_419' title='bbox 1028 1345 1239 1388; x_wconf 86' lang='lat' dir='ltr'>loquacitate,</span> <span class='ocrx_word' id='word_1_420' title='bbox 1265 1346 1304 1378; x_wconf 91' lang='lat' dir='ltr'>dc</span> <span class='ocrx_word' id='word_1_421' title='bbox 1329 1345 1542 1385; x_wconf 81' lang='lat' dir='ltr'>scurrilitate,</span> <span class='ocrx_word' id='word_1_422' title='bbox 1568 1351 1599 1378; x_wconf 88' lang='lat' dir='ltr'>et</span> <span class='ocrx_word' id='word_1_423' title='bbox 1623 1357 1696 1379; x_wconf 85' lang='lat' dir='ltr'>cnm</span> 
     </span>
     <span class='ocr_line' id='line_1_74' title="bbox 962 1397 1698 1440; baseline 0.001 -11"><span class='ocrx_word' id='word_1_424' title='bbox 962 1397 1139 1439; x_wconf 86' lang='lat' dir='ltr'>spiritualis</span> <span class='ocrx_word' id='word_1_425' title='bbox 1160 1397 1313 1430; x_wconf 88' lang='lat' dir='ltr'>desiderii</span> <span class='ocrx_word' id='word_1_426' title='bbox 1334 1398 1451 1440; x_wconf 83' lang='lat' dir='ltr'>gaudio</span> <span class='ocrx_word' id='word_1_427' title='bbox 1476 1403 1622 1431; x_wconf 87' lang='lat' dir='ltr'>sanctum</span> <span class='ocrx_word' id='word_1_428' title='bbox 1640 1399 1698 1431; x_wconf 87' lang='lat' dir='ltr'>Pa-</span> 
     </span>
     <span class='ocr_line' id='line_1_75' title="bbox 962 1451 1694 1494; baseline -0.001 -12"><span class='ocrx_word' id='word_1_429' title='bbox 962 1451 1040 1482; x_wconf 88' lang='lat' dir='ltr'>scha</span> <span class='ocrx_word' id='word_1_430' title='bbox 1065 1455 1223 1493; x_wconf 81' lang='lat' dir='ltr'>expectet.</span> <span class='ocrx_word' id='word_1_431' title='bbox 1249 1451 1317 1483; x_wconf 92' lang='lat' dir='ltr'>Hoc</span> <span class='ocrx_word' id='word_1_432' title='bbox 1341 1451 1445 1493; x_wconf 89' lang='lat' dir='ltr'>ipsum</span> <span class='ocrx_word' id='word_1_433' title='bbox 1470 1456 1587 1491; x_wconf 88' lang='lat' dir='ltr'>tamen,</span> <span class='ocrx_word' id='word_1_434' title='bbox 1609 1451 1694 1494; x_wconf 82' lang='lat' dir='ltr'>quod</span> 
     </span>
     <span class='ocr_line' id='line_1_76' title="bbox 961 1502 1696 1546; baseline 0.001 -12"><span class='ocrx_word' id='word_1_435' title='bbox 961 1503 1182 1546; x_wconf 84' lang='lat' dir='ltr'>unusquisque</span> <span class='ocrx_word' id='word_1_436' title='bbox 1200 1502 1304 1543; x_wconf 75' lang='lat' dir='ltr'>oss&#39;ert,</span> <span class='ocrx_word' id='word_1_437' title='bbox 1327 1503 1435 1535; x_wconf 82' lang='lat' dir='ltr'>abbati</span> <span class='ocrx_word' id='word_1_438' title='bbox 1456 1514 1512 1535; x_wconf 90' lang='lat' dir='ltr'>suo</span> <span class='ocrx_word' id='word_1_439' title='bbox 1534 1508 1696 1546; x_wconf 81' lang='lat' dir='ltr'>suggerat.</span> 
     </span>
     <span class='ocr_line' id='line_1_77' title="bbox 963 1555 1696 1589; baseline 0.003 -2"><span class='ocrx_word' id='word_1_440' title='bbox 963 1560 995 1587; x_wconf 93' lang='lat' dir='ltr'>et</span> <span class='ocrx_word' id='word_1_441' title='bbox 1017 1566 1088 1587; x_wconf 87' lang='lat' dir='ltr'>cum</span> <span class='ocrx_word' id='word_1_442' title='bbox 1114 1556 1182 1588; x_wconf 88' lang='lat' dir='ltr'>eius</span> <span class='ocrx_word' id='word_1_443' title='bbox 1202 1555 1257 1588; x_wconf 87' lang='lat' dir='ltr'>fiat</span> <span class='ocrx_word' id='word_1_444' title='bbox 1278 1555 1441 1589; x_wconf 78' lang='lat' dir='ltr'>oratIOne¹</span> <span class='ocrx_word' id='word_1_445' title='bbox 1467 1560 1499 1588; x_wconf 89' lang='lat' dir='ltr'>et</span> <span class='ocrx_word' id='word_1_446' title='bbox 1521 1557 1696 1589; x_wconf 89' lang='lat' dir='ltr'>voluntate.</span> 
     </span>
     <span class='ocr_line' id='line_1_78' title="bbox 963 1607 1696 1651; baseline 0.003 -13"><span class='ocrx_word' id='word_1_447' title='bbox 963 1607 1036 1649; x_wconf 84' lang='lat' dir='ltr'>qnia</span> <span class='ocrx_word' id='word_1_448' title='bbox 1061 1607 1145 1650; x_wconf 90' lang='lat' dir='ltr'>quod</span> <span class='ocrx_word' id='word_1_449' title='bbox 1169 1607 1239 1640; x_wconf 88' lang='lat' dir='ltr'>sine</span> <span class='ocrx_word' id='word_1_450' title='bbox 1264 1608 1477 1650; x_wconf 85' lang='lat' dir='ltr'>permissione</span> <span class='ocrx_word' id='word_1_451' title='bbox 1508 1608 1608 1651; x_wconf 89' lang='lat' dir='ltr'>patris</span> <span class='ocrx_word' id='word_1_452' title='bbox 1633 1609 1696 1650; x_wconf 86' lang='lat' dir='ltr'>spi-</span> 
     </span>
     <span class='ocr_line' id='line_1_79' title="bbox 962 1660 1698 1704; baseline 0.003 -13"><span class='ocrx_word' id='word_1_453' title='bbox 962 1660 1087 1692; x_wconf 85' lang='lat' dir='ltr'>ritualis</span> <span class='ocrx_word' id='word_1_454' title='bbox 1105 1660 1150 1699; x_wconf 87' lang='lat' dir='ltr'>fit,</span> <span class='ocrx_word' id='word_1_455' title='bbox 1168 1661 1425 1703; x_wconf 86' lang='lat' dir='ltr'>praesumptioni</span> <span class='ocrx_word' id='word_1_456' title='bbox 1443 1661 1647 1704; x_wconf 87' lang='lat' dir='ltr'>reputabitur</span> <span class='ocrx_word' id='word_1_457' title='bbox 1665 1666 1698 1693; x_wconf 87' lang='lat' dir='ltr'>et</span> 
     </span>
     <span class='ocr_line' id='line_1_80' title="bbox 967 1713 1697 1756; baseline 0.001 -12"><span class='ocrx_word' id='word_1_458' title='bbox 967 1723 1066 1744; x_wconf 83' lang='lat' dir='ltr'>vanae</span> <span class='ocrx_word' id='word_1_459' title='bbox 1093 1713 1226 1754; x_wconf 81' lang='lat' dir='ltr'>gloriae,</span> <span class='ocrx_word' id='word_1_460' title='bbox 1251 1724 1317 1746; x_wconf 89' lang='lat' dir='ltr'>non</span> <span class='ocrx_word' id='word_1_461' title='bbox 1343 1713 1501 1747; x_wconf 82' lang='lat' dir='ltr'>mercedi:</span> <span class='ocrx_word' id='word_1_462' title='bbox 1527 1724 1606 1756; x_wconf 78' lang='lat' dir='ltr'>ergo</span> <span class='ocrx_word' id='word_1_463' title='bbox 1624 1724 1697 1746; x_wconf 86' lang='lat' dir='ltr'>curn</span> 
     </span>
     <span class='ocr_line' id='line_1_81' title="bbox 962 1765 1672 1808; baseline 0.003 -12"><span class='ocrx_word' id='word_1_464' title='bbox 962 1765 1129 1798; x_wconf 85' lang='lat' dir='ltr'>voluntate</span> <span class='ocrx_word' id='word_1_465' title='bbox 1153 1765 1277 1798; x_wconf 87' lang='lat' dir='ltr'>abbatis</span> <span class='ocrx_word' id='word_1_466' title='bbox 1303 1766 1413 1799; x_wconf 81' lang='lat' dir='ltr'>onmia</span> <span class='ocrx_word' id='word_1_467' title='bbox 1437 1767 1563 1808; x_wconf 80' lang='lat' dir='ltr'>agenda</span> <span class='ocrx_word' id='word_1_468' title='bbox 1586 1771 1672 1799; x_wconf 80' lang='lat' dir='ltr'>sunt.</span> 
     </span>
     <span class='ocr_line' id='line_1_82' title="bbox 1231 1831 1426 1853; baseline 0 -1"><span class='ocrx_word' id='word_1_469' title='bbox 1231 1831 1426 1853; x_wconf 57' lang='lat' dir='ltr'>nectarium.</span> 
     </span>
    </p>
   </div>
   <div class='ocr_carea' id='block_1_14' title="bbox 962 1874 1699 2541">
    <p class='ocr_par' dir='ltr' id='par_1_21' title="bbox 962 1874 1699 2397">
     <span class='ocr_line' id='line_1_83' title="bbox 1002 1874 1698 1914; baseline 0.004 -11"><span class='ocrx_word' id='word_1_470' title='bbox 1002 1874 1045 1912; x_wconf 84' lang='grc' dir='ltr'>(α)</span> <span class='ocrx_word' id='word_1_471' title='bbox 1074 1883 1094 1903; x_wconf 88' lang='lat'>1.</span> <span class='ocrx_word' id='word_1_472' title='bbox 1126 1875 1190 1904; x_wconf 79' lang='lat' dir='ltr'>Istis</span> <span class='ocrx_word' id='word_1_473' title='bbox 1221 1876 1314 1904; x_wconf 72' lang='lat' dir='ltr'>diebus</span> <span class='ocrx_word' id='word_1_474' title='bbox 1348 1875 1587 1914; x_wconf 74' lang='lat' dir='ltr'>Qitadrayesimae.</span> <span class='ocrx_word' id='word_1_475' title='bbox 1618 1876 1698 1906; x_wconf 84' lang='lat' dir='ltr'>Hanc</span> 
     </span>
     <span class='ocr_line' id='line_1_84' title="bbox 962 1921 1698 1964; baseline 0.004 -13"><span class='ocrx_word' id='word_1_476' title='bbox 962 1921 1217 1960; x_wconf 81' lang='lat' dir='ltr'>Quadragesimam</span> <span class='ocrx_word' id='word_1_477' title='bbox 1240 1923 1422 1953; x_wconf 89' lang='lat' dir='ltr'>declaramus</span> <span class='ocrx_word' id='word_1_478' title='bbox 1444 1925 1584 1964; x_wconf 87' lang='lat' dir='ltr'>incipere,</span> <span class='ocrx_word' id='word_1_479' title='bbox 1604 1924 1698 1963; x_wconf 87' lang='lat' dir='ltr'>quoad</span> 
     </span>
     <span class='ocr_line' id='line_1_85' title="bbox 963 1970 1698 2011; baseline 0.004 -12"><span class='ocrx_word' id='word_1_480' title='bbox 963 1970 1166 2000; x_wconf 87' lang='lat' dir='ltr'>abstinentiam</span> <span class='ocrx_word' id='word_1_481' title='bbox 1189 1971 1367 2009; x_wconf 87' lang='lat' dir='ltr'>huiusmodi,</span> <span class='ocrx_word' id='word_1_482' title='bbox 1391 1973 1519 2002; x_wconf 73' lang='lat' dir='ltr'>secunda</span> <span class='ocrx_word' id='word_1_483' title='bbox 1540 1973 1613 2002; x_wconf 74' lang='lat' dir='ltr'>seria</span> <span class='ocrx_word' id='word_1_484' title='bbox 1635 1976 1698 2011; x_wconf 89' lang='lat' dir='ltr'>post</span> 
     </span>
     <span class='ocr_line' id='line_1_86' title="bbox 963 2018 1699 2058; baseline 0.004 -11"><span class='ocrx_word' id='word_1_485' title='bbox 963 2018 1251 2058; x_wconf 81' lang='lat' dir='ltr'>Quinquagesimam,</span> <span class='ocrx_word' id='word_1_486' title='bbox 1264 2020 1337 2050; x_wconf 91' lang='lat' dir='ltr'>itaut</span> <span class='ocrx_word' id='word_1_487' title='bbox 1359 2021 1432 2050; x_wconf 70' lang='lat' dir='ltr'>seria</span> <span class='ocrx_word' id='word_1_488' title='bbox 1454 2021 1582 2051; x_wconf 66' lang='lat' dir='ltr'>secund-21</span> <span class='ocrx_word' id='word_1_489' title='bbox 1597 2024 1625 2050; x_wconf 87' lang='lat' dir='ltr'>et</span> <span class='ocrx_word' id='word_1_490' title='bbox 1641 2025 1699 2050; x_wconf 91' lang='lat' dir='ltr'>ter-</span> 
     </span>
     <span class='ocr_line' id='line_1_87' title="bbox 963 2067 1698 2099; baseline 0.001 -3"><span class='ocrx_word' id='word_1_491' title='bbox 963 2067 1004 2097; x_wconf 71' lang='lat' dir='ltr'>tia</span> <span class='ocrx_word' id='word_1_492' title='bbox 1025 2072 1091 2097; x_wconf 87' lang='lat' dir='ltr'>ante</span> <span class='ocrx_word' id='word_1_493' title='bbox 1113 2068 1232 2098; x_wconf 90' lang='lat' dir='ltr'>Cineres</span> <span class='ocrx_word' id='word_1_494' title='bbox 1254 2068 1429 2098; x_wconf 85' lang='lat' dir='ltr'>abstinentia</span> <span class='ocrx_word' id='word_1_495' title='bbox 1451 2079 1466 2098; x_wconf 85' lang='lat' dir='ltr'>a</span> <span class='ocrx_word' id='word_1_496' title='bbox 1489 2069 1645 2098; x_wconf 84' lang='lat' dir='ltr'>lacticiniis</span> <span class='ocrx_word' id='word_1_497' title='bbox 1667 2070 1698 2099; x_wconf 91' lang='lat' dir='ltr'>in</span> 
     </span>
     <span class='ocr_line' id='line_1_88' title="bbox 963 2115 1698 2147; baseline 0.001 -2"><span class='ocrx_word' id='word_1_498' title='bbox 963 2116 1097 2145; x_wconf 90' lang='lat' dir='ltr'>omnibus</span> <span class='ocrx_word' id='word_1_499' title='bbox 1124 2116 1195 2145; x_wconf 91' lang='lat' dir='ltr'>locis</span> <span class='ocrx_word' id='word_1_500' title='bbox 1224 2116 1259 2145; x_wconf 89' lang='lat' dir='ltr'>ab</span> <span class='ocrx_word' id='word_1_501' title='bbox 1281 2115 1416 2146; x_wconf 90' lang='lat' dir='ltr'>omnibus</span> <span class='ocrx_word' id='word_1_502' title='bbox 1438 2116 1576 2146; x_wconf 87' lang='lat' dir='ltr'>fratribus</span> <span class='ocrx_word' id='word_1_503' title='bbox 1599 2126 1698 2147; x_wconf 88' lang='lat' dir='ltr'>mona-</span> 
     </span>
     <span class='ocr_line' id='line_1_89' title="bbox 963 2164 1699 2203; baseline 0.003 -10"><span class='ocrx_word' id='word_1_504' title='bbox 963 2164 1024 2193; x_wconf 82' lang='lat' dir='ltr'>chis</span> <span class='ocrx_word' id='word_1_505' title='bbox 1047 2168 1074 2194; x_wconf 90' lang='lat' dir='ltr'>et</span> <span class='ocrx_word' id='word_1_506' title='bbox 1096 2164 1232 2203; x_wconf 82' lang='lat' dir='ltr'>praelatis</span> <span class='ocrx_word' id='word_1_507' title='bbox 1252 2165 1358 2194; x_wconf 85' lang='lat' dir='ltr'>nostris</span> <span class='ocrx_word' id='word_1_508' title='bbox 1379 2164 1584 2195; x_wconf 84' lang='lat' dir='ltr'>inviolabiliter</span> <span class='ocrx_word' id='word_1_509' title='bbox 1599 2165 1699 2196; x_wconf 84' lang='lat' dir='ltr'>ohser-</span> 
     </span>
     <span class='ocr_line' id='line_1_90' title="bbox 963 2212 1696 2253; baseline 0.004 -12"><span class='ocrx_word' id='word_1_510' title='bbox 963 2217 1056 2242; x_wconf 76' lang='lat' dir='ltr'>vetur.</span> <span class='ocrx_word' id='word_1_511' title='bbox 1089 2212 1143 2247; x_wconf 87' lang='lat' dir='ltr'>Qui</span> <span class='ocrx_word' id='word_1_512' title='bbox 1176 2213 1379 2242; x_wconf 84' lang='lat' dir='ltr'>contrafecisse</span> <span class='ocrx_word' id='word_1_513' title='bbox 1411 2213 1518 2243; x_wconf 88' lang='lat' dir='ltr'>suerint</span> <span class='ocrx_word' id='word_1_514' title='bbox 1549 2213 1696 2253; x_wconf 91' lang='lat' dir='ltr'>convicti,</span> 
     </span>
     <span class='ocr_line' id='line_1_91' title="bbox 964 2261 1698 2300; baseline 0.004 -11"><span class='ocrx_word' id='word_1_515' title='bbox 964 2261 1084 2299; x_wconf 87' lang='lat' dir='ltr'>praelati</span> <span class='ocrx_word' id='word_1_516' title='bbox 1106 2261 1252 2299; x_wconf 80' lang='lat' dir='ltr'>integrum</span> <span class='ocrx_word' id='word_1_517' title='bbox 1276 2262 1445 2300; x_wconf 86' lang='lat' dir='ltr'>psalterium</span> <span class='ocrx_word' id='word_1_518' title='bbox 1467 2262 1590 2292; x_wconf 89' lang='lat' dir='ltr'>recitent</span> <span class='ocrx_word' id='word_1_519' title='bbox 1612 2262 1698 2292; x_wconf 88' lang='lat' dir='ltr'>toties</span> 
     </span>
     <span class='ocr_line' id='line_1_92' title="bbox 963 2309 1697 2350; baseline 0.003 -12"><span class='ocrx_word' id='word_1_520' title='bbox 963 2309 1093 2348; x_wconf 82' lang='lat' dir='ltr'>quoties3</span> <span class='ocrx_word' id='word_1_521' title='bbox 1118 2309 1207 2339; x_wconf 89' lang='lat' dir='ltr'>ceteri</span> <span class='ocrx_word' id='word_1_522' title='bbox 1229 2309 1360 2339; x_wconf 85' lang='lat' dir='ltr'>ieiuuent</span> <span class='ocrx_word' id='word_1_523' title='bbox 1381 2314 1424 2340; x_wconf 91' lang='lat' dir='ltr'>ter</span> <span class='ocrx_word' id='word_1_524' title='bbox 1440 2310 1470 2340; x_wconf 88' lang='lat' dir='ltr'>in</span> <span class='ocrx_word' id='word_1_525' title='bbox 1486 2311 1566 2340; x_wconf 64' lang='lat' dir='ltr'>terra</span> <span class='ocrx_word' id='word_1_526' title='bbox 1578 2311 1607 2340; x_wconf 91' lang='lat' dir='ltr'>in</span> <span class='ocrx_word' id='word_1_527' title='bbox 1624 2320 1697 2350; x_wconf 84' lang='lat' dir='ltr'>pano</span> 
     </span>
     <span class='ocr_line' id='line_1_93' title="bbox 964 2357 1552 2397; baseline 0.003 -11"><span class='ocrx_word' id='word_1_528' title='bbox 964 2360 992 2386; x_wconf 84' lang='lat' dir='ltr'>et</span> <span class='ocrx_word' id='word_1_529' title='bbox 1015 2359 1092 2396; x_wconf 71' lang='lat' dir='ltr'>aqua</span> <span class='ocrx_word' id='word_1_530' title='bbox 1113 2357 1206 2387; x_wconf 89' lang='lat' dir='ltr'>tribus</span> <span class='ocrx_word' id='word_1_531' title='bbox 1228 2357 1330 2387; x_wconf 90' lang='lat' dir='ltr'>diebus</span> <span class='ocrx_word' id='word_1_532' title='bbox 1351 2359 1552 2397; x_wconf 87' lang='lat' dir='ltr'>sequentibus.</span> 
     </span>
    </p>

    <p class='ocr_par' dir='ltr' id='par_1_22' title="bbox 964 2406 1699 2541">
     <span class='ocr_line' id='line_1_94' title="bbox 1002 2406 1698 2446; baseline 0.006 -12"><span class='ocrx_word' id='word_1_533' title='bbox 1002 2415 1033 2435; x_wconf 85' lang='lat'>11.</span> <span class='ocrx_word' id='word_1_534' title='bbox 1057 2406 1091 2435; x_wconf 90' lang='lat' dir='ltr'>Et</span> <span class='ocrx_word' id='word_1_535' title='bbox 1112 2410 1143 2435; x_wconf 94' lang='lat' dir='ltr'>ut</span> <span class='ocrx_word' id='word_1_536' title='bbox 1164 2406 1243 2435; x_wconf 82' lang='lat' dir='ltr'>iuxta</span> <span class='ocrx_word' id='word_1_537' title='bbox 1266 2407 1395 2444; x_wconf 85' lang='lat' dir='ltr'>regulam</span> <span class='ocrx_word' id='word_1_538' title='bbox 1411 2417 1568 2446; x_wconf 77' lang='lat' dir='ltr'>augeamus</span> <span class='ocrx_word' id='word_1_539' title='bbox 1587 2407 1698 2446; x_wconf 91' lang='lat' dir='ltr'>aliquid</span> 
     </span>
     <span class='ocr_line' id='line_1_95' title="bbox 964 2453 1698 2495; baseline 0.005 -13"><span class='ocrx_word' id='word_1_540' title='bbox 964 2453 998 2483; x_wconf 87' lang='lat' dir='ltr'>ad</span> <span class='ocrx_word' id='word_1_541' title='bbox 1021 2453 1137 2483; x_wconf 90' lang='lat' dir='ltr'>solitum</span> <span class='ocrx_word' id='word_1_542' title='bbox 1160 2463 1280 2492; x_wconf 91' lang='lat' dir='ltr'>pensum</span> <span class='ocrx_word' id='word_1_543' title='bbox 1303 2455 1449 2485; x_wconf 88' lang='lat' dir='ltr'>servitutis</span> <span class='ocrx_word' id='word_1_544' title='bbox 1472 2459 1599 2495; x_wconf 87' lang='lat' dir='ltr'>nostrae,</span> <span class='ocrx_word' id='word_1_545' title='bbox 1622 2456 1698 2487; x_wconf 84' lang='lat' dir='ltr'>ultra</span> 
     </span>
     <span class='ocr_line' id='line_1_96' title="bbox 964 2502 1699 2541; baseline 0.005 -10"><span class='ocrx_word' id='word_1_546' title='bbox 964 2502 1089 2541; x_wconf 90' lang='lat' dir='ltr'>psalmos</span> <span class='ocrx_word' id='word_1_547' title='bbox 1104 2502 1336 2541; x_wconf 88' lang='lat' dir='ltr'>poenitentiales,</span> <span class='ocrx_word' id='word_1_548' title='bbox 1353 2504 1503 2541; x_wconf 79' lang='lat' dir='ltr'>graduales</span> <span class='ocrx_word' id='word_1_549' title='bbox 1522 2508 1550 2534; x_wconf 88' lang='lat' dir='ltr'>et</span> <span class='ocrx_word' id='word_1_550' title='bbox 1571 2504 1699 2535; x_wconf 83' lang='lat' dir='ltr'>officium</span> 
     </span>
    </p>
   </div>
   <div class='ocr_carea' id='block_1_15' title="bbox 1002 2560 1462 2596">
    <p class='ocr_par' dir='ltr' id='par_1_23' title="bbox 1002 2560 1462 2596">
     <span class='ocr_line' id='line_1_97' title="bbox 1002 2560 1462 2596; baseline 0.004 -10"><span class='ocrx_word' id='word_1_551' title='bbox 1002 2562 1010 2586; x_wconf 72' lang='lat' dir='ltr'>l</span> <span class='ocrx_word' id='word_1_552' title='bbox 1036 2560 1133 2587; x_wconf 80' lang='lat' dir='ltr'>Forsan</span> <span class='ocrx_word' id='word_1_553' title='bbox 1150 2561 1340 2595; x_wconf 77' lang='lat' dir='ltr'>permissione</span> <span class='ocrx_word' id='word_1_554' title='bbox 1359 2562 1398 2596; x_wconf 82' lang='lat' dir='ltr'>(n.</span> <span class='ocrx_word' id='word_1_555' title='bbox 1414 2563 1462 2596; x_wconf 82' lang='lat' dir='ltr'>T.).</span> 
     </span>
    </p>
   </div>
  </div>
 </body>
</html>
