2111 3157
3 200 48 225 Αιι.
65 193 94 224 ὖ.
116 193 183 223 1679

190 241 395 275 monasteriis
426 242 711 275 commorantium.
746 242 827 275 Hinc
856 246 952 284 pro-³

189 294 379 326 vincialibus
400 295 485 337 ipsis
506 295 562 327 sub
582 297 686 337 poena
709 293 931 337 suspensionis
951 294 953 299 '

191 345 237 376 sui
266 346 367 378 oflicii
393 357 453 389 per
477 354 642 386 semestre,
667 346 833 379 abbatissis
856 355 930 377 vero

192 405 223 429 et
255 398 412 430 discretis
443 399 629 431 monasterii
662 398 720 430 sul]
748 396 932 440 privationis

193 459 323 484 suorum
356 450 535 483 officiorum
568 452 674 493 poena
713 449 930 492 praecipitur,

191 510 232 532 ne
258 501 443 543 praedictas
465 502 555 534 dotes
574 507 628 534 aut
651 502 802 534 alimenta
826 506 930 532 taxata

191 554 348 592 minuant,
376 558 430 585 aut
454 553 555 585 minui
573 554 770 596 permittant.
790 553 930 585 Eisdem-

192 616 254 648 que
281 611 346 637 tum
371 606 624 648 provincialibus
649 612 712 638 tum
734 605 928 638 monialibus

191 658 251 689 sub
277 658 389 689 eadem
410 661 515 700 poena
535 659 748 701 praecipitur,
767 669 805 690 nc
827 659 925 690 ullam

189 719 249 751 pro
261 709 393 741 moniali
412 709 589 742 indotatam
605 711 761 753 recipiant
778 710 837 742 sub
852 721 926 752 quo·

190 761 236 793 vis
265 767 434 804 praetextu
471 768 523 795 aut
551 763 662 803 titulo,
689 762 749 795 nisi
774 765 867 795 causa
892 763 923 794 in

770 194 983 219 lNNOCENTlUS
1005 195 1035 219 XI
1060 192 1107 219 PP.

191 816 282 846 sacra
306 814 561 857 Congregatione
588 816 732 855 deducta,
759 815 797 847 ab
823 818 923 858 eaque

191 866 321 899 licentia
345 868 487 900 obtenta.

369 921 421 951 Pro
442 922 551 961 familiti
572 924 747 952 cismoulami.

237 980 258 1003 1.
283 969 345 1002 Pro
370 970 494 1003 meliori
521 971 711 1003 novitiorum
730 976 762 1003 et
778 976 924 1003 recenter

193 1023 413 1065 professorum
427 1023 628 1062 educatione,
641 1028 670 1055 et
682 1028 717 1055 ut
734 1023 846 1056 fratres
866 1023 921 1061 itti,

195 1074 249 1117 qui
274 1074 385 1106 maiori
419 1074 548 1116 spiritus
579 1075 677 1117 quieti
710 1081 741 1107 et
772 1075 922 1107 strictiori

193 1128 325 1169 regulae
347 1133 476 1160 nostrae
497 1127 717 1160 observantiae
738 1127 922 1160 incumbere

195 1179 393 1218 desiderant,
416 1179 446 1211 id
468 1185 631 1222 praestare
652 1179 777 1221 possint
794 1180 825 1211 in
851 1190 924 1222 pro-

195 1231 273 1273 priis
297 1231 482 1273 provinciis,
508 1230 628 1273 absque
653 1241 691 1263 eo
714 1232 807 1274 quod,
830 1232 923 1263 huius

196 1282 292 1314 studii
317 1287 503 1325 praetextu,
530 1287 584 1314 aut
607 1282 646 1314 ad
670 1283 748 1315 alias
774 1283 922 1321 transire,

196 1340 249 1366 aut
273 1345 372 1367 novas
396 1334 642 1367 reformationes
667 1340 698 1367 et
718 1335 872 1367 scissuras
893 1335 924 1366 in

194 1386 345 1420 Ordinem
370 1386 521 1418 invehere
547 1386 736 1426 moliantur,
762 1387 922 1427 statuitur,

195 1439 281 1482 quod
307 1439 338 1470 in
364 1439 499 1480 singulis
524 1439 620 1471 huius
641 1439 778 1472 familiae
798 1440 926 1482 provin-

196 1491 254 1523 ciis
275 1492 313 1524 de
333 1490 540 1524 Observantia
563 1491 770 1523 instituantur
787 1498 852 1524 tres
873 1497 925 1524 aut

195 1548 334 1585 quatuor
347 1549 522 1575 conventus
536 1544 782 1579 recollectionis,
796 1544 848 1586 qui
863 1544 927 1576 sint

195 1595 292 1637 primi
317 1600 350 1627 et
373 1595 505 1627 secundi
531 1596 714 1634 novitiatus,
732 1601 764 1627 ut
784 1596 877 1629 simul
895 1602 926 1628 et

196 1647 266 1679 loca
283 1647 457 1690 spiritualis
475 1648 591 1690 quietis
610 1654 638 1680 et
656 1649 863 1690 perfectionis
879 1659 926 1681 se-

198 1700 336 1732 minaria
359 1710 417 1742 pro
439 1703 505 1732 tota
519 1701 683 1743 provincia
700 1712 769 1733 esse
785 1703 922 1734 valeant.

242 1762 276 1784 11.
294 1752 340 1784 Ad
358 1753 443 1783 hunc
460 1752 557 1784 finem
571 1753 645 1794 eligi
662 1759 693 1785 et
710 1754 857 1796 deputari
875 1754 926 1786 de-

198 1804 277 1836 bent
289 1805 710 1837 conventuscommodiores
723 1816 781 1848 pro
796 1808 926 1847 regulae

199 1857 402 1890 observantia
426 1862 457 1889 et
486 1857 681 1890 novitiorum
715 1858 926 1898 educations·;

198 1920 334 1952 quorum
365 1909 566 1951 consignatio
600 1911 807 1943 committitur
841 1922 926 1944 com-

198 1962 347 1995 missario
373 1962 517 2004 generali
542 1962 679 1995 familiae
698 1973 769 1996 cum
790 1964 927 1996 consilio
948 1979 950 1990 ·

199 2015 375 2047 definitorii
406 2015 633 2058 cuiuscumque
666 2017 849 2058 provinciae
879 2028 928 2049 re-

198 2067 352 2110 spective.
368 2067 421 2100 Cui
437 2068 578 2110 generali
593 2069 814 2102 commissario
832 2070 926 2103 etiam

199 2120 410 2153 committitur
427 2120 528 2162 prima
545 2121 797 2162 guardianorum
816 2128 848 2154 et
864 2134 928 2155 ma-

200 2171 371 2213 gistrorum
383 2172 575 2204 novitiorum
593 2174 779 2206 eorumdem
793 2185 927 2207 conveu-

200 2228 290 2255 tuum
315 2224 487 2262 institutio,
511 2234 581 2256 cum
606 2225 763 2264 facultate,
785 2231 827 2265 ut,
846 2227 870 2259 si
897 2227 927 2259 in

201 2276 366 2318 provincia
379 2276 485 2318 aliqua
498 2286 563 2308 non
581 2277 697 2308 fuerint
711 2278 852 2320 religiosi
871 2289 928 2321 pro

201 2327 253 2360 his
278 2327 392 2360 officiis
417 2328 449 2360 in
474 2331 555 2361 nova
580 2330 817 2362 recollectionis
842 2341 929 2363 eree-

202 2380 289 2412 tione
313 2380 430 2420 idonei,
453 2391 489 2412 ex
511 2381 580 2413 aliis
601 2382 783 2424 provinciis,
803 2383 853 2415 vel
870 2383 930 2416 Oh-

201 2432 411 2471 servantibus,
434 2433 481 2465 vel
500 2432 698 2472 Reformatis,
723 2433 821 2466 immo
842 2441 873 2467 et
891 2446 928 2467 cx

201 2484 264 2517 alia
296 2485 415 2517 familia
444 2485 571 2527 possint
602 2495 657 2518 eos
691 2486 862 2519 adducere.
891 2488 930 2520 Et

202 2536 335 2579 insuper
353 2536 458 2569 eidem
475 2538 686 2570 committitur
701 2538 803 2581 prima
820 2539 851 2571 in
872 2540 929 2572 eis—

30 982 58 1002 n·-
76 986 134 1000 coen*
143 980 183 999 hiis

4 1008 156 1030 recollectiouis.

60 1761 88 1781 na
117 1767 187 1781 eorum

8 1792 119 1808 OTECUUHU.

973 242 1045 274 dem
1070 241 1282 275 conventibus
1310 251 1420 275 eorum
1445 240 1580 273 fratrum
1605 241 1703 272 collo-

974 293 1056 325 catio
1081 293 1133 336 qui
1156 294 1193 326 ad
1215 294 1438 327 formationem
1455 292 1637 336 praedictae
1654 301 1704 323 re-

973 345 1174 378 collectionis
1200 345 1317 378 fuerint
1340 345 1525 378 necessarii.

1601 179 1659 217 221
1709 191 1756 219 An.
1778 192 1806 219 e.
1829 189 1894 220 1679

1010 407 1058 429 111.
1071 397 1107 429 Et
1119 403 1155 429 ut
1167 398 1371 430 incommoda
1386 409 1420 430 ex
1435 396 1702 440 multiplicatione
1741 408 1895 430 meorumna-

1680 447 1686 453 .
1713 440 1777 455 mest).

974 449 1088 481 horum
1123 455 1338 482 conventuum
1368 450 1444 482 alias
1476 454 1607 492 experta
1639 458 1702 480 evu-

974 505 1089 540 tentur‚
1116 501 1247 533 omnino
1272 501 1476 534 interdicitur
1492 511 1533 533 ne
1550 501 1582 533 in
1600 499 1704 544 quali-

972 552 1027 584 bet
1048 553 1213 595 provincia
1231 554 1339 596 plures
1351 565 1444 596 quam
1462 558 1611 596 quatuor,
1628 563 1704 595 pau-

971 605 1114 637 cioresve
1142 616 1237 648 quam
1273 612 1334 638 tres
1364 606 1604 638 recollectionis
1628 616 1703 638 con-

969 662 1081 689 ventus
1118 668 1186 690 esse
1219 658 1364 700 possint,
1399 659 1522 690 sublata
1552 658 1702 690 facultate

967 708 1100 741 cuilibet
1119 710 1277 752 superiori
1299 710 1426 742 Ordinis
1444 720 1541 753 super
1561 711 1624 742 hoc
1644 716 1702 742 sta-

968 765 1032 792 tuto
1058 761 1285 804 dispensandi;
1305 767 1344 801 et,
1363 767 1397 794 ut
1414 773 1578 805 nunquam
1604 773 1698 806 sepa-

966 812 1026 844 rari
1053 823 1070 844 a
1093 813 1260 855 provincia
1283 814 1419 856 possint,
1447 814 1637 846 decernitur
1667 819 1703 846 ut

965 864 997 896 in
1025 865 1115 898 nullo
1145 871 1305 897 conventu
1339 865 1540 908 provinciae,
1566 866 1618 908 qui
1644 866 1703 898 hu·

966 916 1101 949 iusmodi
1126 917 1370 950 recollectionis
1395 927 1460 950 non
1486 918 1601 957 fuerit,
1627 928 1703 960 pos·

965 969 1030 1001 sint
1053 969 1162 1002 induci
1187 970 1309 1011 novitii,
1335 980 1394 1002 nec
1419 971 1621 1013 probationis
1648 981 1703 1003 an·
1732 970 1738 983 ⁷

966 1031 1040 1052 num
1067 1031 1174 1063 agere.
1202 1022 1304 1064 Atque
1337 1023 1381 1054 ita
1409 1022 1590 1065 provinciae
1615 1022 1722 1055 inse-'

966 1074 1152 1115 parabiliter
1165 1073 1229 1106 sint
1244 1074 1452 1117 incorporati,
1468 1080 1503 1106 ut
1521 1075 1590 1107 sine
1610 1075 1699 1118 ipsis,

965 1131 1074 1167 utpote
1096 1126 1208 1158 domus
1229 1127 1432 1169 receptionis,
1447 1127 1613 1170 provincia
1629 1127 1700 1170 ipsa

966 1172 1141 1210 subsistere
1167 1188 1231 1210 non
1255 1179 1367 1221 possit.

1010 1240 1051 1261 tv.
1080 1229 1261 1262 Conventus
1287 1236 1392 1263 autem
1412 1231 1569 1274 praedicti
1592 1232 1699 1265 distri·
1722 1239 1892 1262 Dneorumeon-

966 1281 1107 1313 bnentur
1124 1282 1178 1321 sic,
1198 1288 1231 1314 ut
1249 1282 1279 1314 in
1297 1283 1470 1325 provinciis
1490 1285 1615 1326 magnis
1632 1284 1697 1317 duo

968 1333 1097 1366 illorum
1122 1334 1185 1366 sint
1206 1334 1299 1377 primi
1328 1335 1509 1375 novitiatus,
1537 1337 1600 1369 duo
1624 1346 1699 1369 vero

968 1388 1172 1430 professorii,
1203 1399 1259 1421 seu
1290 1389 1462 1422 novitiatus
1489 1390 1639 1430 secundi;
1666 1390 1699 1422 in

967 1440 1143 1473 minoribus
1160 1446 1267 1474 autem
1284 1448 1336 1474 aut
1351 1453 1433 1475 unus
1454 1443 1516 1475 erit
1531 1443 1628 1486 primi
1646 1453 1700 1476 no·

968 1494 1103 1533 vitiatus,
1122 1499 1153 1526 et
1170 1494 1233 1526 duo
1259 1495 1406 1535 secundi,
1426 1501 1480 1527 aut
1496 1506 1512 1528 e
1532 1505 1699 1535 converso,

968 1555 1026 1588 pro
1052 1546 1276 1579 commoditate
1302 1553 1515 1579 conventuum
1551 1552 1606 1580 aut
1629 1558 1700 1590 pro-

967 1597 1100 1629 vinciae.
1129 1597 1167 1629 Et
1190 1598 1264 1640 quia
1288 1598 1319 1630 in
1344 1599 1435 1631 nullo
1460 1600 1698 1642 praedictorum

968 1656 1182 1682 conventuum
1195 1650 1336 1682 studium
1350 1651 1508 1684 facultatis
1524 1652 1698 1685 litterariae

968 1701 1190 1733 collocandum
1211 1707 1259 1734 est
1285 1707 1338 1734 aut
1358 1703 1618 1745 permittendum,
1636 1709 1699 1736 sta-

970 1753 1069 1784 tuitur
1086 1754 1169 1796 quod
1188 1754 1335 1796 professi,
1361 1760 1534 1799 antequam
1560 1756 1598 1788 ad
1623 1766 1699 1799 pro-

970 1805 1113 1845 fessoria,
1125 1805 1155 1837 in
1171 1806 1286 1848 quibus
1298 1812 1372 1838 sunt
1385 1807 1498 1840 artium
1513 1808 1699 1841 litteralium

969 1858 1082 1895 studia,
1099 1858 1359 1899 transmittantur,
1376 1860 1407 1891 in
1424 1865 1581 1892 conventu
1595 1862 1701 1893 recol·

970 1909 1117 1942 lectionis
1135 1911 1268 1943 secundi
1284 1911 1457 1944 novitiatus
1472 1912 1510 1944 ad
1525 1912 1628 1945 minus
1643 1922 1702 1955 per

970 1972 1087 1994 annum
1111 1962 1274 2004 integrum
1298 1964 1508 2003 collocentur,
1528 1970 1563 1996 ut
1586 1964 1617 1996 in
1636 1964 1703 2007 spi-

970 2014 1032 2046 ritu
1058 2015 1090 2047 in
1115 2015 1268 2048 novitiatu
1287 2021 1454 2058 concepto,
1472 2021 1643 2059 antequam
1661 2016 1701 2049 ad

969 2068 1074 2101 studia
1101 2073 1272 2108 transcant,
1292 2068 1524 2102 confirmentur
1549 2074 1580 2102 et
1604 2070 1702 2102 robo-

971 2126 1094 2153 rentur.

970 2177 1067 2207 Forma
1082 2181 1170 2207 autem
1183 2177 1289 2207 vivendi
1300 2179 1328 2207 in
1343 2178 1492 2216 praedictis
1506 2178 1701 2208 recollectione]

1139 2226 1312 2254 cont-entibus
1332 2235 1443 2264 sequens
1464 2226 1527 2255 erit.

1014 2289 1035 2311 1.
1062 2278 1204 2311 Officium
1229 2278 1370 2310 divinum
1394 2277 1519 2311 statutis
1535 2278 1701 2322 indispen-

970 2330 1114 2362 sabiliter
1145 2330 1234 2362 horis
1264 2330 1402 2372 graviter
1430 2336 1462 2363 et
1491 2331 1603 2364 devote
1627 2341 1701 2374 per-

971 2384 1121 2420 solvatur,
1133 2388 1164 2415 et
1176 2382 1311 2415 orationi
1326 2383 1459 2415 mentali
1473 2383 1596 2416 duabus
1610 2384 1700 2417 horis

971 2446 1042 2467 cum
1067 2435 1198 2468 dimidia
1225 2435 1355 2468 omnino
1375 2440 1515 2475 vacetur,
1533 2436 1613 2468 itaut
1630 2440 1703 2479 post

972 2487 1162 2520 matutinum
1176 2488 1275 2531 (quod
1287 2488 1702 2531 indispensabilitermedia

971 2545 1064 2573 nocte
1089 2539 1340 2582 persolvendum
1366 2540 1426 2583 est)
1446 2543 1508 2573 una
1527 2540 1608 2573 hora
1627 2542 1702 2582 post

1709 1266 1796 1288 ditione.

1738 2278 1768 2303 Do
1783 2279 1886 2302 oratione.
