2111 3157
0 195 41 221 ln.
55 193 83 220 C.
105 192 170 220 ¹688

17 2196 84 2218 Cum·
101 2196 144 2218 XH.

17 2222 46 2244 Du
64 2224 172 2243 vestimen·

2 2248 18 2268 is
27 2265 32 2271 .
49 2249 172 2269 utensilibus

0 2275 57 2295 tettae
68 2277 89 2295 οῑ
102 2275 173 2295 aednil-

0 2301 30 2346 εἰη
54 2303 172 2323 construen-

15 2332 32 2347 ς.

220 250 288 275 νιιι.
313 239 476 279 infirmus,
501 238 555 282 qui
580 247 646 272 non
670 240 780 281 potest
803 236 905 270 eccle·

174 294 255 327 siam
269 299 301 328 et
319 298 513 328 conventum
529 292 631 336 sequi,
649 291 755 331 debet,
773 290 798 323 si
819 299 904 322 com-

173 346 268 380 mode
285 346 399 390 possit,
419 346 578 379 interesse
600 344 753 388 capitulo.
771 341 903 381 Quando

173 405 281 432 autem
305 404 336 432 et
359 399 523 443 quomodo
547 397 719 431 canonicas
744 397 840 429 horas
857 395 904 428 di-

174 462 246 485 cere
270 457 425 492 teneatur,
451 452 590 484 habetur
613 451 646 483 in
670 449 774 493 prima
803 454 903 481 statu-

173 509 278 537 torum
299 509 402 547 parte.

214 567 257 590 lx.
284 556 450 590 Medic-inis
474 566 608 600 perraro
634 559 666 588 et
690 554 819 589 nonnisi
852 565 903 587 ur-

171 613 268 651 gente
292 609 484 642 necessitate
510 613 542 641 et
565 618 638 641 cum
661 607 793 640 licentia
816 606 903 650 prio-

170 661 214 694 ris
231 662 370 694 utimur:
391 661 538 694 similiter
554 661 624 694 sine
641 660 771 694 licentia
784 660 902 703 prioris

170 714 279 747 nullus
304 714 447 748 nostrum
471 713 638 746 minuitur.

213 776 245 800 x.
272 766 303 799 Si
329 776 411 810 quae
442 775 603 808 personae
638 764 766 797 Ordinis
798 765 902 797 nostri

171 819 249 852 artis
272 818 453 851 medicinae
478 818 599 851 suerint
629 817 766 861 peritae,
791 818 824 850 in
849 828 902 850 ex—

172 871 292 905 traneis
309 871 503 904 medicinam
519 872 703 904 nullatenus
722 876 901 911 exerceant,

170 934 231 957 nec
255 923 351 957 etiam
375 924 408 956 in
434 923 565 964 nostris,
585 924 647 956 nisi
668 924 701 956 in
726 924 902 957 levioribus

171 974 413 1010 infirmitatibus
438 983 469 1010 et
492 978 525 1010 in
551 977 667 1020 quibus
691 978 816 1010 nullum
843 987 898 1010 ve-

171 1029 305 1063 risimile
329 1030 440 1063 mortis
465 1030 644 1073 periculum
670 1030 772 1063 timeri
791 1031 902 1073 possit,

170 1082 232 1115 nisi
257 1082 346 1115 aliud
370 1083 547 1116 necessitas
571 1083 748 1127 aliquando
772 1083 901 1126 exigere

171 1135 327 1168 videatur.

212 1198 256 1221 xl.
283 1188 396 1222 Nullus
417 1195 564 1223 nostrum
582 1195 719 1233 propter
736 1196 902 1233 rupturam

171 1241 220 1274 vel
245 1241 306 1274 alia
330 1251 531 1285 quacumque
556 1246 651 1276 causa
675 1254 708 1276 se
726 1243 840 1275 inscidi
859 1243 902 1276 sa-

171 1292 234 1326 ciat
256 1294 306 1326 vel
330 1293 428 1326 alium
453 1294 600 1335 inscidat,
626 1295 687 1327 nisi
714 1295 752 1328 de
774 1295 904 1328 licentia

170 1346 290 1390 prioris
312 1346 502 1380 Carthusiae
526 1354 557 1380 ct
582 1358 653 1381 cum
675 1349 811 1382 consilio
830 1359 904 1392 pro-

170 1399 318 1433 batorum
342 1399 579 1443 chirurgorum.

213 1462 270 1486 xit.
295 1451 388 1485 Nulla
411 1463 550 1496 persona
573 1454 702 1488 Ordinis
726 1455 828 1488 nostri
845 1465 903 1488 suo

171 1504 274 1548 priori
310 1510 366 1538 aut
391 1505 550 1538 visitatori
575 1507 693 1540 infesta
718 1508 759 1540 sit
784 1518 842 1551 pro
867 1508 905 1540 li-

172 1557 279 1590 centia
302 1557 481 1591 obtinenda
516 1564 551 1592 ut
573 1560 719 1592 mittatur
737 1567 824 1594 extra
848 1562 905 1594 do-

173 1621 260 1643 mum
283 1611 322 1643 ad
347 1611 492 1644 medicos
524 1618 576 1645 aut
605 1614 667 1645 alia
700 1614 791 1654 loca;
825 1615 906 1647 alio-

174 1663 252 1707 quin
276 1664 317 1697 sit
340 1664 374 1696 in
409 1664 582 1708 disciplina
606 1666 751 1708 generali
787 1668 826 1699 ad
850 1667 906 1700 Or-

175 1717 258 1750 dinis
281 1718 491 1750 voluntatem.
517 1718 645 1752 Priores
671 1725 777 1753 tamen
804 1720 850 1753 eis
868 1721 906 1753 de

174 1769 371 1803 necessariis
396 1771 564 1813 provideat
588 1771 621 1804 in
646 1773 796 1805 domibus
829 1774 905 1814 suis,

175 1827 274 1865 prout
297 1832 409 1855 eorum
434 1823 541 1865 exiget
563 1823 746 1865 infirmitas,
773 1836 833 1860 nec
853 1837 908 1869 pc-

177 1879 246 1908 tant
268 1885 327 1918 pro
353 1875 398 1908 eis
423 1875 523 1909 dictas
544 1877 706 1910 licentias.

221 1937 290 1961 x111.
316 1926 502 1961 Natationes
525 1934 557 1962 et
572 1929 712 1963 lotiones
738 1942 908 1975 corporum

177 1980 210 2013 in
234 1981 326 2021 mari,
351 1981 550 2022 fluminibus,
575 1983 697 2025 stagnis
723 1986 772 2018 vel
797 1986 911 2018 simili-

178 2033 238 2066 bus
257 2033 360 2076 aquis,
383 2038 542 2077 tamquam
567 2046 680 2078 parurn
705 2037 859 2070 honestas
881 2044 912 2071 et

180 2085 393 2129 periculosas,
418 2086 550 2120 omnino
575 2088 726 2121 omnibus
760 2091 910 2132 personis

181 2139 286 2171 nostri
311 2138 440 2172 Ordinis
464 2140 691 2182 prohibemus.

225 2201 245 2224 1.
271 2191 317 2224 Ad
344 2192 492 2225 vestitum
517 2193 692 2236 accipimus
715 2196 774 2228 tria
798 2197 913 2237 cilicia,

183 2243 246 2276 duo
270 2244 437 2284 lumbaria,
462 2244 494 2277 id
519 2251 569 2278 est
601 2247 767 2288 funiculos,
799 2250 914 2293 quibus

183 2306 278 2329 renes
304 2305 404 2340 super
428 2308 558 2331 carnem
583 2300 838 2343 praecingimus;
867 2308 914 2336 tu-

183 2348 272 2382 nicas
311 2359 452 2392 magnas,
493 2351 559 2383 sive
596 2353 782 2395 superiores
821 2355 913 2396 duas,

184 2411 267 2444 qnae
291 2411 352 2434 nec
376 2402 473 2434 nimis
498 2403 614 2445 longae
639 2404 712 2444 sint,
738 2416 799 2439 nec
822 2408 917 2441 nimis

185 2452 321 2493 breves;
348 2454 492 2486 cucullas
524 2455 669 2496 totidem,
703 2469 838 2501 quarum
870 2471 919 2493 ca-

186 2502 278 2548 putia
303 2506 366 2538 sint
390 2507 558 2548 quadrata,
591 2519 651 2541 nec
683 2510 820 2544 duorum
851 2516 920 2556 pal-

189 2567 314 2592 morum
340 2559 543 2594 latitudinem
563 2563 719 2596 excedant
739 2564 771 2597 in
789 2566 920 2610 longum

728 181 730 185 ⁴
756 185 968 221 unionem-ms
987 185 1019 209 xl
1043 166 1094 208 1³1»ss

946 235 994 267 vel
1018 233 1052 266 in
1075 233 1190 271 latum;
1216 229 1384 264 tunicellas
1407 237 1522 272 parvas
1547 228 1586 261 ad
1607 239 1676 261 car-

947 297 1031 325 nem,
1049 295 1146 329 supra
1162 290 1268 317 tamen
1293 282 1407 322 cilicia,
1425 287 1507 322 tres·,
1533 283 1676 317 cucullas

945 349 1061 383 parvas
1085 340 1172 379 duas,
1198 337 1371 381 caligarum
1395 336 1486 380 paria
1511 337 1580 377 tria,
1620 348 1677 381 pe-

946 392 1072 425 dulium
1096 397 1248 435 quatuor,
1277 389 1440 434 pelliciam
1474 401 1571 424 unam
1608 402 1675 424 ma-

945 456 1050 488 gnam,
1076 456 1157 488 quae
1182 445 1253 478 sine
1277 443 1409 487 speciali
1441 444 1572 479 licentia
1596 455 1677 478 nun-

945 509 1040 542 quam
1064 499 1214 539 findatur,
1231 509 1340 541 sagum
1359 497 1499 541 pellibus
1513 497 1676 532 suffultum

945 563 1055 592 unum,
1074 557 1105 585 et
1128 561 1238 594 sagum
1263 551 1397 594 simplex
1430 561 1539 591 unum,
1565 551 1676 594 cingu-

946 606 1011 638 lum
1036 615 1092 638 seu
1112 615 1226 637 zonam
1251 614 1347 636 unam
1368 614 1404 636 ex
1430 614 1551 646 canape
1572 604 1675 637 velex

945 659 1019 691 albo
1042 657 1142 697 corio,
1169 662 1221 689 aut
1245 667 1283 689 cx
1306 661 1445 699 utroque
1481 661 1674 696 contextam,

946 711 1072 743 calceos
1107 710 1241 743 diurnos
1273 716 1305 742 et
1329 714 1513 749 nocturnos,
1544 719 1599 742 seu
1623 719 1676 742 su-

945 763 1020 796 bere
1038 764 1086 796 vel
1107 764 1196 806 liguo
1217 768 1410 806 compactos,
1428 772 1507 805 quos
1528 774 1545 795 a
1562 773 1674 803 coeno,

945 817 1016 849 nive
1042 822 1074 849 et
1097 816 1213 859 pluvia,
1239 820 1394 858 quantum
1418 826 1597 858 possumus,
1623 826 1677 849 cu-

945 869 1066 902 stodire
1092 868 1259 908 debemus,
1286 868 1390 912 pileos
1416 868 1507 900 duos.

988 933 1021 956 11.
1046 921 1204 955 Officiales
1229 921 1342 960 etiam,
1369 921 1496 964 quando
1521 920 1676 954 terminos

944 981 1073 1015 exeunt,
1100 980 1131 1007 et
1155 973 1268 1007 novitii
1304 973 1422 1016 ubique
1449 974 1479 1005 in
1505 979 1676 1013 conventu,

945 1038 1062 1071 cappas
1088 1028 1196 1069 nigras
1221 1026 1372 1059 deferunt
1397 1026 1446 1069 (')‚
1472 1036 1606 1069 quarum
1625 1037 1677 1058 ca-

946 1081 1035 1124 putia
1058 1081 1154 1113 trium
1183 1082 1365 1124 palmorum
1401 1080 1433 1112 in
1470 1079 1676 1121 longitudine

947 1141 977 1166 et
1001 1134 1135 1166 duorum
1173 1144 1245 1166 cum
1283 1133 1416 1166 dimidio
1450 1133 1482 1164 in
1508 1132 1677 1164 latitudine

947 1197 1131 1221 mensuram
1171 1197 1234 1219 non
1273 1186 1515 1219 transcendant.
1553 1185 1594 1217 Ex
1632 1185 1679 1216 in-

947 1240 1037 1273 dulto
1062 1239 1157 1272 etiam
1182 1237 1373 1282 apostolico,
1404 1248 1561 1281 personae
1587 1237 1680 1270 Ordi-

948 1294 995 1325 nis
1021 1293 1121 1325 nostri
1147 1297 1286 1335 possunt
1311 1292 1439 1324 deterre
1473 1293 1595 1334 pileum
1629 1291 1679 1323 vel

946 1346 1106 1387 capellum
1132 1346 1170 1378 de
1195 1345 1290 1384 filtro,
1316 1345 1466 1377 monachi
1485 1344 1612 1376 scilicet
1636 1344 1680 1376 ni-

947 1409 1049 1440 grum,
1075 1398 1222 1431 conversi
1248 1403 1451 1436 castaneum,
1480 1407 1553 1429 cum
1579 1397 1680 1438 eappa

947 1451 1092 1484 ciusdem
1116 1452 1255 1484 coloris:
1282 1451 1315 1483 in
1333 1450 1449 1493 quibus
1468 1456 1574 1482 tamen
1592 1449 1681 1481 nulla

948 1510 1087 1548 ponatur
1118 1504 1290 1537 curiositas
1323 1509 1376 1536 aut
1407 1503 1593 1536 foderatura
1631 1502 1680 1534 vel

948 1558 1209 1591 circumferentia
1234 1569 1270 1590 ex
1297 1557 1415 1590 serico.

993 1622 1040 1645 111.
1068 1611 1192 1651 Verum,
1209 1612 1363 1654 quoniam
1390 1616 1476 1643 tanta
1501 1614 1551 1642 est
1576 1609 1678 1651 regio«-

949 1675 1026 1697 num
1050 1665 1229 1704 diversitas,
1253 1669 1288 1696 ut
1313 1664 1510 1706 frequenter,
1536 1663 1624 1706 quod
1649 1662 1680 1694 in

951 1721 1013 1751 una
1030 1724 1079 1751 est
1095 1720 1327 1758 necessarium,
1348 1719 1380 1751 in
1398 1720 1497 1752 altera
1513 1718 1553 1750 sit
1570 1727 1684 1760 supcr-

951 1773 1060 1813 iluum,
1088 1779 1119 1806 et
1144 1774 1186 1806 ita
1210 1775 1298 1806 nulla
1322 1774 1423 1816 possit
1446 1778 1532 1806 certa
1557 1778 1589 1806 et
1613 1773 1683 1805 uni-

950 1827 1083 1859 versalis
1107 1827 1157 1859 lex
1182 1836 1241 1869 pro
1267 1827 1417 1860 omnibus
1441 1827 1546 1867 statui,
1572 1836 1685 1859 conce-

952 1879 1056 1912 dimus
1082 1879 1114 1911 in
1138 1890 1331 1923 unaquaque
1355 1879 1530 1923 provincia,
1550 1880 1613 1912 sive
1634 1889 1685 1912 na-

953 1933 1050 1973 tione,
1076 1933 1183 1965 omnia
1214 1933 1269 1966 illa
1300 1938 1354 1965 aut
1379 1933 1447 1966 dari
1484 1938 1538 1965 aut
1573 1931 1686 1974 negari

953 1986 1150 2027 indumenta,
1168 1997 1250 2029 quae
1271 1986 1414 2029 priorum
1435 1991 1467 2019 et
1483 1986 1686 2019 visitatorum

954 2039 1074 2072 iudicio
1108 2045 1139 2071 et
1163 2049 1221 2082 pro
1254 2039 1420 2072 domorum
1453 2037 1687 2071 consuetudine

955 2105 990 2126 ac
1014 2094 1163 2127 facultate
1188 2093 1385 2126 videbuntur
1404 2103 1472 2126 esse
1505 2092 1610 2125 danda
1635 2095 1689 2124 aut

956 2149 1158 2190 deneganda.
1186 2148 1358 2180 Hortamur
1391 2152 1499 2179 autem
1532 2151 1563 2179 et
1596 2145 1689 2178 obse-

956 2212 1082 2235 cramus
1107 2202 1139 2234 in
1164 2200 1339 2233 visceribus
1356 2199 1477 2233 domini
1495 2198 1594 2232 nostri
1620 2198 1690 2231 [esu

992 2273 1020 2303 ²)
1041 2272 1196 2299 Ordinatio
1220 2271 1294 2298 anni
1319 2277 1464 2298 MDchvni.
1494 2280 1506 2297 a
1536 2269 1639 2297 Priores
1665 2272 1692 2296 et

957 2315 1085 2343 officiales
1104 2323 1135 2342 ex
1154 2323 1325 2351 quacumque
1345 2316 1435 2347 causa,
1458 2318 1647 2350 praeterquam
1663 2313 1691 2340 in

958 2359 1014 2386 solo
1035 2359 1157 2391 transitu,
1177 2359 1336 2387 accedentes
1347 2360 1379 2386 ad
1391 2359 1482 2393 urbes,
1499 2359 1627 2386 decenter
1645 2365 1693 2393 per

959 2411 1004 2430 eas
1024 2403 1161 2434 incedant,
1183 2404 1233 2430 hoc
1252 2408 1294 2430 est
1313 2412 1372 2430 cum
1393 2405 1478 2438 cappa
1498 2403 1573 2430 talari
1593 2402 1625 2429 ad
1641 2403 1694 2429 sor-

961 2455 1031 2473 mam
1051 2447 1167 2479 Ordinis,
1195 2448 1244 2474 nisi
1265 2448 1290 2474 in
1311 2448 1424 2475 urbibus
1450 2456 1465 2474 a
1492 2448 1614 2475 domibus
1638 2448 1694 2473 suis

962 2491 1036 2517 valde
1056 2492 1165 2518 remotis
1185 2498 1314 2527 cogantur
1333 2502 1380 2529 per
1400 2503 1497 2530 paucos
1516 2495 1572 2521 dies
1592 2503 1620 2520 cx
1650 2501 1695 2519 ne-

961 2534 1095 2568 gotiorum
1125 2538 1295 2564 occurrentia
1314 2540 1496 2573 commorari,
1525 2543 1552 2566 et.
1578 2537 1695 2573 exceptis

963 2579 1069 2606 casibus
1088 2580 1240 2615 improvisis
1260 2591 1285 2609 ι.

1575 168 1637 202 8027
1683 178 1735 205 An.
1754 179 1784 206 e.
1801 178 1867 205 1688
