2111 3157
131 214 179 241 An.
202 213 230 242 C.
253 213 320 242 1081

366 204 429 238 578

361 275 442 298 xxtv.
468 262 656 295 Sacerdotes
690 258 814 292 emeriti
845 259 884 291 ad
920 259 1054 292 solidam

319 317 460 351 omnium
487 316 639 347 virtutum
667 313 901 355 perfectionem
928 323 987 355 pro
1013 313 1056 344 vi-

317 371 407 403 ribus
428 373 594 403 conentur,
618 372 728 409 utpote
748 365 800 408 qui
821 365 1055 408 temporalibus

318 423 403 456 curis
428 422 564 464 aliisque
592 419 735 461 negociis
754 419 882 452 liberati
900 419 1055 452 maiorem

318 479 500 512 facultatem
527 475 649 507 babent
665 473 704 506 ad
726 473 947 506 omnimodam
973 473 1055 505 vitae

316 530 537 572 integritatem
573 527 801 560 incumbendi.
839 526 1054 565 Quamobrem

315 584 398 616 viam
429 593 525 615 verae
559 581 767 624 perfectionis
801 591 836 613 ac
867 580 1056 613 christiana·

315 647 386 669 rum
411 636 574 674 virtutum,
600 645 681 678 quae
708 634 872 667 hominem
905 640 1053 668 nostrum

315 696 380 723 tam
406 689 596 722 interiorem
622 699 717 732 quam
743 688 938 721 exteriorem
959 687 1056 731 perti-

316 744 412 783 ciunt,
429 742 574 775 studiose
592 752 705 775 omnes
723 746 753 774 et
770 741 888 784 singuli
909 746 1052 774 teneant.

359 807 429 830 xxv.
456 796 633 839 Praecipue
659 806 733 829 vero
759 806 793 828 se
818 794 991 838 perficiant
1023 795 1054 828 in

314 843 422 883 studio
442 850 538 881 trium
555 849 706 880 virtutum
734 848 1001 890 theologicarum,
1023 848 1054 880 in
1071 869 1073 878 ;

316 903 494 937 christiana
514 902 632 946 pietate
655 912 731 944 erga
749 902 922 942 Christum,
940 896 1078 944 Dema-1

315 967 382 990 ram
408 961 440 989 et
464 966 576 989 omnes
602 955 744 994 Sanctos,
768 955 799 987 in
825 955 940 987 ardore
958 954 1054 987 animi

315 1010 354 1043 ad
391 1009 507 1049 divina,
534 1008 567 1041 in
603 1008 743 1051 puritate
781 1008 986 1047 intentionis,
1023 1008 1054 1040 in

316 1063 423 1096 studio
449 1062 626 1095 solidarum
643 1061 807 1100 virtutum,
826 1061 858 1092 in
881 1060 1055 1093 christiana

316 1115 501 1149 humilitate
527 1119 559 1147 et
584 1114 798 1157 simplicitate,
817 1113 849 1146 in
868 1113 1053 1156 prudentia,

315 1169 347 1201 in
371 1168 501 1201 scientia
523 1167 663 1211 practica
688 1172 719 1200 et
745 1167 914 1200 discretiva
930 1167 1006 1200 boni
1025 1172 1056 1200 et

315 1222 391 1255 mali
427 1222 460 1254 in
496 1221 631 1263 agendo,
658 1221 690 1253 in
715 1219 829 1264 spiritu
865 1220 1055 1253 caelestium

316 1275 577 1309 consolationum
604 1279 636 1307 et
660 1273 900 1317 appositarum¹
928 1274 1057 1307 desola-

317 1329 442 1361 tionum
468 1337 503 1359 ac
528 1326 752 1365 tentationum,
773 1326 805 1359 in
830 1326 1001 1370 principiis
1027 1333 1057 1359 et

316 1381 437 1424 regulis
464 1380 680 1420 discretionis,
700 1380 818 1423 quibus
840 1380 1057 1413 informantur

317 1440 430 1468 eontra
454 1433 618 1476 nequitias
636 1433 919 1476 concupiscentiae
938 1434 1054 1465 carnis.

361 1498 445 1521 xxm,
472 1487 551 1519 Eum
586 1487 814 1519 exercitiorum
840 1487 1055 1530 spiritualium

318 1551 460 1580 cursum,
476 1540 528 1583 qui
549 1540 579 1572 in
599 1539 793 1572 stationibus
810 1541 962 1572 omnibus
982 1540 1058 1572 huic

318 1593 400 1627 vitae
426 1591 570 1625 clericali
596 1591 731 1624 addictis
757 1592 979 1635 praescriptus
997 1597 1056 1632 est,

320 1656 432 1679 omnes
454 1650 485 1678 et
506 1644 637 1687 singuli,
664 1651 819 1687 quantum
837 1656 896 1688 per
912 1645 995 1678 vires
1021 1645 1058 1678 li-

321 1705 387 1738 cet,
425 1699 599 1741 diligenter
635 1698 830 1730 observent:
869 1703 903 1730 ut
936 1698 1060 1731 scilicet

320 1762 414 1785 mane
441 1753 558 1783 statuta
583 1751 663 1784 hora
690 1756 834 1794 surgant,
855 1761 968 1794 preces
993 1762 1060 1783 ma-

321 1806 438 1838 tutinas
465 1815 536 1837 cum
562 1805 709 1837 examine
728 1805 947 1838 conscientiae
966 1805 1059 1838 simul

320 1859 517 1902 persolvant,
537 1857 639 1900 iisque
658 1857 770 1897 finitis,
788 1859 901 1890 saltem
919 1868 977 1900 per
994 1868 1060 1890 me-

322 1912 406 1945 diam
433 1911 545 1944 horam
572 1921 681 1943 sacrae
707 1911 908 1943 meditationi
933 1915 1058 1944 vacent.

365 1975 459 1998 xxvn.
487 1964 626 2006 Tempus
658 1965 820 2007 reliquum
854 1969 930 2007 post
959 1964 1061 1997 medi-

322 2017 478 2050 tationem
517 2027 619 2059 usque
657 2017 695 2049 ad
734 2017 947 2060 quadrantem
987 2022 1060 2050 ante

322 2071 494 2114 prandium
527 2070 710 2103 recitationi
746 2071 898 2103 liorarum
931 2070 1062 2103 canoni-

325 2135 443 2163 carum,
470 2123 683 2157 celebrationi
711 2124 838 2164 missae,
859 2134 967 2156 rerum
993 2134 1062 2156 cac-

324 2178 453 2211 lestium
479 2177 757 2219 contemplationi,
783 2177 897 2209 Sacrae
919 2176 1063 2220 Scriptu-

325 2241 379 2263 rae
406 2236 437 2263 et
471 2230 687 2273 spiritualium
725 2230 884 2263 librorum
920 2229 1062 2270 lectioni,

326 2283 447 2326 aliique
473 2283 543 2325 piae
569 2282 784 2325 occupationi,
811 2282 990 2315 secundum
1012 2293 1065 2313 cu-

327 2335 441 2377 iusque
468 2337 622 2368 talentum
641 2340 672 2367 et
690 2336 897 2379 superiorum
917 2334 1066 2368 directio-

327 2399 414 2428 nem,
440 2389 556 2430 singuli
582 2389 707 2421 utiliter
732 2389 934 2432 impendant.

373 2452 479 2475 xxviu.
505 2441 572 2474 Uno
591 2442 770 2484 quadrante
797 2448 868 2474 ante
894 2442 1063 2485 prandium

328 2494 456 2527 litanias
487 2494 635 2526 Ouinium
662 2496 851 2527 Sanctorum
887 2506 958 2527 cum
993 2495 1064 2527 aliis

330 2547 495 2581 consuetis
536 2548 620 2579 iuxta
660 2549 814 2581 stationes
855 2549 1063 2592 persolv-'inm

366 2611 376 2636 1
400 2609 501 2636 For<au
522 2610 720 2644 oppositurum
741 2612 777 2645 (u.
794 2611 840 2645 T.).

907 209 1086 234 numium!
1113 209 1262 235 nomam!

1100 263 1245 301 tempore
1282 257 1410 301 prandii
1447 258 1493 290 uti
1530 263 1561 292 et
1593 270 1711 294 coenae
1735 261 1834 296 lectio

1098 322 1187 344 saera
1223 311 1402 352 habeatur;
1433 316 1506 355 post
1530 313 1739 347 resectionem
1775 325 1829 358 pel

1099 365 1176 397 duas
1210 365 1308 398 boras
1338 364 1465 398 circiter
1492 370 1616 409 tempus
1646 366 1833 403 indifferens

1100 419 1318 461 relinquatun,
1344 423 1468 461 postea,
1494 429 1555 462 pro
1581 419 1736 453 varietate
1761 431 1835 464 per-

1098 482 1258 511 sonarum,
1277 481 1404 504 rursum
1427 471 1531 504 seriae
1551 472 1712 517 utilesque
1731 473 1833 517 magis

1099 526 1327 569 occupationes
1356 525 1442 558 iuxta
1474 527 1662 560 eorumdem
1686 527 1835 571 superio-

1099 591 1167 612 ium
1208 579 1447 612 ordinationem
1487 585 1706 613 resumentur.
1747 581 1835 616 Hora

1099 634 1190 667 tertia
1207 638 1281 677 post
1298 632 1467 666 meridiem
1483 633 1660 666 recitentur
1680 643 1834 677 vesperae

1098 699 1169 720 cum
1195 686 1426 730 completorio;
1451 688 1514 719 una
1547 686 1630 720 hora
1659 691 1735 720 ante
1759 697 1835 721 coe·v

1099 752 1180 782 nam,
1206 742 1255 774 vel
1280 740 1377 783 paulo
1402 739 1504 783 prius,
1524 740 1681 773 recitetur
1705 739 1835 774 matuti-

1098 805 1174 829 num
1209 804 1280 826 cum
1316 792 1468 839 laudibus
1496 803 1554 835 pro
1581 793 1632 826 die
1659 794 1832 837 sequenu3

1098 848 1210 882 ultimo
1237 846 1352 880 deinde
1378 846 1557 889 quadrante
1593 851 1667 879 ante
1700 857 1834 880 coenam

1098 902 1152 936 siat
1169 901 1375 945 praeparatio
1393 911 1452 944 pro
1469 900 1680 934 meditatione
1697 910 1836 944 sequen-

1100 956 1136 988 tis
1163 955 1246 995 diei,
1272 955 1336 986 una
1357 953 1439 986 hora
1463 958 1538 996 post
1562 963 1696 986 coenam
1720 953 1836 987 recita-

1098 1010 1179 1041 bunt
1203 1006 1375 1045 rosarium,
1402 1005 1452 1038 cui
1479 1005 1677 1049 subiungent
1700 1016 1836 1039 examen

1098 1060 1323 1097 conscientiae,
1350 1069 1388 1092 eo
1414 1058 1510 1091 modo
1539 1068 1602 1102 quo
1627 1058 1659 1091 in
1686 1057 1836 1092 stationi-

1098 1114 1158 1146 bus
1184 1112 1426 1156 praescribitur.

1142 1176 1222 1200 xxrx.
1255 1165 1344 1198 Circa
1369 1163 1513 1197 infirmos
1537 1164 1726 1197 observetur
1750 1163 1836 1208 quod

1099 1220 1138 1253 de
1163 1219 1320 1251 charitate
1345 1223 1376 1250 et
1401 1217 1598 1251 discretione
1618 1217 1735 1250 iisdem
1751 1217 1838 1250 exhi-

1098 1273 1205 1310 benda
1241 1282 1340 1315 supra
1376 1271 1560 1304 ordinatum
1594 1276 1653 1304 est.
1691 1270 1748 1304 Cui
1785 1271 1838 1304 hic

1100 1326 1294 1366 addendum,
1313 1325 1408 1368 quod,
1431 1325 1514 1357 sicut
1538 1324 1600 1357 tria
1624 1329 1699 1357 sunt
1719 1334 1838 1367 genera

1100 1379 1321 1418 intirmorum,
1358 1377 1402 1410 ita
1439 1376 1540 1410 tribus
1567 1387 1699 1420 quoque
1732 1377 1838 1410 modis

1100 1432 1260 1465 sublevari
1294 1430 1444 1464 debeant.
1479 1429 1559 1463 Sunt
1595 1429 1681 1462 enim
1718 1428 1837 1462 infirmi

1100 1486 1216 1529 primo,
1243 1485 1307 1528 qui,
1335 1483 1476 1517 debilem
1502 1481 1765 1526 complexionem
1786 1486 1841 1514 aut

1101 1540 1140 1571 ab
1173 1538 1242 1582 ipsa
1274 1538 1388 1570 natura
1419 1541 1472 1568 aut
1503 1546 1540 1569 ex
1575 1535 1743 1568 accidente
1775 1534 1839 1568 alio

1102 1591 1270 1629 habentes,
1296 1589 1484 1622 charitativa
1509 1590 1585 1621 cura
1610 1592 1643 1620 et
1668 1587 1842 1631 indulgen-

1102 1645 1142 1678 tia
1173 1644 1378 1677 discretionis
1403 1642 1572 1685 indigent:
1599 1646 1674 1675 sunt
1698 1641 1840 1675 secundo

1102 1698 1155 1732 alii
1176 1696 1302 1736 infirmi,
1318 1695 1382 1739 qui,
1398 1694 1507 1728 multis
1526 1694 1734 1738 passionibus
1750 1693 1841 1727 labo-

1102 1757 1221 1792 rantes,
1240 1762 1258 1784 a
1278 1749 1504 1793 superioribus
1522 1753 1555 1781 et
1571 1748 1643 1781 aliis
1664 1747 1844 1791 prudenter

1103 1803 1289 1847 supportari
1308 1802 1448 1835 debent:
1469 1801 1565 1834 tertio
1584 1805 1670 1840 sunt,
1686 1800 1754 1844 qui,
1767 1810 1843 1834 vere

1104 1857 1217 1890 morbo
1234 1856 1343 1899 aliquo
1366 1855 1613 1894 decumbentes,
1630 1855 1707 1886 cura
1728 1863 1843 1897 corpo-

1104 1911 1161 1944 rali
1188 1909 1380 1943 charitativa
1405 1918 1486 1951 opus
1512 1907 1645 1940 habent.
1665 1907 1721 1940 His
1742 1905 1844 1940 omni-

1103 1965 1162 1997 bus
1188 1963 1376 1996 charitativa
1400 1961 1623 2005 compassione
1650 1965 1682 1994 et
1706 1959 1845 1993 rationa-

1104 2017 1158 2050 bili
1186 2015 1356 2059 obsequi0‚
1378 2014 1557 2048 secundum
1583 2013 1741 2057 cuiusque
1757 2022 1845 2057 prae-

1105 2075 1227 2103 sentem
1246 2068 1481 2108 necessitatem,
1500 2066 1756 2100 succurrendum
1773 2075 1845 2099 esse

1107 2175 1291 2209 humanitas
1317 2174 1482 2218 possibilis
1503 2172 1691 2206 huiusmodi
1710 2171 1844 2205 infirmis

1108 2235 1139 2263 ct
1163 2229 1324 2262 debilibus
1350 2227 1535 2262 exhibenda
1560 2231 1618 2267 est,
1643 2231 1687 2266 ut,
1710 2225 1766 2269 qui
1790 2225 1846 2258 ssa-

1108 2283 1216 2326 gellati
1242 2288 1317 2315 sunt
1340 2292 1357 2314 a
1382 2280 1517 2315 Domino
1535 2280 1626 2324 (quia
1644 2289 1782 2323 corpore
1799 2278 1847 2311 in-

1108 2336 1188 2368 firmi
1214 2337 1312 2377 sunt),
1331 2345 1348 2368 a
1368 2335 1462 2368 nobis
1487 2334 1520 2367 in
1545 2332 1702 2367 charitate
1726 2330 1845 2364 Christi

1108 2389 1329 2422 subleventur.

1152 2453 1222 2474 xxx.
1248 2442 1279 2475 Si
1306 2441 1359 2485 qui
1385 2440 1591 2485 superiorum
1615 2438 1737 2472 iudicio
1755 2437 1848 2471 hahi-

1108 2496 1153 2528 les
1185 2495 1313 2533 tuerint,
1332 2495 1538 2537 applicentur
1562 2493 1600 2526 ad
1626 2492 1741 2525 Sacrae
1766 2491 1849 2524 Scri-

1109 2554 1222 2590 pturae
1249 2547 1565 2591 interpretationem,
1589 2551 1622 2577 ut
1648 2545 1847 2587 sapidiorem

1086 2596 1087 2603 ¹
1109 2600 1242 2643 genuini
1269 2610 1381 2632 sensus
1407 2599 1556 2632 nucleum
1582 2598 1656 2631 inde
1682 2602 1846 2640 eruentes,

1840 211 1891 240 An.
1913 212 1942 242 C.
1962 213 2029 242 1684

1105 2123 1245 2155 charitas
1270 2121 1387 2155 Christi
1413 2120 1561 2164 requirit.
1580 2119 1717 2163 Insuper
1740 2117 1861 2168 omnis⁶
