2111 3157
4 258 58 285 An.
78 256 108 284 C.
127 256 190 283 1581

192 305 331 337 ccmbris
356 306 501 339 eiusdem
534 305 607 337 anni
639 313 778 338 itncxxiv
802 302 924 336 confir-

195 357 302 389 mavit.
329 357 391 390 Sed
416 368 487 390 cum
511 362 623 400 postea
648 357 680 388 in
705 355 854 398 sequenti
879 364 928 387 ca-

192 409 295 452 pitulo
319 419 481 442 recessum
514 408 624 441 suisset
648 408 687 441 ab
711 408 786 447 illis,
812 412 844 440 et
874 407 928 439 de-

193 466 314 494 cretum
338 462 425 505 quod
457 463 704 495 observarentur
727 460 828 492 dictae
844 459 926 502 prio-

194 523 245 546 res
258 513 504 546 constitutiones
523 524 541 546 a
556 512 656 545 Paulo
674 511 926 555 praedecessore

194 566 409 606 confirmatae,
422 566 465 598 ita
482 571 597 605 tamen,
614 570 657 605 ut,
668 564 739 598 ubi¹
753 565 787 596 in
802 563 926 596 eisdem

193 619 357 662 prioribus
383 617 664 652 constitutionibus
689 617 805 663 electio
830 615 927 663 abba-

196 671 311 703 tiarum
332 671 585 704 demandabatur
603 679 718 702 novem
735 673 856 701 tantum
874 668 928 701 de-

194 722 396 763 finitoribus,
421 722 454 755 in
479 722 621 754 futurum
654 721 850 754 adderentur
873 720 926 753 alii

194 784 249 807 sex
280 775 445 815 monachi,
472 774 509 807 ad
543 784 679 818 quorum
703 773 844 806 savorem
869 773 928 805 im-

194 827 332 860 mediate
357 833 431 871 post
454 838 568 860 novem
592 827 796 870 supradictos
820 826 859 859 ad
874 826 926 859 de-

194 879 374 913 finitoratus
406 881 539 922 gradum
572 881 664 923 plura
698 880 832 912 fuissent
856 880 927 913 data

195 931 362 975 suffragia;
389 933 450 965 hae
474 933 595 975 pariter
612 932 857 965 constitutiones
876 932 927 965 die

194 995 272 1018 xxm
297 985 423 1026 augusti
448 994 613 1018 iinoxxvm
633 985 672 1017 ab
691 984 805 1017 eodem
830 984 928 1017 Urba-

195 1047 238 1070 no
262 1037 516 1080 praedecessore
549 1037 756 1070 confirmatae
784 1038 924 1070 suerunt.

195 1089 333 1132 Cumque
354 1090 450 1122 etiam
475 1089 560 1122 inter
582 1095 702 1123 ceteras
727 1089 929 1123 constitutio-

196 1152 262 1181 nes,
276 1152 293 1174 a
307 1148 484 1175 memorato
500 1143 598 1175 Paulo
616 1143 876 1185 praedecessore,
893 1148 927 1174 ut

196 1194 386 1237 praefertur,
405 1194 620 1235 confirmatas,
639 1200 791 1228 statutum
809 1196 930 1237 legere-

196 1252 257 1285 tur,
283 1247 368 1289 quod
387 1247 542 1287 abbatiae,
562 1248 644 1280 inter
660 1258 757 1280 unum
774 1249 824 1280 vel
841 1248 927 1280 aliud

197 1298 375 1341 capitulum
400 1299 631 1332 intermediae‘z
647 1304 804 1339 vacantes,
822 1300 861 1331 ab
876 1300 929 1332 ab·

196 1351 269 1383 bate
306 1352 463 1393 generali,
497 1352 666 1395 tribusque
703 1352 928 1385 definitoribus

196 1405 258 1435 una
282 1403 379 1436 etiam
403 1413 475 1436 cum
499 1404 613 1436 abbate
630 1404 838 1437 vicinioribus
859 1405 928 1437 loco

196 1456 252 1488 ubi
276 1456 375 1489 abbas
398 1456 560 1498 generalis
584 1456 766 1499 praedictus
784 1457 822 1489 de
838 1468 929 1490 vaca-

197 1508 286 1541 tione
311 1509 431 1541 certior
455 1509 554 1542 sactus
579 1509 695 1549 suisset,
721 1509 929 1552 provideren-

198 1566 264 1601 tur;
286 1572 395 1594 verum
408 1562 539 1605 pluries,
551 1563 750 1605 experientia
767 1562 927 1605 magistra,

198 1620 400 1657 compertum
425 1615 546 1656 suisset,
573 1617 670 1659 quod,
693 1621 830 1659 propter
854 1615 930 1649 defi-

198 1667 339 1699 nitorum
370 1667 568 1708 distantiam,
593 1668 766 1701 admodum
799 1668 928 1701 difficile

198 1719 419 1752 reddebantur
460 1726 492 1753 et
522 1720 554 1752 in
588 1721 722 1763 longum
759 1721 931 1763 protrahe-

197 1772 315 1805 bantur
331 1772 517 1805 huiusmodi
531 1773 725 1806 electiones:
737 1773 822 1814 ideo,
839 1778 932 1805 uten—

199 1825 240 1858 do
277 1825 401 1858 eisdem
436 1825 639 1858 facultatibus
678 1836 738 1868 per
765 1825 930 1868 praefatos

199 1876 390 1920 Gregorium
422 1882 454 1909 et
481 1877 645 1909 Urbanum
669 1877 932 1919 praedecessores

199 1929 370 1969 concessis,
389 1929 501 1962 eadem
518 1929 732 1972 Congregatio
748 1929 782 1962 in
794 1939 933 1973 sequen-

199 1982 284 2015 tibus
309 1981 458 2025 capitulis
488 1981 691 2024 generalibus
716 1982 875 2025 disposuit
898 1992 934 2014 ac

200 2034 373 2075 ordinavit,
398 2039 433 2067 ut
463 2034 666 2077 supradictae
691 2034 874 2074 electiones,
899 2034 932 2066 in

200 2097 274 2122 casu
300 2097 435 2129 magnae
461 2086 630 2119 distantiae
655 2086 812 2119 dictorum
836 2087 933 2119 trium

201 2138 425 2179 definitorum,
452 2149 522 2172 cum
552 2144 626 2172 voto
652 2144 789 2182 quatuor
811 2140 933 2173 solum-

200 2193 296 2226 modo
321 2192 471 2225 abbatum
494 2193 566 2225 loco
591 2192 630 2225 de
655 2203 719 2235 quo
743 2203 839 2235 supra
860 2203 935 2236 pro-

200 2246 358 2279 ximorum
383 2245 451 2278 fieri
476 2249 626 2288 possent3
653 2255 724 2277 cum
743 2245 935 2280 declaratio-

200 2293 242 2332 ne
267 2298 355 2341 quod
379 2298 413 2331 in
433 2297 558 2341 aequali
584 2297 733 2330 distantia
749 2297 935 2331 definitores

202 2351 374 2384 abbatibus
399 2350 640 2394 praeferentur,
669 2354 699 2382 et
723 2350 808 2392 quod
832 2350 865 2382 in
883 2360 936 2383 ae-

202 2403 289 2447 quali
314 2403 465 2436 distantia
488 2406 676 2434 censeretur
700 2412 768 2434 esse
786 2401 937 2435 definitor

202 2456 258 2499 qui
283 2460 357 2488 octo
375 2460 498 2487 tantum
516 2454 617 2487 leucis
635 2455 708 2497 plus
725 2465 820 2497 quam
837 2454 936 2488 abbas

203 2507 348 2549 distaret,
368 2508 530 2551 quodque,
550 2506 735 2539 absentibus
750 2517 768 2539 a
786 2507 853 2540 suis
870 2518 937 2541 mo-

239 2578 249 2604 1
268 2577 334 2604 Male
349 2577 413 2604 edit.
430 2578 514 2604 Μαίη.
529 2577 591 2611 legit
606 2576 649 2604 ibi
668 2584 716 2611 pro
736 2576 786 2605 ubi
799 2577 840 2611 (R.
852 2577 900 2612 Τ.).

238 2621 254 2648 2
274 2622 367 2657 Aptius
381 2622 439 2657 tege
461 2621 631 2651 intermedie
649 2621 688 2656 (R.
708 2621 755 2656 Τ.).

784 255 996 280 INNOCENTIUS
1018 256 1049 280 xt
1073 256 1122 279 Pr.

1592 243 1655 277 387
1702 252 1751 278 An.
1768 252 1799 278 c.
1828 252 1891 278 tusi

970 302 1121 335 nasteriis
1146 302 1329 342 abbatibus,
1357 301 1440 335 idem
1472 307 1579 334 votum
1604 301 1702 333 habc-

969 361 1043 387 rent
1067 365 1126 398 pro
1144 355 1302 388 electione
1321 355 1476 387 dictarum
1496 353 1702 386 vacationum

968 408 1120 440 monachi
1145 407 1338 450 capitulares
1364 407 1524 440 dictorum
1540 405 1703 449 proximo-

967 469 1038 491 rum
1061 459 1342 499 monasteriorum,
1368 459 1423 501 qui
1448 458 1648 491 haberentur
1671 458 1701 489 in

968 511 1221 544 antelationibus
1247 511 1334 544 iuxta
1361 522 1435 544 suos
1460 511 1593 553 gradus.
1621 511 1702 542 Hoc-

969 574 1029 606 que
1066 563 1163 596 etiam
1187 575 1204 596 a
1228 563 1301 607 piae
1331 564 1505 596 memoriae
1538 563 1702 596 Clemente

968 616 1053 658 Papa
1069 615 1107 648 lx
1128 616 1381 659 praedecessore
1399 621 1511 648 nostro
1529 626 1590 658 per
1607 626 1702 658 quas-

969 668 1042 700 dam
1067 677 1139 700 suas
1160 668 1280 710 pariter
1299 668 1330 700 in
1351 668 1453 700 forma
1471 669 1579 700 Brevis
1597 668 1647 700 die
1663 678 1703 701 xv

969 719 1148 752 decembris
1161 730 1309 753 unctxvn
1321 720 1487 763 expeditas
1499 720 1622 752 litteras
1632 730 1704 753 con-

968 771 1128 805 firmatum
1145 772 1216 804 suit.
1236 772 1349 811 Porro,
1362 772 1396 804 in
1409 772 1470 804 vim
1485 772 1607 815 pariter
1621 772 1703 804 cius-
1739 781 1808 816 ani-ae
1829 782 1896 801 muia-

969 824 1039 857 dcm
1066 824 1225 857 facultatis
1256 825 1474 857 commutandi
1500 810 1787 857 constitutio-''⁰''‘⁵'

970 888 1026 911 nes
1062 888 1079 910 a
1103 877 1257 919 Gregorio
1282 877 1348 909 XIII
1373 887 1548 909 concessae
1564 903 1572 917 ,
1608 882 1639 909 ct
1663 878 1702 909 ab

969 930 1097 963 Urbano
1132 930 1195 962 VIII
1234 929 1544 972 praedecessoribus
1583 930 1702 962 nostris

970 982 1120 1026 praefatis
1146 982 1366 1022 confirmatae,
1387 981 1535 1025 pluribus
1561 981 1593 1014 in
1619 982 1704 1025 capi-

970 1036 1044 1068 tulis
1070 1036 1278 1078 generalibus
1303 1035 1489 1077 (comperto
1522 1045 1582 1077 per
1607 1046 1704 1077 cxpe-

970 1089 1119 1121 ricntiam
1145 1089 1233 1131 quod
1253 1089 1427 1121 nonnullae
1447 1098 1484 1120 ex
1510 1088 1603 1121 dictis
1627 1098 1703 1120 con-

971 1141 1191 1174 stitutionibus
1215 1146 1251 1173 ut
1276 1151 1372 1183 supra
1397 1152 1415 1173 a
1439 1141 1536 1173 Paulo
1566 1141 1703 1183 praede-

970 1204 1098 1226 cessore
1133 1193 1349 1232 confirmatis,
1375 1197 1407 1225 et
1430 1193 1587 1235 quaedam
1620 1193 1702 1225 aliae

971 1247 1174 1289 postmodum
1200 1246 1318 1286 sactae,
1345 1256 1409 1278 non
1435 1251 1527 1278 eraut
1550 1245 1702 1287 religioni

970 1299 1153 1341 proficuae,
1180 1309 1239 1331 nec
1274 1299 1313 1331 de
1339 1298 1423 1331 sacili
1455 1298 1701 1341 praeticabiles)

970 1351 1133 1394 aliacquc¹
1161 1362 1197 1384 cx
1222 1351 1361 1393 antiquis
1386 1350 1582 1391 immutatae,
1609 1351 1703 1383 aliac-

970 1415 1032 1447 que
1059 1404 1185 1436 noviter
1209 1404 1374 1436 consectae
1398 1403 1526 1435 suerunt
1550 1404 1703 1436 coustitu-

971 1458 1086 1496 tiones,
1112 1468 1148 1489 ac
1172 1456 1269 1489 etiam
1295 1456 1508 1488 diversimode
1526 1455 1564 1488 ab
1583 1456 1652 1488 aliis
1670 1462 1704 1488 ut

970 1521 1066 1554 supra
1097 1508 1310 1549 confirmatis,
1336 1509 1369 1541 in
1402 1508 1522 1541 eisdem
1554 1508 1703 1551 capitulis

971 1563 1095 1607 pluries
1130 1562 1189 1595 suit
1212 1563 1415 1595 observatum
1431 1589 1438 1603 ,
1463 1567 1495 1594 et
1529 1561 1703 1605 praecipue

971 1616 1075 1660 quoad
1100 1615 1315 1658 infrascripta,
1340 1614 1514 1648 videlicet:

1014 1668 1046 1700 1ο
1070 1668 1159 1701 Circa
1188 1677 1358 1700 numerum
1386 1666 1613 1710 capitularium
1639 1671 1704 1699 sta·
1715 1670 1897 1717 esss¹¹⁰²aa,.-³..t

973 1726 1074 1753 tutum
1100 1720 1157 1752 suit
1173 1747 1180 1759 ,
1205 1725 1240 1752 ut
1270 1720 1303 1752 in
1328 1719 1468 1762 antiquis
1498 1718 1848 1751 constitutio-carnum>-

973 1773 1066 1805 nibus
1092 1777 1123 1804 et
1146 1772 1178 1804 in
1198 1771 1293 1804 Brevi
1314 1771 1403 1804 Pauli
1427 1770 1450 1802 V
1475 1771 1603 1803 illarum
1631 1780 1706 1803 con-

972 1825 1173 1865 firmatorio,
1202 1824 1288 1867 quod
1320 1834 1386 1856 non
1421 1823 1484 1856 sint
1515 1824 1625 1866 plures
1656 1833 1708 1855 ca-

973 1876 1146 1919 pitulares,
1181 1885 1298 1917 quam,
1325 1873 1487 1916 generalis
1513 1873 1567 1915 qui
1592 1873 1625 1905 iu
1649 1873 1707 1905 illo

974 1928 1114 1972 capitulo
1148 1926 1302 1960 terminat
1335 1935 1427 1959 suum
1461 1925 1621 1965 osticium,
1659 1926 1708 1958 illi

974 1981 1079 2020 etiam,
1105 1980 1158 2023 qui
1183 1979 1350 2022 generales
1377 1978 1558 2017 extiterunt,
1585 1977 1638 2020 qui
1656 1988 1710 2010 au-

975 2033 1124 2065 ctualiter
1148 2035 1221 2064 sunt
1244 2031 1376 2064 abbates
1400 2030 1465 2063 sive
1485 2029 1708 2073 praesidentes

975 2085 1268 2123 monasteriorum,
1301 2082 1487 2116 definitores
1522 2082 1709 2115 immediate

975 2137 1202 2181 praecedentis
1237 2135 1440 2178 quadriennii
1473 2135 1559 2178 quod
1585 2135 1617 2167 in
1650 2135 1707 2168 illo

977 2190 1168 2223 terminatur
1200 2188 1360 2231 capitulo,
1387 2187 1530 2230 magistri
1561 2192 1592 2221 et
1615 2198 1709 2231 prae-

977 2244 1134 2276 dicatores
1165 2241 1332 2284 generales
1361 2239 1434 2283 (etsi
1466 2239 1582 2283 aliquis
1613 2240 1712 2273 suerit

976 2296 1186 2329 concionator
1201 2293 1334 2336 regius),
1349 2298 1380 2326 et
1395 2303 1454 2336 per
1466 2293 1709 2327 universitatem

976 2348 1260 2381 Salmanticensem
1278 2347 1317 2379 de
1334 2345 1464 2379 licentia
1478 2345 1709 2389 Congregatio-

977 2401 1027 2434 nis
1053 2406 1084 2433 ct
1108 2401 1175 2432 cius
1199 2398 1380 2442 sumptibus
1406 2399 1564 2439 laureati,
1597 2404 1629 2432 et
1652 2398 1709 2442 qui

977 2454 1008 2486 in
1036 2454 1089 2486 illa
1115 2452 1252 2492 suerint,
1275 2456 1311 2484 ut
1334 2451 1522 2485 constitutio
1548 2451 1709 2494 disponit,

978 2504 1196 2546 cathedratici,
1221 2504 1327 2537 socius
1351 2503 1414 2537 sive
1440 2514 1549 2537 comes
1575 2513 1711 2546 genera-

1818 1672 1838 1690 οἱ
1860 1669 1895 1695 qul

1016 2621 1026 2647 1
1049 2619 1142 2648 Potius
1160 2619 1218 2654 lege
1238 2619 1314 2647 aliae
1334 2618 1371 2653 (a.
1387 2617 1436 2650 τ.).
