2111 3157
416 198 481 232 970
968 208 1145 231 autumna
1171 208 1322 231 ROMANUM

459 261 591 295 instituti
613 260 888 294 confraternitates
904 260 964 293 sibi
985 270 1172 304 aggregare,
1190 260 1329 304 itemque
1353 260 1416 294 illis
1440 271 1512 295 suas
1536 261 1748 304 indulgentias
1773 273 1917 298 commu-

458 314 566 347 nicare
590 314 699 357 possit,
726 313 865 354 indulsit,
891 313 969 346 ibid.

370 367 615 401 Confraternitas
640 366 940 399 Bethlehemitarum
967 366 999 398 in
1016 366 1111 399 Indiis
1128 365 1392 407 OccidentalibuS,
1414 366 1477 401 735
1493 379 1531 408 α;
1557 368 1656 412 ipsius
1672 373 1778 402 ortum
1797 375 1828 402 et
1843 380 1918 414 pro-

457 430 601 463 gressum
626 425 744 459 narrat,
769 420 858 458 zbid.;
880 419 1021 452 eiusdem
1046 429 1143 453 novas
1164 419 1404 453 constitutiones
1424 431 1484 464 pro
1500 421 1583 454 felici
1599 432 1818 466 prosperoque
1833 422 1918 456 illius

457 472 622 515 regimine,
640 477 793 514 recenset,
816 472 879 505 736
899 471 959 505 bet
974 483 1052 516 seq.;
1067 472 1316 506 confraternitati
1333 473 1514 517 praedictae
1539 474 1653 507 relatas
1678 475 1918 509 constitutiones

457 525 640 565 confirmat,
665 525 873 568 eamdemque
898 525 930 557 in
954 525 1241 568 Congregationem
1266 526 1324 560 sub
1355 526 1467 569 regula
1498 527 1528 560 S.
1556 528 1723 570 Augustini
1754 534 1784 561 et
1807 539 1919 573 supra-

457 579 583 622 scriptis
612 579 891 612 constitutionibus
916 579 1031 622 erigit,
1057 579 1167 622 illique
1191 579 1376 623 privilegia,
1401 579 1618 623 exemptiones
1647 585 1677 613 et
1706 581 1919 624 indulgentias

457 633 625 665 nonnullas
651 632 804 673 concedit,
831 632 895 665 749
921 643 940 665 α
965 638 996 665 et
1019 643 1079 676 seq.

368 686 613 719 Confraternitas
637 686 915 726 Cincturatorum,
941 686 1006 720 189
1036 686 1068 726 b;
1095 685 1159 719 258
1184 686 1218 726 b;
1252 686 1300 719 ius
1331 686 1528 729 aggregandi
1564 687 1602 719 ad
1634 686 1817 721 huiusmodi
1848 698 1919 722 con-

457 739 697 780 fraternitatem,
727 750 763 772 ex
788 739 916 773 decreto
942 739 1204 782 Congregationis
1236 740 1460 783 episcoporum
1488 746 1518 772 et
1545 740 1740 782 regularium
1772 741 1918 776 Eremitis

457 792 486 825 S.
512 792 677 835 Augustini
704 793 867 825 dumtaxat
899 796 1105 834 reservatum,
1134 792 1352 833 confirmatur,
1376 793 1452 825 ibid.

369 845 616 879 Confi-aternitas
641 846 783 878 Nominis
809 846 840 878 Β.
859 846 896 878 M.
915 846 958 887 V„
977 846 1009 878 in
1029 845 1163 879 ecclesia
1180 845 1210 878 S.
1229 845 1381 889 Stephani
1407 845 1445 878 de
1470 845 1570 879 Cacco
1595 845 1671 886 sita,
1695 845 1728 878 in
1752 846 1918 880 archicon-

458 899 687 931 fraternitatem
713 899 858 942 erigitur,
883 898 948 932 930
973 900 1000 932 b.

369 951 646 985 Confraternitates
672 953 730 985 sub
756 953 847 985 titulo
872 952 923 986 SS.
950 952 1092 985 Nominis
1117 951 1182 992 Dei,
1203 951 1245 985 95
1262 962 1299 991 α;
1325 952 1465 995 ipsarum
1490 951 1597 985 variae
1622 952 1743 995 species
1772 957 1803 985 et
1827 952 1918 986 vicis-

457 1005 609 1038 situdines
635 1011 850 1045 recensentur,
875 1005 917 1038 95
943 1006 959 1037 h
985 1009 1015 1038 et
1038 1016 1124 1049 seq.;
1149 1005 1187 1037 de
1212 1004 1397 1037 earumdem
1415 1005 1454 1037 ab
1476 1005 1566 1038 initio
1583 1005 1735 1038 canonica
1757 1006 1918 1039 erectione

456 1067 519 1091 non
540 1063 671 1097 constat,
697 1058 786 1097 2‘b2‘ct.;
812 1058 1086 1091 confraternitates
1110 1057 1290 1101 praedictae
1315 1058 1346 1090 in
1372 1058 1514 1091 ecclesiis
1547 1058 1806 1092 Praedicatorum
1830 1059 1919 1092 dum-

456 1116 540 1143 taxat
565 1111 747 1151 existentes,
768 1111 900 1155 perinde
925 1122 960 1144 ac
986 1111 1011 1144 si
1037 1111 1108 1143 illae
1133 1111 1171 1143 ab
1192 1111 1282 1144 initio
1308 1111 1459 1144 canonice
1483 1110 1616 1144 fuissent
1640 1116 1775 1152 erectae,
1794 1111 1914 1145 confir-

460 1170 596 1206 mantur,
623 1164 664 1197 07
690 1165 715 1197 b.

368 1217 644 1251 Confraternitates
668 1227 778 1251 omnes
803 1218 854 1251 SS.
881 1218 1014 1257 Rosarii,
1039 1218 1163 1250 tametsi
1188 1217 1227 1249 de
1247 1216 1399 1250 canonica
1424 1217 1603 1260 aliquarum
1629 1217 1824 1251 institutione
1854 1228 1918 1251 non

456 1276 632 1311 constaret,
656 1272 905 1311 confirmantur,
931 1271 995 1304 1180
1020 1282 1040 1304 a
1065 1274 1096 1304 et
1118 1280 1191 1313 seq.;
1216 1269 1530 1303 confraternitatibus
1555 1270 1673 1303 eisdem
1706 1270 1918 1313 indulgentias

456 1324 609 1368 quasdam
634 1335 652 1357 a
675 1325 776 1357 tribus
802 1324 1009 1358 Pontificibus
1034 1329 1065 1356 et
1088 1323 1214 1356 duobus
1238 1323 1349 1366 legatis
1373 1323 1505 1356 Sanctae
1530 1322 1619 1356 Sedis
1644 1333 1820 1363 concessas,
1844 1323 1919 1356 licet

456 1388 564 1411 earum
590 1378 762 1420 originales
782 1378 906 1410 litterae
922 1387 986 1411 non
1003 1377 1232 1420 reperirentur,
1257 1376 1289 1408 in
1313 1376 1488 1409 summario
1512 1376 1782 1419 indulgentiarum
1798 1377 1918 1420 apponi

455 1431 610 1474 permittit
636 1431 787 1470 Pontifex,
813 1429 877 1463 ‘1802
902 1442 940 1471 α;
965 1431 1041 1474 ipsis
1066 1430 1275 1463 summarium
1308 1440 1439 1462 suarum
1470 1430 1759 1473 indulgentiarum,
1785 1441 1802 1463 a
1827 1433 1918 1464 sacra

456 1485 709 1527 Congregatione
734 1484 956 1527 approbatum,
977 1484 1196 1523 confirmatur,
1213 1483 1278 1517 186
1295 1494 1316 1516 α
1333 1488 1364 1516 et
1379 1494 1457 1526 seq.;
1483 1484 1758 1516 confraternitates
1783 1484 1834 1517 SS.
1855 1485 1917 1517 Ro-

456 1537 529 1569 sarii
556 1537 657 1569 ubivis
682 1538 822 1580 gentium
849 1536 991 1580 erigendi
1016 1537 1147 1570 facultas
1173 1536 1319 1569 ministro
1340 1537 1480 1579 generali
1509 1536 1766 1570 Praedicatorum
1784 1537 1833 1570 vel
1850 1537 1917 1570 eius

457 1590 574 1623 vicario
592 1591 733 1633 generali
758 1590 950 1632 indulgetur,
968 1590 1033 1623 ⁶205
1050 1591 1084 1629 b3
1110 1600 1226 1633 easque
1250 1589 1296 1622 sic
1316 1594 1448 1629 erectas,
1465 1589 1609 1622 omnium
1635 1589 1916 1632 indulgentiarum,

456 1643 573 1686 absque
589 1643 653 1675 ulla
671 1643 957 1676 communicatione
975 1644 1022 1676 vel
1040 1643 1277 1686 aggregatione,
1301 1642 1472 1686 participes
1492 1653 1560 1675 esse
1580 1643 1737 1683 statuitur,
1757 1642 1822 1676 ὑ206
1840 1654 1871 1677 α.

368 1695 683 1729 Confraternitatibus
709 1696 760 1728 SS.
779 1696 984 1736 Sacramenti,
1004 1696 1107 1729 ubivis
1125 1697 1269 1729 locorum
1287 1695 1501 1736 existentibus,
1516 1695 1742 1738 indulgentiae,
1754 1695 1917 1730 archieon-

456 1748 643 1782 fraternitati
676 1749 818 1782 eiusdem
852 1749 988 1782 nominis
1018 1749 1049 1781 in
1074 1749 1207 1782 ecclesia
1231 1748 1260 1781 S.
1287 1749 1401 1781 Mariae
1426 1758 1522 1792 super
1553 1749 1725 1782 Minervam
1757 1749 1918 1784 institutae

455 1812 513 1846 per
537 1802 698 1835 decretum
720 1802 749 1836 S.
775 1802 1036 1845 Congregationis
1054 1802 1327 1845 Indulgentiarum
1348 1812 1528 1843 concessae,
1546 1803 1785 1845 confirmantur,
1803 1803 1867 1837 103
1884 1804 1914 1837 b.

368 1855 680 1889 Confraternitatibus
703 1855 827 1898 Septem
853 1855 1004 1889 Dolorum
1031 1855 1062 1887 B.
1081 1856 1118 1888 M.
1138 1855 1169 1887 V.
1196 1855 1227 1887 in
1252 1855 1393 1888 ecclesiis
1418 1855 1551 1888 fratrum
1577 1855 1749 1889 Servorum
1774 1856 1917 1890 eiusdem

457 1909 495 1941 M.
516 1908 549 1940 V.
571 1908 683 1941 erectis
703 1908 919 1951 indulgentiae
944 1909 1099 1953 quaedam
1125 1919 1304 1949 concessae,
1324 1908 1389 1941 416
1407 1920 1426 1942 α
1451 1914 1481 1942 et
1505 1920 1577 1952 seq.;
1603 1910 1916 1944 confraternitatibus

456 1962 625 2005 praedictis
645 1962 853 1995 summarium
880 1963 1149 2006 indulgentiarum
1167 1968 1197 1995 et
1222 1962 1404 1995 facultatum
1429 1962 1506 1994 alias
1530 1972 1755 1996 concessarum
1780 1963 1915 1997 relatum

457 2015 682 2055 confirmatur,
707 2014 771 2048 430
796 2015 812 2047 b
838 2020 868 2048 et
891 2026 956 2059 seq.

368 2067 683 2101 Confi-aternitatibus
708 2067 965 2111 Cordigerorum,
992 2069 1022 2101 in
1048 2068 1306 2102 Conventualium
1333 2068 1474 2101 ecclesiis
1494 2069 1618 2109 erectis,
1636 2069 1733 2102 semel
1749 2069 1781 2102 in
1798 2079 1917 2111 mense,

457 2120 489 2152 in
522 2121 573 2153 die
607 2121 726 2154 scilicet
750 2121 860 2154 solitae
888 2122 1118 2165 processionis,
1148 2121 1344 2164 indulgentia
1366 2121 1509 2165 plenaria
1540 2126 1693 2166 perpetua
1716 2123 1915 2164 conceditur,

458 2173 522 2206 263
547 2173 563 2206 b
588 2179 618 2206 et
642 2185 703 2218 seq.

370 2226 687 2260 Confraternitatibus
713 2227 950 2271 Redemptionis
976 2228 1178 2272 Captivorum
1203 2227 1329 2261 Ordinis
1362 2227 1394 2260 B.
1420 2228 1458 2260 M.
1488 2227 1527 2261 de
1551 2227 1694 2261 Mercede
1718 2228 1750 2260 in
1774 2228 1916 2262 ecclesiis

461 2279 601 2312 ciusdem
628 2280 752 2313 Ordinis
786 2281 898 2314 erectis
923 2281 1133 2314 summarium
1157 2280 1318 2324 quoddam
1343 2280 1625 2323 indulgentiarum,
1649 2291 1667 2314 a
1695 2282 1786 2314 sacra
1810 2281 1916 2315 Indul-

461 2333 638 2374 gentiarum
665 2333 916 2376 Congregatione
941 2333 1161 2378 approbatum,
1186 2334 1404 2376 confirmatur,
1428 2333 1493 2367 134
1517 2345 1538 2367 a
1562 2339 1592 2367 et
1616 2345 1677 2378 seq.

374 2386 688 2418 Confraternitatibus
713 2386 950 2430 Redemptionis
982 2387 1184 2430 Captivorum
1218 2386 1343 2420 Ordinis
1368 2387 1419 2420 SS.
1444 2387 1604 2420 Trinitatis
1637 2387 1847 2421 summarium
1873 2388 1917 2421 in-

461 2438 695 2480 dulgentiarum
720 2449 739 2472 a
762 2441 851 2472 sacra
877 2439 1150 2483 Indulgentiarum
1175 2439 1428 2483 Congregatione
1457 2439 1669 2484 approbatum
1694 2440 1912 2481 confirmatur,

463 2490 526 2523 *2:33
551 2502 569 2523 a
594 2497 624 2524 ct
647 2503 707 2535 seq.

374 2542 589 2576 Confratribus
601 2544 770 2578 Servorum
789 2546 821 2578 B.
834 2546 870 2578 M.
886 2547 918 2578 V.
935 2546 1070 2579 orationi
1089 2546 1217 2579 mentali
1237 2546 1419 2579 vacantibus
1440 2546 1655 2589 indulgentiae
1673 2546 1777 2579 variae
1801 2555 1914 2580 conce-

463 2596 590 2635 duntur,
608 2597 648 2629 77
667 2598 691 2629 b.
