2111 3157
201 245 258 290 λη.
276 263 306 292 c.
329 262 395 290 losa
440 253 504 287 478

681 317 845 338 DEOEMBER.

439 361 488 390 Die
510 368 557 389 vm
580 358 666 387 huius
688 357 807 393 mensis,
837 356 924 385 missa
954 359 1067 384 cantata
1091 363 1135 382 so-

400 409 506 438 lemnis
537 408 571 436 de
593 406 782 435 Immaculata
813 404 1007 443 Conceptione
1040 403 1075 432 M.
1101 403 1132 432 V.

401 462 537 496 patronae
559 456 641 493 regni
665 454 866 492 Portugalliae.

441 505 489 534 nie
512 513 574 539 xm,
598 504 684 532 missa
700 506 811 531 cantata
829 501 966 531 solemnis
981 501 1016 530 de
1033 500 1062 530 S.
1080 500 1134 529 Lu-

401 554 444 583 cia
467 552 578 590 virgine
600 556 627 581 et
650 556 787 590 martyre.

440 602 489 632 Die
511 610 574 639 xxi,
599 601 686 630 missa
708 600 846 630 solemnis
868 600 902 630 de
923 599 952 630 S.
976 598 1084 629 Thema
1107 607 1136 627 a-

401 651 524 691 postolo.
810 682 814 687 Ι

440 700 489 730 Die
510 708 582 737 xxv,
605 699 635 729 in
658 698 812 729 Nativitate
834 697 943 728 domini
965 695 1058 726 nostri
1073 695 1137 724 Iesu

401 748 505 779 Christi
537 748 671 777 dicentur
695 751 752 777 tres
776 747 881 776 missae
912 749 1042 775 cantatae
1064 744 1138 774 sole-

402 806 483 827 mnes
506 797 586 827 horis
608 797 777 833 consuetis;
801 803 924 834 quarum
947 804 1018 829 una,
1036 793 1064 823 in
1088 793 1138 822 ho-

401 855 500 875 norem
532 846 660 875 eiusdem
688 845 797 874 domini
830 843 920 873 nostri
943 843 1006 873 lesu
1031 842 1137 871 Christi

403 899 430 924 ot
451 894 555 924 Beatae
577 894 682 923 Mariae
704 892 833 931 Virginis
848 892 882 921 de
894 891 1072 926 Bethlehem,
1090 899 1139 929 ap-

403 941 560 980 plicabitur
591 950 642 980 pro
670 941 769 969 anima
794 940 914 969 domina
946 939 1136 971 Guiomarae,

403 991 490 1019 huius
511 990 650 1019 ecclesiae
673 993 700 1018 et
722 988 872 1027 hospitalis
894 987 1077 1017 fundatricis.

441 1038 546 1068 Tribus
569 1038 758 1077 sequentibus
780 1037 881 1066 diebus
915 1041 978 1076 post
999 1036 1137 1066 Nativita-

403 1092 459 1117 tem
489 1087 599 1116 domini
631 1086 722 1115 nostri
751 1086 815 1115 Iesu
844 1085 969 1121 Christi,
1003 1085 1139 1114 dicentur

404 1136 508 1165 missae
540 1138 672 1164 cantatae
699 1134 842 1164 solemnes
871 1134 905 1163 de
928 1134 1007 1163 sestis
1029 1134 1059 1163 in
1081 1133 1138 1163 illis

403 1183 624 1214 occurrentibus
653 1183 732 1213 iuxta
761 1182 893 1212 rubricas
923 1182 1061 1212 breviarii
1093 1192 1139 1212 ro-

405 1233 494 1262 mani.

444 1281 493 1311 Die
510 1290 588 1318 xxxi,
608 1281 695 1310 missa
711 1283 824 1310 cantata
840 1280 976 1310 solemnis
992 1280 1026 1310 de
1041 1280 1070 1310 S.
1087 1280 1139 1310 Sil-

407 1335 511 1361 vestro.

511 1379 549 1409 De
570 1378 778 1417 ohltycztionibns
800 1378 1035 1416 capprllunormn.

446 1428 477 1457 In
500 1427 634 1457 omnibus
662 1427 729 1456 anni
760 1427 913 1457 dominicis
942 1426 1048 1455 debent
1070 1426 1141 1455 assi-

406 1480 481 1506 stere
513 1477 617 1505 missae
648 1475 845 1505 decantandae
879 1485 943 1504 cum
970 1475 1091 1505 diacono
1114 1480 1139 1505 et

407 1525 583 1555 subdiacono
606 1524 640 1554 de
663 1524 726 1563 ips-21
747 1524 894 1553 dominica
923 1532 980 1553 non
1002 1524 1140 1563 impedita

407 1573 509 1603 maiori
533 1574 614 1602 sesto.

446 1622 477 1651 ln
494 1622 628 1652 omnibus
642 1621 721 1651 sestis
736 1621 891 1651 mobilibus
913 1621 1141 1660 uniuscuiusque

407 1671 476 1701 anni
498 1671 603 1700 debent
625 1670 712 1699 etiam
735 1670 882 1699 celebrare
905 1670 1022 1699 missam
1045 1674 1143 1699 canta-

409 1725 466 1749 tan]
489 1719 647 1749 solemnem
670 1718 705 1748 de
728 1719 789 1757 ipso
810 1719 895 1748 festo.

448 1768 518 1797 ltem
539 1767 568 1796 in
588 1767 711 1804 singulis
728 1767 795 1796 anni
811 1766 937 1796 sabbatis
952 1767 1059 1796 debent
1075 1777 1142 1796 can-

407 1821 470 1846 tare
493 1816 610 1845 missam
633 1816 667 1844 de
690 1815 776 1844 Beata
800 1815 887 1844 Maria
908 1815 1044 1853 Virgine,
1069 1825 1142 1854 quae

409 1865 525 1901 missae,
549 1869 577 1893 et
599 1873 699 1893 omnes
722 1863 794 1892 aliae
821 1864 855 1892 de
878 1864 1032 1893 dominicis
1055 1869 1082 1893 et
1104 1865 1143 1894 se-

408 1913 460 1942 stis
477 1912 592 1948 liberis,
611 1912 836 1951 applicalnintur
860 1921 910 1951 pro
933 1912 1031 1941 anima
1052 1912 1143 1942 domi-

408 1970 462 1990 nae
485 1961 670 1995 Guiomarae,
690 1960 774 1989 huius
797 1960 937 1990 ecclesiae
960 1960 1141 1998 fundatricis,

408 2010 471 2038 loco
497 2010 601 2038 missae
634 2009 762 2047 privatae
794 2018 826 2038 eo
849 2008 895 2038 die
918 2008 1106 2039 celebrandae
1128 2019 1142 2038 a

409 2067 461 2087 suo
484 2058 664 2096 cappellano.

448 2106 519 2135 Item
542 2106 647 2135 debent
669 2106 805 2135 assistere
828 2106 962 2135 omnibus
990 2106 1069 2135 festis
1098 2115 1144 2136 ec-

409 2155 514 2185 clesiae
536 2160 563 2185 et
585 2155 692 2184 (livinis
713 2156 815 2185 ol'ticiis
842 2165 874 2185 ac
891 2161 1069 2185 mortuorum
1086 2156 1142 2184 suf-

409 2204 508 2241 fragiis
530 2204 559 2233 in
582 2205 613 2233 ea
636 2204 786 2240 faciendis,
803 2203 912 2242 absque
932 2204 991 2233 alia
1011 2204 1143 2233 mercede

410 2261 499 2291 quam
522 2252 667 2291 impertiri
690 2252 787 2282 solita.

450 2301 520 2330 Item
539 2301 568 2330 in
589 2300 723 2330 omnibus
747 2301 827 2330 sestis
850 2305 906 2331 tam
931 2301 1042 2340 primae
1058 2311 1142 2340 qnam

410 2349 554 2378 secundae
577 2349 689 2387 classis,
709 2354 737 2379 et
759 2349 823 2379 aliis
845 2349 879 2379 de
901 2349 1077 2387 obligatione
1099 2358 1145 2378 ec-

411 2396 533 2436 clesiae,
558 2398 664 2428 debent
686 2402 803 2428 cantare
825 2398 934 2437 primas
955 2402 983 2427 et
1005 2398 1145 2427 secundas

410 2454 557 2485 vesperas.

451 2495 522 2526 ltem
539 2496 586 2525 die
604 2496 676 2526 iovis
692 2496 810 2527 maioris
829 2496 1025 2527 hebdomadae
1041 2495 1146 2526 debent

411 2545 625 2575 communicare
650 2545 678 2574 in
703 2548 801 2575 nostra
823 2546 959 2576 ecclesia.

492 2593 687 2632 Coppellaniae
709 2595 881 2632 quotidianae
900 2596 1059 2633 perpetuae.

451 2641 536 2673 Missa
560 2642 727 2682 quotidiana
760 2653 810 2682 pro
832 2643 984 2673 animabus
1012 2641 1146 2673 dominae
1166 2664 1167 2668 ,

984 257 1162 282 nsttmit'n
1187 257 1251 280 ROM
1260 256 1338 280 XNUM

1175 304 1349 334 Guiomarae
1371 302 1458 332 huius
1480 302 1619 332 ecclesiae
1635 306 1662 332 et
1677 302 1828 341 hospitalis
1843 302 1908 332 sun-

1175 354 1305 387 datricis,
1329 357 1356 382 et
1379 353 1502 381 aliorum
1526 352 1744 381 benefactorum
1767 361 1832 381 cum
1845 360 1909 381 ora-

1177 402 1303 432 tionibus
1328 403 1497 438 szesumus
1520 401 1645 440 Domine,
1664 405 1692 431 et
1708 402 1791 438 Deus,
1814 403 1910 431 veniae

1176 452 1301 488 lamam,
1319 455 1346 480 et
1363 450 1508 484 ridellum,
1521 452 1643 489 excepta
1656 452 1715 480 una
1732 452 1865 481 vacantia
1879 452 1910 482 in

1176 499 1303 538 qnalibet
1325 499 1514 528 hebdomada.

1215 549 1300 578 Missa
1323 548 1491 587 quotidiana
1513 548 1548 578 ad
1571 549 1660 579 altare
1675 548 1703 580 S.
1726 549 1845 581 Antonii
1862 550 1911 581 ab·

1177 597 1250 627 hatis
1273 606 1323 636 pro
1346 596 1499 627 animabus
1520 597 1575 627 EE.
1599 602 1627 628 et
1648 588 1712 628 RRJ
1727 599 1911 629 dominorum

1178 646 1369 676 cardinalium
1391 645 1508 676 Antonii
1541 646 1575 677 de
1607 646 1715 677 Chaves
1747 651 1775 677 et
1796 647 1912 687 Georgii

1178 695 1212 723 «le
1236 695 1327 732 Costa,
1352 696 1472 734 excepta
1494 696 1552 725 una
1575 696 1709 726 vacantia
1730 696 1759 726 in
1782 696 1911 736 qualibet

1180 743 1369 773 hebdomada.

1218 792 1303 821 Missa
1338 792 1506 831 quotidiana
1535 802 1587 832 pro
1619 793 1770 824 animabus
1802 793 1912 824 domini

1181 840 1275 869 lliilaci
1298 840 1332 869 de
1355 840 1527 871 Carnaluaes
1549 846 1577 871 et
1598 851 1717 871 suorum
1739 842 1910 880 amicorum,

1179 897 1244 916 cum
1263 888 1443 918 orationibus
1459 889 1583 925 Praesta,
1600 899 1774 928 quaesumus,
1788 889 1912 928 Domine,

1178 941 1226 964 etc.
1243 936 1323 973 aue,
1337 937 1415 965 cuius
1429 938 1644 975 misericordiae,
1658 941 1686 967 et
1697 937 1844 973 Fidelium,
1862 943 1912 968 etc.

1219 984 1302 1013 Missa
1331 985 1497 1023 quotidiana
1525 993 1576 1024 pro
1603 985 1701 1015 anima
1721 986 1841 1015 Antonii
1862 986 1914 1016 Lo-

1180 1043 1230 1072 pez
1254 1033 1342 1071 Nabo,
1359 1035 1482 1073 excepta
1499 1036 1558 1063 una
1580 1035 1713 1064 vacantia
1734 1035 1763 1064 in
1785 1035 1914 1074 qualibet

1180 1081 1367 1117 hebdomada,
1392 1082 1513 1112 dicenda
1535 1083 1564 1112 in
1587 1082 1672 1112 altari
1695 1083 1891 1122 privilegiato.

1220 1130 1304 1159 Missa
1334 1131 1502 1169 quotidiana
1531 1141 1583 1170 pro
1610 1132 1707 1161 anima.
1735 1132 1842 1162 Mariae
1863 1132 1914 1162 das

1180 1179 1266 1209 Nives
1284 1179 1354 1209 dicti
1376 1179 1494 1209 Antonii
1511 1180 1627 1217 uxoris,
1644 1181 1766 1220 excepta
1786 1182 1845 1211 una
1867 1191 1915 1212 va-

1180 1229 1276 1257 canna
1303 1228 1333 1257 in
1363 1228 1491 1267 qualibet
1512 1228 1694 1259 hebdomada
1708 1252 1716 1267 ,
1740 1229 1864 1260 dicenda
1884 1230 1915 1260 in

1180 1276 1263 1305 altari
1287 1275 1480 1314 privilegiato.

1220 1325 1302 1354 Missa
1327 1325 1496 1364 quotidiana
1512 1334 1564 1364 pro
1580 1325 1732 1357 animabus
1747 1326 1866 1357 Antonii
1881 1326 1915 1357 de

1183 1374 1309 1403 Almeida
1343 1374 1448 1411 Borges
1470 1379 1498 1404 et
1520 1374 1636 1404 Ioannis
1657 1375 1753 1405 Vieira
1775 1375 1837 1406 eius
1858 1375 1917 1405 fra-

1184 1422 1234 1452 tris
1256 1422 1404 1460 Germani,
1421 1425 1543 1462 excepta
1561 1425 1620 1453 una
1641 1424 1775 1454 vacantia
1796 1424 1826 1454 in
1848 1433 1917 1464 qua-

1182 1471 1254 1500 libet
1277 1471 1464 1501 hebdomada.

1223 1520 1306 1549 Missa
1335 1521 1503 1559 quotidiana
1534 1529 1586 1559 pro
1618 1522 1716 1552 anima
1742 1521 1918 1552 Ferdinandi

1919 252 1966 280 An.
1983 252 2011 281 c.
2033 254 2097 289 laea

1183 1569 1280 1598 Nunez
1296 1570 1417 1607 except-:1
1442 1570 1502 1598 una
1520 1570 1653 1600 vacantia.
1668 1570 1698 1600 in
1713 1570 1842 1610 qualibet
1866 1571 1928 1600 he·-

1183 1616 1335 1646 bdomada.

1222 1665 1307 1694 Missa
1335 1665 1502 1704 quotidiana
1532 1675 1583 1705 pro
1615 1666 1712 1696 anima
1740 1667 1859 1697 Antonii
1881 1666 1916 1697 de

1183 1713 1279 1750 Bivar,
1303 1715 1421 1753 excepta
1438 1716 1496 1744 una
1511 1715 1642 1745 vacantia
1667 1715 1698 1745 in
1723 1714 1851 1754 qualibet
1870 1715 1918 1750 he-

1184 1763 1335 1793 bdomadzi.

1223 1813 1307 1842 Missa
1331 1813 1497 1851 quotidiana
1521 1822 1572 1851 pro
1595 1812 1694 1842 anima
1720 1813 1829 1843 domini
1851 1813 1919 1843 Mel-

1184 1861 1292 1891 chioris
1314 1862 1438 1891 Barbosa
1462 1862 1620 1891 sacerdotis
1635 1862 1853 1900 Bracharensis,
1870 1871 1918 1891 ex-

1184 1911 1267 1948 cepta
1289 1911 1348 1939 nna
1370 1910 1501 1939 vacantia
1525 1909 1553 1938 in
1576 1910 1705 1949 qualibet
1727 1910 1916 1940 hebdomada.

1319 1959 1419 1988 Missae
1439 1963 1586 1997 perpetuae
1607 1959 1638 1987 cle
1659 1960 1784 1988 mortuis.

1224 2008 1293 2038 Tres
1316 2007 1419 2037 missae
1438 2007 1566 2045 privatae
1590 2007 1618 2037 in
1636 2007 1758 2046 singulis
1779 2007 1848 2037 anni
1869 2007 1918 2037 he-

1185 2057 1334 2087 bdomadis
1357 2066 1407 2095 pro
1429 2056 1525 2085 anima
1540 2056 1648 2086 domini
1670 2056 1796 2086 doctoris
1811 2056 1919 2095 Gaspa-

1185 2107 1225 2136 ris
1247 2106 1281 2135 de
1296 2105 1428 2142 Silveira,
1445 2104 1565 2133 dicenda
1583 2113 1633 2143 per
1648 2104 1826 2134 sacerdotem
1841 2104 1919 2134 dioe-

1185 2155 1258 2184 cesis
1292 2152 1536 2192 Colymbriensis,
1560 2156 1589 2182 et
1611 2153 1641 2182 in
1663 2152 1726 2182 eius
1756 2152 1916 2191 desectum,

1186 2202 1327 2232 dioecesis
1350 2201 1555 2239 Egitaniensis.

1224 2252 1295 2280 Tres
1318 2251 1422 2280 missae
1439 2250 1566 2289 privatae
1582 2250 1611 2279 in
1630 2250 1753 2288 singulis
1775 2250 1844 2280 anni
1871 2250 1916 2280 he-

1186 2299 1335 2329 bdomadis
1351 2306 1401 2338 pro
1419 2299 1515 2328 anima
1531 2298 1666 2328 Roderici
1680 2298 1799 2328 Alvarez
1821 2298 1855 2328 de
1871 2298 1907 2328 Ca

1186 2348 1359 2378 stelbranco.

1228 2397 1287 2427 [na
1310 2397 1397 2426 missa
1428 2396 1539 2435 privata
1566 2396 1596 2425 in
1627 2394 1748 2433 singulis
1770 2394 1840 2424 anni
1872 2395 1915 2425 he-

1187 2444 1336 2475 bdomadis
1359 2454 1410 2484 pro
1433 2445 1528 2474 anima
1550 2443 1668 2474 Ioannis
1689 2444 1735 2473 del
1757 2443 1859 2474 Conto.

1226 2494 1353 2529 Quatuor
1383 2494 1486 2523 missae
1514 2493 1641 2532 privatae
1670 2492 1793 2530 singulis
1815 2492 1920 2522 mensi-

1188 2542 1240 2572 bus
1264 2552 1314 2581 pro
1330 2543 1428 2572 anim-a
1445 2541 1564 2572 Antonii
1579 2540 1709 2571 Almeida
1730 2540 1922 2571 benefactoris

1187 2593 1336 2622 ecclesiae.

1228 2641 1325 2671 Prima
1353 2641 1400 2672 die
1429 2639 1586 2671 cuiuslibet
1614 2640 1734 2679 mensis,
1753 2648 1810 2670 una
1835 2638 1924 2670 missa
