2111 3157
1 226 50 253 Αι.
67 226 98 251 t..
114 221 181 250 ¹688

189 270 221 304 in
239 270 301 304 hoc
325 273 498 307 auctoritas
515 274 661 318 episcopi
686 274 868 308 dioecesani
890 279 920 307 et

189 333 364 358 consensus
388 326 420 358 in
444 328 571 360 saeculo
600 327 796 359 remanentis
821 327 920 359 inter-

187 377 323 418 venerit,
343 379 518 422 recipiatur
541 380 579 413 ad
599 380 749 413 Ordinem
775 386 918 413 nostrum

187 427 257 461 sine
288 429 421 471 speciali
447 431 577 463 licentia
601 431 732 474 capituli
758 431 917 473 generalis

186 480 235 513 vel
261 482 429 514 reverendi
455 483 567 524 patris.
601 483 679 515 Eum
712 484 829 522 etiam,
863 483 917 525 qui

184 533 256 565 sola
280 533 492 575 promissione
526 545 584 577 per
615 536 711 567 verba
745 535 784 567 de
810 534 917 567 futuro

184 584 279 617 alicui
299 585 426 618 mulieri
452 586 566 628 ligatus
590 587 709 625 suerit,
735 587 825 618 facile
850 596 915 618 non

183 636 368 679 recipimus,
394 643 529 681 propter
552 638 791 680 inquietudines
815 644 846 670 et
867 643 915 669 tu-

182 689 302 721 multus
327 689 401 722 inde
427 690 555 722 evenire
581 690 705 722 solitos,

225 751 266 774 tv.
300 741 412 774 Nullus
444 742 575 784 insuper
606 742 639 774 in
672 742 732 775 alia
756 743 913 784 religione

181 793 413 836 cuiuscumque
449 794 589 826 nominis
622 794 717 826 suerit
749 795 810 826 iam
835 805 910 837 pro-

180 845 294 883 tessus,
319 845 358 877 ad
383 845 534 878 Ordinem
560 852 706 879 nostrum
727 846 911 889 recipiatur,

180 898 275 930 etiam
294 898 402 930 habita
419 898 468 930 sui
490 899 669 942 superioris
684 899 812 931 licentia
825 926 832 937 ‚
853 900 911 931 nisi

181 959 238 991 per
265 949 426 982 licentiam
453 951 622 984 reverendi
653 951 753 994 patris
778 951 913 984 Cartliu-

179 1001 247 1034 siae
266 1003 315 1035 vel
341 1002 473 1045 capituli
499 1003 669 1045 generalis.

222 1064 251 1086 v.
273 1054 330 1092 Qui
349 1055 470 1087 habent
484 1056 616 1098 aliquod
634 1062 826 1099 perpetuum
844 1068 912 1090 cor-

177 1108 288 1150 porale
305 1108 349 1139 rel
370 1108 537 1150 spirituale
557 1108 821 1151 impedimentum
837 1121 911 1153 quo-

177 1159 281 1191 minus
305 1160 342 1192 ad
369 1170 476 1192 sacros
512 1161 644 1193 ordines
669 1161 755 1194 licite
780 1173 910 1205 promo-

176 1211 244 1244 veri
268 1218 324 1244 aut
347 1213 380 1244 iu
405 1213 528 1245 eisdem
555 1213 738 1246 ministrare
763 1215 908 1257 possint,

176 1266 361 1298 nullatcnus
385 1265 594 1298 admittantur
617 1267 655 1299 ad
677 1277 814 1300 annuam
840 1277 906 1309 pro-

176 1318 340 1350 bationem
366 1318 415 1350 vel
444 1318 694 1360 professionem.
732 1318 795 1351 Nec
826 1320 910 1361 pari-

177 1375 226 1403 ter
248 1371 447 1413 recipiantur
467 1371 587 1409 novitii,
608 1371 661 1413 qui
687 1381 752 1403 non
779 1377 854 1403 sunt
879 1372 908 1403 in

176 1422 329 1455 membris
346 1422 411 1454 suis
430 1423 477 1454 vel
497 1433 634 1465 corpore
649 1423 732 1455 benc
748 1423 906 1466 dispositi,

177 1485 236 1508 nec
251 1474 447 1507 sufficientes
467 1475 505 1507 ad
531 1476 723 1517 portandum
741 1486 841 1508 onera
855 1476 909 1508 Or-

176 1527 272 1560 dinis.

219 1591 261 1614 vr.
290 1581 453 1614 Monemus
487 1591 597 1614 omnes
627 1581 754 1624 priores
780 1587 810 1614 et
835 1592 909 1615 con-

175 1639 300 1673 ventus,
319 1634 400 1666 utin
420 1634 608 1676 receptione
630 1634 830 1668 novitiorum,
845 1635 909 1667 sint

175 1686 277 1729 magis
300 1686 394 1719 solito
419 1686 667 1728 circumspecti,
693 1691 723 1719 ct
747 1697 783 1719 ea
799 1714 806 1726 ‚
826 1697 907 1729 quac

177 1738 215 1771 de
235 1739 380 1781 ipsorum
406 1739 592 1781 receptione
617 1739 669 1770 liic
692 1739 907 1777 continentur,

175 1791 322 1823 studeant
355 1790 542 1832 diligentius
578 1791 751 1823 observare
776 1792 843 1833 (α),
870 1792 908 1824 de

176 1844 368 1876 sufficientia
397 1844 533 1876 maxime
566 1849 597 1876 et
629 1845 772 1876 moribus
804 1845 909 1887 inqui-

176 1896 287 1935 rendo,
307 1902 338 1928 et
351 1895 479 1928 illorum
499 1896 775 1928 conversationem
795 1898 907 1929 saltem

176 1958 234 1991 per
257 1959 400 1981 mensem
425 1949 457 1981 in
484 1949 593 1981 habitu
630 1949 808 1988 saeculari,
836 1955 907 1982 ante

176 2001 396 2044 receptionem
418 2002 456 2034 ad
476 2002 628 2041 habitum,
651 2003 905 2045 comprobando.

220 2064 276 2088 vu.
303 2054 446 2093 Priores,
473 2065 609 2097 quorum
635 2060 811 2087 conventus
836 2066 909 2097 pro-

179 2111 251 2150 pter
275 2112 496 2150 paupertatem
522 2107 715 2146 dividuntur,
734 2108 839 2139 nullos
859 2118 909 2140 va-

177 2160 266 2193 leant
290 2160 416 2192 interim
442 2160 581 2192 novitios
618 2160 763 2202 recipere
788 2161 908 2203 absque

178 2209 320 2246 licentia'
334 2212 501 2245 reverendi
519 2212 619 2255 patris
637 2214 684 2245 vel
710 2213 840 2256 capituli
858 2224 910 2255 ge-

180 2264 299 2296 neralis
324 2264 382 2305 (ὁ).

223 2326 292 2349 vui.
313 2317 335 2348 Α
354 2316 492 2355 novitiis,
512 2326 566 2348 seu
584 2316 710 2359 ingredi
727 2317 909 2349 volentibus

179 2368 328 2401 Ordinem
354 2373 510 2408 nostrum,
528 2368 609 2400 nillil
633 2379 650 2400 a
676 2380 836 2411 quoquam
855 2380 910 2402 no-

214 2464 242 2486 a)
261 2455 329 2482 Vide
354 2455 548 2482 ordinationem
575 2455 638 2481 anni
659 2461 793 2481 unehxxlx
813 2456 840 2482 in
860 2455 912 2482 tine

181 2500 258 2526 liuius
277 2508 335 2534 cap.
357 2501 483 2527 Sollicite
504 2500 663 2534 invigilent,
685 2503 736 2526 etc.

216 2544 252 2577 b)
272 2543 337 2570 Vide
365 2543 560 2570 ordinationem
590 2543 650 2570 anni
680 2549 787 2570 Mnxcvu
807 2544 833 2570 in
861 2544 912 2570 fine

180 2586 259 2613 huius
279 2595 337 2622 cap.
361 2587 432 2615 Cum
451 2591 527 2614 certo
543 2590 656 2621 constet,
676 2591 729 2614 etc.

776 226 986 251 INNOCENTIUS
1007 227 1038 251 XI
1063 226 1111 250 PP-

964 279 1064 307 strum
1089 274 1216 317 penitus
1234 274 1381 318 exigatur
1405 279 1459 308 ant
1481 278 1621 318 petatur;
1640 275 1695 317 qui
1712 299 1717 303 .

962 327 1048 359 enim
1067 328 1106 359 ab
1132 327 1177 360 eis
1202 328 1376 371 quidquam
1401 328 1498 370 exigit
1515 333 1547 360 et
1564 327 1691 370 recipit,

962 380 1155 412 sententiam
1188 381 1526 413 excommunicationis
1559 380 1693 413 incurrit

961 442 997 464 ex
1026 433 1257 466 constitutione
1286 433 1405 466 Urbani
1435 433 1539 476 Papae
1569 433 1591 465 V
1611 443 1692 476 quae

960 482 1073 526 ins-ipit
1096 484 1191 523 Sane,
1212 495 1249 517 ve
1266 486 1301 517 in
1319 486 1411 517 vineti
1431 485 1575 518 Domini.
1602 483 1691 523 Quod

959 535 983 566 si
1009 536 1099 577 prior
1124 537 1244 579 aliquid
1270 538 1432 579 exegerit,
1457 537 1495 569 sit
1523 542 1611 570 extra
1642 548 1690 570 se-

959 587 1030 619 dem
1056 598 1145 620 suam
1171 589 1202 620 in
1227 590 1363 622 ecclesia
1387 590 1601 632 quadraginta
1623 590 1691 622 die-

958 639 1024 678 bus,
1052 645 1083 671 et
1108 640 1254 679 totidem,
1272 641 1340 673 sine
1357 641 1589 681 misericordia,
1609 643 1691 675 infra

957 702 1008 723 sex
1035 703 1161 725 menses
1188 693 1281 725 saciat
1304 694 1526 728 abstinentias.
1553 695 1583 727 Si
1620 706 1691 737 pro-

956 750 1085 776 curator
1107 746 1155 777 vel
1188 745 1268 777 alius
1294 746 1454 787 exegerit,
1482 747 1521 779 sit
1553 748 1690 780 novitius

957 805 1013 837 per
1037 796 1249 840 quadraginta
1275 798 1353 836 dies,
1372 803 1404 829 et
1425 798 1558 831 totidem
1584 800 1616 832 in
1641 810 1690 832 ca-

956 847 1057 889 pitulo
1071 848 1205 890 recipiat
1221 848 1422 892 disciplinas,
1443 851 1688 894 prioratumque

955 899 1052 942 prior,
1068 905 1098 932 et
1116 901 1379 943 procurationem
1394 908 1588 944 procurator
1601 904 1690 936 amit-

956 957 1036 990 tant,
1060 952 1084 983 si
1110 952 1155 985 eis
1179 953 1460 986 consentientibus
1478 956 1602 988 exactio
1625 956 1687 988 iam

955 1005 1041 1036 venit.
1057 1004 1095 1036 ad
1114 1003 1273 1037 effectum.
1289 1005 1319 1037 Si
1340 1011 1445 1038 tamen
1464 1007 1615 1046 novitius,
1633 1013 1688 1040 aut

954 1055 1078 1097 ingredi
1104 1057 1215 1089 volens
1235 1057 1387 1090 Ordinem
1407 1063 1560 1099 nostrum,
1583 1060 1686 1093 libere

953 1108 1074 1151 aliquid
1090 1114 1121 1141 et
1135 1109 1202 1141 sine
1217 1109 1304 1141 omni
1320 1116 1412 1152 pacto
1426 1112 1579 1154 nullaque
1597 1123 1688 1155 prae-

953 1160 1087 1192 cedente
1111 1161 1268 1203 petitione
1295 1162 1369 1194 dare
1394 1163 1553 1202 voluerit,
1582 1165 1685 1197 libere

953 1213 1072 1254 poterit
1089 1213 1199 1255 recipi,
1222 1220 1253 1245 et
1273 1214 1358 1246 iuxta
1372 1216 1566 1248 voluntatem
1581 1217 1685 1250 dantis

952 1266 1106 1308 expendi:
1132 1267 1206 1298 dum
1234 1272 1338 1299 tamen
1365 1269 1435 1300 talis
1453 1270 1599 1302 voluntas
1619 1281 1685 1303 non

952 1317 1058 1350 deviet
1082 1329 1098 1350 a
1124 1320 1230 1361 rigore
1255 1321 1376 1359 statuti,
1394 1331 1453 1353 nec
1476 1331 1535 1363 per
1554 1333 1623 1355 eam
1641 1323 1685 1355 la-

952 1380 1025 1412 psus
1052 1371 1166 1414 aliquis
1192 1372 1222 1403 in
1248 1372 1365 1405 Ordine
1391 1373 1456 1406 fiat.
1489 1374 1547 1412 Qui
1573 1381 1685 1408 contra

952 1423 1081 1463 feccrit,
1108 1426 1225 1466 poenal,
1252 1434 1333 1466 quae
1364 1431 1554 1459 statutorum
1581 1433 1685 1459 trans-

950 1476 1154 1518 gressoribus
1188 1477 1385 1519 imponitur,
1418 1478 1685 1512 irremissibiliter

951 1528 1112 1570 puniatur.

995 1591 1035 1612 lx.
1058 1581 1294 1621 Verumtamen,
1312 1589 1482 1625 sequentes
1503 1585 1586 1616 sacri
1603 1585 1684 1617 Con-

951 1632 1015 1665 citii
1041 1633 1221 1666 Tridentini
1246 1635 1517 1675 constitutionem,
1542 1638 1684 1670 declara-

952 1697 1021 1717 mus
1046 1687 1132 1729 quod
1157 1688 1244 1720 nulla
1270 1688 1401 1721 donatio
1427 1690 1488 1722 alia
1513 1700 1606 1732 quam
1624 1701 1683 1733 pro

950 1738 1033 1771 victu
1059 1744 1090 1771 et
1112 1740 1248 1779 vestitu,
1275 1741 1429 1783 nullaque
1454 1742 1609 1783 obligatio
1630 1748 1685 1774 aut

952 1792 1150 1825 renunciatio
1181 1803 1239 1835 per
1270 1793 1425 1828 novitium
1458 1795 1559 1832 sacta,
1587 1795 1684 1827 ctiam

951 1854 1022 1876 eum
1040 1844 1228 1884 iuramento,
1244 1846 1293 1878 vel
1311 1846 1342 1877 in
1357 1846 1494 1878 savorem
1509 1847 1685 1879 cuiuscum-

951 1907 1012 1938 que
1041 1907 1154 1929 causae
1184 1897 1274 1939 piae,
1306 1899 1413 1937 valet,
1444 1909 1504 1931 nec
1535 1898 1680 1932 effectum

950 1958 1040 1981 suum
1065 1950 1175 1982 sortiri
1200 1955 1324 1992 potest,
1350 1950 1410 1983 nisi
1436 1954 1546 1984 secuta
1574 1952 1683 1985 novitii

951 2001 1051 2044 ipsius
1077 2002 1299 2044 prosessione;
1321 2004 1459 2045 quamsi
1485 2014 1548 2036 nou
1574 2005 1682 2037 fecerit

951 2055 1096 2093 novitius,
1123 2055 1193 2087 talis
1218 2055 1358 2095 donatio,
1376 2056 1470 2088 etiam
1491 2067 1562 2088 cum
1590 2057 1683 2089 huius:

951 2107 1067 2139 favoris
1092 2109 1241 2150 expressa
1262 2108 1507 2141 renunciatione
1526 2109 1620 2141 ctiam
1637 2110 1686 2141 iu-

951 2162 1029 2198 rata,
1054 2161 1096 2192 sit
1118 2160 1208 2192 irrita
1232 2171 1268 2192 ac
1295 2161 1414 2193 nullius
1439 2161 1583 2194 effeetus.
1610 2162 1685 2195 Pro-

951 2219 1063 2256 pterea
1087 2213 1172 2245 bona
1197 2213 1400 2253 novitiorum,
1422 2219 1495 2246 aute
1513 2215 1686 2257 professio-

952 2277 1024 2298 nem
1051 2265 1211 2305 emissam,
1238 2267 1346 2298 nullus
1371 2266 1510 2307 alienet,
1537 2268 1586 2299 vel
1611 2268 1688 2300 alie-

952 2318 1030 2357 nari,
1060 2317 1155 2349 etiam
1181 2317 1302 2350 novitio
1331 2319 1472 2357 volente,
1499 2319 1683 2362 permittat:

953 2370 1008 2402 sed
1033 2380 1144 2401 eorum
1169 2369 1278 2402 onmia
1298 2370 1441 2404 adinstar
1465 2372 1685 2414 depositorum

953 2421 1094 2454 fideliter
1130 2422 1376 2462 custodiantur,
1409 2427 1440 2455 et
1470 2423 1494 2455 si
1521 2423 1688 2466 contingat

954 2485 1007 2506 eos
1029 2479 1101 2505 ante
1122 2474 1354 2516 professionem
1372 2486 1389 2507 a
1409 2475 1503 2507 nobis
1522 2477 1686 2516 recedere,

955 2526 1063 2559 omnia
1088 2536 1123 2558 ex
1149 2526 1285 2569 integro,
1312 2537 1394 2570 quae
1419 2537 1475 2561 sua
1500 2534 1611 2572 erant,
1642 2531 1687 2563 eis

957 2579 1182 2612 restituantur.

1595 217 1660 251 837
1706 227 1752 253 An.
1774 227 1802 254 c.
1821 228 1887 254 icas
