2111 3157
175 195 223 221 An.
243 196 272 222 e.
297 195 362 223 1080
408 187 472 221 37ss

948 197 1126 220 nrttxmt'ii

368 245 435 279 solii
461 246 568 279 statim
593 257 700 279 coram
727 246 839 278 iisdem
865 245 1099 283 visitatoribus,

367 310 432 332 non
465 299 661 332 discedendo
698 300 737 331 ab
773 308 884 331 corum
920 298 1124 331 audientiae*

367 353 438 385 loco
464 358 495 384 et
521 356 692 394 prospectu
712 352 759 393 (ut
777 361 812 383 ex
831 351 893 383 hoc
918 361 1030 383 eorum
1051 351 1103 382 ha-
1122 324 1125 382 i

366 404 475 437 bilitas
501 404 739 446 cognoscatur),
758 403 790 435 in
817 403 943 446 scriptis
966 413 1102 446 respon-

367 457 443 490 dere
469 462 649 489 teneantur.
677 456 814 489 Caveant
838 461 945 489 tamen
970 455 1033 499 ipsi
1057 456 1101 488 vi-

365 509 528 549 sitatores,
545 519 585 542 ne
605 509 782 552 praedictis
805 509 1027 542 examinandis
1041 510 1101 542 hu-

365 562 507 594 iusmodi
532 572 622 594 casus
641 561 753 605 quovis
774 563 872 595 modo
896 567 970 595 ante
989 562 1101 595 exami-

365 614 530 647 nationem
549 625 608 657 per
625 625 659 646 se
676 615 725 647 vel
741 625 801 658 per
818 615 898 647 alios
915 614 1099 655 notificent,

364 667 444 700 illud
470 666 556 699 serio
582 667 825 710 perpendentes
851 667 939 710 quod
975 667 1014 700 de
1040 668 1101 700 hu-

364 719 503 752 iusmodi
528 721 821 763 promovendorum
845 720 1012 753 doctrinae
1037 720 1100 752 sus-

364 772 504 805 ficientia
528 782 636 805 coram
657 772 882 806 definitoribus
902 773 935 805 in
960 773 1099 816 capitulo

365 826 509 869 generali
527 826 669 859 attestari
682 836 753 858 cum
769 826 952 859 iuramento
970 826 1097 866 debent,

365 884 462 922 prout
493 878 678 912 decernitur
708 879 741 912 in
766 879 983 912 declaratorio
1007 879 1100 922 regu-

364 932 423 971 lae,
450 942 521 975 cap.
540 942 601 971 xxi,
619 942 708 964 num.
730 942 776 965 111.

407 994 471 1018 xv1.
499 984 635 1017 Videant
655 984 790 1028 insuper
808 985 992 1018 visitatores
1009 984 1101 1017 sche-

365 1037 482 1078 dulam,
509 1047 603 1080 quam
629 1048 645 1069 a
673 1037 781 1070 scriba
805 1036 1038 1070 habueruntin
1055 1048 1101 1070 ca-

363 1090 466 1133 pitulo
492 1090 669 1133 praeterito
693 1090 725 1122 in
747 1091 981 1123 examinatione
999 1090 1100 1133 ipsius

364 1142 562 1181 monasterii,
578 1147 609 1174 et
633 1142 807 1185 diligenter
821 1143 1006 1176 examinent
1020 1153 1099 1186 quae

364 1194 397 1227 in
423 1196 459 1227 ea
483 1194 715 1235 continentur,
743 1195 767 1227 si
792 1205 868 1228 vera
899 1195 1018 1228 suerint
1052 1195 1100 1228 vel

363 1248 442 1281 salsa
466 1248 607 1291 capitulo
632 1248 778 1290 generali
803 1249 915 1280 relata.

348 1336 351 1338 ,
414 1311 490 1334 xvii.
526 1300 662 1333 Videant
701 1305 871 1344 praeterea
911 1300 1100 1334 schedulam

364 1364 460 1397 quam
478 1353 592 1386 habuit
616 1353 782 1396 praelatus
799 1363 815 1385 a
832 1353 979 1396 praefato
996 1353 1101 1386 scriba

364 1412 510 1449 tempore
537 1406 681 1449 capituli,
698 1406 782 1446 etsi,
801 1415 883 1448 quae
904 1405 937 1438 in
962 1407 1000 1438 ea
1024 1416 1101 1438 con-

364 1458 529 1500 tinentur,
566 1457 747 1491 executioni
772 1458 982 1491 mandaverit.
1013 1458 1100 1491 Tan-

364 1513 449 1552 dem,
468 1512 577 1545 liabita
601 1512 640 1544 de
661 1511 811 1545 omnibus
828 1511 1004 1555 praedictis
1023 1522 1101 1555 pru-

365 1565 455 1599 denti
480 1570 511 1598 et
535 1565 682 1607 diligenti
708 1564 948 1605 informatione,
963 1569 1102 1598 tractent

364 1618 450 1661 apud
474 1618 669 1661 semetipsos
694 1628 764 1651 cum
788 1618 844 1650 Dei
865 1618 992 1658 timore,
1018 1629 1100 1661 quae

364 1672 428 1705 sint
451 1671 651 1711 monitione,
679 1681 758 1714 quae
785 1671 1044 1714 reprehensione
1070 1677 1101 1704 et

365 1735 448 1768 quae
467 1725 673 1758 correctione
697 1724 804 1767 digna,
823 1729 887 1756 tam
905 1724 938 1756 in
955 1725 1100 1767 praelato

365 1789 459 1822 quam
486 1778 519 1810 in
544 1777 750 1817 senioribus,
777 1776 960 1819 ceterisque
991 1788 1102 1810 mona-

364 1831 447 1864 chis.
476 1831 651 1863 Advertant
681 1834 787 1861 autem
830 1839 869 1861 ne
902 1829 995 1862 facile
1033 1841 1102 1863 crc-

365 1884 444 1916 dant
468 1883 556 1916 omni
582 1881 726 1925 spiritui,
752 1881 807 1914 sed
840 1882 981 1924 probent
1005 1881 1101 1925 spiri-

365 1941 415 1969 tus
452 1937 478 1969 si
513 1946 550 1968 ex
582 1935 647 1968 Deo
680 1939 764 1966 sunt.
796 1933 862 1966 Nec
898 1934 1040 1977 aliquem
1065 1945 1101 1968 ex

365 1990 434 2022 sola
457 1988 644 2031 suspicione
670 1986 899 2026 condemnent,
917 1987 973 2020 sed
998 1987 1037 2020 de
1054 1997 1103 2020 re-

364 2042 437 2077 latis
461 2041 500 2074 ad
525 2051 580 2074 eos
605 2040 645 2083 (si
672 2039 710 2072 de
734 2040 817 2080 visu,
842 2040 892 2072 vel
917 2040 1037 2082 auditu,
1063 2040 1101 2072 ab

366 2094 498 2127 homine
524 2093 621 2136 gravi,
647 2092 829 2136 ceterisque
855 2091 1102 2126 circumstantiis

367 2145 594 2189 consideratis)
620 2144 753 2178 omnino
774 2154 848 2178 cum
871 2145 1047 2188 prudentia
1071 2150 1104 2178 et

366 2201 491 2234 matura
522 2198 757 2233 deliberatione
787 2197 976 2231 diiudicent.
1007 2197 1046 2231 Et
1076 2198 1101 2231 si

288 2256 319 2278 -2'
368 2263 449 2297 quos
469 2251 647 2297 culpabiles
675 2250 741 2285 sive
754 2259 828 2284 reos
842 2250 1102 2294 deprehendent,

368 2306 463 2339 simul
480 2310 534 2338 aut
557 2304 731 2348 separatim
754 2308 917 2345 moneant,
934 2303 1103 2347 increpent

369 2363 402 2392 et
425 2358 603 2402 corripiant
633 2357 721 2390 iuxta
744 2365 931 2390 excessuum
967 2356 1103 2400 qualita-

369 2416 444 2452 tem,
460 2415 499 2451 et,
516 2410 694 2444 secundnm
708 2410 954 2444 constitutiones
966 2414 1101 2449 nostras,

369 2464 523 2497 ordinent
547 2463 579 2496 in
597 2463 781 2507 praemissis
802 2473 884 2507 quae
909 2462 1029 2496 suerint
1050 2472 1104 2506 op-

370 2522 519 2561 portuna,
536 2516 616 2549 itaut
633 2526 690 2549 suo
708 2516 843 2549 consilio
870 2521 901 2549 et
922 2515 1103 2549 directione

370 2575 483 2604 cuneta
503 2569 680 2603 secundum
698 2568 796 2602 Deum
812 2569 897 2602 bene
916 2568 1100 2613 disponant.

1152 197 1302 221 non-,utili

1189 254 1277 277 xviii.
1304 244 1431 277 Possint
1462 249 1569 277 autem
1594 244 1752 288 praedicti
1777 245 1884 277 visita-

1145 302 1231 329 tores
1257 297 1447 340 praelatum,
1475 296 1501 328 si
1527 307 1621 339 quem
1647 297 1679 328 in
1705 296 1882 330 notabilem

1145 360 1322 390 excessum,
1336 351 1432 382 causa
1449 350 1587 392 cognita,
1605 351 1884 394 comprehendant

1145 403 1340 443 incurrisse,
1367 402 1447 434 itaut
1467 413 1532 435 non
1558 403 1681 445 absque
1710 403 1882 437 manifesto

1145 456 1298 489 scandalo
1334 466 1437 499 usque
1473 457 1514 488 ad
1550 456 1684 499 capituli
1721 456 1883 498 generalis

1144 515 1271 552 tempus
1295 508 1424 541 tolerari
1442 509 1546 551 possit
1562 508 1762 551 (dummodo,
1780 513 1885 542 trans-

1143 562 1240 594 missa
1270 562 1307 594 ab
1339 561 1417 604 ipsis
1442 561 1573 601 notitia,
1603 571 1701 604 super
1725 561 1881 604 qualitate

1144 625 1301 654 excessus,
1323 615 1406 658 patri
1426 614 1581 657 praesidi,
1603 614 1726 647 duobus
1743 614 1882 647 visitato-

1143 667 1232 700 ribus
1256 667 1546 710 proprinquiorum
1568 666 1824 709 provinciarum,
1850 672 1882 699 et

1143 720 1269 752 duobus
1302 719 1453 762 praelatis
1478 719 1556 751 item
1579 719 1789 752 vicinioribus
1812 729 1882 752 mo-

1143 772 1284 805 nasterio
1319 773 1357 804 de
1390 771 1479 804 cuins
1511 772 1658 814 praelato
1690 771 1815 814 agitur,
1842 781 1879 805 ex

1143 835 1256 857 eorum
1285 825 1401 858 litteris
1428 824 1610 857 sententiae
1632 824 1675 856 ita
1700 824 1879 857 conformes

1142 878 1405 921 perspiciantur,
1437 883 1472 910 ut
1504 888 1539 910 ex
1578 882 1700 921 septem
1732 877 1879 920 patribus

1144 930 1288 973 quinque
1314 929 1533 973 consentiant)
1553 930 1752 972 suspendere
1773 940 1878 972 usque

1143 983 1181 1015 ad
1207 982 1355 1025 proxime
1387 982 1529 1014 futurum
1556 992 1788 1024 congressum,
1814 982 1878 1015 nisi

1144 1035 1359 1077 opportunius
1373 1033 1552 1066 remedium
1566 1033 1652 1066 aliud
1674 1044 1785 1066 eorum
1806 1044 1881 1078 pru·

1144 1086 1254 1119 dentia
1273 1092 1437 1129 suggerat.

1186 1149 1249 1172 xix.
1276 1138 1406 1171 Possint
1430 1139 1564 1182 insuper
1588 1149 1700 1172 omnes
1721 1144 1752 1172 et
1769 1139 1880 1183 singu-

1143 1193 1191 1225 los
1215 1192 1362 1225 seniores
1388 1199 1420 1226 et
1444 1193 1598 1226 officiales
1623 1193 1813 1226 monasterii
1838 1194 1879 1227 ab

1144 1255 1258 1277 eorum
1283 1245 1369 1277 curis
1403 1250 1435 1277 et
1459 1245 1573 1277 officiis
1600 1245 1813 1288 suspendere,
1838 1250 1881 1286 et,

1144 1298 1170 1331 si
1195 1297 1413 1331 necessarium
1439 1298 1600 1337 duxerint,
1622 1299 1661 1330 ab
1687 1307 1800 1330 eorum
1817 1308 1881 1331 mo-

1143 1350 1293 1383 nasteriis
1319 1360 1496 1383 removere.
1523 1349 1660 1383 Caveant
1684 1355 1793 1383 tamen
1818 1350 1880 1394 ipsi

1143 1403 1339 1444 visitatores,
1357 1408 1392 1435 ut
1409 1413 1515 1446 neque
1533 1402 1719 1436 inordinata
1739 1402 1882 1436 allectio-

1143 1467 1183 1490 ne
1202 1458 1421 1500 praclatorum
1440 1460 1472 1489 et
1496 1457 1631 1489 aliorum
1645 1456 1881 1489 monachorum

1143 1510 1219 1542 vitia
1243 1510 1292 1542 vel
1330 1519 1481 1542 excessus
1524 1509 1749 1550 dissimulent,
1775 1519 1880 1552 neque

1143 1563 1325 1596 inordinata
1350 1562 1536 1602 aversione,
1562 1563 1735 1605 plusquam
1769 1567 1801 1595 et
1824 1561 1880 1594 ubi

1145 1626 1226 1659 opus
1250 1625 1317 1648 non
1343 1614 1451 1654 suerit,
1469 1614 1612 1657 aliquem
1637 1614 1808 1657 inculpent
1824 1625 1881 1648 seu

1144 1668 1413 1711 reprehendant,
1440 1677 1523 1707 nam,
1550 1667 1647 1707 sicut,
1674 1667 1823 1700 ordinate
1849 1672 1882 1701 ct

1145 1731 1216 1753 cum
1241 1719 1416 1763 prudentia
1443 1719 1554 1759 sactae,
1578 1719 1780 1752 visitationes
1805 1724 1882 1753 sunt

1144 1783 1240 1806 causa
1257 1772 1481 1805 observantiae
1497 1772 1669 1814 regularis,
1687 1782 1881 1805 conservan-

1145 1827 1270 1869 daeque
1287 1825 1454 1868 religionis
1478 1825 1698 1865 inunimenta3
1714 1825 1759 1857 ita
1774 1835 1790 1858 e
1805 1836 1881 1859 con-

1145 1880 1244 1912 trario
1270 1879 1494 1922 imprudenter
1527 1884 1560 1911 et
1583 1878 1788 1920 inordinate,
1813 1879 1880 1912 sive

1145 1943 1216 1966 curn
1239 1932 1390 1975 passione
1408 1932 1520 1972 sactae,
1541 1932 1654 1965 ruinae
1675 1932 1880 1965 occasionem

1145 1986 1314 2029 praebent.
1342 1984 1467 2018 Idcirco
1501 1984 1526 2017 si
1559 1984 1613 2028 qui
1637 1984 1821 2018 visitatores
1847 1985 1880 2018 in

1145 2038 1253 2082 aliquo
1278 2037 1486 2078 excesserint,
1506 2038 1608 2071 sciant
1623 2047 1656 2070 se
1682 2037 1715 2070 in
1737 2037 1880 2080 generali

1145 2090 1286 2134 capitulo
1312 2090 1507 2133 puniendos.

1188 2154 1236 2177 xx.
1265 2143 1361 2178 Plane
1381 2153 1418 2176 ea
1442 2154 1523 2187 quae
1549 2144 1732 2177 visitatores
1749 2153 1881 2188 repere-

1146 2197 1210 2230 rint
1233 2196 1266 2229 in
1292 2196 1358 2230 suis
1375 2196 1616 2230 visitationibus
1642 2197 1780 2230 alicuius
1804 2207 1882 2241 pon·

1145 2250 1241 2290 deris,
1267 2259 1325 2283 seu
1349 2254 1460 2283 notatu
1493 2250 1611 2293 digna,
1636 2255 1690 2283 aut
1713 2259 1795 2293 quae
1819 2249 1881 2293 ipsi

1146 2302 1300 2346 expedire
1325 2302 1542 2346 nequiverint,
1567 2302 1717 2346 redigant
1744 2302 1778 2335 in
1803 2303 1880 2337 solio

1146 2355 1369 2389 definitoribus
1392 2360 1538 2400 tempore
1559 2355 1692 2399 capituli
1717 2356 1880 2399 generalis

1146 2409 1331 2449 reserenda,
1359 2414 1394 2442 ut
1417 2419 1455 2442 ea
1478 2409 1612 2452 possint,
1638 2414 1735 2452 prout
1759 2408 1881 2443 iustitia

1146 2462 1289 2502 dictabit,
1315 2462 1501 2495 terminare.

1189 2525 1249 2548 xx1.
1277 2515 1468 2555 Statucntes,
1488 2514 1586 2558 quod,
1606 2514 1631 2547 si
1652 2514 1724 2558 quis
1744 2514 1881 2549 visitato-

1147 2578 1230 2609 rum,
1250 2568 1606 2613 aliquointerveniente
1623 2567 1855 2611 impedimento
1870 2594 1881 2610 ,

1888 196 1934 223 An.
1957 195 1986 224 C.
2009 196 2076 225 1680
