2111 3157
20 240 68 270 Ᾰη.
82 238 111 268 G.
131 239 199 267 1683

782 241 994 267 INNOCENTIUS
1015 241 1045 265 XI
1071 242 1119 266 1³1³.

1609 228 1673 262 503

205 288 303 321 nariis
327 288 475 322 locorum
508 290 557 323 vel
581 299 689 322 eorum
714 290 841 322 vicariis
879 300 937 321 seu
964 298 1065 332 tquae
1090 289 1151 332 ipsi
1176 289 1380 332 poenitentes
1405 287 1532 321 efficere
1549 290 1711 330 poterunt,

177 354 188 359 -
205 340 410 380 officialibus,
430 347 484 373 aut
501 342 539 374 de
565 352 678 374 eorum
700 342 869 382 mandato,
889 346 938 392 ety

203 392 283 435 ipsis
307 393 540 433 deficientibus,
564 405 624 438 pcr
648 405 703 427 eos
730 394 783 437 qui
810 395 852 427 ibi
887 406 939 428 cu-

202 454 272 477 ram
308 445 488 478 animarum
508 451 678 484 exercent,
703 447 935 490 designandas,

202 497 250 530 vel
265 498 471 531 ecclesiarum
494 499 678 532 huiusmodi
697 499 844 542 aliquam,
865 510 935 542 spa-

201 549 247 582 tio
272 550 404 582 duarum
435 550 583 583 similiter
615 551 890 583 hebdomadarum
917 562 933 584 a

201 600 419 643 publicatione
434 602 666 644 designationis
676 611 734 645 per
746 602 930 636 Ordinarios

200 654 249 686 vcl
286 663 395 686 eorum
425 654 559 687 vicarios
599 665 654 687 scu
694 655 846 688 officiales
882 657 929 688 vel

200 705 278 738 alios
304 711 338 737 ut
362 706 545 749 praefertur
578 707 741 740 l‘aciendae
776 708 929 741 decursu-

199 768 307 790 rarum
331 760 445 791 saltem
470 761 569 792 semel
596 759 801 799 visitaverint,
819 760 928 803 ibique

198 815 234 842 ut
257 820 352 853 supra
376 811 548 850 oraverint,
580 822 617 845 ac
648 814 761 855 quarta
786 818 816 845 et
840 815 928 845 sexta
948 827 950 859 j

197 862 286 895 seriis
317 874 354 896 ac
377 864 510 897 sabbato
535 865 665 898 alterius
690 875 725 897 ex
752 865 950 899 hebdoma-'

198 915 246 949 dis
271 917 455 950 huiusmodi
488 918 710 959 ieiunaverint,
744 919 950 962 pariterque.

197 974 328 1012 peccata
357 980 415 1002 sua
445 971 599 1009 confessi,
627 982 662 1004 ac
687 972 717 1004 in
744 973 794 1005 die
826 973 949 1005 domi-t

196 1021 270 1054 nica
292 1023 440 1065 sequenti
475 1025 525 1056 vel
555 1024 616 1057 alia
647 1024 699 1057 die
724 1025 807 1057 intra
844 1037 928 1058 eam-

197 1074 270 1108 dem
295 1075 531 1109 hebdomadam
562 1078 763 1110 sanctissima
787 1089 928 1112 commu-

196 1126 294 1160 nione
318 1129 430 1161 resecti
456 1129 589 1169 suerint,
611 1135 641 1163 et
661 1131 854 1174 pauperibus
872 1133 928 1165 ali·
948 1156 949 1161 ,

197 1191 291 1224 quam
329 1182 584 1225 eleemosynam,
618 1188 651 1216 nt
682 1185 900 1227 praemittitur
918 1213 925 1225 ,
948 1217 949 1222 ,

197 1234 420 1277 erogaverint,
440 1235 660 1278 plenissimam
686 1237 827 1269 omnium
854 1248 928 1280 pec-

196 1292 337 1321 catorum
361 1299 493 1322 suorum
515 1289 748 1332 indulgentiam
766 1296 796 1323 et
814 1291 927 1324 remis-

196 1340 331 1380 sionem,
356 1341 436 1373 sicut
461 1342 492 1374 in
518 1353 602 1374 anno
628 1342 758 1376 iubilaei
775 1343 927 1376 visitanti-

194 1393 254 1425 bus
268 1398 372 1430 certas
386 1394 540 1427 ecclesias
557 1395 640 1428 intra
658 1401 689 1428 et
706 1401 796 1429 extra
810 1397 926 1430 Urbem

195 1446 390 1488 praedictam
430 1448 564 1480 concedi
603 1449 779 1489 consuevit,
817 1455 925 1483 tenore
946 1452 948 1460 ⁴

194 1499 413 1540 praesentium
437 1500 644 1534 concedimus
675 1506 705 1533 et
737 1502 923 1544 elargimur.

194 1549 386 1594 Navigantes
412 1563 489 1585 vero
507 1558 537 1585 et
554 1553 616 1586 iter
636 1560 777 1596 agentes,
793 1560 836 1595 ut,
856 1566 927 1587 cum
946 1560 950 1591 t

195 1604 333 1647 primum
359 1605 396 1637 ad
422 1615 478 1638 sua
502 1616 570 1639 sese
603 1607 764 1640 domicilia
798 1596 949 1650 recepes¹

195 1656 271 1696 rint,
307 1658 536 1701 suprascriptis
567 1660 715 1701 peractis,
742 1665 773 1691 ct
804 1660 928 1692 visitata

196 1710 333 1759 ecclesia
357 1711 534 1744 cathedrali
560 1713 608 1744 vel
640 1713 760 1745 maiore
790 1719 843 1745 aut
873 1724 928 1756 pa-

195 1763 333 1796 rochiali
357 1763 418 1796 loci
444 1774 557 1796 eorum
582 1765 760 1803 domicilii,
784 1766 927 1798 camdem
949 1781 950 1798 t

197 1815 432 1858 indulgentiam
451 1817 604 1860 consequi
636 1818 763 1860 possint
791 1823 822 1849 et
846 1816 949 1850 vale-¹

198 1874 269 1908 ant,
296 1870 499 1911 regularibus
535 1876 640 1903 autem
667 1871 814 1913 personis
851 1871 950 1922 utri-¹

197 1931 298 1965 usque
322 1933 434 1963 sexus,
461 1924 556 1956 etiarn
583 1924 615 1955 in
641 1924 789 1956 claustris
814 1935 950 1969 perpe-3

198 1979 253 2008 tuo
285 1976 502 2018 degentibus,
537 1987 663 2008 necnon
696 1976 766 2009 aliis
799 1978 950 2021 quibus-3

199 2039 338 2071 cumque
368 2034 430 2063 tam
456 2029 545 2062 laicis
578 2040 671 2072 quam
704 2031 951 2070 ecclesiasticis,

199 2082 418 2115 saecularibus
451 2083 501 2115 vel
531 2083 747 2125 regularibus,
776 2083 870 2115 ctiam
897 2084 950 2116 in*

200 2146 327 2169 carcere
352 2141 407 2168 aut
430 2135 611 2178 captivitate
638 2135 858 2175 existentibus,
879 2137 928 2169 vel
947 2145 951 2174 1

200 2189 306 2233 aliqua
329 2188 471 2231 corporis
495 2187 676 2220 infirmitate
696 2198 752 2221 seu
775 2189 838 2221 alio
856 2200 929 2232 quo·
948 2182 951 2224 s

201 2251 338 2285 cumque
363 2240 597 2284 impedimento
627 2240 776 2280 detentis,
802 2241 854 2283 qui
879 2252 929 2273 su-

201 2305 257 2338 pra
288 2303 443 2338 expressa
475 2293 523 2325 vel
555 2302 665 2325 eorum
698 2293 806 2335 aliqua
838 2304 929 2336 prae-

200 2352 284 2380 stare
308 2345 536 2390 nequiverint,
564 2350 599 2377 ut
623 2345 678 2377 illa
694 2345 928 2381 *confessarius

201 2409 237 2432 ex
259 2399 320 2431 iam
339 2397 525 2441 approbatis
550 2408 567 2429 a
591 2398 737 2430 locorum
752 2396 929 2430 Ordinariis

201 2456 274 2484 ante
313 2450 531 2494 praesentium
571 2450 844 2493 publicationem,
873 2461 929 2483 seu

201 2503 434 2547 approbandis,
461 2503 505 2536 eis
530 2502 561 2535 in
587 2502 648 2536 alia
672 2502 800 2546 pietatis
833 2514 931 2546 opera

201 2561 409 2596 commutare,
433 2557 481 2589 vel
499 2556 532 2588 in
553 2556 637 2589 aliud
655 2555 836 2599 proximum
855 2561 932 2588 tcm-

202 2619 263 2654 pus
286 2619 464 2653 prorogare
490 2609 608 2653 possit,
635 2619 736 2654 eaque
762 2608 931 2651 iniungere

961 367 963 378 ,.
983 343 1102 383 pariter
1125 342 1329 375 concedimus
1355 347 1387 374 et
1412 341 1628 383 indulgemus.

1023 395 1037 436 ξ,
1058 394 1088 427 ΕΖ.
1105 395 1241 438 insuper
1264 395 1413 427 omnibus
1432 399 1463 426 et
1479 392 1611 434 singulis
1630 391 1712 424 cliri-

978 446 1170 479 stitidelibus
1195 447 1365 489 utriusque
1390 456 1499 485 sexus,
1526 450 1589 477 tam
1619 444 1709 477 laicis

977 507 1071 539 quam
1098 499 1320 532 ecclesiasticis
1334 498 1552 532 saecularibus
1573 502 1604 530 et
1620 507 1708 539 regu-

974 549 1096 581 laribus
1123 551 1260 583 cniusvis
1285 551 1421 590 Ordinis,
1444 549 1706 592 congregationis

974 606 1004 632 et
1029 601 1175 640 instituti,
1193 608 1255 636 tam
1273 603 1305 635 in
1322 603 1406 635 Urbe
1423 603 1594 645 praedicta,
1612 612 1705 644 quatu

973 659 1060 686 extra
1081 665 1149 687 eam
1171 655 1289 698 ubique
1308 657 1452 688 locorum
1473 660 1507 687 ut
1523 655 1706 697 praefertur

972 705 1181 747 degentibus,
1200 707 1361 740 licentiam
1381 707 1587 739 concedimus
1612 712 1643 740 et
1663 708 1705 739 sa-

970 759 1128 798 cultatem,
1139 764 1173 790 ut
1190 759 1251 791 sibi
1265 760 1303 791 ad
1322 760 1406 791 bunc
1422 759 1569 791 effectum
1583 760 1704 802 eligere

970 810 1091 852 possint
1104 821 1337 853 quemcumque
1349 812 1572 854 presbyterum
1584 812 1704 844 conses-

970 863 1104 902 sarium‚
1121 862 1202 895 tam¹
1221 864 1434 903 saecularem,
1451 874 1545 906 quam
1564 864 1703 896 cuiusvis

969 915 1095 948 Ordinis
1120 921 1150 948 et
1167 915 1302 948 instituti
1322 916 1518 957 regularem,
1534 926 1570 948 ex
1589 926 1703 959 appro-

970 969 1051 1001 batis
1076 975 1110 1001 ut
1133 968 1352 1011 praemittitur
1369 979 1386 1000 a
1406 970 1549 1001 locorum
1569 968 1703 1001 Ordina-

971 1022 1036 1061 riis,
1063 1022 1118 1065 qui
1144 1032 1197 1053 eos
1216 1021 1255 1053 ab
1273 1021 1619 1061 excommunicationis,
1638 1031 1704 1053 sus-

970 1075 1137 1117 pensionis
1155 1080 1186 1107 et
1202 1075 1272 1108 aliis
1291 1074 1516 1107 ecclesiasticis
1534 1074 1701 1107 sententiis

970 1133 1001 1160 ct
1026 1128 1178 1166 censuris,
1205 1138 1222 1159 a
1246 1127 1313 1159 iure
1337 1128 1386 1160 vel
1407 1127 1446 1159 ab
1464 1126 1608 1166 homine,
1627 1138 1702 1170 qua-

970 1181 1014 1213 vis
1039 1182 1132 1214 causa
1157 1180 1229 1213 latis
1255 1190 1311 1212 seu
1337 1179 1487 1219 inflicti&
1509 1189 1637 1212 necnon
1662 1180 1701 1213 ab

970 1234 1118 1266 omnibus
1136 1233 1286 1276 peccatis,
1306 1232 1497 1272 excessibus,
1516 1232 1701 1265 criminibus

970 1292 1001 1319 et
1018 1286 1155 1326 delictis,
1174 1286 1379 1329 quantumvis
1405 1286 1554 1329 gravibus
1568 1292 1599 1319 et
1612 1297 1701 1319 enor-

968 1339 1089 1379 mibus,
1116 1339 1212 1372 etiam
1233 1340 1391 1374 ‚locorum
1421 1338 1616 1378 Ordinariis,
1644 1349 1702 1372 seu

945 1397 948 1419 J
967 1392 1060 1424 nobis
1080 1397 1111 1424 et
1134 1391 1207 1424 Sedi
1232 1391 1444 1434 Apostolicae‚
1466 1391 1562 1423 etiarn
1580 1401 1638 1433 per
1651 1391 1701 1423 lit-

969 1449 1051 1476 teras
1078 1445 1129 1477 die
1154 1444 1280 1478 Coenae
1301 1443 1427 1476 Domini
1445 1444 1508 1486 legi
1527 1444 1650 1483 solitas,
1670 1449 1702 1476 et

968 1499 1045 1530 alias
1071 1507 1288 1541 quascumque
1314 1502 1441 1530 nostras
1465 1502 1518 1529 aut
1541 1496 1703 1529 Romano-

968 1560 1038 1583 rum
1065 1550 1254 1583 Pontificum
1273 1551 1562 1593 praedecessorum
1580 1554 1702 1582 nostro-

968 1615 1039 1637 rum
1057 1602 1313 1643 constitutiones,
1329 1612 1462 1646 quarum
1476 1607 1602 1635 tenores
1615 1612 1703 1645 prae-

968 1657 1110 1689 sentibus
1143 1656 1258 1689 haberi
1283 1657 1429 1688 volumus
1459 1665 1518 1698 pro
1544 1655 1704 1698 expressis

969 1709 1273 1753 quomodocumque
1304 1708 1493 1748 reservatis,
1520 1712 1550 1740 et
1574 1707 1606 1739 in
1631 1708 1702 1741 soro

969 1762 1205 1800 conscientiae,
1223 1767 1253 1794 et
1271 1762 1330 1794 bac
1353 1761 1420 1794 vice
1440 1766 1579 1800 tantum,
1598 1761 1702 1794 absol-

970 1826 1041 1848 vere
1069 1821 1099 1848 et
1123 1815 1261 1848 liberare
1287 1816 1400 1854 valeat,
1426 1819 1457 1847 et
1476 1814 1610 1856 insuper
1629 1819 1703 1846 vota

970 1878 1190 1912 quaecumque
1216 1867 1397 1909 (religionis
1423 1872 1454 1900 et
1477 1867 1631 1900 castitatis
1650 1878 1703 1900 ex·

970 1923 1092 1965 ceptis)
1119 1922 1150 1953 in
1184 1921 1245 1953 alia
1276 1921 1330 1963 pia
1355 1926 1386 1952 et
1420 1920 1571 1952 salutaria
1603 1930 1703 1962 opera

970 1979 1184 2013 commutare,
1211 1973 1356 2005 iniuncta
1381 1977 1488 2005 tamen
1513 1973 1558 2004 eis
1593 1978 1625 2004 et
1649 1983 1704 2005 eo-

971 2038 1040 2059 rum
1066 2026 1199 2059 cuilibet
1224 2026 1255 2058 in
1281 2024 1473 2068 supradictis
1493 2024 1644 2057 omnibus
1659 2035 1704 2058 ca-

970 2081 1056 2113 sibus
1080 2079 1280 2122 poenitentia
1304 2077 1436 2110 salutari
1462 2078 1596 2120 aliisque
1622 2078 1705 2110 eius-

970 2135 1042 2167 dem
1067 2131 1253 2166 cont‘rssarii
1279 2130 1411 2163 arbitrio
1435 2130 1658 2173 iniungendis.

1013 2187 1038 2228 ξ.
1058 2186 1089 2219 3.
1112 2185 1312 2227 Quapropter
1336 2188 1448 2216 tenore
1472 2184 1704 2226 praesentium,

971 2239 1001 2271 in
1028 2239 1141 2270 virtute
1166 2242 1294 2270 sanctae
1323 2235 1529 2269 obedientiae
1560 2235 1706 2271 districte

971 2291 1186 2336 praecipimus
1200 2295 1295 2333 atque
1313 2289 1501 2322 mandamus
1513 2290 1662 2323 omnibus
1675 2296 1708 2324 et

972 2346 1227 2389 quibuscumque
1259 2342 1500 2376 venerabilibus
1535 2343 1705 2384 fratribus,

972 2397 1176 2441 patriarchis,
1203 2395 1461 2438 archiepiscopis
1486 2399 1520 2427 et
1544 2396 1706 2440 episcopis

973 2451 1108 2494 aliisque
1123 2448 1329 2482 ecclesiarum
1347 2443 1507 2490 praelatis,
1526 2458 1561 2480 ac
1581 2449 1708 2492 quibus·

974 2513 1111 2545 cumque
1135 2500 1312 2534 Ordinariis
1337 2501 1482 2533 locorum
1508 2500 1706 2544 ubicumque

974 2554 1201 2594 existentibus,
1228 2562 1403 2596 eorumque
1429 2552 1556 2586 vicariis
1580 2558 1612 2586 et
1636 2553 1707 2586 osti-

1009 2617 1020 2642 1
1044 2616 1142 2642 Vocem
1164 2618 1222 2642 tam
1243 2622 1291 2642 nos
1310 2613 1431 2640 addimus
1445 2613 1485 2650 (a.
1501 2612 1549 2648 T.).

1719 237 1768 264 An.
1785 238 1813 264 C.
1838 237 1904 264 ¹083

1732 415 1775 444 *De
1796 415 1902 435 consessa-

1720 447 1852 469 rio,etu.‹qu8
1866 449 1901 469 po·

1720 471 1803 489 testato.

1732 2191 1857 2221 iniungitur
1869 2192 1899 2212 iu-

1716 2217 1782 2239 bilaei
1809 2219 1899 2245 promut-

1717 2245 1782 2270 gatto.
