2111 3157
20 235 74 261 An.
89 231 118 260 C.
143 233 211 262 ¹679

214 283 359 317 tissimae
389 281 528 325 Virginis
551 281 607 315 Dei
632 278 803 314 Genitrieis
827 277 944 310 Mariae

214 336 383 379 Sponsum,
410 335 593 374 devotione,
617 333 768 366 universa
788 340 889 372 regna
915 334 947 361 et

214 388 358 422 dominia
381 398 438 421 sua
461 387 547 420 illius
565 385 741 430 patrocinio
760 389 854 426 atque
872 392 946 425 pre-

214 441 349 475 tectioni
374 439 580 479 commiserit,
606 439 775 481 ipsumque
801 440 945 468 sanctum

214 494 387 538 losephum
412 494 444 526 in
469 498 640 535 patronum
675 495 707 523 ct
729 493 945 532 protectorem

216 547 402 580 eorumdem
441 555 616 587 regnorum
656 548 688 576 et
727 541 945 575 dominiorum

217 599 360 642 elegerit,
378 598 547 641 cupiatque
572 602 744 640 propterea
764 598 946 637 opportune

217 652 250 684 in
275 651 458 695 praemissis
474 661 492 683 a
509 650 601 682 nobis
621 647 782 692 provideri
804 652 836 679 et
852 651 885 678 ut
902 645 949 678 in-

218 705 265 737 sra
289 703 466 746 indulgeri:

69 767 207 798 eqni-mnam.-
261 757 276 799 ἓ
300 756 331 789 2.
363 756 447 796 Nos,
471 755 559 798 pium
595 760 626 788 et
660 754 848 796 religiosum
874 751 948 783 dicti

25 793 207 842 {iiffdssiusmiii'o'
219 809 323 843 Caroli
348 809 434 851 regis
466 808 607 841 animum
632 807 807 851 plurimum
833 805 865 837 in
889 805 949 837 Do-

46 846 190 867 conceduntur

39 862 306 901 praerogativasmino
338 862 623 900 commendantes,
656 858 948 903 supplicationibus

27 901 208 952 ‘e’i'ssi'gtessiiir‘fsiu
220 915 289 948 eius
306 914 435 948 nomine
454 914 547 947 nobis
564 924 624 956 per
640 913 818 956 praefatum
834 911 951 953 Gaspa-

219 978 286 1000 rem
318 967 539 1000 marchionem
571 976 668 1009 super
696 966 760 998 hoc
784 964 951 997 humiliter

219 1020 379 1063 porrectis
404 1018 561 1058 inclinati,
583 1018 620 1051 de
646 1017 876 1051 venerabilium
895 1017 952 1049 sra-

221 1077 303 1105 trum
334 1077 515 1106 nostrorum
543 1071 574 1104 S.
605 1071 642 1104 R.
673 1071 707 1104 E.
742 1071 951 1104 cardinalium

221 1126 319 1158 sacris
355 1125 472 1157 ritibus
502 1125 762 1168 praepositorum
795 1125 950 1164 consilio,

222 1179 417 1213 electionem
442 1178 610 1211 memorati
635 1179 734 1211 sancti
768 1179 894 1222 Iosephi
921 1180 952 1212 in

222 1237 396 1275 patronum
422 1236 453 1265 et
476 1237 694 1275 protectorem
723 1242 897 1274 regnorum
922 1237 954 1265 et

223 1284 439 1318 dominiorum
453 1284 670 1327 praefatorum
685 1284 809 1324 factam,
822 1291 855 1318 ut
868 1296 955 1328 prae-

223 1337 333 1377 fertur,
344 1337 531 1370 auctoritate
545 1337 732 1380 apostolica,
744 1342 855 1371 tenore
869 1349 956 1381 prae-

223 1390 375 1429 sentium,
402 1389 628 1422 confirmamus
664 1394 695 1422 et
719 1390 952 1433 approbamus,

223 1442 337 1485 illique
362 1441 559 1474 inviolabilis
577 1442 774 1484 apostolicae
800 1441 957 1476 firmitatis

226 1495 327 1529 robur
351 1495 532 1535 adiicimus,
560 1505 597 1528 ac
621 1506 734 1528 omnes
760 1502 792 1529 et
816 1497 958 1539 singulos

226 1547 305 1580 iuris
318 1553 349 1580 et
366 1548 438 1580 sacti
452 1548 605 1589 desectus,
620 1548 645 1580 si
660 1548 713 1591 qui
729 1549 870 1592 desuper
883 1561 960 1592 quo—

227 1601 407 1634 modolibet
438 1600 689 1641 intervenerint,
720 1603 903 1644 suplemus,
931 1609 961 1635 et

230 1653 269 1686 de
284 1653 573 1696 praedicto'jsancto
587 1653 727 1696 losepho
743 1654 773 1686 in
787 1660 960 1698 patronum

230 1711 262 1740 et
286 1711 506 1750 protectorem
530 1706 575 1738 sic
595 1707 698 1740 electo
724 1709 962 1751 praerogativas

231 1769 354 1799 omnes,
372 1758 531 1792 eiusmodi
553 1759 694 1802 patronis
720 1766 751 1793 ct
775 1762 963 1803 protectori-

231 1812 291 1845 bus
324 1822 499 1855 regnorum
525 1818 555 1845 et
588 1813 805 1846 dominiorum
839 1825 964 1859 compe-

233 1869 350 1905 tentes,
365 1865 579 1901 decernimus,
592 1865 677 1898 iuxta
694 1871 800 1899 tamen
819 1867 963 1900 rubricas

233 1917 383 1950 breviarii
408 1923 440 1950 et
462 1917 603 1950 missalis
627 1918 766 1957 romani,
790 1925 821 1951 ct
842 1920 879 1952 ad
906 1921 961 1953 sor-

234 1981 319 2002 mam
343 1970 580 2003 constitutionis
604 1970 706 2003 selicis
732 1973 967 2006 recordationis

235 2022 357 2055 Urbani
381 2023 484 2065 Papae
497 2023 561 2055 wll
585 2023 845 2065 praedecessoris
865 2027 966 2059 nostri

237 2086 334 2119 super
349 2075 572 2109 observatione
590 2076 744 2110 festorum
759 2078 809 2111 die
827 2089 882 2113 >1111
901 2090 969 2123 sep-

237 2128 369 2161 tembris
392 2138 523 2162 itinchu
547 2129 746 2162 emanatae¹.

47 2187 228 2235 “grimuni-{1323
282 2181 297 2224 ἓ
321 2181 352 2215 3.
370 2181 549 2221 Praeterea,
567 2182 605 2214 ad
623 2183 801 2225 augendam
825 2184 967 2219 fidelium

48 2222 99 2262 mcii
112 2243 194 2287 patrm
205 2227 227 2260 ‘m
237 2233 429 2276 religionem
453 2239 485 2267 et
509 2234 688 2268 animarum
710 2237 847 2270 salutem
872 2239 971 2271 caele-

49 2269 94 2288 eius
119 2269 164 2287 esto
181 2272 228 2286 con-

49 2287 342 2341 ⁶22¹,{¹13'10³g¹;¹„¹32'³ffib¹¹3
366 2287 528 2320 Ecclesiae
554 2288 713 2321 thesauris
733 2290 787 2333 pia
811 2291 970 2325 charitate

50 2326 62 2347 ἦ
130 2325 143 2346 μ
227 2334 370 2379 'intenti‚
397 2339 545 2373 omnibus
569 2340 737 2383 utriusque
770 2353 862 2376 sexus
888 2345 974 2377 cliri-

243 2391 433 2425 stitidelibus
448 2402 522 2425 vere
539 2393 781 2435 poenitentibus
799 2401 830 2428 ct
847 2398 975 2430 conses-

245 2444 288 2478 sis
312 2456 349 2478 ac
372 2447 459 2478 sacra
484 2446 714 2479 communione
745 2448 893 2490 resectis,
921 2450 974 2493 qui

247 2497 299 2531 die
311 2498 393 2532 sesto
405 2498 505 2532 sancti
520 2498 813 2542 Iosephipraedicti
831 2512 847 2533 a
865 2503 976 2545 primis

246 2551 389 2594 vesperis
420 2556 521 2595 usque
553 2551 592 2584 ad
623 2561 770 2584 occasum
805 2553 882 2587 solis
914 2555 977 2588 diei

284 2613 298 2642 1
319 2611 390 2640 Edit.
409 2612 487 2640 Μαίη.
507 2613 572 2649 legit
590 2615 727 2642 emanata
745 2615 782 2649 (n.
798 2617 845 2650 T.).

799 227 1011 254 INNOCENTIUS
1032 228 1063 251 XI
1089 225 1136 250 ΡΡ.

1619 210 1677 244 171

988 275 1172 308 huiusmodi
1198 284 1417 318 quascumque
1442 272 1594 306 ecclesias
1623 274 1654 306 in
1674 285 1719 307 re-

989 329 1059 372 gnis
1086 334 1117 362 ct
1141 329 1291 362 dominiis
1313 329 1388 361 dieti
1414 329 1498 370 regis
1525 329 1590 360 Deo
1616 328 1648 360 in
1667 328 1720 360 lio·

989 394 1102 417 norem
1127 384 1272 417 eiusdem
1294 384 1394 416 sancti
1418 384 1544 427 losephi
1564 384 1719 416 hactenus

990 437 1150 469 dedicatas
1177 442 1207 470 et
1231 437 1262 469 in
1289 438 1427 470 futurum
1449 437 1719 480 quandocumque

990 490 1204 529 dedicandas,
1231 501 1402 533 carumque
1427 490 1614 533 quamlibet,
1640 500 1721 533 quo-

991 543 1096 576 tannis
1129 543 1240 576 dexote
1269 544 1486 585 visitaverint,
1517 550 1548 578 et
1580 545 1624 577 ibi
1660 555 1720 587 pro

991 597 1241 629 christianorum
1255 597 1435 640 principum
1450 599 1632 636 concordia,
1650 598 1723 630 bae-

991 659 1099 682 resum
1131 649 1360 693 extirpatione,
1388 655 1420 683 et
1450 656 1578 683 sanctae
1611 651 1721 683 matris

991 702 1152 735 Ecclesiae
1179 703 1375 735 exaltatione
1397 703 1464 745 pias
1479 704 1515 736 ad
1535 704 1631 736 Deum
1650 714 1724 746 pre-

992 765 1045 787 ces
1070 754 1250 793 effiiderint,
1278 755 1457 797 plenariam
1483 756 1628 788 omnium
1654 766 1724 799 pec-

991 813 1135 841 catorum
1169 818 1302 840 suorum
1339 808 1573 850 indulgentiam
1612 814 1643 841 et
1674 820 1725 841 re-

991 860 1176 893 missionem
1191 860 1443 894 misericorditer
1456 861 1487 893 in
1502 861 1637 894 Domino
1655 872 1726 894 con-

993 913 1145 946 cedimus.

1036 966 1051 1008 ἓ
1080 965 1111 998 4.
1142 965 1210 999 Non
1235 965 1436 1000 obstantibus
1469 967 1874 1020 quibuscumquelng'3212'-f³sia
1889 978 1920 994 m-

995 1018 1132 1051 decretis
1164 1029 1200 1051 ac
1229 1019 1513 1054 constitutionibus
1544 1027 1576 1053 et
1603 1022 1729 1054 ordina·
1809 1015 1815 1022 ’

995 1071 1136 1103 tionibus
1161 1072 1358 1114 apostolicis,
1376 1073 1471 1105 etiam
1486 1074 1727 1115 conciliaribus,

996 1124 1259 1166 gcncralibusxel
1276 1125 1479 1168 specialibus,
1498 1137 1635 1168 necnon,
1653 1139 1730 1170 qua-

997 1182 1088 1209 tenus
1121 1188 1201 1219 opus
1237 1177 1286 1217 sit,
1315 1179 1500 1221 quibusvis,
1527 1181 1621 1213 etiam
1648 1181 1732 1214 iura-

996 1236 1116 1269 mento,
1133 1230 1378 1264 confirmatione
1392 1234 1578 1275 apostoliea,
1592 1236 1642 1267 vel
1656 1245 1732 1277 qua-

996 1282 1042 1315 vis
1067 1282 1217 1316 firmitate
1243 1284 1303 1316 alia
1325 1285 1508 1327 roboratis,
1539 1288 1665 1320 statutis
1701 1293 1732 1320 et

998 1336 1288 1368 consuetudinibus
1313 1337 1490 1380 privilegiis
1516 1350 1659 1382 quoque,
1683 1341 1732 1372 in-

1000 1388 1095 1420 dultis
1109 1394 1140 1420 et
1153 1389 1269 1421 litteris
1283 1390 1471 1432 apostolicis
1486 1391 1516 1423 in
1533 1393 1733 1425 contrarium

1000 1441 1249 1483 praemissorum
1275 1443 1521 1484 quomodohbet
1546 1445 1709 1477 concessis
1725 1472 1732 1484 ‚

1002 1493 1197 1526 confirmatis
1223 1499 1255 1527 et
1279 1494 1457 1535 innovatis;
1486 1497 1600 1540 quibus
1635 1498 1736 1530 omni-

1002 1547 1060 1579 lms
1079 1552 1110 1580 et
1127 1547 1271 1590 singulis,
1290 1548 1420 1581 illorum
1444 1554 1573 1582 tenores
1587 1561 1737 1594 praesen-

1004 1600 1087 1632 tibus
1113 1611 1171 1643 pro
1196 1601 1290 1643 plene
1315 1606 1346 1634 et
1363 1601 1561 1636 sufficienter
1578 1604 1737 1646 expressis

1004 1663 1040 1685 ac
1064 1653 1102 1685 de
1127 1654 1226 1686 verbo
1252 1654 1290 1686 ad
1315 1655 1447 1687 verbum
1464 1655 1594 1689 insertis
1620 1657 1739 1689 haben-

1006 1711 1060 1745 tes,
1078 1706 1141 1738 illis
1159 1706 1237 1738 alias
1253 1707 1284 1739 in
1302 1718 1359 1740 suo
1374 1708 1491 1742 robore
1504 1711 1737 1752 permansuris,

1006 1758 1044 1790 ad
1060 1759 1309 1801 praemissorum
1323 1759 1481 1801 effectum,
1498 1762 1558 1795 liae
1571 1762 1639 1795 xicc
1651 1763 1739 1795 dum-

1008 1816 1098 1850 taxat,
1113 1807 1298 1854 specialiter
1310 1818 1341 1846 et
1356 1824 1507 1857 expresse
1523 1815 1738 1858 derogamus;

1007 1864 1185 1908 ceterisque
1210 1866 1379 1899 contrariis
1407 1868 1674 1912 quilmseumquc.

1050 1918 1126 1961 §5-

1729 221 1777 248 An.
1795 219 1823 246 C.
1846 219 1911 247 1570

1161 1918 1313 1951 Volumus
1348 1926 1454 1953 autem
1489 1927 1523 1954 nt
1554 1922 1934 1976 earumdemml¹fflg2ss2m{f²¹¹·

1007 1971 1227 2014 praesentium
1245 1972 1425 2006 litterarum
1447 1977 1668 2019 transumptis,
1686 1988 1741 2010 scu

1009 2024 1173 2067 exemplis,
1188 2025 1284 2057 etiam
1300 2026 1478 2069 impressis,
1496 2039 1592 2061 manu
1607 2028 1744 2063 alieuius

1010 2076 1126 2109 notarii
1160 2077 1283 2120 publici
1319 2080 1533 2123 subscriptis,
1571 2088 1604 2114 et
1634 2083 1744 2125 sigillo

1011 2140 1169 2174 personae
1194 2131 1227 2162 in
1252 2132 1469 2166 ecclesiastica
1489 2134 1646 2177 dignitate
1669 2147 1747 2170 eon-

1012 2183 1141 2216 stitutae
1174 2184 1330 2225 munitis,
1361 2185 1474 2219 eadem
1509 2198 1642 2230 prorsus
1667 2190 1747 2223 sides

1013 2236 1132 2280 ubique
1163 2238 1307 2270 locorum
1339 2243 1402 2271 tam
1436 2240 1469 2272 in
1499 2241 1618 2275 iudicio
1651 2253 1747 2286 quam

1015 2295 1105 2322 extra
1134 2289 1214 2322 illud
1247 2291 1431 2332 habeatur,
1463 2301 1546 2335 quae
1572 2294 1749 2328 haberetur

1016 2342 1094 2386 ipsis
1126 2343 1349 2386 praesentibus
1385 2345 1412 2377 si
1445 2345 1555 2379 forent
1585 2347 1750 2382 exhibitae

1017 2396 1065 2428 vel
1092 2401 1252 2429 ostensae.

1060 2449 1173 2481 Datum
1186 2449 1314 2490 Romae,
1330 2451 1414 2494 apud
1429 2451 1459 2485 S.
1473 2453 1611 2493 Petrum,
1626 2455 1685 2487 sub
1700 2465 1753 2487 an«
1784 2495 1788 2498 .

1019 2503 1095 2534 nulo
1117 2502 1300 2543 Piscatoris,
1318 2504 1368 2536 die
1385 2515 1435 2538 xlx
1452 2506 1562 2548 aprilis
1579 2517 1756 2550 MDchmx,
1786 2503 1788 2505 ‚

1020 2555 1225 2599 pontificatus
1243 2557 1344 2590 nostri
1363 2569 1445 2591 anno
1464 2568 1510 2592 111.

1056 2617 1115 2644 Dat.
1131 2617 1174 2645 die
1188 2617 1223 2645 10
1242 2618 1334 2655 aprilis
1352 2620 1429 2655 1079,
1445 2621 1540 2656 pontis.
1557 2630 1602 2651 an.
1618 2628 1658 2651 111.
