2111 3157
126 161 175 188 Au.
194 161 223 188 C.
249 159 313 188 1083

361 151 425 183 702

317 219 455 252 cumque
481 213 627 251 tempore
653 204 831 238 manserint
847 204 879 235 in
901 203 956 235 tali
974 204 1058 244 fuga,

317 262 379 295 nisi
405 273 464 295 vox
490 261 584 294 fuerit
620 260 665 292 eis
699 267 851 300 expresse
887 255 1057 293 restitum,

319 315 498 353 criminosi,
525 313 585 346 uisi
611 312 732 344 fuerint
764 320 917 353 expresse
943 308 1059 341 habili-

319 369 374 401 tati
412 368 450 400 ad
486 376 597 398 vocem
637 364 795 402 activam;
822 362 855 394 in
888 360 1060 403 disciplina

319 420 461 463 generali
487 417 666 457 constituti,
686 415 816 459 leprosi,
837 413 1060 448 excommuni-

319 475 392 513 cati,
419 471 580 515 suspensi,
608 468 770 502 interdicti
790 473 821 500 et
838 468 1058 510 irregulares:

318 527 399 559 nulli
418 526 554 557 istorum
572 522 680 555 idonei
707 526 781 554 sunt
801 522 840 553 ad
858 520 1057 563 eligendum.

362 590 392 612 v.
421 578 451 611 Si
479 577 577 619 igitur
603 576 634 608 in
654 576 748 608 domo
771 575 884 607 orbata
905 584 969 606 non
993 573 1060 605 fue-

317 633 384 665 rint
429 632 544 663 saltem
585 634 727 672 quatuor
763 626 903 671 professi
944 627 1059 659 domus

319 684 429 717 idonei
451 685 502 726 (²),
528 688 617 722 tunc,
643 682 697 725 qui
723 681 767 713 ibi
794 684 900 719 erunt,
917 679 1061 712 scribent

318 736 478 770 visitatori
517 735 581 768 sive
613 733 835 767 visitatoribus
873 731 1061 775 provinciae

319 801 352 823 se
379 791 510 823 orbatos
536 799 605 821 esse
631 794 781 831 pastore3
808 786 863 829 qui
889 785 934 818 eis
956 785 1062 828 provi-

319 843 442 875 debunt
479 841 517 874 (le
543 845 670 872 rectore
709 848 810 881 usque
846 837 884 869 ad
924 846 1062 879 sequens

319 896 498 938 capitulum
525 894 691 936 generale.

362 959 406 981 Vl.
429 948 465 980 Et
494 947 570 990 quia
595 947 756 978 interdum
779 943 948 986 contingit,
968 952 1063 986 prae-

320 1002 431 1035 sertim
457 1003 488 1034 iu
515 1001 619 1044 parvis
644 999 803 1039 domibus,
831 1003 884 1031 aut
908 998 962 1029 ubi
989 1002 1063 1029 sunt

319 1056 413 1099 pauci
442 1056 555 1087 domus
580 1052 731 1096 professi,
751 1052 850 1094 quod,
871 1051 995 1083 etiamsi
1018 1052 1063 1083 le-

321 1109 453 1151 gitimus
480 1108 522 1139 ibi
549 1107 589 1139 sit
613 1116 766 1138 numerus
793 1106 971 1137 electorum
998 1104 1062 1136 ido-

320 1172 467 1200 neorum,
495 1167 599 1193 tamen
626 1161 741 1192 nolunt
768 1158 887 1200 eligere
927 1163 1062 1200 propter

321 1216 446 1258 aliquas
471 1224 590 1253 causas,
618 1213 674 1245 sed
713 1213 835 1244 malunt
871 1211 932 1243 sibi
958 1210 1063 1253 provi-

322 1268 389 1300 deri
418 1268 456 1299 de
481 1267 593 1309 priore
612 1276 670 1308 per
695 1264 871 1308 capitulum
898 1264 1061 1305 gencrale,

322 1327 374 1353 aut
399 1331 458 1363 per
483 1320 693 1352 reverendum
716 1323 863 1360 patrem:
890 1321 1064 1359 propterca

323 1374 456 1407 debebit
476 1372 613 1404 vicarius
639 1371 842 1411 interrogare
868 1373 1062 1401 conventum

323 1438 363 1459 an
390 1426 466 1459 velit
491 1436 550 1468 pro
575 1434 659 1456 novo
682 1423 790 1465 priore
815 1421 968 1454 habendo
994 1431 1065 1463 pro-

324 1479 442 1512 cedere
468 1488 527 1521 per
552 1477 633 1509 viam
661 1475 849 1514 electionis,
878 1485 918 1506 an
958 1474 1064 1516 potius

325 1543 423 1575 super
449 1533 510 1564 lioc
536 1541 593 1573 per
613 1530 830 1562 reverendum
857 1533 984 1570 patrem
1011 1532 1065 1558 aut
1092 1550 1093 1554 ,

325 1585 501 1628 capitulum
528 1584 588 1615 sibi
614 1581 801 1626 provideri;
829 1586 860 1613 et
884 1581 970 1612 iuxta
996 1590 1066 1612 sen-

326 1649 394 1669 suu
422 1636 554 1670 maioris
580 1636 678 1678 partis
707 1640 897 1671 conventus,
918 1644 977 1675 pcr
994 1636 1065 1665 vota

326 1696 451 1723 secreta
492 1688 747 1731 exquirendum,
781 1686 836 1718 uui
862 1697 897 1718 ex
940 1686 1065 1718 duobus

326 1744 475 1776 standum
503 1747 564 1774 cst.

370 1807 425 1830 vu.
454 1795 483 1828 Si
510 1793 721 1836 responderit
747 1803 780 1825 se
812 1793 894 1825 velle
921 1792 1064 1833 eligere,

329 1849 463 1881 debebit
504 1854 580 1880 tunc
620 1846 758 1878 vicarius
800 1845 921 1878 ibidem
962 1845 1066 1886 palam

328 1911 516 1944 proponere
551 1905 579 1931 et
613 1909 721 1931 coram
747 1897 899 1930 omnibus
931 1901 1067 1928 tractare

329 1965 369 1987 au
396 1954 450 1986 illa
475 1954 591 1985 domus
617 1952 716 1984 distet
740 1962 757 1983 a
781 1949 952 1983 Cartliusia
984 1950 1068 1981 ultra

330 2013 394 2039 tres
412 2006 525 2039 dietas.
546 2005 621 2037 Nam
638 2005 745 2036 sinon
765 2004 869 2042 distat,
886 2003 1067 2042 debebunt,

332 2066 505 2102 antequam
529 2058 709 2100 procedant
730 2056 768 2088 ad
794 2055 1002 2093 electionem,
1030 2054 1071 2086 si-

331 2112 487 2155 gnificare
515 2110 626 2144 domui
651 2108 839 2142 Carthusiae
869 2108 900 2140 id
919 2112 968 2139 est
988 2117 1071 2139 reve-

363 2192 384 2224 ')
395 2190 546 2218 Ordinatio
561 2187 834 2224 capitutiyeneratis
843 2186 915 2213 anni
924 2191 1069 2212 unetxxix.

336 2235 385 2261 «lu
408 2235 539 2261 etevlioue
561 2234 658 2268 prioris
678 2241 769 2259 vocem
791 2233 870 2257 etiam
892 2231 1006 2256 activam
1027 2229 1071 2255 lia-

335 2280 407 2305 bebit
430 2279 544 2304 vic-arius
566 2282 678 2307 tautum,
698 2277 743 2311 qui
764 2284 816 2303 non
846 2279 887 2301 est
910 2275 1006 2301 domus
1026 2273 1059 2299 cli

334 2325 421 2356 gentis
442 2323 591 2357 professus:
608 2322 653 2347 sed
672 2321 844 2346 nibilominus
858 2320 931 2345 iuxta
946 2322 1071 2344 statutum

337 2377 388 2394 nou
410 2372 506 2401 poterit
526 2367 633 2400 procedi
654 2368 685 2391 ant
708 2366 876 2397 electionem,
896 2363 945 2389 nisi
965 2363 1067 2396 iusuper

336 2412 423 2438 adsint
443 2415 557 2445 ‹pistuor
577 2410 688 2445 professi
709 2409 791 2443 ipsius
807 2409 912 2435 domus.
934 2407 962 2433 ln
979 2407 1068 2433 ceteri:

340 2464 401 2481 vero
423 2456 536 2487 negotiis
556 2460 714 2488 procurator
735 2458 759 2479 et
780 2455 890 2479 sat-rista
911 2460 1005 2478 tocent
1027 2451 1071 2476 lia-

339 2500 450 2527 bebuut,
473 2500 539 2524 sicut
561 2499 612 2524 iaui
634 2500 698 2525 aluis
719 2506 873 2524 rousessuui
895 2501 944 2529 ost,
970 2497 1074 2523 etiamsi

339 2552 392 2572 non
413 2544 465 2570 siut
486 2543 582 2570 domus
599 2543 711 2578 professi
734 2551 757 2568 ν.

903 156 955 179 nrt
967 155 979 178 t
991 154 1080 177 tntt'sstt
1107 153 1257 176 ΠΟΜᾸΝΓΜ

1101 200 1205 232 rendo
1224 199 1307 242 patri
1323 198 1426 241 priori
1439 197 1628 231 Cat-thusiae
1645 197 1702 240 (a),
1718 206 1752 230 se
1769 206 1839 230 esse

1101 255 1232 287 orbatos
1256 257 1397 296 pastore,
1423 257 1454 285 et
1477 257 1588 294 petere
1606 252 1645 284 ab
1664 254 1702 285 ea
1724 257 1760 285 ut
1777 252 1840 285 sibi

1102 307 1273 350 providere
1299 306 1472 348 dignetur·,
1500 305 1614 338 domus
1639 310 1746 338 autem
1766 304 1842 338 Car·

1104 359 1239 399 thusiae‚
1266 359 1298 392 id
1324 364 1373 392 est
1403 359 1602 392 reverendus
1627 363 1721 402 pater
1750 357 1842 401 prior

1103 413 1248 446 eiusdem
1274 413 1406 451 domus,
1431 422 1492 455 pro
1521 414 1578 444 sua
1602 411 1776 454 prudentia
1810 416 1842 444 et

1102 468 1239 509 paterna
1262 468 1339 499 cura
1362 464 1545 508 providebit
1573 464 1706 497 orbatae
1733 464 1841 498 domui

1104 525 1200 563 prout
1224 519 1285 552 sibi
1310 518 1412 560 magis
1438 517 1592 560 expedire
1616 517 1792 550 videbitur.

1146 583 1215 606 viu.
1243 572 1333 610 Quod
1365 571 1390 604 si
1426 571 1543 604 domus
1568 571 1681 603 orbata
1705 570 1803 603 distat
1825 580 1842 603 a

1104 626 1201 659 domo
1226 625 1417 658 Carthusiae
1437 625 1520 656 ultra
1538 628 1604 655 tres
1623 623 1736 663 dietas,
1756 627 1842 664 tunc,

1102 685 1138 713 ut
1184 684 1363 712 conventus
1401 682 1616 721 praeparetur
1653 676 1743 720 prius
1782 685 1842 720 pro

1103 732 1235 765 instanti
1262 731 1433 771 electione,
1457 730 1596 763 vicarius
1618 729 1752 763 debebit
1769 739 1844 762 eum

1103 786 1188 819 serio
1222 785 1254 817 in
1287 784 1423 817 Domino
1457 784 1634 817 admonere
1667 782 1752 826 quod
1785 782 1845 815 eli-

1105 849 1180 881 gere
1207 843 1373 882 pastorem
1398 837 1579 870 animarum
1604 846 1668 869 non
1693 840 1744 869 est
1767 835 1845 868 faci-

1105 892 1143 924 lis
1169 898 1201 924 et
1224 891 1364 933 vulgaris
1389 900 1453 930 res,
1489 890 1546 922 sed
1574 889 1713 922 maxime
1745 889 1845 922 ardua

1105 950 1135 977 et
1160 955 1306 977 summae
1332 943 1576 987 importantiae‚
1603 953 1675 974 cum
1695 952 1732 975 ex
1753 943 1842 975 hono

1104 998 1152 1030 vel
1178 998 1262 1030 malo
1287 1002 1418 1040 pastore
1444 996 1588 1039 pendeat
1608 995 1844 1038 propemodum

1104 1061 1198 1083 omne
1224 1051 1345 1083 bonum
1369 1050 1419 1082 vel
1445 1050 1563 1081 malum
1591 1048 1689 1081 totius
1721 1048 1842 1091 gregis,

1105 1103 1178 1137 ideo
1204 1103 1325 1135 debere
1351 1112 1406 1135 eos
1438 1102 1471 1134 in
1507 1102 1569 1134 hoc
1601 1101 1741 1143 negocio
1773 1110 1845 1133 cum

1106 1156 1192 1189 omni
1213 1155 1406 1188 rectitudine
1428 1160 1460 1187 et
1476 1154 1650 1197 prudentia
1676 1159 1709 1186 et
1731 1153 1846 1187 timore

1106 1211 1159 1243 Dei
1186 1210 1376 1253 procedere,
1403 1219 1443 1242 ne
1469 1208 1507 1247 si,
1533 1208 1620 1250 quod
1652 1207 1757 1247 absit,
1783 1216 1848 1240 ma-

1107 1264 1172 1295 lum
1197 1273 1256 1306 pro
1292 1262 1379 1295 bono
1413 1261 1586 1303 elegerint,
1620 1259 1683 1303 ipsi
1719 1259 1781 1293 sibi
1814 1259 1847 1292 in

1106 1326 1194 1349 suam
1220 1315 1397 1358 perniciem
1419 1315 1529 1357 lupum
1555 1324 1615 1356 pro
1641 1318 1771 1356 pastore
1796 1323 1848 1346 ac-

1106 1373 1251 1406 cersant3
1278 1364 1310 1400 et
1334 1368 1380 1400 eis
1406 1367 1608 1410 imputentur
1625 1366 1735 1399 omnia
1755 1367 1846 1406 mala,

1107 1432 1187 1463 quae
1226 1421 1318 1453 illum
1356 1421 1461 1453 facere
1499 1425 1530 1452 et
1561 1420 1627 1462 pati
1662 1418 1848 1461 contigerit,

1106 1474 1276 1507 occasione
1303 1473 1374 1506 talis
1395 1473 1600 1506 inordinatae
1621 1471 1802 1505 electionis.

1152 1538 1192 1560 ix.
1213 1526 1293 1564 Quin
1315 1525 1411 1559 etiam
1432 1525 1514 1558 scire
1531 1525 1606 1558 illos
1624 1525 1744 1557 debere
1761 1523 1849 1567 quod

1108 1582 1166 1613 sub
1202 1582 1310 1623 poena
1345 1579 1471 1623 peccati
1508 1578 1657 1611 mortalis
1693 1582 1848 1611 tenentur

1108 1634 1230 1675 eligere
1269 1634 1366 1666 talem
1399 1642 1495 1675 quem
1526 1631 1587 1674 ipsi
1620 1631 1653 1663 in
1685 1633 1742 1663 sua
1772 1639 1850 1664 con-

1107 1686 1243 1719 scientia
1273 1686 1409 1719 credant
1444 1689 1499 1717 aut
1530 1683 1754 1717 verisimiliter
1786 1683 1851 1716 exi-

1109 1741 1242 1773 stiment
1266 1749 1338 1772 esse
1362 1738 1465 1780 magis
1492 1737 1644 1770 idoneum
1670 1737 1709 1770 ad
1736 1746 1852 1778 regen-

1110 1795 1183 1827 dum
1210 1793 1389 1827 secundum
1407 1792 1508 1824 Deum
1527 1791 1647 1823 animas
1666 1795 1699 1823 et
1719 1790 1850 1822 domum

1110 1858 1220 1881 eorum
1246 1847 1279 1879 in
1304 1852 1441 1888 utroque
1466 1850 1559 1883 statu,
1587 1854 1684 1887 quam
1719 1843 1762 1875 sit
1792 1843 1851 1876 ali-

1111 1901 1182 1944 quis
1203 1900 1289 1933 'alius
1314 1899 1368 1942 qui
1399 1908 1458 1941 pro
1490 1903 1566 1930 tunc
1598 1896 1638 1929 ad
1674 1895 1706 1929 ivd
1739 1895 1778 1929 ab
1804 1895 1851 1928 eis

1111 1953 1185 1995 eligi
1211 1952 1322 1996 possit,
1349 1950 1409 1984 nisi
1441 1951 1521 1983 forte
1553 1955 1616 1982 tam
1641 1959 1740 1992 parva
1764 1953 1852 1981 esset

1112 2008 1195 2039 iuter
1220 2016 1293 2038 eum
1319 2015 1414 2048 quem
1447 2003 1573 2046 eligunt
1603 2007 1635 2035 et
1659 2002 1759 2035 alium
1794 2001 1853 2034 illo

1112 2061 1270 2102 aptiorem
1297 2058 1490 2095 differentia,
1521 2056 1606 2100 quod
1641 2055 1760 2088 merito
1787 2055 1852 2088 hoc

1113 2124 1171 2156 pro
1197 2113 1302 2145 nihilo
1328 2110 1472 2154 reputari
1499 2109 1618 2142 debere
1644 2109 1823 2142 videretur.

1156 2177 1185 2200 x.
1213 2167 1259 2208 (b)
1284 2165 1374 2203 Quod
1401 2164 1426 2197 si
1452 2164 1535 2196 forte
1553 2173 1617 2196 non
1640 2167 1756 2206 posset
1775 2168 1853 2195 tunc

1148 2229 1178 2261 ιι)
1198 2227 1268 2254 idest
1279 2226 1427 2254 reverendo
1444 2225 1511 2260 patri
1533 2224 1615 2260 priori
1630 2224 1725 2251 domus
1738 2223 1856 2251 Gai-thu—

1113 2274 1188 2303 siae,
1219 2273 1261 2298 cui
1291 2271 1340 2298 soli
1366 2271 1545 2298 committitur
1567 2268 1717 2296 auctoritas
1743 2267 1855 2303 capituli

1113 2318 1248 2350 generalis
1269 2321 1347 2352 prout
1371 2315 1530 2350 exprimitur
1556 2322 1629 2340 num.
1651 2320 1693 2341 va
1713 2321 1772 2346 cap.
1800 2319 1856 2340 xxu

1114 2362 1250 2389 set-undae
1278 2361 1369 2395 partis.
1398 2360 1461 2386 Vide
1488 2360 1568 2386 etiam
1593 2366 1665 2384 num.
1687 2363 1756 2384 xxxii
1777 2365 1856 2392 prae-

1114 2407 1197 2432 sentis
1218 2406 1337 2439 capituli,
1359 2408 1385 2431 et
1400 2412 1473 2430 nuru.
1495 2409 1555 2429 thu
1576 2407 1601 2429 et
1621 2408 1691 2433 mv,
1712 2409 1770 2435 cap.
1793 2405 1854 2427 ¹xxti.

1151 2451 1177 2482 b)
1198 2450 1249 2476 ista
1269 2449 1307 2476 sic
1323 2456 1448 2483 expressa
1463 2452 1522 2474 sunt
1539 2446 1572 2473 ad
1588 2445 1767 2482 quorumdam
1783 2453 1858 2471 scru-

1118 2495 1193 2528 pulos
1213 2493 1394 2520 sublevandos
1419 2497 1444 2518 et
1470 2491 1631 2518 anxietatem
1655 2489 1802 2517 dubitantis
1831 2491 1858 2516 et

1117 2538 1273 2566 fluctuantis
1304 2537 1387 2564 animi
1407 2535 1566 2564 sedandam.

1842 144 1890 173 An.
1912 144 1941 173 C.
1963 144 2031 173 ¹688
