2111 3157
148 181 195 206 An.
214 180 242 206 C.
267 179 334 206 1682>
380 172 444 205 498

165 973 239 992 Ἡρα-οε
256 973 321 993 abb-'t-

137 1001 163 1017 lts
175 1002 194 1018 ul
209 1000 321 1020 uwnacho·

197 1710 289 1730 Tranctn
296 1710 314 1729 io

130 1737 238 1761 praefatae
251 1738 315 1757 intul-

133 1767 222 1788 gemme.

338 228 405 262 sieri
433 230 534 269 solet,
563 240 580 262 a
604 229 714 273 primis
740 227 883 272 vesperis
903 239 1005 271 usque
1032 228 1070 260 ad

339 293 486 315 occasum
506 282 581 315 solis
603 282 724 315 dierum
743 280 936 320 huiusmodi,
963 281 1072 322 singu-

337 336 376 368 lis
403 335 494 367 annis
519 335 633 367 devote
659 333 858 373 visitassent,
887 339 918 365 et
942 332 984 364 ibi
1009 343 1069 375 pro

337 388 587 419 christianorum
604 386 786 429 principum
799 386 982 425 concordia,
995 386 1071 418 hae-

337 450 442 472 resum
468 439 703 481 extirpatione‚
730 450 766 471 ac
801 444 928 471 sanctae
957 438 1069 470 matris

337 492 500 524 Ecclesiae
526 491 719 524 exaltatione
741 491 810 534 pias
825 492 864 526 ad
882 491 981 523 Deum
1000 501 1070 533 pre-

336 555 387 576 ces
413 543 607 583 ell'udissent,
630 555 693 586 quo
712 544 763 578 die
782 555 819 576 ex
846 543 1020 588 praedictis
1036 543 1068 575 id

336 598 490 640 egissent,
503 598 679 640 plenariam
698 597 841 630 omnium
861 603 1067 640 peccatorum

334 661 465 683 suorum
500 651 735 692 indulgentiam
772 655 804 682 et
838 649 1066 683 remissionem

334 702 587 735 misericorditer
602 703 634 734 in
652 703 791 735 Domino
816 702 848 734 in
874 706 1066 744 perpetuum

334 755 511 795 .·0ncessit,
537 760 635 797 prout
666 755 698 786 in
731 755 846 787 litteris
878 752 1067 796 apostolicis

333 808 476 850 desuper
500 808 532 839 in
557 808 652 840 simili
680 808 780 839 forma
806 807 915 839 Brevis
940 806 991 838 die
1015 816 1065 838 >ux

332 860 511 892 decembris
522 870 659 893 MDCLxxt
673 859 831 903 expeditis
849 859 979 891 uberius
993 869 1067 891 con-

333 913 463 944 tinetur.

376 966 390 1007 ξ
416 965 446 997 Q,
473 965 549 998 Cum
576 970 693 1005 autem,
722 965 803 998 sicut
824 965 935 998 eadem
969 974 1066 1007 expo-

331 1017 404 1050 sitio
429 1018 656 1060 subiungebat,
673 1018 818 1061 praefata
836 1017 975 1050 ecclesia
999 1027 1065 1049 mo-

331 1070 463 1103 nasterii
488 1071 519 1103 S.
547 1070 623 1103 Zoili
651 1071 689 1104 de
714 1071 847 1104 Carrion
872 1082 889 1103 a
914 1069 1065 1103 christifi-

330 1124 456 1156 delibus
486 1124 614 1156 illarum
649 1125 787 1167 partium
824 1124 939 1157 diebus
974 1123 1064 1156 festis

329 1177 375 1209 Ss.
397 1177 515 1209 Placidi
533 1182 563 1209 et
583 1177 680 1209 Mauri
706 1178 809 1209 minus
828 1177 1061 1220 frequentetur,

328 1229 497 1272 maiorque
534 1230 573 1261 ad
598 1230 686 1262 illam
711 1230 853 1262 confluat
876 1229 981 1262 fidelis
1007 1240 1062 1272 po—

328 1282 395 1324 puli
420 1283 591 1315 multitudo
618 1283 649 1315 in
676 1283 790 1315 diebus
810 1283 899 1315 festis
916 1283 964 1316 Ss.
984 1282 1061 1315 Zoili

328 1345 364 1367 ac
398 1335 513 1368 Felicis
539 1341 736 1379 martyrum,
764 1347 898 1379 quorum
923 1346 1063 1379 corpora

328 1390 376 1430 (ut
400 1388 451 1430 pie
476 1388 633 1431 creditur)
660 1389 691 1420 in
717 1389 828 1421 eadem
853 1388 987 1421 ecclesia
1005 1388 1062 1420 lio-

326 1439 458 1473 noritice
480 1442 636 1474 collocata
656 1447 746 1473 sunt:
768 1441 863 1473 nobis
888 1446 1061 1484 propterea

327 1493 402 1524 dicti
422 1499 620 1536 exponentes
639 1494 806 1527 humiliter
822 1494 997 1537 supplicari
1018 1494 1062 1526 fe-

326 1551 439 1578 cerunt
458 1551 493 1577 ut
518 1546 551 1578 in
568 1547 754 1590 praemissis
775 1553 959 1590 opportune
987 1558 1063 1591 pro-

325 1598 435 1631 videre
469 1604 501 1631 et
534 1605 570 1631 ut
601 1600 684 1632 infra
714 1600 883 1643 indulgere
909 1601 947 1633 de
972 1600 1062 1634 beni-

326 1652 447 1693 gnitate
474 1653 651 1695 apostolica
677 1653 896 1695 dignaremur.

369 1706 383 1747 ἓ
408 1704 438 1737 .3.
465 1705 528 1737 Nos
553 1705 668 1747 igitur,
694 1707 984 1750 supplicationibus
1011 1718 1062 1741 eo-

325 1759 471 1791 rumdem
491 1759 615 1791 abbatis
633 1765 664 1792 et
681 1762 915 1794 monachorum
929 1763 1059 1795 nomine

325 1811 418 1843 nobis
446 1822 545 1854 super
563 1812 625 1844 hoc
646 1813 815 1846 humiliter
839 1815 998 1857 porrectis
1018 1816 1061 1847 in-

325 1864 457 1903 clinati,
484 1864 718 1906 indulgentiam
743 1867 921 1908 plenariam
947 1867 1061 1899 diebus

325 1917 415 1949 festis
447 1918 495 1949 ὃς.
523 1917 642 1949 Placidi
668 1923 700 1950 et
727 1918 826 1951 Mauri
851 1930 1058 1962 concessam,

324 1975 359 2000 ut
377 1970 567 2012 praefertur,
590 1971 693 2013 quoad
712 1972 881 2005 ecclesiam
900 1980 1061 2007 monaste-

326 2022 364 2053 rii
390 2023 419 2054 S.
439 2023 517 2055 Zoili
537 2023 575 2055 de
596 2023 729 2056 Carrion
751 2025 925 2065 dumtaxat,
944 2026 976 2058 in
996 2026 1061 2059 die-

324 2075 384 2106 bus
410 2075 497 2107 festis
524 2077 711 2109 eorumdem
733 2077 779 2110 ss.
800 2078 877 2111 Zoili
896 2084 928 2111 et
943 2079 1060 2112 Felicis

324 2133 509 2170 martyrum,
526 2128 607 2160 itaut
632 2130 859 2163 christifideles
883 2142 957 2164 vere
982 2143 1060 2175 poe-

324 2179 462 2211 nitentes
496 2186 527 2213 et
559 2182 699 2214 confessi
734 2194 769 2215 ac
801 2184 892 2215 sacra
917 2195 1060 2217 commu-

324 2231 422 2263 nione
455 2233 589 2274 resecti,
618 2235 671 2277 qui
706 2236 744 2268 de
777 2242 886 2269 cetero
913 2238 1060 2270 eamdem

325 2284 493 2316 ecclesiam
512 2285 543 2317 in
563 2286 674 2319 (liebus
695 2288 783 2321 festis
809 2295 1058 2323 memoratorum

284 2377 289 2382 ⁴
325 2335 372 2367 Ss.
401 2336 476 2368 Zoili
512 2344 541 2369 et
577 2338 692 2372 Felicis
724 2352 740 2373 a
772 2342 886 2384 primis
916 2343 1058 2386 vesperis

325 2398 427 2430 usque
454 2390 490 2421 ad
517 2400 666 2423 occasum
692 2394 769 2425 solis
796 2393 920 2427 dierum
949 2396 1060 2428 huius-

324 2440 411 2472 modi
439 2441 576 2483 singulis
602 2444 694 2475 annis
714 2445 825 2478 devote
852 2447 1059 2487 visitaverint,

325 2498 356 2524 et
382 2493 424 2524 ilii
452 2499 485 2524 ut
502 2504 597 2536 supra
617 2497 789 2536 oraverint,
807 2509 871 2541 quo
890 2500 941 2532 die
966 2511 1059 2543 prae-

326 2544 483 2578 dictorum
501 2545 531 2578 id
553 2548 687 2589 egerint,
707 2550 850 2583 eamdem
876 2552 1057 2594 plenariam

919 181 1098 204 BULLARIUM
1123 181 1273 205 Romnum

1113 228 1350 270 indulgentiam
1382 229 1526 262 omnium
1549 235 1753 273 peccatorum
1778 242 1850 265 suo-

1113 291 1182 312 rum
1201 287 1231 313 et
1247 281 1472 314 remissionem
1490 290 1738 325 consequantur,
1754 295 1849 327 quam

1113 338 1395 375 consequerentur
1411 333 1436 365 si
1462 333 1493 366 in
1519 334 1597 377 ipsis
1622 335 1847 368 festivitatibus

1112 385 1160 418 Ss.
1188 386 1306 418 Placidi
1344 392 1375 419 et
1404 387 1501 420 Mauri
1527 388 1697 421 ecclesiam
1721 389 1850 432 praedi-

1113 443 1195 471 ctam
1213 439 1390 479 visitarent,
1411 444 1537 474 servata
1557 446 1664 474 tamen
1678 443 1848 487 ceteroqui

1112 491 1366 533 supradictarum
1384 492 1560 526 litterarum
1575 494 1677 527 forma
1694 500 1725 527 et
1743 495 1849 538 dispo-

1112 542 1246 583 sitione,
1274 545 1451 586 apostolica
1482 546 1697 586 auctoritate,
1732 553 1847 581 tenore

1112 596 1343 637 praesentium,
1366 604 1525 641 perpetuo
1551 600 1787 641 transferimus·,
1812 600 1846 634 in

1111 650 1305 682 contrarium
1331 651 1523 684 facientibus
1551 662 1617 685 non
1641 653 1845 687 obstantibus

1110 701 1382 746 quibuscumque.

1152 753 1266 786 Datum
1287 755 1416 796 Romae,
1432 758 1517 800 apud
1547 757 1577 791 S.
1595 758 1725 791 Mariam
1751 758 1845 793 Maio·

1109 816 1186 846 rem,
1202 808 1262 840 sub
1286 809 1407 842 annulo
1429 809 1613 850 Piscatoris,
1632 811 1684 844 die
1703 821 1773 845 xx1v
1790 822 1846 845 au·

1109 859 1191 900 gusti
1216 869 1402 901 muctxxxn,
1426 861 1633 904 pontificatus
1658 860 1761 897 nostri
1790 858 1846 898 an·

1109 921 1149 944 no
1167 922 1210 945 v1.

1143 972 1201 1000 Dat.
1218 972 1261 1001 die
1276 974 1310 1001 24
1331 976 1438 1011 augusti
1456 975 1534 1011 1682,
1549 977 1646 1012 pontif.
1661 984 1706 1006 an.
1722 969 1760 1006 vl.

1424 1117 1523 1152 CXVI.

1107 1194 1326 1239 Confirmalur
1338 1197 1499 1230 decretum
1516 1198 1781 1241 Conqreyatz'onis
1791 1200 1844 1234 Ri-

1151 1253 1243 1281 tuum
1267 1249 1304 1282 de
1328 1250 1479 1282 electione
1507 1251 1539 1283 S.
1567 1252 1697 1294 Igmatii
1719 1252 1844 1295 Loyola

1148 1302 1185 1334 in
1205 1306 1380 1345 patronum
1404 1304 1547 1345 reyz'om's
1573 1304 1794 1338 Cantabriae¹.

1293 1382 1487 1409 Innocentius
1508 1383 1586 1416 Papa
1605 1384 1652 1417 XI,

1241 1426 1277 1452 ad
1297 1426 1431 1453 futuram
1452 1427 1497 1453 rei
1520 1428 1704 1455 memoriam.

1127 1496 1179 1539 §t
1191 1495 1301 1539 Nuper
1311 1507 1328 1528 a
1337 1496 1596 1539 Congregatione
1607 1498 1838 1532 venerabilium

1105 1550 1241 1582 fratrum
1261 1554 1443 1582 nostrorum
1463 1550 1494 1583 S.
1519 1550 1555 1582 R,
1575 1550 1609 1583 E.
1630 1552 1840 1585 cardinalium

1105 1603 1202 1634 sacris
1219 1603 1332 1635 ritibus
1350 1602 1607 1645 praepositorum
1625 1605 1785 1637 emanavit
1801 1605 1841 1638 ad

1105 1656 1245 1687 favorem
1271 1655 1462 1687 dilectorum
1497 1655 1637 1688 filiorum
1662 1657 1843 1690 communi-

1105 1713 1204 1740 tatum
1240 1718 1276 1740 ac
1310 1707 1556 1741 universitatum
1589 1714 1621 1741 et
1653 1709 1841 1751 bominum,

1105 1760 1267 1792 civitatum
1284 1765 1316 1792 et
1332 1761 1479 1792 locorum
1499 1761 1641 1803 regionis
1662 1761 1750 1794 illius
1767 1763 1843 1795 Can-

1105 1814 1244 1853 tabriae,
1271 1824 1352 1856 quae
1377 1814 1545 1856 hispanice
1569 1814 1694 1858 Vizcaja
1719 1825 1844 1848 nuncu-

1104 1873 1219 1910 patur,
1246 1867 1409 1899 decretum
1436 1867 1558 1900 tenoris
1595 1866 1648 1910 qui
1678 1868 1841 1911 sequitur,

1103 1919 1276 1952 videlicet:
1309 1931 1322 1949 (ι
1348 1919 1442 1951 Sacra
1467 1920 1596 1953 Rituum
1626 1919 1841 1963 Congregatio

1104 1973 1142 2004 ad
1167 1973 1359 2005 relationem
1377 1972 1458 2004 E.mi
1480 1978 1512 2004 et
1532 1972 1618 2005 R.mi
1637 1974 1760 2006 domini
1778 1984 1843 2006 car-

1104 2025 1220 2058 dinalis
1245 2025 1431 2065 Columnae,
1458 2026 1588 2067 cognita
1613 2029 1727 2066 causa,
1754 2027 1840 2069 quod

1103 2078 1194 2120 regio
1212 2078 1266 2110 illa
1280 2078 1477 2117 Cantabriae,
1497 2089 1579 2121 quae
1594 2078 1761 2121 hispanice
1775 2079 1843 2111 Viz·

1103 2130 1170 2173 caja
1187 2136 1400 2173 nuncupatur,
1426 2141 1485 2173 per
1509 2131 1652 2163 omnium
1677 2131 1842 2164 civitatum

1103 2190 1135 2217 et
1159 2185 1305 2217 locorum
1342 2183 1492 2225 sutfragia
1526 2184 1624 2227 elegit
1648 2184 1708 2217 sibi
1733 2190 1842 2227 patro-

1103 2247 1178 2269 num
1202 2237 1332 2269 unicum
1354 2236 1384 2269 S.
1405 2236 1561 2278 lgnatium
1584 2237 1622 2270 de
1648 2237 1767 2280 Loyola
1784 2237 1842 2270 So-

1103 2289 1228 2322 cietatis
1244 2289 1314 2322 lesu
1329 2290 1544 2331 fundatorem,
1563 2290 1603 2323 ob
1619 2296 1841 2333 praestantem

1104 2343 1173 2375 eius
1199 2342 1404 2375 sanctitatem
1437 2348 1469 2376 et
1498 2343 1671 2386 specialem
1696 2344 1842 2377 omnium

1103 2394 1358 2438 propensionem
1382 2395 1415 2428 in
1442 2405 1523 2436 eum,
1547 2400 1661 2439 utpote
1682 2395 1768 2429 illius
1786 2397 1842 2429 do·

1103 2447 1240 2480 minatus
1265 2448 1489 2491 originarium,
1504 2454 1535 2482 et
1560 2448 1747 2482 huiusmodi
1774 2449 1841 2482 ele·

1138 2519 1147 2544 1
1171 2518 1289 2545 Similem
1319 2518 1479 2546 electionem
1505 2519 1531 2545 S.
1562 2518 1670 2554 losephi
1696 2518 1782 2546 habes
1809 2519 1838 2546 in

1101 2560 1190 2589 Const.
1208 2562 1278 2590 edita
1292 2569 1440 2598 Mnctxxix,
1459 2563 1502 2591 die
1519 2563 1551 2591 19
1566 2563 1669 2599 aprilis,
1683 2567 1761 2599 pont.
1775 2569 1818 2591 111.

1858 184 1906 211 An.
1922 183 1951 211 C.
1972 186 2039 214 1682

1921 1507 2034 1529 Decretum

1851 1533 1973 1558 praedictae
1982 1535 2033 1555 Con-

1851 1563 1988 1586 [negationis.
