2111 3157
145 205 193 232 An.
209 204 237 231 C.
262 203 327 233 1:18³}
374 194 439 229 032

342 253 533 287 auctoritate
559 256 589 284 et
616 256 727 283 tenore
760 247 935 292 praedlctis
970 257 1081 279 conce-

344 308 448 341 dimus
474 313 505 339 et
531 306 748 346 indulgemus.

175 372 297 395 clausulae.
388 362 401 404 ξ
432 361 462 393 4.
498 359 715 391 Deeerueutes
740 355 871 388 easdem
896 357 1082 397 praesentes

344 415 469 447 litteras
495 420 624 453 semper
641 409 756 447 firmas,
776 407 897 441 validas
924 411 956 439 et
980 406 1084 439 effica-

344 478 395 500 ces
422 466 557 498 existere
583 469 614 497 et
640 464 719 503 sore,
754 471 894 504 suosque
920 459 1083 503 plenarios

347 526 378 553 et
403 520 547 560 integros
574 515 707 549 effeetus
732 514 841 548 sortiri
868 519 898 547 et
924 513 1083 553 obtinere,

348 584 383 606 ac
411 572 487 611 illis,
505 570 543 603 ad
571 580 650 613 quos
669 573 793 612 spectat
811 572 841 600 et
861 578 921 611 pro
940 572 1086 610 tempore

347 626 616 670 quandocumque
642 622 810 666 spectabit,
827 622 860 654 in
882 621 1031 654 omuibus
1057 625 1088 653 et

346 690 406 723 per
431 678 538 711 onmia
551 676 738 720 plenissime
758 673 926 717 suil'ragari
942 701 951 713 ‚
978 674 1087 717 sicque

348 733 380 765 in
405 730 591 775 praemissis
623 740 683 772 per
715 738 940 772 quoscumque
966 727 1087 760 iudices

350 784 530 819 ordinarios
549 788 580 815 et
598 783 778 825 delegatos,
798 781 893 814 etiam
920 791 1089 813 causarum

348 837 462 882 palatii
488 835 657 880 apostolici
691 835 864 874 auditores,
899 833 1033 866 iudicari
1059 838 1091 866 et

351 890 478 924 deliniri
505 889 637 929 debere,
669 898 706 920 ac
731 887 861 919 irritum
886 891 918 919 et
942 886 1048 926 inane,
1066 886 1090 918 si

338 954 443 987 ,seeus
465 952 562 985 super
587 941 637 974 liis
664 951 681 973 a
706 950 879 984 quoquam,
903 939 1014 983 quavis
1041 950 1092 972 au—

353 997 513 1035 ctoritate,
533 995 672 1028 scienter
696 994 745 1026 vel
771 993 972 1036 ignoranter,
991 992 1093 1026 conti-

355 1051 439 1094 gerit
460 1048 622 1082 attentari.

397 1105 410 1147 ξ
436 1103 467 1135 5.
494 1102 563 1135 Non
589 1099 791 1134 obstantibus
822 1098 1024 1143 praemissis,
1059 1109 1095 1132 ac

354 1155 635 1191 constitutionibus
667 1159 699 1187 et
732 1153 992 1187 ordinationibus
1022 1163 1095 1196 apo-

356 1209 488 1249 stoliciS,
502 1219 629 1241 necnon
647 1206 797 1240 omnibus
817 1212 848 1239 et
865 1205 1000 1249 singulis
1020 1205 1095 1245 illis,

355 1274 436 1307 (luae
473 1263 506 1294 in
542 1261 656 1295 litteris
693 1260 904 1304 praeinsertis
941 1269 1096 1293 concessa

356 1322 428 1350 sunt
454 1327 515 1349 non
546 1315 691 1353 obstare,
717 1313 899 1356 ceterisque
925 1312 1097 1346 contrariis

357 1370 630 1414 quibuscumque.

401 1423 514 1455 Datum
530 1422 661 1461 Romae,
676 1421 760 1464 apud
776 1420 806 1453 S.
823 1420 964 1460 Petrum,
975 1420 1034 1452 sub
1049 1429 1099 1452 an-

358 1475 689 1514 nuloPiseatoi-is‚d1e
705 1484 766 1507 xxti
779 1473 890 1517 aprilis
905 1482 1097 1513 MDeLxxxvi,

359 1529 570 1574 pontificatus
596 1527 702 1561 nostri
731 1537 818 1560 anno
843 1538 873 1560 x,

210 1115 341 1134 Olislantium

157 1146 255 1163 remotio.

395 1592 454 1619 Dat.
478 1592 520 1619 dic
541 1591 574 1618 22
595 1590 688 1626 aprilis
712 1589 788 1622 1086,
812 1588 908 1625 pontif.
930 1597 974 1616 an.
996 1596 1024 1615 x.

668 1733 792 1767 CLXVI.

361 1816 539 1855 Statuitur,
568 1819 603 1846 ut
629 1814 698 1845 loca
723 1817 837 1845 sancta
862 1812 1050 1845 Palestinae
1084 1823 1102 1843 a

405 1869 564 1910 srulribus
591 1866 725 1900 Ordinis
746 1867 777 1899 S.
799 1866 968 1898 Francisca?
993 1864 1029 1897 cle
1048 1864 1105 1898 Ob-

406 1922 584 1960 servituli«,
614 1921 662 1952 iili
686 1920 790 1962 prius,
816 1917 1074 1951 custodimzltir¹.

548 2000 747 2027 Innocentius
771 2000 851 2033 Papa
872 2000 922 2030 XI,

488 2048 525 2072 ad
546 2049 722 2079 perpetuam
742 2044 786 2071 rei
806 2044 986 2071 memoriam.

325 2160 327 2169 ,
349 2159 355 2164 1
412 2120 425 2162 ἓ
449 2119 475 2151 l.
495 2117 616 2160 Exponi
633 2116 725 2149 nobis
745 2126 852 2158 nuper
870 2114 945 2147 fecit
971 2114 1106 2147 dilectus

370 2172 452 2205 [ilius
479 2171 594 2203 Petrus
610 2169 748 2202 Marinus
766 2170 940 2201 Sormanus
962 2168 1107 2200 minister

176 2238 256 2283 mis-¹:5¹3·
308 2224 530 2277 ¹1¹31:genemlis
555 2223 684 2256 Ordinis
711 2223 844 2254 fratrum
864 2221 1021 2254 Minorum
1039 2231 1108 2253 san-

177 2291 220 2305 rutu
239 2285 331 2305 flatrum.

371 2279 412 2310 ‹xti
436 2276 596 2309 Framisei
624 2277 661 2308 de
680 2275 890 2308 Observantia
908 2279 1108 2317 nuncupato-

372 2331 546 2373 rimuquod
566 2330 653 2372 <cum
672 2329 792 2363 dudum
807 2330 913 2362 clarae
931 2328 1106 2361 memoriae

372 2385 531 2416 liebertus
556 2394 609 2415 rex
637 2388 667 2415 et
683 2382 795 2415 Saneia
814 2382 927 2424 regina
943 2381 1069 2414 Siciliae
1091 2392 1106 2413 a

373 2443 450 2469 tune
476 2437 633 2469 existente
666 2436 799 2469 suldano
834 2434 1030 2474 babiloniae,
1053 2435 1105 2478 qui

410 2519 416 2542 l
442 2516 499 2541 Alia
519 2515 657 2550 privilegia
682 2516 778 2541 lif-rum
804 2515 915 2541 fratrum
936 2514 995 2540 vide
1022 2518 1106 2540 const.

373 2560 403 2586 ed
426 2567 459 2585 alt]
480 2566 568 2591 Lxxtx,
595 2559 636 2585 die
658 2560 687 2584 27
718 2559 885 2591 novembris,
909 2558 1002 2592 pontis.
1025 2564 1060 2591 ir,
1083 2562 1107 2583 el

373 2614 392 2632 c·
409 2609 457 2630 usi.
476 2604 516 2631 cd
538 2610 569 2629 iit)
589 2610 690 2636 lxxxxi,
703 2602 744 2629 «lie
758 2602 954 2638 breptemliris,
973 2602 1066 2638 pontis.
1083 2610 1107 2628 x.

918 202 1101 227 nummum
1125 200 1277 224 ROMANUM

1122 245 1329 288 sepulchrum
1360 242 1487 277 Domini
1521 249 1553 277 et
1584 243 1644 276 alia
1669 253 1761 276 sacra
1789 243 1861 276 loca

1122 298 1333 332 ultramarina
1353 297 1488 341 proprio
1511 297 1614 340 ipsius
1632 296 1860 340 Redemptoris

1124 351 1281 395 sanguine
1307 351 1453 385 dedicata
1486 351 1653 384 detinebat
1685 354 1860 393 occupata,

1126 405 1345 439 obtinuissent
1367 410 1402 436 ut
1421 405 1533 437 fratres
1559 403 1634 437 dicti
1659 403 1787 437 Ordinis
1814 402 1862 441 in-⁴

1127 465 1174 492 tra
1198 458 1369 492 ecclesiam
1386 457 1534 491 eiusdem
1548 457 1713 500 sepulchri
1730 460 1864 500 possent

1127 511 1279 545 continue
1314 509 1510 546 commorari
1543 515 1575 542 et
1603 509 1724 543 ibidem
1749 509 1863 542 missa-

1129 576 1200 598 rum
1226 564 1383 598 solemnia
1409 568 1441 596 et
1466 563 1528 596 alia
1553 562 1663 596 divina
1687 562 1793 596 officia
1817 573 1865 596 so-

1129 618 1280 652 lemniter
1305 618 1486 657 celebrare,
1506 621 1537 649 et
1553 616 1618 650 iam
1642 615 1724 649 certi
1749 616 1864 648 fratres

1130 672 1259 705 Ordinis
1283 670 1441 715 praedicti
1473 669 1644 703 actualiter
1675 673 1783 702 essent
1807 667 1867 701 ibi-

1131 728 1212 766 dem,
1232 725 1399 768 dictusque
1416 724 1572 757 suldanus
1585 722 1795 756 coenaculum
1811 722 1870 755 Do-

1131 780 1210 813 mini
1246 784 1277 812 et
1316 778 1476 820 capellam
1492 804 1500 817 ,
1542 776 1575 809 in
1612 786 1675 820 qua
1714 775 1870 820 apostolis

1133 833 1271 877 Spiritus
1296 832 1430 865 Sanctus
1460 830 1622 874 apparuit,
1642 834 1674 862 et
1697 829 1793 862 aliam
1819 840 1870 862 ca-

1133 888 1271 930 pellam,
1296 886 1328 918 in
1354 895 1417 928 qua
1440 884 1597 924 Christus,
1617 883 1716 916 beato
1748 881 1872 915 Thoma

1134 944 1327 983 praesente,
1363 941 1438 982 post
1471 935 1746 969 resurrectionem
1781 945 1872 968 suam

1135 992 1292 1037 apostolis
1323 1000 1357 1024 se
1390 990 1556 1030 ostendit,
1582 989 1653 1032 regi
1679 994 1711 1022 et
1741 988 1873 1032 reginae

1137 1045 1354 1080 concessisset
1387 1043 1536 1084 eisdem;
1569 1042 1640 1086 ipsa
1674 1052 1752 1076 vero
1788 1041 1875 1084 regi-

1137 1101 1212 1144 gina
1235 1100 1344 1133 locum
1370 1097 1573 1132 aedificasset
1597 1096 1631 1129 in
1654 1095 1761 1129 Monte
1786 1095 1873 1135 Sion,

1137 1154 1222 1186 intra
1257 1162 1353 1197 quem
1386 1151 1598 1184 coenaculum
1631 1154 1665 1184 et
1696 1149 1803 1182 dictae
1827 1159 1876 1181 ca-

1138 1207 1243 1250 pellae
1269 1205 1330 1238 sita
1364 1208 1473 1243 erant,
1497 1202 1553 1235 ubi
1578 1201 1730 1236 videlicet
1760 1201 1875 1235 fratres

1139 1260 1217 1293 dicti
1242 1258 1370 1292 Ordinis
1400 1256 1584 1300 sumptibus
1608 1255 1764 1299 propriis‘
1775 1255 1877 1289 conti-

1139 1323 1201 1346 nue
1229 1318 1338 1346 tenere
1363 1311 1556 1344 intendebat
1590 1309 1630 1342 ad
1655 1309 1800 1343 divinum
1821 1309 1878 1343 ob⁴

1140 1367 1291 1411 sequium
1316 1366 1349 1399 in
1368 1364 1546 1409 sepulchro
1565 1368 1597 1397 et
1611 1363 1681 1397 aliis
1703 1362 1878 1407 praedictis

1141 1421 1220 1454 locis
1240 1417 1467 1452 sacratissimis
1482 1416 1745 1461 impendendum,
1760 1427 1796 1449 ac
1814 1421 1879 1450 tres

1142 1483 1297 1518 personas
1336 1472 1516 1504 saeculares
1554 1470 1650 1503 etiam
1688 1479 1769 1513 quae
1800 1469 1879 1513 ipsis

1144 1527 1294 1560 fratribus
1320 1525 1480 1558 servirent
1511 1529 1543 1557 et
1571 1523 1753 1556 necessaria
1778 1522 1881 1556 admi-

1144 1580 1332 1622 nistrarent)
1354 1578 1455 1611 felicis
1477 1576 1717 1610 reeordationis
1732 1576 1881 1611 Clemens

1144 1634 1228 1677 Papa
1247 1633 1281 1672 V,
1300 1632 1532 1676 praedecessor
1558 1634 1680 1669 noster,
1695 1629 1807 1663 volens
1831 1640 1882 1663 eo-

1145 1687 1291 1720 rumdem
1316 1684 1403 1728 regis
1429 1689 1462 1717 et
1486 1683 1617 1726 reginae
1643 1683 1725 1716 votis
1751 1688 1781 1716 et
1799 1683 1884 1716 desi-

1146 1741 1244 1774 deriis
1259 1748 1413 1777 annuere,
1430 1737 1575 1780 generali
1593 1742 1624 1770 et
1641 1736 1882 1770 Terraelaboris

1145 1794 1274 1828 Ordinis
1307 1791 1465 1836 praedicti
1500 1791 1669 1830 ministris,
1693 1796 1725 1824 et
1749 1787 1884 1824 cuilibet

1146 1857 1270 1886 eorum,
1290 1844 1424 1878 vocandi
1451 1849 1528 1876 tunc
1554 1848 1585 1876 et
1610 1844 1642 1876 in
1662 1848 1827 1889 posterum
1844 1843 1884 1876 ad

1147 1910 1259 1934 eorum
1284 1897 1503 1942 praesentiam
1535 1896 1726 1930 auctoritate
1755 1901 1885 1940 aposto-

1147 1955 1220 1993 liea,
1235 1953 1273 1985 ad
1295 1951 1541 1995 requisitionem
1567 1950 1727 1983 dictorum
1746 1950 1833 1992 regis
1853 1954 1886 1983 et

1147 2006 1355 2050 1’eginac,vel
1381 2004 1517 2037 alicuius
1542 2013 1661 2042 eorum,
1688 2008 1743 2036 aut
1759 2013 1885 2036 succes-

1149 2070 1258 2093 sorum
1293 2068 1437 2097 suorum,
1472 2057 1511 2090 de
1543 2056 1681 2090 consilio
1717 2050 1884 2090 seniorum

1149 2113 1225 2146 dicti
1251 2111 1389 2152 Ordinis,
1411 2111 1524 2143 fratres
1544 2110 1681 2143 idoneos
1700 2114 1733 2142 et
1752 2109 1883 2143 devotos

1149 2167 1187 2199 de
1214 2170 1279 2199 toto
1310 2165 1450 2204 Ordine,
1481 2174 1582 2207 usque
1615 2163 1654 2196 ad
1680 2168 1805 2196 certum
1829 2159 1885 2196 nu-

1149 2230 1281 2259 merum,
1297 2219 1335 2251 de
1361 2218 1488 2261 quibus,
1508 2217 1712 2250 considerata
1730 2216 1886 2260 qualitate

1149 2273 1289 2315 negotii,
1322 2272 1482 2305 vidissent
1507 2270 1678 2314 expedire,
1705 2276 1737 2303 et
1762 2280 1818 2303 eos
1844 2263 1885 2304 ad

1149 2326 1355 2360 serviendum
1381 2325 1412 2357 in
1439 2324 1572 2364 divinis,
1599 2329 1661 2356 tam
1690 2323 1722 2356 in
1748 2323 1887 2357 ecelesia

1150 2381 1225 2415 dieti
1251 2379 1418 2424 sepulchri
1444 2378 1608 2419 dominici,
1628 2388 1724 2421 quam
1742 2377 1774 2410 in
1792 2370 1884 2411 sacro

1149 2435 1323 2467 coenaculo
1349 2437 1380 2465 et
1405 2432 1538 2476 capellis
1565 2430 1736 2474 praedictis
1762 2430 1887 2473 (habita

1152 2488 1236 2530 prius
1252 2486 1478 2519 informatione
1495 2487 1532 2519 de
1548 2484 1732 2518 conditione
1749 2477 1886 2517 fratrum

1152 2541 1320 2582 ipsorum,
1349 2550 1427 2582 quos
1452 2538 1661 2577 vot-avissent,
1690 2528 1885 2570 annuis-tris

1152 2592 1402 2636 provincialibus
1435 2591 1510 2625 dieti
1548 2590 1677 2623 Ordinis
1711 2590 1797 2623 unde
1817 2581 1889 2633 *sfa-

1866 191 1917 220 Αιι.
1931 191 1961 220 C.
1980 192 2048 224 1686
