2111 3157
186 262 235 287 An.
253 258 283 287 c.
302 258 369 287 ¹688
416 250 479 285 838
492 286 513 300 ,Q

428 319 458 341 x.
486 307 617 347 Quando
650 304 766 349 aliquis
792 311 879 339 vemt
903 305 941 338 ad
971 316 1030 338 nos
1057 315 1115 337 vo-

382 362 452 394 lens
471 361 539 394 fieri
565 360 752 398 monachus,
771 358 875 402 primo
900 358 1118 400 interrogatur

383 424 400 446 a
416 414 523 456 priore
545 413 576 445 in
602 412 746 455 privato,
771 421 835 454 quo
860 410 979 443 motivo
1004 416 1117 451 etqua

382 466 562 498 intentione
584 466 645 497 1100
661 464 748 497 velit.
768 464 889 496 Deinde
907 463 1116 501 examinatur,

382 519 406 551 si
427 524 546 550 tantum
563 518 660 550 habet
675 518 862 556 litterarum,
878 521 1034 559 quantum
1054 515 1118 547 suf-

381 572 445 604 ciat
468 571 628 604 monacho
655 576 685 603 et
709 570 864 612 religioso
896 569 935 602 ad
968 568 1118 601 sacerdo-

382 624 460 655 tium
485 623 716 666 promovendo,
743 627 774 654 et
794 622 818 654 si
840 627 968 654 cantare
995 625 1114 663 potest.

380 675 497 709 Postea
522 675 696 719 inquiritur
721 675 745 707 si
767 675 799 706 in
825 674 932 717 aliqua
957 672 1116 714 religione

379 728 617 770 professionem
636 728 764 767 feeerit;
781 727 806 759 si
826 737 889 759 non
906 725 1043 764 servilis,
1059 725 1115 756 sed

380 781 501 813 liberae
527 781 567 813 sit
591 780 805 819 conditionis',
833 780 857 812 si
883 783 1036 811 uxoratus
1063 782 1116 809 aut

380 833 547 876 bigamus,
578 834 603 866 si
628 844 768 876 unquam
802 843 860 875 pro
886 831 1018 864 materia
1041 829 1114 862 fidei

379 892 534 929 purgatus
557 886 654 919 fuerit
677 896 736 929 per
761 884 1051 918 reverendissimos
1071 883 1116 914 in-

380 940 553 984 quisitores
572 940 611 972 de
635 932 821 972 vehementi
843 937 1041 980 suspicione,
1061 940 1116 967 aut

380 993 474 1026 etiam
496 994 705 1026 veliementer
729 997 895 1034 suspectus
913 990 951 1022 de
970 989 1031 1021 [1110
1050 989 1115 1021 fue-

378 1046 429 1086 rit;
442 1046 466 1078 si
482 1046 692 1079 homicidium
706 1044 925 1077 voluntarium
940 1042 1114 1085 aliquando

379 1099 596 1142 perpetravit·,
616 1098 643 1130 si
667 1099 770 1130 ullum
789 1097 887 1129 babet
905 1095 1116 1138 impedimen-

380 1157 446 1183 tum
475 1152 644 1194 corporale
671 1151 721 1183 vel
746 1150 913 1192 spirituale
943 1148 1114 1191 quominus

379 1204 416 1236 ad
442 1214 552 1236 sacros
571 1203 701 1236 ordines
720 1202 821 1246 possit
843 1201 1039 1245 promoveri,
1062 1205 1116 1232 aut

379 1257 412 1289 in
434 1257 547 1289 iisdem
569 1256 772 1295 ministrare;
796 1255 822 1288 si
845 1255 943 1287 habet
967 1253 1114 1286 morbum

381 1309 606 1349 incurabilem,
620 1309 645 1340 si
661 1309 758 1341 debet
776 1307 870 1340 alicui
890 1308 937 1339 rel
954 1306 1115 1348 aliquibus

381 1362 545 1406 pecunias,
559 1367 612 1394 aut
626 1361 747 1404 aliquid
764 1361 954 1403 temporale.
968 1359 1116 1391 Monetur

379 1416 487 1455 etiam,
506 1420 537 1447 et
555 1415 707 1447 suadetur
734 1414 773 1452 ei,
795 1413 959 1451 omnibus,
986 1412 1039 1454 qui
1062 1412 1116 1443 ad-

379 1479 507 1501 versum
529 1479 600 1501 eum
624 1467 743 1510 aliquid
768 1466 896 1505 babent,
916 1466 1001 1497 iuxta
1018 1465 1117 1497 Evan-

380 1523 501 1565 gelium
519 1521 745 1559 reconciliari·,
765 1526 819 1552 aut
837 1520 862 1552 si
884 1519 958 1562 quid
977 1518 1115 1560 aliquem

382 1574 603 1613 defraudavit,
624 1573 810 1612 restituere,
840 1571 865 1604 si
896 1571 994 1603 habet
1017 1570 1114 1602 unde.

381 1628 550 1660 Postremo
569 1631 798 1669 proponuntur
812 1625 839 1657 ei
855 1624 934 1657 dura
949 1629 979 1656 et
993 1633 1117 1665 aspera,

382 1685 513 1723 totaque
540 1680 624 1711 vitae
651 1684 792 1717 nostrae,
813 1688 907 1721 quam
933 1677 1042 1709 subire
1069 1677 1118 1709 de-

382 1734 516 1771 siderat,
537 1733 626 1771 ratio,
645 1732 748 1764 vilitas
772 1736 804 1763 et
825 1731 999 1773 asperitas,
1022 1735 1119 1772 prout

382 1785 452 1818 sieri
474 1791 592 1829 potest,
619 1790 693 1818 ante
720 1786 831 1817 oeulos
858 1784 1002 1827 ponitur.
1029 1782 1118 1820 Quod

383 1839 410 1871 si
436 1839 525 1882 prior
550 1850 621 1871 eum
650 1838 688 1871 ad
721 1838 828 1870 onmia
853 1842 1000 1880 paratum
1026 1842 1057 1868 et
1081 1836 1119 1868 ad

384 1902 485 1924 onera
502 1892 629 1924 Ordinis
647 1891 857 1924 sufficientem
877 1890 1056 1933 putaverit,
1074 1889 1121 1921 ni·
1140 1909 1142 1915 ,

384 1944 563 1977 hilominus
600 1943 876 1976 conversationem
912 1943 981 1974 eius
1008 1943 1120 1974 saltem

385 2008 444 2040 per
467 2008 610 2030 mensem
639 1996 669 2029 in
696 1996 808 2028 babitu
835 1995 1006 2035 saeculari,
1032 2000 1121 2027 ante-

387 2061 483 2093 quam
509 2050 685 2093 recipiatur
710 2050 748 2082 ad
781 2050 926 2082 habitum
959 2053 1119 2087 nostrum,

388 2103 621 2146 comprobabit,
642 2109 673 2135 et
694 2103 823 2135 interim
841 2102 945 2134 mittet
965 2102 1004 2134 ad
1022 2102 1120 2133 cellas

388 2156 636 2195 monachorum,
656 2166 736 2198 111105
758 2156 824 2197 ipse
846 2154 1035 2187 iudicaverit
1057 2154 1124 2185 ido-

390 2218 468 2240 neos
488 2218 559 2240 esse
577 2214 611 2240 ut
635 2209 725 2241 illum
742 2208 927 2240 examinent
945 2213 975 2240 et
996 2207 1125 2239 videant

391 2271 431 2293 an
457 2261 655 2303 receptibilis
680 2261 731 2293 sit.

435 2325 477 2347 xr.
495 2314 593 2346 Porro
611 2315 719 2346 nullus
733 2314 822 2357 prior
838 2313 971 2356 recipiat
986 2313 1124 2355 aliquam

393 2378 565 2410 personam
585 2368 623 2400 ad
642 2368 786 2400 habitum
802 2367 931 2399 Ordinis
949 2367 1017 2399 sine
1035 2366 1127 2398 totius

394 2426 574 2452 conventus
602 2421 650 2452 vel
682 2420 813 2452 maioris
839 2419 939 2462 partis
964 2420 1150 2452 voluntate*

396 2477 427 2505 et
452 2483 613 2505 consensu
640 2474 699 2516 (a).
730 2473 925 2515 Propterea,
955 2477 1126 2515 postquam

431 2553 460 2583 α)
472 2551 498 2578 111
512 2552 671 2586 aequalitate
683 2552 808 2586 partium,
818 2560 879 2586 pars
894 2551 990 2586 prioris
1000 2551 1025 2576 111
1042 2555 1128 2585 poste-

397 2604 457 2622 rum
473 2604 525 2623 non
539 2596 619 2622 debet
635 2597 798 2631 praevalere,
815 2597 876 2631 quia
892 2600 954 2622 tunc
970 2604 1064 2621 revera
1080 2603 1129 2620 non

398 2644 439 2668 est.
453 2640 536 2668 maior
551 2649 611 2676 pars
627 2645 783 2671 conventus,
804 2645 882 2675 prout
898 2640 939 2666 hic
955 2639 1110 2674 requiritur.

942 247 1136 281 'nnuman
1160 255 1311 280 nomnen

1161 304 1358 336 sufficienter
1392 303 1488 336 fuerit
1522 302 1657 346 probata
1692 301 1893 336 conversatio

1161 357 1352 399 postulantis
1368 384 1375 397 ,
1403 362 1489 389 certo
1515 357 1566 389 die
1592 361 1795 399 proponetur
1818 365 1894 388 con-

1161 409 1290 449 ventui;
1317 420 1352 441 ac
1377 409 1515 452 primurn
1541 409 1671 451 quidem
1696 418 1804 441 coram
1826 413 1892 440 toto

1160 467 1317 494 conventu
1343 462 1595 503 interrogabitur
1616 461 1640 493 si
1664 461 1695 493 in
1712 461 1819 503 aliquo
1837 459 1892 493 Or-

1160 513 1234 546 dine
1248 514 1485 556 professionem
1504 514 1623 552 fecerit,
1642 513 1667 546 si
1682 513 1765 545 liber
1779 517 1810 545 et
1828 522 1893 545 non

1159 566 1281 599 servilis
1306 566 1522 605 conditionis,
1553 566 1577 598 si
1602 565 1800 598 matrimonii
1825 564 1894 598 vin-

1159 620 1230 651 culo
1247 620 1383 658 solutus,
1401 619 1425 650 si
1444 619 1563 661 absque
1582 617 1751 651 incurabili
1769 617 1894 658 morbo,

1159 673 1184 704 si
1210 672 1313 715 possit
1337 673 1376 704 ad
1403 682 1512 704 sacros
1538 671 1669 704 ordines
1694 670 1891 710 ascendere,

1159 725 1184 756 si
1209 725 1248 757 de
1275 725 1392 757 debitis
1417 724 1620 763 satisfecerit,
1637 724 1775 756 sciturus
1797 722 1892 766 quod,

1159 777 1183 809 si
1205 788 1304 820 super
1329 777 1379 809 liis
1404 776 1562 809 veraciter
1585 786 1650 808 non
1676 775 1893 818 responderit,

1158 830 1183 861 si
1210 829 1329 871 aliquid
1356 829 1523 866 celaverit,
1551 828 1670 871 poterit
1698 828 1794 860 etiam
1820 831 1894 870 post

1158 882 1393 925 professionem
1420 882 1550 924 expelli.
1879 875 1892 883 ⁶

1201 945 1256 968 x11.
1286 935 1456 977 Postquam
1487 935 1526 967 ad
1558 934 1637 966 haec
1667 932 1873 976 responderit
1886 928 1906 974 ,”

1157 987 1299 1028 secedit,
1328 993 1359 1020 01
1384 993 1563 1019 conventus
1584 987 1623 1019 de
1642 986 1710 1018 eius
1735 985 1895 1019 deliberat

1158 1041 1356 1083 receptione.
1384 1039 1481 1078 Quem
1510 1041 1533 1072 si
1561 1039 1785 1082 recipiendum
1810 1038 1895 1071 iudi-

1157 1094 1286 1133 caverit,
1303 1104 1413 1125 rursus
1431 1104 1503 1125 eum
1523 1099 1668 1125 revocat:
1689 1097 1720 1124 et
1734 1097 1807 1124 tunc
1824 1091 1893 1134 ipse

1158 1151 1223 1179 toto
1248 1157 1384 1189 corpore
1421 1151 1603 1189 prostratus
1636 1144 1894 1178 misericordiam

1157 1200 1341 1242 postulabit.
1357 1199 1490 1239 Deinde,
1507 1199 1544 1231 ad
1560 1199 1678 1231 iussum
1693 1197 1813 1241 prioris
1828 1206 1895 1230 sur-

1157 1262 1245 1294 gens,
1268 1252 1474 1295 supplicabit,
1499 1256 1636 1295 propter
1660 1260 1801 1284 amorem
1825 1249 1894 1289 Dei,

1158 1315 1190 1337 se
1216 1305 1254 1337 ad
1279 1305 1509 1348 probationem
1542 1305 1599 1337 sub
1635 1304 1748 1336 habitu
1775 1313 1891 1336 mona-

1158 1358 1243 1390 chali
1269 1358 1369 1400 recipi
1405 1368 1463 1401 pro
1498 1356 1735 1401 praebendario
1771 1360 1803 1388 et
1835 1356 1894 1388 liu-

1158 1410 1292 1443 millinio
1319 1410 1461 1443 omnium
1488 1420 1592 1442 servo.
1622 1409 1677 1442 Cui
1700 1414 1776 1440 tunc
1802 1407 1894 1450 prior

1159 1469 1320 1506 proponet
1350 1469 1428 1506 quot
1459 1468 1490 1495 01
1515 1468 1634 1505 quanta
1665 1462 1730 1494 sint
1761 1461 1840 1494 dura
1864 1465 1896 1493 et

1160 1527 1272 1559 aspera
1287 1516 1318 1548 in
1336 1516 1452 1549 Ordine
1469 1521 1578 1548 nostro
1602 1515 1779 1553 toleranda,
1799 1525 1895 1557 quam

1160 1570 1201 1603 sit
1225 1571 1386 1613 prolixum
1414 1570 1555 1602 divinum
1573 1569 1726 1607 officium,
1744 1568 1895 1600 diurnum

1160 1623 1281 1666 pariter
1305 1629 1332 1655 01
1353 1628 1557 1661 110011111111111,
1584 1627 1703 1665 quanta
1727 1621 1768 1653 sit
1792 1620 1895 1653 victus

1161 1682 1193 1709 01
1217 1677 1349 1709 vestitus
1374 1676 1567 1716 austeritas,
1596 1680 1715 1718 quanta
1738 1675 1839 1707 cellae
1865 1678 1896 1706 et

1161 1729 1279 1762 silentii
1307 1729 1524 1768 observantia,
1545 1739 1638 1771 quam
1658 1728 1698 1760 sit
1716 1732 1801 1760 arcta
1820 1726 1897 1759 obe-

1162 1783 1292 1823 dientia,
1305 1782 1515 1825 paupertatis,
1526 1781 1688 1819 castitatis,
1704 1779 1898 1818 stabilitatis,

1163 1841 1194 1867 01
1214 1845 1313 1868 novae
1331 1834 1412 1866 vitae
1432 1834 1557 1873 semita,
1576 1844 1670 1876 quam
1693 1831 1832 1864 difficilis
1849 1831 1899 1864 sui

1162 1888 1265 1932 ipsius
1291 1888 1323 1920 in
1348 1887 1496 1920 omnibus
1532 1886 1716 1927 abnegatio.
1754 1884 1899 1927 Denique

1164 1947 1229 1974 tota
1246 1942 1328 1973 vitae
1341 1946 1470 1973 nostrae
1485 1939 1574 1980 ratio,
1591 1938 1693 1971 vilitas
1708 1943 1740 1970 et
1760 1936 1899 1969 austeri-

1165 2001 1221 2034 tas,
1248 1999 1345 2037 prout
1370 1993 1437 2025 fieri
1463 1997 1586 2035 potest,
1618 1991 1664 2025 illi
1689 1996 1761 2023 ante
1787 1990 1900 2023 oeulos

1163 2053 1313 2091 ponetur.

1207 2111 1274 2134 xui.
1298 2101 1343 2133 Ad
1363 2111 1445 2143 quae
1462 2099 1486 2131 si
1513 2098 1750 2142 imperterritus
1768 2106 1901 2129 manens

1166 2154 1372 2197 responderit
1398 2164 1441 2192 se,
1468 2153 1505 2185 de
1531 2154 1600 2185 sola
1621 2151 1674 2184 Dei
1702 2150 1820 2194 pletate
1842 2151 1903 2182 fra-

1168 2214 1319 2250 trumque
1336 2206 1536 2239 orationibus
1553 2204 1721 2244 confisum,
1741 2214 1787 2243 ea,
1805 2205 1903 2246 prout.

1169 2261 1275 2293 divina
1300 2259 1500 2292 concesserit
1530 2257 1718 2296 clementia,
1744 2256 1899 2298 impletu-

1170 2325 1249 2351 rum,
1277 2318 1342 2344 tuin
1364 2313 1494 2344 demum
1519 2311 1558 2343 ad
1584 2310 1682 2352 pedes
1704 2307 1821 2351 prioris
1846 2317 1903 2349 ge-

1172 2367 1379 2403 nuallectcns,
1400 2364 1523 2396 iunctas
1547 2372 1659 2395 manus
1684 2361 1801 2394 inferat
1821 2360 1905 2392 infra

1171 2430 1281 2451 manus
1302 2417 1431 2461 prioris,
1451 2422 1483 2449 et
1500 2415 1591 2459 prior
1616 2426 1652 2448 ex
1677 2419 1768 2458 parte
1797 2412 1851 2446 Dei
1873 2416 1905 2445 et

1149 2471 1297 2504 ·Ο11111115
1329 2476 1359 2503 01
1383 2472 1440 2503 sua
1465 2475 1497 2502 ct
1531 2469 1664 2501 fratrum
1689 2466 1847 2500 concedat
1875 2465 1904 2499 ei

1172 2524 1360 2557 societatem
1385 2523 1528 2561 Ordinis,
1555 2526 1587 2555 et
1618 2525 1777 2565 proponat
1801 2519 1907 2552 eidem

1173 2577 1256 2619 quod
1282 2583 1354 2609 ante
1384 2576 1620 2619 professionem
1654 2574 1757 2607 libere
1789 2571 1908 2615 poterit

1151 2630 1278 2662 ,exiret
1306 2635 1336 2662 et
1367 2629 1450 2664 1111011
1487 2628 1624 2661 vicissim
1657 2627 1718 2659 erit
1742 2626 1775 2658 in
1800 2626 1914 2661 nostra,

1896 242 1949 280 Anj
1967 244 2079 284 (11688
