2111 3157
90 148 141 177 An.
164 149 183 177 c
213 150 279 179 1684
326 140 390 176 538

110 1265 241 1286 [indistincti

82 1299 94 1312 n
116 1309 119 1316 ,
145 1296 236 1318 rvr-*pun

276 200 350 240 erit,
376 204 412 232 ut
435 208 500 233 non
524 198 627 232 solum
652 188 923 241 temperantiam,
949 196 1011 228 una

236 267 251 275 s
275 262 346 285 cum
370 253 445 285 vera
474 251 674 294 ingenuitate
689 277 696 290 ,
721 250 760 282 ab
792 247 1014 281 adolescentia

274 302 455 341 imbibant,
489 302 547 334 sed
583 301 679 333 etiam
714 299 833 332 bonam
868 297 1013 342 corporis

275 355 542 398 complexionem,
561 353 768 395 animumque
793 351 934 384 alacrem
964 361 1013 383 ac-

274 408 415 451 quirant.
442 407 537 440 Color
566 405 705 439 vestium
736 408 895 448 perpetuo
920 402 1013 446 niger

273 460 333 499 sit,
361 459 531 502 qualitates
552 463 659 492 autem
677 462 802 490 ceterae
822 457 945 489 nullam
960 466 1012 488 va-

273 515 414 551 nitatem.
434 518 490 546 aut
513 511 791 555 inaequalitatem,
816 510 867 542 vel
888 509 1010 548 luxum,

272 569 329 602 sed
343 566 444 609 magis
462 566 670 599 honestatem
692 568 725 597 et
743 562 936 597 modestiam
957 561 1012 595 de-

271 624 466 654 monstrent.
892 639 895 640 γ

263 696 265 700 ,
316 683 385 708 xtv.
413 673 474 706 Pro
500 670 658 705 servando
679 669 788 704 debito
808 668 841 702 in
862 667 1011 703 omnibus

262 719 399 767 ordine,
427 726 469 758 sit
489 725 520 758 in
546 724 658 769 quovis
683 722 860 757 seminario
884 722 1011 756 horolo-

273 781 359 824 gium
374 785 406 813 et
423 779 616 822 campanula
633 782 761 811 exactae
777 775 933 820 temporis
954 775 1011 808 dis-

273 832 441 867 tributioni
468 832 625 865 serviens.
656 830 702 864 Sit
726 830 805 863 item
825 827 1009 868 infirmaria,

274 898 309 920 ex
332 897 394 930 qua
411 886 451 920 ad
468 884 643 918 oratorium
661 883 739 917 fiant
760 883 933 921 fenestrae,
953 891 1011 924 per

274 951 353 983 quas
396 938 517 972 infirmi
553 936 777 981 quotidianum
812 945 936 968 sacrum
975 944 1012 967 ac

273 1003 386 1037 preces
410 992 612 1035 reliquorum
632 991 761 1024 valcant
783 988 965 1032 percipere.

316 1057 400 1079 var
429 1044 617 1088 Superiores
643 1042 752 1076 debite
777 1041 949 1075 attendant
972 1040 1011 1073 ad

274 1099 508 1132 bibliothecam
523 1124 530 1137 ,
559 1095 746 1130 vestiarium
761 1121 768 1135 ,
800 1093 988 1129 dormitoria
1003 1119 1010 1133 ‚

276 1153 411 1191 cellam,
438 1151 580 1184 culinam
612 1154 644 1183 et
677 1148 812 1182 similia:
837 1148 943 1181 claves
974 1145 1013 1179 ad

276 1210 400 1248 portam
418 1203 586 1237 seminarii
604 1206 700 1236 noctu
725 1201 865 1235 director
881 1200 1011 1233 habeat.

318 1268 416 1291 xtvu.
451 1256 629 1290 Seminaria
662 1255 840 1288 iuventutis
876 1257 1015 1296 possunt

278 1321 348 1344 esse
374 1309 556 1354 pontificia,
589 1313 619 1342 et
652 1308 714 1341 alia
738 1307 789 1340 his
813 1306 932 1340 similia
954 1316 1013 1349 pro

244 1361 248 1366 '
277 1363 402 1397 clericis
439 1368 471 1396 et
512 1361 694 1395 animarum
734 1359 938 1393 curatoribus
976 1358 1014 1392 ad

279 1416 408 1460 quosvis
433 1415 544 1448 mundi
569 1419 676 1457 partes
701 1412 886 1452 mittendis;
904 1411 954 1444 vel
970 1421 1016 1443 re-

280 1481 352 1513 gum
378 1479 414 1502 ac
437 1468 631 1512 principum,
653 1475 712 1509 pro
730 1465 827 1498 certis
851 1464 961 1507 regnis
986 1467 1017 1496 et

279 1521 474 1566 provinciis3
504 1521 554 1553 vel
579 1517 872 1562 archiepiscopalia
896 1521 929 1549 et
951 1515 1018 1559 epi-

280 1575 434 1619 scopalia,
453 1584 513 1617 pro
528 1571 763 1606 archidioecesi
785 1575 837 1603 aut
857 1568 1016 1612 ampliore

281 1627 439 1667 dioecesi·,
466 1631 497 1659 et
522 1625 662 1668 denique
687 1622 862 1657 seminaria
885 1621 1019 1666 propria

282 1682 378 1714 huius
395 1680 534 1713 instituti
559 1684 667 1713 erecta
685 1683 716 1711 et
736 1677 867 1710 fundata
883 1685 943 1719 per
963 1685 1020 1718 pa-

282 1741 404 1774 tronos,
417 1738 448 1766 et
461 1743 521 1777 per
538 1731 644 1765 media
664 1729 914 1767 communitatis,
928 1737 1020 1771 prae-

283 1788 347 1821 cise
372 1796 431 1831 pro
457 1787 517 1820 hoc
534 1785 700 1824 instituto;
726 1793 866 1826 quorum
890 1781 1021 1814 ultimo-

284 1852 372 1880 rum,
390 1840 497 1884 quoad
517 1838 624 1871 media
649 1835 866 1875 fundationis,
886 1835 1020 1878 plenum

285 1893 463 1927 dominium
486 1901 588 1935 penes
622 1890 706 1923 idem
732 1889 914 1922 institutum
939 1887 1018 1919 erit:

286 1947 393 1990 quoad
418 1945 543 1989 reliqua
563 1943 751 1983 seminaria,
766 1951 903 1985 quorum
921 1939 1022 1973 domi-

285 2000 374 2032 nium
390 1998 417 2031 vi
438 1996 634 2031 fundationis
660 1996 698 2029 ad
719 2000 876 2039 patronos
890 1997 1022 2036 spectat,

286 2054 335 2086 vel
352 2052 481 2096 patroni
506 2055 595 2083 certa
618 2049 725 2083 media
749 2058 809 2092 pro
834 2046 1022 2080 fundatione

288 2106 394 2138 stabili
421 2104 497 2137 huic
521 2103 680 2141 instituto,
695 2106 750 2135 aut
768 2105 892 2134 tantum
916 2103 1022 2132 certos

289 2168 415 2191 annuos
441 2160 614 2200 proventus
643 2154 857 2188 directoribus
886 2151 1024 2185 semina-

289 2211 413 2243 riorum
438 2209 629 2252 consignare
654 2211 817 2251 poterunt,
845 2215 880 2238 ex
905 2204 1024 2248 quibus

291 2269 397 2296 certus
413 2262 633 2295 studiosorum
647 2270 801 2293 numerus
815 2262 1024 2291 sustentetur.

334 2325 444 2348 xcviii.
471 2314 703 2346 Adolescentes
728 2311 782 2355 qui
799 2311 827 2344 vi
845 2311 1026 2343 alumnatus

293 2368 330 2400 ad
349 2372 452 2398 vertas
478 2366 645 2398 dioeceses
670 2369 724 2397 aut
746 2362 929 2407 provincias
947 2361 1028 2395 obli-

295 2426 422 2459 cantur,
446 2429 509 2450 non
535 2418 595 2449 nisi
622 2428 656 2449 ex
683 2417 816 2459 speciali
843 2417 951 2449 favore
976 2425 1030 2458 pa-

296 2472 402 2512 troni,
424 2471 456 2502 in
482 2481 558 2502 casu
583 2470 717 2502 alicuius
742 2469 893 2512 specialis
918 2478 1030 2501 neces-

296 2524 411 2567 sitatis,
432 2523 496 2558 alio
520 2522 603 2557 mitti
626 2527 779 2568 possunt;
798 2522 968 2557 substituta
985 2526 1030 2554 ta-

245 1272 265 1284 0-

241 1298 265 1312 no

83 1322 101 1339 et
145 1320 264 1339 sun-latione

864 145 1044 173 BULLARIUM
1067 144 1218 171 ROMANUM

1054 203 1151 234 men,
1183 193 1209 227 si
1235 193 1278 227 ita
1306 197 1463 238 patronus
1487 193 1655 239 requirat,
1687 193 1790 228 altera

1054 247 1197 290 persona
1221 246 1417 290 qualificata.
1443 246 1578 281 Educati
1602 256 1731 292 quoque
1754 247 1789 280 in

1055 300 1239 333 seminariis
1264 300 1341 334 huic
1364 300 1515 334 instituto
1538 300 1700 345 propriis,
1727 299 1789 334 etsi

1054 353 1093 386 ad
1125 358 1246 386 certam
1279 353 1452 387 dioecesim
1482 363 1549 386 non
1582 352 1788 396 obligentur,

1054 405 1250 449 regulariter
1262 410 1370 440 tamen
1386 406 1419 439 in
1437 405 1608 446 territorio,
1623 405 1679 439 ubi
1695 404 1790 439 semi-

1054 458 1181 492 narium
1198 459 1293 492 situm
1319 464 1374 499 est,
1400 460 1635 499 manebunt‚et
1658 458 1789 502 quando

1054 511 1109 545 illa
1129 512 1289 545 dioecesis
1314 512 1447 556 indiget,
1466 512 1571 547 eidem
1592 511 1787 552 inservient,

1053 563 1097 597 ita
1113 569 1222 598 tamen
1235 569 1270 597 ut
1286 564 1319 598 in
1336 575 1411 599 casu
1425 564 1627 599 necessitatis
1640 564 1679 598 ad
1692 573 1791 608 quae·

1053 627 1190 661 cumque
1215 618 1285 651 loca
1302 628 1338 651 ex
1361 617 1567 652 ordinatione
1583 616 1791 661 superiorum

1053 670 1149 703 huius
1173 670 1310 704 instituti
1335 670 1417 704 mitti
1441 670 1568 715 possint
1590 669 1611 703 ¹.

1095 733 1178 757 xmx.
1206 723 1309 757 Media
1326 734 1387 768 pro
1409 723 1582 758 fundandis
1606 722 1791 756 seminariis

1053 776 1159 811 eidem
1183 777 1330 811 instituto
1354 777 1497 821 propriis
1518 775 1632 810 haberi
1652 779 1791 820 possunt

1052 830 1102 862 vel
1116 840 1154 862 ex
1173 830 1346 864 collatione
1359 830 1543 864 reddituum
1557 828 1792 863 ecclesiastico-

1053 892 1144 923 rum,
1171 882 1258 916 iuxta
1282 882 1550 916 constitutionem
1573 882 1791 917 decimamno-

1054 945 1126 968 nam
1148 936 1361 976 sacerdotum,
1379 940 1432 968 aut
1445 946 1483 968 ex
1496 935 1591 969 bonis
1608 933 1792 968 haeredita-

1054 987 1110 1020 riis
1123 998 1158 1020 ex
1169 988 1271 1021 libera
1279 989 1442 1022 voluntate
1452 987 1498 1021 sic
1511 986 1724 1032 applicandis,
1736 990 1793 1020 aut

1055 1040 1182 1073 demum
1208 1051 1245 1073 ex
1270 1040 1334 1074 illis
1359 1051 1440 1084 quae
1466 1051 1484 1073 a
1507 1040 1652 1083 patronis
1676 1044 1791 1087 sponte

1055 1093 1285 1126 conteruntur:
1302 1093 1347 1126 ita
1363 1099 1471 1127 tamen
1499 1099 1534 1126 ut
1549 1101 1707 1136 personae
1723 1102 1807 1136 par-¹

1056 1145 1206 1179 tirulares
1237 1146 1332 1179 huius
1371 1146 1507 1179 instituti
1544 1156 1582 1179 ex
1613 1144 1793 1180 redditibus

1057 1198 1124 1231 suis
1149 1199 1257 1242 primo
1286 1199 1440 1243 propriae
1464 1198 1643 1242 parochiae
1661 1208 1720 1232 seu
1736 1197 1794 1232 be·

1057 1251 1161 1285 neficii
1187 1252 1342 1286 oneribus
1359 1252 1557 1286 sufficienter
1579 1251 1792 1295 prospiciant,

1058 1309 1090 1337 et
1113 1306 1312 1349 superiores,
1333 1315 1370 1339 ex
1390 1305 1506 1340 mediis
1522 1305 1556 1338 in
1580 1306 1689 1338 massa
1706 1313 1795 1338 com-

1057 1357 1145 1391 muni
1165 1357 1228 1391 iam
1245 1358 1403 1399 collectis,
1421 1357 1514 1392 aliis²
1529 1357 1666 1391 instituti
1691 1365 1795 1400 aeque

1057 1410 1107 1443 vel
1131 1410 1232 1454 magis
1255 1411 1448 1447 necessariis
1471 1410 1697 1445 communibus
1716 1419 1795 1443 one-

1059 1462 1147 1495 ribus
1172 1463 1322 1497 similiter
1345 1464 1558 1508 prospiciant.

1103 1525 1132 1549 L.
1151 1516 1211 1549 Ubi
1228 1517 1401 1552 seminaria
1414 1518 1477 1550 iam
1495 1517 1628 1551 fundata
1643 1515 1795 1557 existunt,

1061 1578 1142 1612 quae
1168 1569 1338 1603 directioni
1363 1571 1568 1614 superiorum
1594 1569 1798 1604 huiusinsti-

1061 1621 1120 1653 tuti
1145 1622 1292 1656 eiusdem
1328 1622 1384 1655 fini
1421 1622 1634 1656 conformiter
1668 1622 1798 1656 tradere

1060 1674 1221 1718 placebit,
1247 1675 1272 1708 si
1298 1675 1404 1708 media
1429 1675 1630 1709 fundationis
1654 1685 1721 1709 non
1738 1675 1799 1708 sus-

1061 1727 1178 1767 siciant,
1199 1738 1260 1772 pro
1286 1727 1482 1771 integritatis
1507 1727 1670 1772 exigentia
1692 1728 1798 1762 media

1062 1780 1302 1813 communitatis
1320 1780 1364 1822 (si
1389 1780 1428 1814 ad
1448 1791 1579 1814 manum
1603 1779 1743 1824 suerint)
1761 1782 1799 1814 ea

1062 1833 1248 1868 conditione
1272 1834 1460 1867 authentico
1477 1834 1695 1869 instrumento
1713 1835 1800 1868 adie-

1063 1887 1113 1919 cta
1129 1885 1285 1929 applicari
1303 1891 1469 1930 poterunt,
1481 1891 1526 1928 ut,
1537 1897 1610 1920 casu
1628 1896 1693 1931 quo
1718 1888 1801 1921 eius-

1063 1938 1136 1972 dem
1160 1939 1325 1972 seminarii
1351 1939 1487 1972 directio
1512 1950 1530 1972 a
1554 1939 1680 1974 clericis
1708 1939 1802 1974 insti-

1065 1990 1122 2023 tuti
1147 2001 1212 2024 non
1238 1991 1498 2032 continuaretur,
1518 2001 1686 2035 supremus
1711 1992 1803 2026 insti-

1066 2044 1123 2076 tuti
1147 2054 1294 2088 praeses,
1314 2045 1400 2078 bona
1424 2044 1490 2084 illa,
1512 2047 1595 2088 quae
1619 2044 1802 2079 institutum

1065 2097 1105 2130 de
1136 2097 1203 2130 suis
1235 2097 1376 2138 adiecit,
1408 2097 1512 2131 libere
1536 2097 1600 2132 alio
1626 2098 1802 2132 transferre

1066 2150 1170 2194 possit
1193 2155 1225 2183 et
1248 2151 1364 2184 valeat.
1813 2184 1818 2195 ¹

1110 2213 1152 2237 LI.
1178 2203 1214 2236 In
1231 2203 1436 2246 acceptandis
1457 2203 1652 2244 seminariis,
1670 2203 1802 2238 traditio

1067 2255 1122 2289 fini
1137 2255 1232 2289 huius
1256 2255 1394 2289 instituti
1417 2266 1484 2289 non
1503 2255 1544 2288 sit
1560 2256 1733 2297 contraria,
1754 2266 1804 2289 re-

1069 2309 1178 2352 liquae
1214 2308 1420 2342 conditiones
1456 2308 1637 2342 fundatoris
1668 2308 1804 2342 arbitrio
1849 2346 1856 2349 s

1069 2366 1202 2395 manent
1230 2361 1406 2395 subiectae.
1433 2361 1473 2395 Ut
1502 2361 1666 2396 inhabiles
1698 2363 1805 2395 exelu-

1071 2415 1207 2457 dantur,
1229 2415 1474 2449 adolescentum
1497 2415 1679 2459 susceptio,
1696 2418 1729 2448 et
1752 2424 1818 2458 eof,

1107 2486 1117 2511 1
1142 2484 1211 2512 Edit.
1227 2484 1309 2511 Main.
1326 2484 1391 2519 legit
1409 2486 1526 2519 possunt
1540 2483 1637 2518 (axia).

1106 2528 1123 2556 2
1143 2528 1213 2556 Edit.
1233 2527 1312 2556 Μαίη.
1335 2527 1400 2564 legit
1418 2528 1472 2556 alii
1493 2528 1533 2563 (n.
1553 2527 1603 2560 T.)-

1797 143 1850 173 Αη.
1869 143 1898 173 C.
1915 143 1984 174 163⁵
