2111 3157
0 218 18 238 ι.
33 208 60 237 C.
83 208 149 237 ¹688

197 268 250 292 xn.
278 257 308 291 Si
334 268 405 301 quis
429 267 570 300 unquam
589 257 787 299 reperiretur
803 256 887 288 inter

155 322 225 352 nos,
244 311 296 355 qui
319 311 417 354 impie
434 310 569 343 iurando
587 310 619 342 in
637 310 733 342 verba
754 310 792 342 de
810 310 886 349 Deo,

154 375 208 397 seu
235 363 457 403 sacramentis,
480 364 531 396 vel
549 363 672 396 Sanctis
694 362 761 395 eius
782 361 886 405 turpia

155 418 220 451 sive
245 417 481 450 contumeliosa
504 421 738 460 prorumperet,
776 414 887 457 impie-

155 476 220 504 tate
243 470 414 504 verborum
439 470 614 512 diligenter
637 470 782 512 pensata,
808 473 888 500 tam-

154 535 249 568 quam
273 522 464 557 execrabilis
490 528 521 555 et
544 522 767 565 blasphemus,
793 525 887 563 prout

153 588 244 612 casus
262 577 415 619 exegerit,
437 586 562 619 poenae
580 574 744 614 wbiaceat
761 572 887 615 gravio-

154 631 191 664 ri.
215 630 245 664 Si
271 629 342 673 quis
361 639 437 662 vero
463 638 546 672 quae
565 627 643 660 dicit
658 625 794 658 iurando
812 625 887 657 sim-

151 683 279 727 pliciter
302 692 360 726 per
378 682 490 721 Deum,
506 691 564 723 per
586 679 681 721 fidem
705 689 809 718 Suam,
828 689 886 721 per

153 736 331 775 Christum,
353 735 399 767 sic
426 734 512 767 Deus
539 743 588 765 me
606 731 748 771 adiuvet,
772 737 826 764 aut
850 731 885 763 si-

153 789 221 822 mili
246 789 354 828 modo,
381 787 531 820 audiente
555 795 620 818 uno
646 785 694 818 vel
724 784 883 826 pluribus,

153 840 371 879 affirmaverit,
387 839 527 882 graviter
543 837 706 880 puniatur,
729 840 760 869 et
780 836 804 868 si
824 836 886 868 hoc

152 904 211 937 pro
231 891 465 926 consuetudine
491 890 611 929 fecerit,
629 889 735 921 adhuc
759 888 884 930 gravius

151 946 313 990 puniatur.
350 944 437 977 Idem
472 953 645 976 censemus
680 942 719 974 de
753 952 803 981 eo,
831 942 884 984 qui

150 1000 248 1033 verba
273 1003 304 1031 et
332 996 509 1030 sententias
539 1001 669 1028 sanctae
701 995 884 1037 Scripturae

151 1051 350 1085 converterit
367 1050 415 1083 vel
441 1048 572 1082 torserit
589 1048 627 1081 ad
647 1058 729 1081 vana
748 1052 779 1081 et
799 1057 886 1080 scur-

153 1105 223 1139 rilia
249 1105 358 1138 verba.

194 1168 258 1192 xiii.
283 1157 375 1191 Prior
400 1166 457 1200 per
473 1155 708 1189 contumaciam
727 1159 759 1187 et
779 1155 886 1187 rebel-

150 1211 272 1245 lionem
298 1209 454 1243 recedens
479 1209 518 1242 ab
543 1207 728 1241 obedientia
757 1213 789 1240 et
812 1217 886 1250 pro-

154 1264 288 1297 fessione
313 1262 451 1302 Ordinis,
482 1262 554 1305 ipso
579 1261 660 1294 facto
686 1266 733 1294 est
757 1260 887 1303 deposi-

152 1322 211 1357 tus,
226 1322 258 1349 et
282 1315 534 1349 criminosorum
558 1316 664 1357 poena
689 1314 817 1356 dignus.

193 1380 255 1403 xtV.
278 1368 310 1401 Si
331 1368 464 1407 crimen,
481 1377 539 1410 pro
558 1377 622 1410 quo
644 1366 781 1399 carceris
806 1366 886 1398 irro-

150 1421 256 1465 ganda
281 1426 329 1454 est
352 1430 470 1463 poena,
503 1419 697 1463 probatione
726 1419 883 1461 indigeat,

150 1485 211 1508 nec
227 1484 285 1518 per
309 1478 438 1506 nostros
463 1472 593 1515 probari
619 1476 726 1515 queat,
748 1472 886 1504 saecula·

149 1538 201 1561 res
218 1527 326 1560 idonei
345 1526 446 1569 recipi
461 1532 597 1569 possunt
611 1525 642 1557 in
658 1524 886 1558 testimonium.

148 1580 240 1620 Quod
264 1580 289 1612 si
314 1579 444 1623 probari
466 1579 598 1612 omnino
616 1583 765 1621 nequeat,
785 1578 888 1610 nemi-

150 1633 183 1667 ni
208 1633 343 1672 dicatur,
368 1632 431 1665 nisi
463 1631 691 1670 visitatoribus,
718 1631 831 1674 priori,
858 1636 889 1663 et

150 1684 198 1719 illi
225 1685 280 1729 qui
301 1690 471 1728 suspectus
496 1684 656 1723 habetur,
691 1685 748 1716 sub
787 1684 888 1716 forma

150 1743 258 1771 tamen
283 1737 444 1770 fraternae
462 1736 684 1776 correctionis,
707 1741 738 1769 et
756 1746 821 1769 non
840 1747 889 1769 ac-

152 1789 344 1831 cusationis,
372 1789 396 1822 si
428 1789 519 1833 prior
551 1789 614 1821 hoc
645 1789 885 1832 approbaverit.

152 1842 302 1877 Ceterum
341 1843 429 1886 prior
464 1847 495 1875 et
529 1842 708 1875 visitatores
744 1842 886 1874 districte

152 1896 362 1940 prohibeant,
378 1906 418 1929 ne
438 1895 519 1929 illud
536 1896 687 1938 cuiquam
704 1896 796 1928 alteri
814 1906 886 1928 ma-

152 1949 334 1983 nifestetur.
360 1949 391 1982 Si
424 1948 495 1992 quis
527 1949 767 1988 contrafecerit,
797 1959 833 1981 ac
860 1949 886 1981 si

152 2002 184 2036 in
202 2003 392 2046 probatione
414 2002 594 2041 defecisset,
613 2002 782 2035 iudicetur.

196 2066 244 2089 xv,
280 2055 450 2088 Criminosi
485 2065 544 2097 per
575 2054 678 2087 solum
710 2055 886 2097 capitulum

154 2109 304 2151 generale
321 2113 377 2140 aut
390 2107 603 2140 reverendum
618 2112 740 2150 patrem
754 2114 888 2150 possunt

154 2171 171 2194 e
195 2171 324 2194 carcere
342 2160 460 2194 educi..

196 2224 256 2248 xv1.
274 2213 444 2247 Criminosi
462 2212 602 2246 confessi
619 2222 726 2247 coram
745 2213 886 2254 testibus,

154 2268 203 2301 vel
231 2266 378 2306 convicti,
409 2266 505 2299 etiam
526 2271 698 2309 postquam
716 2277 731 2299 e
758 2277 887 2301 carcere

156 2324 229 2353 sunt
245 2319 350 2353 educti
376 2324 408 2352 et
431 2317 518 2351 omni
542 2318 711 2361 disciplina
733 2319 885 2360 absoluti,

157 2373 227 2405 loco
257 2377 290 2406 et
313 2371 411 2405 activa
435 2381 471 2403 ac
495 2370 620 2413 passiva
644 2381 722 2404 voce
747 2377 887 2413 careant,

155 2423 218 2457 nisi
253 2424 300 2457 eis
336 2433 487 2467 expresse
523 2422 621 2455 suerit
654 2423 799 2456 restituta
830 2434 888 2466 per

156 2477 333 2521 capitulum
350 2477 502 2520 generale
521 2480 576 2509 aut
600 2476 810 2509 reverendum
832 2487 887 2520 pa-

156 2533 247 2563 trem.

198 2593 271 2618 xvii.
293 2583 473 2625 Criminosi,
499 2588 670 2629 postquam
687 2582 792 2616 educti
813 2588 887 2616 sunt

734 206 945 233 lNNOCENTlUS
967 207 996 231 xl
1023 207 1069 232 PP-

930 255 968 287 dc
1000 265 1139 295 carcere,
1167 255 1379 298 quadraginta
1413 254 1527 288 diebus
1558 266 1663 288 comc-

930 307 1006 339 dant
1041 308 1080 340 ad
1109 312 1228 341 terram
1253 318 1348 351 super
1373 318 1515 340 asserem
1539 308 1662 341 nudum

930 371 1022 393 mane
1041 367 1071 394 et
1088 371 1230 404 vespere,
1248 361 1442 404 computatis
1463 361 1577 394 diebus
1595 361 1663 405 qui-

930 414 988 445 bus
1013 414 1333 447 communicaverunt
1353 414 1385 447 in
1416 419 1586 455 conventu,
1613 415 1662 447 vel

930 467 1103 510 episcopus
1136 473 1189 500 aut
1220 468 1325 510 aliqua
1358 468 1492 510 insignis
1524 478 1662 511 persona

930 520 1109 552 comederit
1141 520 1172 552 in
1208 520 1393 559 refectorio,
1425 521 1456 553 in
1483 521 1596 563 quibus
1622 521 1661 553 ad

931 577 1047 604 terram
1084 583 1146 605 non
1183 574 1364 613 comedant,
1389 579 1420 606 et
1454 585 1513 616 per
1545 585 1662 606 annum

930 625 1088 666 integrum
1115 627 1297 667 generalem
1323 631 1452 659 teneant
1472 626 1598 659 Ordinis
1617 626 1662 659 di-

929 678 1110 720 sciplinam.
1125 678 1353 711 Verumtamen
1369 679 1491 721 priores
1506 684 1662 722 poterunt

928 742 987 774 pro
1005 732 1160 774 qualitate
1179 731 1322 763 criminis
1344 737 1375 764 et
1399 742 1558 774 personae
1585 732 1662 764 duas

930 785 987 816 has
1014 794 1137 826 poenas
1162 783 1334 823 moderari,
1354 794 1418 816 non
1438 789 1541 816 tamen
1561 784 1662 816 omni-

929 847 970 869 no
996 837 1152 875 relaxare,
1174 841 1205 868 et
1233 835 1264 867 in
1294 835 1355 867 hoc
1383 846 1448 879 non
1477 835 1540 867 sint
1568 835 1663 868 nimis

930 889 1052 923 faciles.

971 952 1057 976 xv111.
1084 941 1261 984 Disciplina
1285 933 1391 973 autem
1418 940 1578 983 generalis
1606 939 1663 973 Or-

928 996 1012 1029 dinis
1038 996 1091 1037 (de
1109 1006 1172 1038 qua
1189 995 1221 1027 in
1239 994 1366 1027 statutis
1383 993 1510 1036 saepius
1531 993 1563 1024 sit
1579 1003 1664 1026 men-

929 1050 986 1092 tio)
1005 1049 1076 1082 talis
1094 1053 1153 1081 est.
1168 1047 1366 1090 Quicumque
1384 1047 1468 1079 hanc
1485 1046 1662 1085 incurrunt,

928 1101 1081 1145 quamdiu
1110 1100 1143 1133 in
1169 1102 1206 1133 ea
1231 1105 1305 1132 sunt
1336 1099 1514 1139 constituti,
1536 1109 1663 1142 semper

928 1160 1004 1187 sunt
1027 1153 1137 1188 novitii
1160 1159 1192 1186 et
1213 1158 1325 1186 carent
1349 1152 1512 1196 colloquio
1535 1152 1567 1184 in
1590 1162 1664 1184 con-

928 1214 1046 1242 ventu:
1073 1207 1207 1250 singulis
1229 1206 1341 1239 diebus
1365 1205 1496 1249 capituli
1520 1204 1662 1248 discipli-

929 1273 986 1294 nas
1018 1261 1196 1304 recipiunt,
1230 1258 1371 1301 exceptis
1402 1257 1513 1291 diebus
1546 1257 1663 1300 quibus

929 1314 1249 1349 communicaverunt
1273 1313 1323 1345 vel
1348 1310 1587 1345 communicare
1609 1310 1664 1343 de-

929 1370 1017 1401 bent.
1037 1368 1129 1400 Tales
1147 1367 1242 1399 etiarn
1261 1376 1326 1398 non
1349 1364 1471 1397 habent
1496 1374 1605 1396 vocem
1631 1363 1663 1396 in

929 1420 1082 1464 capitulo,
1101 1420 1151 1452 vel
1169 1418 1246 1451 alibi
1265 1418 1297 1450 in
1315 1423 1484 1457 conventu,
1506 1426 1564 1449 nec
1589 1426 1664 1449 con-

931 1480 976 1506 tra
1007 1474 1157 1516 aliquem,
1186 1481 1247 1504 nec
1279 1470 1511 1510 obedientiam,
1541 1469 1666 1502 scilicet

929 1527 1118 1569 prioratum,
1156 1524 1354 1563 vicariatum,
1388 1522 1661 1566 procurationem,

929 1578 1115 1617 sacristiam,
1129 1578 1233 1610 donec
1247 1586 1304 1619 per
1322 1576 1495 1619 capitulum
1510 1576 1664 1618 generale

929 1638 984 1664 aut
1003 1631 1216 1664 reverendum
1235 1633 1360 1672 patrem
1379 1639 1395 1661 a
1414 1627 1468 1660 tali
1494 1627 1665 1671 disciplina

930 1685 1120 1718 liberentur.

973 1749 1034 1771 xlx.
1054 1737 1207 1771 Ordinem
1224 1746 1300 1768 vero
1320 1740 1427 1768 tenere
1445 1742 1493 1767 est
1512 1734 1591 1766 feria
1616 1744 1665 1766 se-

930 1792 1033 1824 cunda
1054 1796 1086 1823 et
1120 1791 1232 1833 quarta
1266 1798 1349 1831 pane
1375 1792 1406 1820 et
1429 1786 1567 1829 coquina
1592 1796 1664 1818 esse

929 1848 1127 1882 contentum,
1148 1842 1227 1874 seria
1247 1840 1340 1873 tertia
1357 1844 1389 1872 et
1406 1839 1549 1879 sabbato,
1570 1850 1664 1882 pane,

931 1897 1004 1929 vino
1030 1901 1061 1929 et
1086 1895 1246 1938 coquina;
1266 1893 1343 1926 feria
1361 1898 1464 1925 autem
1490 1892 1612 1932 quinta,
1633 1897 1665 1926 et

930 1950 1043 1983 diebus
1074 1948 1222 1991 capituli,
1248 1952 1279 1980 et
1304 1946 1391 1979 festis
1424 1946 1591 1979 duodecim
1624 1953 1666 1978 te-

929 2004 1082 2042 ctionum,
1109 2011 1199 2034 more
1238 2004 1426 2038 conventus,
1465 1998 1665 2031 abstinentia

928 2055 1066 2094 Ordinis,
1092 2053 1153 2086 nisi
1178 2052 1348 2085 manifesta
1365 2050 1541 2084 necessitas
1567 2050 1663 2084 inter·

930 2108 1024 2147 dicat,
1044 2106 1140 2139 etiam
1159 2105 1339 2138 observata.

972 2171 1020 2193 xx.
1048 2158 1218 2192 Criminosi
1245 2168 1261 2189 a
1285 2157 1390 2200 primo
1417 2156 1467 2189 die
1484 2155 1664 2189 incarcera-

930 2213 1027 2246 tionis
1045 2222 1168 2251 eorum,
1185 2215 1216 2244 et
1232 2210 1387 2253 deinceps
1413 2220 1472 2252 per
1495 2219 1548 2241 sex
1573 2219 1661 2242 men-

929 2277 990 2305 ses,
1017 2265 1158 2298 habeant
1178 2263 1341 2298 dimidiam
1362 2262 1543 2305 portionem
1568 2262 1661 2305 panis

930 2317 1161 2357 conventualis,
1195 2321 1226 2349 et
1261 2321 1390 2348 utantur
1423 2315 1497 2348 vino
1523 2314 1663 2348 familiae

931 2377 984 2404 aut
1016 2370 1173 2404 cervisia:
1212 2369 1250 2401 de
1283 2379 1363 2412 pane
1396 2378 1472 2401 vero
1496 2367 1661 2410 familiae,

931 2429 1084 2468 quantum
1102 2432 1234 2455 necesse
1252 2421 1361 2461 fuerit,
1377 2421 1473 2454 detur
1490 2420 1546 2454 eis.
1563 2421 1663 2455 Porro

930 2478 962 2509 in
991 2476 1080 2509 festis
1109 2475 1242 2518 capituli
1274 2475 1321 2507 eis
1354 2474 1503 2507 victualia
1527 2474 1608 2507 sicut
1631 2480 1663 2508 et

929 2527 1099 2562 conventui
1116 2527 1350 2560 ministrentur.
1361 2526 1540 2560 Ferialibus
1554 2533 1661 2560 autern

929 2582 1064 2621 dicbus,
1095 2580 1216 2626 aliquid
1245 2579 1363 2613 iudicio
1391 2579 1509 2624 prioris
1540 2579 1586 2614 eis
1623 2590 1660 2613 ex

1562 198 1624 231 879
1671 208 1717 233 An.
1737 208 1762 234 C.
1791 208 1854 234 1688
