2111 3157
0 223 44 253 An.
59 220 176 263 (most
204 252 211 256 ⁴

187 279 328 304 veranno
356 278 482 313 sempre
508 269 678 303 obhedire.
704 269 775 303 Non
799 270 920 303 riceve-

181 322 288 358 ‘ranno
312 335 371 367 per
395 325 534 357 serventi
566 335 599 358 se
626 335 692 357 non
723 335 862 368 persone
887 324 918 357 di

185 376 320 411 costumi
345 377 527 420 esemplari,
546 377 577 410 di
597 377 697 410 1)11011’
710 377 820 410 indole
845 387 860 409 e
887 377 918 409 di

178 425 292 464 ‘buona
311 430 416 471 nima,
444 430 504 463 che
528 441 595 464 non
619 431 711 463 siano
737 429 917 462 contumaci

187 494 204 516 e
229 483 368 516 abbiano
394 484 476 516 altro
501 483 564 516 fine
597 484 658 516 che
684 483 714 516 di
739 483 856 515 servire
887 484 916 515 al

183 535 332 578 Signore,
352 536 412 568 che
436 546 502 569 non
526 536 659 579 passino
685 535 862 570 trent'anni
885 535 916 567 di

183 589 243 627 eta,
259 599 276 621 e
301 589 361 621 che
386 598 452 621 non
477 589 618 621 abbiano
645 588 777 630 moglie.

182 661 188 679 v,
227 640 258 673 ⁶2.
285 640 317 673 Si
342 640 637 674 comunicheranno
664 645 745 673 tutte
770 641 800 673 le
825 640 914 679 feste,

184 704 201 727 e
225 704 268 726 un
294 694 375 726 altro
400 694 515 736 giorno
537 698 585 726 tra
604 695 635 726 la
659 693 839 733 settimana,
854 693 914 726 che

181 747 253 780 loro
270 746 298 779 si
315 747 489 788 assegnera
506 746 558 779 dal
578 746 746 786 ministro;
772 756 789 779 e
814 756 915 788 quan-

183 798 223 831 do
246 798 423 831 succedera
455 799 486 830 la
517 803 634 838 morte,
661 797 687 830 si
713 808 913 841 esporranno

181 850 215 883 in
239 850 349 883 chiesa
372 860 434 883 con
458 855 587 893 quattro
612 856 714 890 torce‚
730 861 747 883 e
764 850 913 883 ciascuno

181 903 348 946 dc'padri‚
389 903 590 936 nell'istessa
624 903 758 936 mattina
793 903 825 935 in
861 903 913 936 cui

181 957 254 989 sara
285 960 414 999 esposto
445 956 468 990 il
500 956 664 997 cadavere,
691 953 855 990 eelebrera
884 958 913 989 la

178 1019 285 1043 messa
309 1019 366 1052 per
390 1008 523 1042 l'anima
549 1010 600 1042 del
624 1010 768 1043 defunto.

1 1071 168 1097 Mandatumpro
229 1073 242 1094 a
273 1061 347 1094 Visa
382 1061 602 1104 assignatione
631 1073 810 1096 annuorum
843 1073 914 1095 scu-

2 1101 168 1146 13ἓῖιέἕὲἰῖιῶῗῇ
180 1120 286 1148 torum
305 1115 517 1158 quadraginta
533 1115 677 1158 quinque
694 1122 842 1149 monetae
854 1127 916 1159 pro

179 1169 418 1211 complemento
444 1168 542 1201 annui
568 1169 714 1202 redditus
746 1175 912 1202 scutorum

179 1225 367 1261 tercentum,
383 1232 441 1264 pro
467 1222 541 1255 dote
567 1222 712 1255 eiusdem
733 1223 914 1265 Congrega-

178 1274 277 1307 tionis
299 1279 331 1307 et
348 1285 483 1308 onerum
501 1275 548 1308 illi
567 1276 824 1308 incumbentium
842 1288 914 1319 sup-

178 1327 373 1371 portatione,
394 1327 475 1359 sacta
507 1338 523 1360 a
548 1328 819 1361 reverendissimo
857 1329 914 1362 do-

179 1379 268 1413 mino
292 1379 424 1413 Claudio
442 1379 559 1423 loseph
583 1381 672 1413 Hahe
697 1381 756 1413 sub
782 1381 832 1414 die
859 1392 913 1415 xiu

179 1433 290 1476 aprilis
307 1441 495 1471 MDCLxxXIv,
514 1433 649 1476 aliisque
667 1433 741 1465 visis
754 1434 914 1474 videndis,

180 1485 394 1518 consideratis
426 1485 681 1526 considerandis,
709 1492 740 1519 et
766 1492 829 1519 tam
862 1498 915 1520 au-

181 1538 331 1572 ctoritate
345 1538 478 1581 propria
495 1539 667 1579 ordinaria,
691 1550 786 1582 quam
803 1541 914 1583 vigore

181 1590 369 1624 facultatum
393 1591 496 1624 dictae
522 1602 631 1624 sacrae
652 1591 915 1634 Congregationis

181 1644 372 1677 visitationis
391 1644 452 1677 sibi
469 1645 645 1687 delegatae,
661 1650 691 1678 et
709 1646 826 1685 omnia,
841 1652 915 1686 etc.,

182 1696 382 1741 praedictam
411 1697 701 1739 Congregationem
726 1698 756 1730 S.
785 1698 915 1742 losephi

182 1749 267 1792 apud
298 1749 401 1792 ipsam
433 1750 603 1782 ecclesiam
635 1750 665 1782 S.
696 1750 915 1792 Pantaleonis,

181 1812 242 1846 pro
267 1801 507 1835 conviventibus
527 1808 558 1834 et
582 1813 647 1835 non
673 1804 917 1838 conviventibus

182 1855 373 1898 iampridem
384 1860 417 1887 ut
430 1846 611 1898 praefertur
629 1861 780 1896 erectam,
796 1857 826 1889 in
842 1857 918 1890 Con.

183 1908 407 1951 gregationem
424 1918 484 1951 pro
502 1909 725 1941 sacerdotibus
745 1915 774 1941 et
792 1910 918 1943 clericis

183 1965 308 1994 tantum
333 1961 366 1993 in
384 1961 454 2004 ipsa
474 1961 715 1994 conviventibus
742 1962 800 1994 sub
826 1974 920 2005 regu-

183 2013 223 2048 lis
249 2019 281 2047 et
305 2013 587 2047 constitutionibus
605 2016 833 2057 praenarratis,
851 2016 919 2049 sine

185 2072 294 2100 tamen
319 2067 455 2100 alicuius
480 2067 544 2099 voti
561 2067 717 2100 solemnis
736 2068 919 2109 emissione,

183 2119 352 2153 restrinxit
368 2124 400 2152 et
417 2119 554 2159 reduxit,
573 2124 604 2152 et
624 2120 742 2159 denuo,
762 2127 921 2163 quatenus

187 2183 268 2216 opus
292 2172 342 2214 sit,
358 2173 460 2206 erexit
485 2178 516 2205 et
540 2172 688 2213 instituit,
707 2174 802 2216 erigit
820 2181 850 2207 ct
874 2176 921 2208 in-

187 2225 307 2266 stituit;
346 2225 515 2269 eidemque
552 2236 696 2259 annuum
729 2233 921 2270 perpetuum

186 2279 348 2313 redditum
363 2280 602 2322 praedictorum
617 2284 833 2312 tercentorum
853 2291 923 2313 scu-

188 2337 296 2366 torum
321 2332 462 2375 applieat
486 2337 519 2365 et
543 2331 701 2372 attribuit,
729 2338 822 2376 atque
852 2344 921 2366 eos-

190 2385 262 2418 dem
279 2391 387 2428 patres
405 2390 552 2418 oratores
576 2385 792 2424 conviventes,
812 2396 847 2418 30
863 2397 922 2429 pro

190 2441 335 2480 tempore
362 2437 542 2476 existentes,
570 2437 667 2470 huius
700 2437 845 2470 eiusdem
872 2449 923 2472 no-

190 2498 248 2522 vae
273 2489 540 2532 Congregationis
558 2488 724 2522 eiusdem¹
744 2500 861 2533 corpus
879 2492 923 2525 le-

229 2604 240 2633 1
262 2603 315 2630 Vox
335 2603 461 2632 eiusdem
481 2604 575 2631 iterata
594 2603 727 2632 redundat
747 2604 782 2640 (n.
798 2605 845 2639 1,).

760 220 971 246 INNOCENTIUS
992 221 1022 245 XI
1047 221 1095 246 1³1⁵.

1587 211 1649 246 007
1695 221 1743 247 Αιι.
1762 220 1790 248 c.
1815 220 1882 247 tosa

962 268 1071 311 gitime
1110 268 1305 303 constituere
1346 269 1504 310 decrevit,
1553 271 1692 303 exclusis

961 324 1108 357 omnibus
1138 334 1204 356 non
1235 324 1476 357 conviventibus
1507 335 1524 356 a
1556 334 1693 367 corpore

960 367 1104 409 eiusdem
1129 376 1414 419 Congregationis;
1442 378 1559 420 quibus
1586 382 1692 410 tamen

960 438 1016 469 pro
1042 434 1186 471 tempore
1210 440 1321 462 eorum
1342 430 1502 462 exercitiis
1521 430 1694 473 spirituali-

959 480 1016 512 bus
1041 482 1099 513 sub
1125 481 1301 514 directione
1321 483 1455 515 3110111115
1482 494 1518 516 ex
1544 485 1692 518 sacerdo-

958 533 1043 565 tibus
1074 535 1316 568 conviventibus
1349 537 1552 579 peragendis,
1584 539 1691 571 aulam

958 586 1160 628 superiorem
1181 587 1346 621 sacristiae
1364 589 1600 630 imminentem,
1618 601 1690 624 cum

957 639 1052 670 altari
1077 644 1110 671 et
1133 640 1272 682 imagine
1294 642 1395 674 sancti
1412 643 1542 685 loseplii
1561 649 1635 676 ante
1653 645 1691 677 il-

956 691 1010 723 lud
1035 692 1174 734 appicta,
1199 703 1258 735 pro
1283 695 1424 726 oratorio
1454 696 1630 737 assignavit
1660 704 1691 730 et

956 743 1119 785 assignat;
1155 749 1254 787 utque
1291 747 1440 779 omnibus
1485 753 1517 780 et
1552 748 1689 790 singulis

956 796 1146 838 privilegiis,
1184 797 1317 830 indultis
1355 804 1387 831 et
1422 800 1545 841 gratiis,
1573 802 1689 843 quibus

955 849 1035 881 aliae
1061 850 1223 892 legitimae
1249 852 1512 895 presbyterorum
1543 859 1574 886 et
1598 856 1692 888 cleri-

956 912 1067 935 corum
1080 903 1294 936 saecularium
1306 906 1575 947 congregationes
1587 909 1692 941 01001-

956 955 1040 997 legia
1057 955 1216 988 eiusmodi
1234 957 1273 989 de
1291 957 1368 996 iure,
1388 968 1446 991 usu
1472 964 1504 991 et
1520 966 1692 993 consuetu-

956 1007 1044 1047 dine,
1078 1014 1132 1041 aut
1164 1009 1240 1042 alias
1269 1011 1517 1053 quomodolibet
1542 1017 1687 1054 utuntur,

956 1060 1114 1101 fruuntur,
1146 1062 1314 1105 potiuntur
1341 1069 1371 1095 et
1399 1065 1549 1106 gaudent,
1575 1076 1610 1098 ac
1634 1067 1689 1107 1111,

957 1113 1027 1153 frui,
1054 1114 1151 1156 potiri
1178 1120 1209 1147 et
1233 1116 1373 1157 gaudere
1398 1123 1533 1159 possunt
1551 1124 1583 1150 et
1599 1125 1690 1161 pote·

957 1173 1032 1199 runt
1049 1167 1082 1199 in
1098 1168 1250 1207 futurum,
1269 1169 1369 1202 libere
1393 1176 1423 1201 et
1443 1170 1529 1203 110110
1551 1173 1691 1213 gaudere

957 1220 1082 1262 possint
1114 1227 1144 1253 et
1169 1222 1305 1260 valeant,
1331 1222 1473 1265 benigne
1499 1224 1531 1256 in
1556 1225 1691 1258 Domino

956 1274 1117 1306 concessit
1135 1278 1166 1306 et
1190 1274 1346 1315 indulsit,
1373 1286 1409 1308 ac
1426 1276 1563 1319 proinde
1582 1279 1691 1311 01111113

956 1327 1040 1359 bona
1057 1326 1174 1359 intuitu
1190 1327 1333 1360 eiusdem
1348 1327 1614 1372 Congregationis
1631 1332 1692 1364 huc

956 1389 1056 1422 usque
1081 1379 1250 1422 acquisita,
1270 1380 1397 1423 aliaque
1424 1382 1527 1423 legata
1553 1383 1617 1425 pia,
1637 1385 1692 1417 do-

956 1432 1112 1471 nationes,
1131 1433 1353 1474 eleemosynas
1379 1439 1410 1465 et
1434 1434 1577 1468 fidelium
1604 1437 1691 1469 obla-

957 1486 1060 1518 tiones
1086 1485 1117 1517 in
1136 1490 1303 1528 posterum
1324 1486 1531 1528 assignandas
1557 1494 1587 1521 et
1612 1490 1692 1522 elar-

956 1539 1098 1582 giendas,
1129 1538 1235 1571 eidem
1260 1538 1507 1581 Congregationi
1545 1552 1580 1574 ex
1607 1553 1693 1575 nunc

957 1598 1054 1635 prout
1079 1602 1114 1624 ex
1135 1596 1209 1624 tunc
1230 1592 1373 1634 applicat
1391 1599 1420 1625 et
1438 1595 1640 1638 appropriat,
1658 1596 1694 1629 il-

958 1647 1059 1678 lorum
1092 1645 1235 1678 omnium
1267 1647 1482 1688 corporalem,
1509 1649 1629 1681 realem
1662 1655 1694 1682 et

958 1700 1116 1731 actualem
1136 1697 1375 1740 possessionem
1392 1699 1495 1732 libere
1514 1702 1694 1744 apprehen-

936 1753 1036 1785 .dere
1062 1756 1093 1783 et
1123 1756 1282 1793 perpetuo
1315 1751 1466 1791 retinere,
1499 1753 1692 1797 fructusque,

937 1839 939 1848 ⁴
960 1804 1107 1838 redditus
1133 1809 1164 1835 et
1188 1809 1375 1846 proventus,
1401 1804 1469 1837 iura
1495 1811 1527 1838 et
1551 1807 1695 1840 actiones

938 1864 990 1894 ,et
1015 1858 1236 1890 emolumenta
1261 1867 1484 1901 quaecumque
1513 1860 1693 1902 percipere,

961 1911 1101 1952 exigere,
1121 1910 1226 1941 levare
1252 1914 1283 1941 ct
1307 1920 1512 1953 recuperare,
1534 1922 1569 1944 ac
1594 1912 1626 1944 in
1653 1913 1695 1945 (11-

960 1970 1028 1996 ctae
1053 1962 1318 2003 Congregationis
1350 1973 1441 1995 usum
1471 1968 1502 1996 et
1525 1964 1696 1998 utilitatem

962 2018 1147 2048 convertere
1173 2025 1280 2057 posse,
1295 2016 1396 2048 voluit
1421 2021 1452 2049 et
1476 2018 1649 2051 mandavit.

1012 2068 1050 2100 Et
1086 2068 1214 2100 demum
1251 2078 1309 2110 pro
1351 2068 1497 2101 eiusdem
1536 2071 1890 2121 9111011110νῖωξξξΐᾶῑῡξῇζῗ

963 2121 1216 2155 constitutiones
1237 2121 1419 2164 praedictas
1438 2123 1476 2155 de
1500 2117 1890 2181 01111110111130ὲ’,·ῃ,;“ῃῑ;·ῐ-ι·’ῑω[ι;”μᾚζ

963 2186 1036 2208 suae
1073 2175 1185 2208 ordine
1221 2174 1419 2217 compilatas,
1446 2181 1477 2208 et
1500 2181 1534 2208 ut
1559 2178 1784 2219 praescr-mrum-

965 2234 1015 2260 tur
1043 2228 1170 2267 revisas
1201 2228 1359 2270 approbat
1387 2234 1418 2261 ct
1445 2229 1626 2270 conii1·mat;
1653 2242 1698 2264 re-

964 2286 1090 2314 servato
1117 2281 1177 2312 sibi
1199 2280 1283 2320 iure,
1302 2291 1361 2324 per
1382 2291 1414 2314 se
1441 2283 1489 2314 vel
1517 2294 1576 2325 per
1601 2284 1698 2317 alium

965 2346 982 2367 a
1006 2344 1038 2366 se
1060 2334 1293 2376 deputandum,
1316 2339 1468 2377 computa
1501 2341 1532 2367 et
1564 2337 1699 2370 admini-

965 2386 1136 2419 strationes
1162 2385 1400 2428 praedictorum
1426 2386 1597 2420 ell'cctuum
1620 2388 1700 2422 Con-

965 2438 1172 2481 gregationis‚
1190 2448 1292 2480 usque
1313 2438 1351 2470 ad
1378 2444 1583 2480 praesentem
1601 2441 1698 2482 diem,

966 2501 1093 2524 necnon
1119 2490 1293 2533 quotannis
1311 2490 1342 2522 in
1362 2491 1517 2532 futurum,
1537 2493 1618 2526 etin
1637 2493 1699 2527 sine

966 2544 1224 2583 anni,revidendi
1244 2549 1275 2576 et
1293 2545 1709 2592 011·3111111311(11,01111511Ρο1ζ1

966 2596 1160 2641 praemissis,
1180 2602 1252 2638 etin,
1268 2597 1384 2639 omnia,
1404 2604 1465 2643 cte.
1693 2592 1697 2599 Ι
