2111 3157
81 204 129 231 An.
146 202 174 230 C.
195 201 266 229 1586

850 198 1060 226 INNOCENTIUS
1081 200 1112 224 Xl
1137 200 1186 224 1³1³.

269 259 339 283 mus
356 250 516 293 regularis
536 254 568 283 et
583 249 797 294 congregatio
810 250 917 283 Matris
934 249 1002 289 Dei,

271 312 365 346 quam
391 304 576 347 supradicta
590 303 782 336 universitas
796 302 1003 336 Candelario-

270 365 353 397 rum,
377 357 510 400 eiusque
536 356 741 396 honiines,in
765 357 814 389 vel
839 357 1003 399 superea-

271 409 344 442 dem
368 410 468 443 veteri
494 409 641 450 ecelesia,
679 409 812 453 eiusque
836 408 1002 447 altaribus,

270 462 426 495 membris
450 467 482 495 et
505 462 708 509 pertinentiis
733 462 1002 505 quibuscumque,

271 520 324 547 aut
348 515 444 548 etiam
478 514 584 548 forsan
619 525 715 558 super
739 517 821 548 nova
853 513 1001 551 ecclesia,

270 575 351 608 quae
386 571 420 598 ut
443 565 628 608 praefertur
657 564 780 598 domini
811 564 889 596 Livii
915 563 1004 596 ducis

269 617 418 660 impensa
442 617 639 658 aedificatur,
671 628 707 650 ex
736 615 1001 660 praemissorum,

270 670 372 704 aliave
398 681 611 714 quacumque,
631 672 736 711 causa,
763 669 940 708 occasione,
966 669 1004 700 ti-

269 724 346 763 tulo,
371 724 501 763 colore,
526 728 696 767 praetextu
722 728 754 756 et
777 723 882 765 capite
907 722 1002 755 etiam

269 776 472 819 quantumvis
502 776 649 819 legitimo
680 781 712 809 et
741 776 888 816 iuridico‚
925 784 1004 818 quo—

268 829 505 873 modocumque
539 829 764 872 praetendere,
797 828 864 861 sive
901 828 939 861 ad
971 838 1003 860 se

268 887 415 926 spectare
440 888 472 915 et
495 882 658 925 pertinere
683 892 831 916 asserere
867 886 1005 924 possent

269 936 462 979 respective,
486 936 525 968 ab
551 936 671 969 eisdem
696 936 822 969 clericis
848 934 1003 978 regulari-

267 988 328 1022 bus
353 999 532 1033 eorumque
564 989 660 1023 domo
692 989 833 1033 regulari
868 995 900 1022 et
924 988 1004 1022 Con-

267 1042 469 1085 gregatione,
496 1053 532 1075 ac
557 1043 596 1076 ab
621 1043 826 1076 universitate
851 1042 1005 1075 Candela-

267 1095 390 1129 riorum
426 1096 561 1139 eiusque
592 1096 779 1129 hominibus
808 1096 1003 1139 praedictis,

267 1148 460 1192 respective,
480 1154 578 1189 motu,
603 1149 747 1188 scientia,
770 1149 1003 1181 deliberatione

268 1211 305 1234 ac
321 1202 489 1245 potestatis
508 1202 710 1245 plenitudine
728 1203 871 1246 paribus,
889 1203 1003 1235 harum

268 1254 349 1288 serie
375 1260 533 1298 perpetuo
558 1254 761 1295 abdicamus;
784 1255 893 1298 sieque
919 1255 1004 1288 abdi-

267 1312 372 1340 catum
397 1308 525 1351 penitus
549 1314 581 1340 et
604 1307 737 1341 omnino
762 1308 953 1351 perimimus
973 1314 1004 1341 et

268 1360 505 1403 extinguimus;
546 1370 676 1393 necnon
709 1361 857 1393 eamdem
891 1370 1003 1393 novam

267 1413 457 1453 ecclesiam,
483 1413 619 1457 eiusque
644 1413 776 1453 altaria,
803 1415 949 1447 membra
974 1419 1004 1446 et

266 1466 480 1509 pertinentias
515 1475 733 1509 quascumque
750 1493 757 1507 ,
783 1467 822 1499 ab
848 1467 935 1500 omni
972 1471 1004 1499 et

267 1529 471 1562 quocumque
507 1519 576 1553 iure
612 1520 799 1553 huiusmodi
836 1519 1002 1553 eximimus

268 1578 300 1605 et
323 1572 471 1616 plenarie
503 1572 680 1606 liberamus
699 1599 706 1613 ,
734 1584 770 1606 ac
805 1573 943 1606 liberam
974 1579 1004 1605 et

267 1625 442 1658 immunem
467 1636 503 1659 ac
528 1631 718 1669 exemptam,
743 1626 913 1669 liberaque
946 1626 1004 1657 im-

267 1680 375 1714 munia
410 1685 442 1713 et
477 1686 635 1724 exempta,
671 1679 782 1723 illique
818 1680 1003 1713 nullatenus

267 1733 442 1765 obnoxiam
467 1738 500 1765 et
523 1733 662 1766 obnoxia
688 1743 760 1766 esse
787 1738 819 1765 et
844 1738 1002 1776 perpetuo

266 1786 346 1826 sore,
371 1796 430 1820 nec
454 1787 543 1830 ipsos
569 1786 706 1819 clericos
731 1787 900 1829 regulares
916 1814 923 1826 ,
950 1797 1003 1819 eo-

266 1849 404 1883 rumque
429 1839 560 1873 domum
591 1840 771 1881 regularem
803 1844 835 1872 et
863 1839 1004 1882 Congre-

268 1892 429 1935 gationem
454 1892 651 1933 huiusmodi,
683 1903 789 1936 neque
815 1892 1004 1926 universita-

267 1951 330 1979 tem
365 1946 649 1983 Candelariorum,
681 1945 813 1988 eiusque
852 1946 1002 1979 homines

267 1999 442 2043 praefatos,
459 1998 631 2042 quicquam
653 1998 732 2031 iuris
753 1999 800 2031 vel
817 1999 955 2032 actionis
970 1999 1000 2031 in

268 2052 381 2085 eadem
405 2053 488 2084 nova
511 2051 658 2091 ecclesia,
683 2051 817 2094 eiusque
839 2052 999 2092 altaribus,

267 2104 421 2138 membris
445 2109 476 2136 et
500 2102 706 2146 pertinentiis
730 2103 1001 2147 quibuscumque,

268 2163 323 2191 aut
339 2157 379 2191 ad
395 2157 484 2190 illam
501 2157 550 2189 vel
568 2156 623 2189 illa
640 2157 853 2198 praetendere
868 2167 999 2200 quoquo

268 2210 365 2244 modo
389 2220 531 2253 unquam
552 2218 648 2252 posse
672 2208 877 2242 decernimus
895 2214 927 2242 et
946 2210 1001 2243 de-

268 2265 437 2298 claramus.
464 2264 508 2296 Ac
533 2262 663 2295 tandem
688 2272 804 2294 novam
818 2262 997 2303 ecclesiam,

269 2327 305 2350 ex
330 2327 416 2351 nunc
441 2321 537 2360 prout
560 2325 596 2348 ex
622 2320 699 2348 tunc
733 2320 906 2358 postquam
931 2316 1000 2349 eius

267 2369 387 2404 fabrica
403 2369 546 2413 perfecta
570 2373 602 2401 et
625 2368 775 2401 absoluta
794 2367 891 2400 suerit
921 2368 1002 2401 itaut

267 2429 507 2457 sacrosanctum
537 2422 652 2455 missae
683 2420 873 2455 sacrificium
899 2421 931 2454 in
963 2423 1000 2455 ea

267 2476 425 2510 celebrari
439 2476 554 2520 possit,
570 2480 602 2508 et
618 2486 634 2508 e
649 2480 769 2514 contra,
785 2473 816 2507 in
831 2474 999 2507 ecclesiam

267 2529 337 2563 sine
353 2530 431 2562 cura
446 2529 644 2562 saecularem
663 2538 679 2560 a
696 2527 806 2571 quavis
823 2527 885 2559 alia
903 2527 1000 2560 eccle·

265 2583 323 2627 sia,
341 2583 437 2619 domo
456 2582 609 2628 regulari,
625 2581 837 2624 monasterio,
856 2580 999 2625 Congre-

1044 248 1173 290 gatione
1198 251 1230 280 et
1253 245 1371 281 Ordine
1397 250 1428 279 et
1450 245 1521 279 loco
1549 244 1604 288 pio
1622 244 1779 286 indepen-

1044 301 1175 334 dentem
1201 305 1232 333 et
1255 300 1401 339 liberam,
1416 299 1475 332 sub
1496 298 1591 330 titulo
1616 308 1670 330 seu
1688 297 1790 336 invo-v

1044 355 1168 387 catione
1177 354 1208 387 S.
1220 354 1337 393 Gallae,
1349 354 1386 386 ad
1401 351 1630 396 omnipotentis
1642 350 1696 384 Dei
1711 351 1778 393 glo-

1045 407 1298 451 riamipsiusque
1316 404 1693 443 S.Ga11aehon01·em;in
1711 403 1778 446 ipsa

1045 465 1151 493 autem
1169 462 1251 494 nova
1270 461 1407 494 ecclesia
1429 469 1524 492 unam
1550 456 1776 501 capellaniam,

1045 524 1125 557 quae
1161 525 1247 547 mere
1282 514 1441 546 manualis
1473 512 1611 551 existat,
1636 521 1696 544 nec
1719 521 1779 543 un-

1046 578 1141 609 quam
1157 572 1351 610 perpetuum
1375 566 1631 600 ecclesiasticum
1656 563 1779 600 benesi-

1046 620 1138 660 cium,
1149 625 1204 652 aut
1215 621 1324 653 titulus
1335 619 1503 653 collativus
1518 629 1586 652 esse
1597 618 1708 662 possit,
1719 627 1778 661 pro

1045 683 1107 705 uno
1125 674 1318 715 cappellano
1338 672 1455 705 clerico
1481 672 1658 711 saeculari,
1682 671 1780 704 etiam

1046 725 1236 767 alienigena,
1263 736 1299 758 ac
1322 726 1560 758 ultramontano
1582 730 1614 758 et
1631 726 1780 757 ultrama-

1046 777 1126 817 rino,
1152 777 1184 809 in
1210 788 1304 810 sacro
1325 777 1567 820 presbyteratus
1585 776 1710 816 ordine,
1730 777 1779 809 vel

1045 831 1159 863 saltem
1183 830 1215 862 in
1242 832 1279 863 ea
1304 836 1406 863 aetate
1431 830 1616 869 constituto,
1639 834 1674 861 ut
1698 829 1781 861 intra

1046 894 1165 916 annum
1192 884 1231 917 ad
1255 884 1406 917 eumdem
1426 883 1573 916 ordinem
1595 881 1782 925 promoveri

1046 937 1149 980 possit
1173 942 1203 970 et
1228 937 1354 976 debeat,
1386 937 1494 968 futuro
1530 935 1610 967 inibi
1651 935 1782 978 cappel-

1046 990 1129 1031 lano,
1151 990 1190 1023 ad
1209 995 1321 1023 nutum
1346 988 1545 1032 infrascripti
1572 993 1604 1021 et
1626 998 1687 1031 pro
1708 993 1782 1020 tem-

1046 1050 1124 1085 pore
1149 1043 1315 1076 existentis
1339 1042 1494 1075 ecclesiae
1521 1040 1708 1074 huiusmodi
1726 1051 1782 1083 pa·

1046 1095 1150 1135 troni,
1176 1095 1271 1128 etiam
1302 1095 1423 1137 absque
1450 1094 1517 1126 utta
1541 1095 1658 1133 causa,
1686 1093 1780 1126 toties

1046 1149 1171 1191 quoties
1206 1148 1267 1191 ipsi
1299 1153 1438 1191 patrono
1461 1147 1623 1180 videbitur
1653 1151 1685 1179 et
1714 1147 1783 1189 pla-

1045 1201 1156 1241 cuerit,
1183 1206 1215 1233 et
1239 1201 1277 1233 ad
1303 1211 1424 1233 merum
1457 1200 1525 1232 eius
1550 1206 1675 1240 nutum,
1710 1199 1782 1232 libi-

1047 1259 1111 1286 tum
1136 1259 1168 1286 et
1192 1253 1371 1293 arbitrium,
1398 1254 1523 1286 remota
1547 1252 1642 1285 etiam
1668 1262 1703 1285 ac
1724 1262 1779 1284 se-

1046 1308 1134 1340 clusa
1165 1317 1367 1350 quacumque
1404 1306 1598 1348 allegatione
1633 1306 1699 1338 odii
1733 1305 1783 1339 vel

1046 1360 1302 1399 malevolentiae,
1327 1359 1502 1397 amovibiti,
1530 1359 1585 1402 qui
1611 1370 1782 1392 sacrosan-

1046 1419 1131 1446 ctum
1151 1413 1265 1445 missae
1291 1411 1482 1445 sacrificium
1508 1412 1653 1454 quotidie
1679 1412 1711 1444 in
1733 1414 1783 1445 ea-

1047 1466 1119 1499 dem
1153 1466 1292 1499 ecclesia
1326 1467 1493 1499 celebrare
1529 1476 1588 1499 seu
1623 1466 1783 1499 celebrari

1046 1520 1150 1552 facere
1166 1546 1173 1559 ‚
1199 1519 1365 1563 ipsiusque
1391 1518 1543 1551 ecclesiae
1580 1528 1616 1551 ac
1641 1518 1709 1551 eius
1733 1529 1782 1551 sa-

1045 1573 1174 1605 cristiae
1199 1579 1231 1605 et
1255 1572 1404 1606 altarium
1423 1582 1533 1605 curam
1552 1577 1583 1604 et
1602 1572 1781 1605 custodiam

1047 1627 1167 1659 habere
1194 1631 1356 1667 teneatur,
1376 1632 1408 1659 et
1431 1626 1483 1659 cui
1501 1636 1561 1669 pro
1586 1626 1634 1657 sui
1660 1626 1783 1670 stipen-

1047 1679 1099 1712 dio
1125 1679 1338 1722 quadraginta
1371 1683 1461 1711 scuta
1491 1679 1594 1710 dictae
1632 1684 1781 1711 monetae

1046 1743 1082 1764 ex
1108 1733 1286 1765 redditibus
1311 1732 1471 1764 honorum
1490 1742 1506 1764 a
1526 1732 1671 1775 praefato
1692 1732 1781 1764 Livio

1046 1786 1125 1818 duce
1151 1786 1183 1818 in
1210 1786 1317 1818 dotem
1349 1786 1453 1818 dictae
1489 1795 1591 1818 novae
1627 1785 1781 1818 ecclesiae

1046 1842 1079 1871 ut
1120 1839 1299 1881 praefertur
1340 1838 1576 1880 assignatorum
1616 1839 1781 1872 annuatim

1045 1891 1201 1934 praestari
1227 1892 1375 1930 debeant,
1403 1897 1504 1931 motu,
1530 1891 1676 1931 scientia,
1704 1891 1780 1925 deli·

1044 1945 1222 1985 beratione,
1237 1955 1273 1977 ac
1289 1945 1457 1988 potestatis
1476 1945 1675 1988 plenitudine
1693 1955 1781 1987 prae-

1045 1998 1150 2037 dictis,
1177 1998 1359 2033 earumdem
1385 2003 1510 2038 tenore,
1537 2003 1693 2041 perpetuo
1719 1998 1781 2031 eri-

1044 2052 1147 2094 gimus
1188 2056 1219 2084 et
1254 2050 1474 2090 instituimus3
1515 2051 1642 2094 ipsique
1679 2061 1780 2084 novae

1044 2104 1200 2138 ecclesiae
1226 2104 1271 2137 sic
1296 2110 1424 2137 erectae
1450 2109 1480 2136 et
1504 2104 1693 2144 institutae,
1719 2114 1779 2147 pro

1044 2158 1127 2191 illius
1149 2159 1223 2191 dote
1248 2168 1284 2190 ac
1308 2157 1382 2191 dicti
1416 2157 1598 2200 cappellani
1616 2157 1778 2200 stipendio

1044 2210 1237 2246 huiusmodi,
1263 2221 1300 2242 ae
1324 2210 1424 2253 ipsius
1450 2210 1616 2249 ecclesiae,
1644 2210 1781 2253 eiusque

1044 2263 1192 2303 fabricae,
1223 2263 1398 2303 sacristiae,
1432 2263 1695 2305 supellectilium,
1732 2263 1780 2295 lu·
1822 2255 1829 2262 ¹

1043 2317 1166 2350 minum
1192 2323 1225 2349 et
1251 2316 1399 2349 altarium
1423 2316 1684 2357 manutentione,
1720 2316 1780 2349 ali-

1042 2371 1131 2414 isque
1149 2369 1236 2402 illius
1248 2369 1361 2402 usibus
1376 2374 1406 2402 et
1420 2370 1780 2412 necessitatibus,prac-

1043 2424 1104 2456 sata
1129 2434 1146 2455 a
1170 2428 1349 2456 memorato
1374 2422 1461 2455 Livio
1479 2422 1572 2461 duce,
1587 2422 1669 2455 sicut
1686 2433 1779 2465 prae-

1042 2473 1187 2513 mittitur,
1213 2472 1386 2515 assignata,
1411 2478 1442 2505 et
1467 2472 1529 2505 alia
1554 2483 1778 2516 quaecumque

1045 2527 1150 2567 bona,
1183 2525 1420 2569 proprietates,
1454 2535 1613 2565 canones,
1641 2536 1777 2565 census,

1042 2580 1177 2621 fruetus,
1196 2579 1343 2613 redditus
1362 2584 1393 2612 et
1411 2584 1596 2623 proventus,
1614 2578 1779 2623 pecunias,

1673 186 1737 220 675
1783 195 1831 222 An.
1850 194 1878 222 c.
1901 195 1970 222 1686
