2111 3157
60 219 110 247 An.
126 217 155 245 0.
177 217 244 245 ¹68⁸

832 216 1046 243 inuocssurms
1067 217 1098 242 XI
1124 217 1173 242 ΡΙ).

249 265 313 299 tius
334 271 432 309 acque
457 271 666 310 contemptus,
691 276 786 309 quam
804 266 977 299 auctoritas

249 319 431 352 redundare
456 319 548 352 solet.

292 381 394 404 xxxix.
421 371 642 405 venerationis
667 372 865 414 aliarumque
884 381 979 413 prae-

248 425 462 467 rogativarum
494 425 668 468 obsequia,
693 425 753 457 sibi
787 435 805 457 a
843 423 978 456 subditis

247 478 424 520 praestita,
457 484 569 511 mutuo
597 478 724 511 honore
756 482 788 510 et
810 476 977 509 charitatis

248 530 355 563 officio
372 531 522 564 omnibus
540 530 622 572 grati
643 529 828 573 repetant¹2
854 529 930 571 quin
947 533 979 560 et

249 582 373 616 tametsi
399 582 558 615 eiusmodi
589 581 833 615 venerationum
858 581 979 623 stipen-

248 635 302 668 dio
328 634 465 667 subinde
489 634 663 676 piirentur,
688 644 706 666 a
725 633 917 666 charitativo
935 639 979 665 ta-

247 697 324 721 men
349 697 460 720 eorum
485 686 641 729 obsequio
664 686 795 718 minime
817 685 977 725 recedant,

247 739 310 773 hoc
333 749 472 781 namque
497 738 623 772 animos
647 739 728 771 mire
752 738 914 771 devincire
943 748 979 769 ac

247 791 339 834 quasi
362 791 524 834 captivare
549 791 726 824 consuevit.
753 790 979 823 Animimotus

246 843 308 877 sibi
339 843 502 876 subiectos
535 843 766 886 moderateque
803 849 977 886 suspensos

248 895 398 935 habeant,
423 895 560 929 maxime
586 906 662 929 vero
686 895 872 928 iracundiae
896 895 979 927 frae-

248 958 324 981 num
349 948 503 988 iniiciant,
523 953 555 981 et
570 947 625 981 ubi
646 949 876 981 subnascentes
894 947 979 980 illius

248 1001 396 1034 stimulos
421 1001 593 1040 senserint,
617 1001 747 1034 vincant
765 1011 798 1033 se
818 1000 918 1043 ipsos,
939 1005 977 1040 et,

248 1064 321 1087 cum
345 1053 519 1098 tranquilla
540 1064 630 1087 mens
655 1054 765 1095 fuerit,
791 1054 868 1097 quid
885 1063 980 1096 agen-

249 1107 324 1140 dum
349 1107 389 1140 sit
405 1106 559 1140 iudicent.

292 1169 382 1193 Lxxx.
409 1159 546 1193 Caveant
563 1169 596 1192 se
613 1159 813 1203 respectibus
830 1159 979 1193 humanis

249 1213 369 1253 induci,
396 1218 429 1245 ut
453 1213 569 1245 horum
586 1212 704 1245 intuitu
723 1224 759 1246 ea
773 1213 977 1246 interioribus

249 1265 446 1309 permittant,
471 1275 552 1307 quae
570 1275 642 1298 cum
660 1265 795 1298 instituti
812 1265 980 1308 disciplina

249 1318 463 1361 felicibusque
482 1317 551 1350 eius
572 1318 802 1361 progressibus
819 1323 977 1361 pugnent.

247 1371 283 1405 In
308 1370 592 1405 omnes'intentos
627 1371 770 1405 habeant
792 1372 922 1410 oculos,
949 1375 980 1403 et

247 1425 281 1458 in
305 1434 359 1458 eos
385 1423 490 1464 etiam,
516 1432 652 1467 quarum
679 1423 786 1456 virtuti
811 1429 907 1466 atquo
932 1423 980 1456 in-

247 1477 387 1511 dustriae
401 1478 503 1510 multa
513 1477 767 1517 committuntur,
783 1481 979 1520 caveantque

246 1541 287 1564 ne
311 1530 343 1563 in
369 1540 425 1564 eos
450 1530 548 1564 nimia
569 1531 619 1563 vel
645 1530 841 1564 confidentia
864 1531 913 1563 vel
928 1530 976 1563 dil*v

246 1582 380 1616 fidentia
403 1583 554 1622 ferantur,
573 1583 647 1626 quia
664 1589 835 1627 utrumque
854 1584 978 1617 felicem

247 1635 385 1668 familiae
417 1635 684 1677 gubernationem
716 1645 782 1668 non
813 1645 979 1679 nunquam

247 1687 430 1721 labefactat.
457 1687 612 1720 Similiter
629 1688 684 1720 uni
709 1688 840 1721 nimium
862 1688 979 1721 addicti

250 1746 371 1773 tanturn
396 1750 561 1783 nunquam
587 1740 740 1781 tribuant,
759 1746 792 1772 ut
808 1740 859 1773 alii
877 1750 910 1773 sc
926 1751 981 1773 ne-

247 1794 381 1834 glectos,
395 1798 598 1835 contemptos
611 1793 762 1834 sentiant,
777 1804 858 1836 quae
872 1793 981 1829 omnia

248 1846 481 1879 aemulationes
506 1851 537 1878 et
555 1851 758 1889 contemptus
782 1846 907 1889 aliaque
933 1846 981 1879 in-

248 1898 357 1941 gentia
380 1899 464 1931 mala
486 1898 519 1930 in
545 1898 813 1940 gubernationem
832 1899 981 1933 domesti-

248 1961 316 1984 cam
341 1950 494 1983 invehere
513 1951 629 1984 solent.

290 2013 394 2037 Lxxxl.
421 2003 681 2037 Detractionibus
716 2014 782 2037 non
813 2004 917 2037 solum
947 2003 981 2036 fi-

249 2055 323 2089 dem
347 2066 384 2088 ac
405 2066 499 2088 aures
522 2066 588 2089 non
606 2057 791 2099 praebeant,
811 2057 867 2090 sed
882 2058 979 2091 veluti

247 2114 372 2152 pestem
398 2109 460 2143 hoc
483 2109 594 2142 vitium
622 2110 837 2152 proscribant.
864 2111 980 2146 Adula-

249 2167 354 2195 torum
379 2163 612 2196 assentationes
638 2163 777 2205 fugiant,
803 2164 981 2197 neminem-

248 2224 311 2258 que
335 2215 369 2248 in
400 2226 459 2248 sua
493 2215 627 2249 consilia
656 2216 848 2257 admittant,
885 2227 980 2260 quem

247 2267 342 2301 huius
357 2268 425 2301 vitii
452 2279 543 2303 reum
568 2269 757 2303 habuerint:
783 2280 866 2313 quae
884 2272 981 2304 talen-

249 2326 279 2354 ta
301 2322 474 2365 unicuique
498 2321 602 2362 Deus,
628 2327 754 2362 natura,
781 2323 981 2366 experientia

248 2379 399 2418 aetasque
419 2375 624 2415 concesserit,
641 2376 824 2418 superiores
844 2376 982 2409 solerter

250 2425 433 2467 observent,
457 2432 490 2460 et
513 2437 549 2460 ex
575 2437 689 2460 eorum
712 2428 899 2470 cognitione
914 2439 983 2461 mu-

248 2486 329 2513 nera
353 2479 528 2513 domestica
551 2479 684 2523 singulis
709 2480 862 2515 divident.

288 2594 300 2624 ι
322 2592 412 2622 Potius
431 2594 490 2633 lege
509 2595 670 2632 rependant
683 2597 722 2633 (n.
737 2596 785 2634 ¹12).

1067 274 1179 298 Lxxxu.
1202 263 1362 305 SenioreS,
1381 274 1417 297 ac
1434 262 1601 297 laboribus
1624 262 1751 302 fractos,

1022 328 1058 350 ex
1096 318 1203 350 auimo
1239 319 1347 350 colant
1376 322 1408 350 et
1439 321 1656 355 venerentur,
1683 315 1754 348 illo-

1022 380 1157 413 rumque
1183 370 1426 403 necessitat'ibus
1451 369 1563 403 sedulo
1580 374 1754 402 occurrant

1020 428 1220 465 paterneque
1246 423 1397 456 babeant.
1424 423 1593 455 Paternam
1610 421 1753 455 intirmo-

1022 484 1092 506 rum
1117 485 1225 508 curam
1249 481 1373 517 gerant,
1400 486 1436 508 ex
1463 475 1570 508 animo
1595 475 1658 507 illis
1677 481 1754 507 co'n-

1022 526 1176 566 dolendo,
1203 527 1331 570 saepius
1356 527 1524 568 visitando,
1543 526 1649 560 verbis
1669 527 1755 560 aliis-

1022 588 1083 621 que
1109 584 1170 612 tam
1194 580 1414 622 spiritualibus
1445 591 1539 624 quam
1571 580 1755 623 temporali-

1021 632 1081 664 bus
1097 633 1212 666 mediis
1229 633 1441 666 consulendo.
1460 633 1659 676 Cognoscere
1676 643 1755 677 quo-

1022 694 1083 726 quc
1107 684 1361 717 domesticorum
1387 695 1518 718 suorum
1542 695 1707 728 egressum
1723 691 1755 718 et

1022 735 1227 779 ingressum,
1255 737 1436 780 quibusque
1472 736 1692 770 occasionibus
1724 742 1756 769 et

1022 799 1093 822 cum
1119 789 1236 832 quibus
1272 796 1524 830 conversentur,
1550 790 1627 833 quid
1652 800 1669 822 a
1693 790 1755 822 sin-

1022 842 1104 884 gulis
1134 842 1221 876 domi
1255 842 1333 882 liat,
1369 853 1550 885 omnesque
1584 843 1754 875 domestici

1023 895 1145 928 ordinis
1186 906 1222 929 ac
1259 895 1452 938 disciplinae
1489 895 1754 939 perturbationes

1022 957 1081 990 pro
1108 948 1228 980 viribus
1255 948 1422 981 eliminare
1450 953 1620 982 conentur.

1643 204 1710 240 555
1754 215 1805 244 An.
1822 214 1849 243 c.
1874 214 1940 243 1084

1065 1011 1192 1035 Lxxxm.
1219 1001 1260 1034 Ut
1284 1001 1390 1034 officio
1415 1012 1471 1034 suo
1491 1012 1529 1035 eo
1546 1001 1648 1044 uagis
1664 991 1773 1034 satis-⁴

1024 1056 1148 1095 faciant,
1166 1056 1198 1088 in
1221 1056 1329 1088 diariis
1350 1056 1457 1090 omnia
1473 1056 1668 1089 notabiliora
1682 1067 1756 1089 con-

998 1126 1001 1133 ·
1023 1108 1217 1151 signabunt,
1244 1119 1282 1142 eo
1308 1109 1421 1143 ordine
1448 1115 1479 1142 et
1511 1109 1628 1149 modo,
1653 1114 1702 1149 ut,
1728 1109 1754 1142 si

1022 1170 1154 1193 necesse
1179 1161 1239 1200 sit,
1266 1161 1415 1194 omnibus
1440 1161 1600 1194 rationem
1616 1161 1754 1195 reddere

1022 1215 1159 1247 valeant.
1186 1213 1237 1246 Sic
1262 1214 1443 1247 iuramenta
1466 1224 1483 1246 a
1506 1214 1642 1257 singulis
1667 1224 1756 1257 prae-

1023 1266 1097 1298 stita
1113 1272 1144 1299 ct
1160 1276 1256 1299 manu
1273 1266 1404 1309 propria
1421 1266 1614 1310 subscripta,
1628 1265 1756 1310 aliqua*

1023 1318 1179 1352 eiusmodi
1204 1318 1421 1361 particularia,
1442 1324 1529 1353 certo
1554 1319 1624 1352 loco
1651 1330 1756 1352 asser-

1023 1371 1154 1404 vabunt.
1173 1370 1220 1410 Et,
1234 1376 1268 1403 ut
1287 1371 1344 1404 has
1359 1371 1580 1404 ordinationes
1599 1377 1756 1414 perpetuo

1024 1424 1204 1464 observent,
1223 1423 1359 1466 singulis
1377 1424 1491 1457 diebus
1511 1424 1603 1457 tacite
1622 1434 1655 1456 se
1671 1434 1756 1457 com-

1023 1475 1187 1520 penseut²‚
1214 1476 1290 1519 quid
1315 1475 1348 1508 in
1373 1476 1479 1509 officio
1498 1476 1558 1509 sibi
1584 1477 1756 1510 commisso

1023 1530 1240 1573 neglexerint,
1260 1535 1291 1563 et
1316 1530 1342 1562 si
1368 1530 1445 1573 quid
1470 1530 1756 1574 deprehenderint,

1024 1583 1108 1616 serio
1133 1588 1320 1627 proponant
1351 1593 1423 1617 cum
1456 1583 1563 1617 divina
1593 1583 1695 1626 gratia
1723 1583 1756 1615 in

1024 1636 1204 1670 humilitate
1230 1636 1362 1679 spiritus
1386 1636 1573 1669 emendare.

1068 1700 1188 1722 Lxxx1v.
1221 1689 1281 1722 Uni
1314 1689 1412 1722 cuivis
1446 1689 1576 1722 subdito
1604 1699 1757 1722 recursus

1025 1743 1061 1775 ad
1087 1743 1276 1785 superiores
1296 1742 1435 1775 maiores
1453 1742 1651 1783 conceditur,
1671 1747 1716 1783 ut,
1731 1742 1757 1776 si

1024 1796 1219 1838 quandoque
1245 1795 1403 1838 quispiam
1437 1805 1454 1827 a
1486 1805 1544 1827 suo
1568 1794 1757 1828 immediato

1023 1847 1200 1890 superiore,
1220 1848 1286 1880 sive
1304 1848 1336 1880 in
1354 1847 1524 1890 spirituali,
1547 1847 1611 1880 sive
1628 1847 1662 1880 in
1680 1853 1758 1880 tem-

1022 1900 1128 1945 porali
1143 1901 1349 1941 necessitate,
1363 1901 1505 1934 indebite
1521 1906 1714 1944 gravaretur,
1728 1906 1760 1933 et

1024 1954 1062 1986 de
1087 1954 1150 1986 illis
1176 1953 1327 1996 superior
1359 1952 1524 1986 humiliter
1554 1959 1684 1996 rogatus
1708 1961 1760 1986 re-

1023 2006 1156 2040 mediari
1181 2008 1294 2046 nollet,
1320 2006 1353 2038 in
1378 2017 1417 2040 eo
1432 2016 1507 2039 casu
1524 2006 1562 2040 ad
1580 2007 1758 2040 mediatum

1023 2065 1055 2092 et
1082 2059 1231 2092 altiorem
1268 2059 1472 2102 superiorem
1505 2069 1544 2092 eo
1576 2059 1694 2093 amoris
1727 2065 1760 2093 et

1023 2112 1240 2146 confidentiae
1263 2111 1369 2144 filialis
1394 2110 1510 2144 aflectu
1530 2113 1671 2153 accedat,
1693 2123 1758 2156 quo

1023 2166 1106 2198 tilius
1132 2166 1171 2198 ad
1197 2170 1320 2208 patrem
1345 2164 1537 2198 necessitate
1562 2175 1692 2208 pressus
1708 2177 1759 2199 ac-

1024 2219 1119 2251 cedit.
1147 2218 1327 2251 Servandus
1346 2222 1453 2250 tamen
1471 2218 1532 2251 erit
1548 2218 1581 2251 in
1599 2218 1758 2252 eiusmodi

1024 2281 1158 2304 recursu
1184 2271 1310 2304 debitus
1335 2272 1426 2312 ordo,
1454 2277 1503 2312 ut,
1530 2272 1643 2305 saltem
1668 2283 1760 2315 regu-

1024 2324 1135 2357 lariter
1160 2330 1191 2357 et
1216 2323 1285 2356 sine
1309 2323 1442 2367 speciali
1467 2327 1572 2365 causa,
1590 2325 1629 2358 ab
1649 2325 1760 2359 infimo

1024 2377 1201 2420 superiore,
1217 2377 1335 2409 omisso
1355 2376 1492 2418 medi0⁸‚
1512 2377 1551 2411 ad
1572 2388 1760 2421 supremum

1024 2439 1089 2462 non
1103 2434 1300 2470 recurratur,
1320 2434 1453 2473 excepto
1468 2440 1602 2463 recursu
1619 2430 1658 2463 ad
1675 2430 1761 2478 Sumj

1060 2510 1069 2535 l
1095 2508 1194 2535 Forsan
1214 2508 1334 2543 aliaque
1353 2516 1401 2544 pro
1421 2509 1524 2544 aliqua
1543 2510 1580 2545 (n.
1596 2510 1645 2544 T.).

1059 2552 1074 2578 2
1095 2552 1194 2579 Forsan
1213 2560 1304 2580 secum
1321 2557 1442 2588 pensent
1463 2556 1499 2587 (n.
1515 2555 1564 2587 Τ.).

1059 2597 1076 2624 3
1090 2596 1232 2635 perperam
1248 2596 1312 2625 edit.
1324 2596 1402 2625 Maia.
1419 2598 1503 2626 habet
1518 2598 1643 2628 remedio
1658 2599 1698 2635 (n.
1711 2597 1759 2633 ra..

1807 1697 1837 1719 De
1855 1703 1950 1721 regressu

1768 1724 1794 1745 ad
1809 1729 1900 1751 »ιψετιυι
1907 1731 1937 1746 u.
