<?xml version="1.0" encoding="UTF-8"?>
<!DOCTYPE html PUBLIC "-//W3C//DTD XHTML 1.0 Transitional//EN"
    "http://www.w3.org/TR/xhtml1/DTD/xhtml1-transitional.dtd">
<html xmlns="http://www.w3.org/1999/xhtml" xml:lang="en" lang="en">
 <head>
  <title>
</title>
<meta http-equiv="Content-Type" content="text/html;charset=utf-8" />
  <meta name='ocr-system' content='tesseract 3.04.00' />
  <meta name='ocr-capabilities' content='ocr_page ocr_carea ocr_par ocr_line ocrx_word'/>
</head>
<body>
  <div class='ocr_page' id='page_1' title='image "./bullarumdiplomat19cath_0392.png"; bbox 0 0 2111 3157; ppageno 0'>
   <div class='ocr_carea' id='block_1_1' title="bbox 237 228 529 263">
    <p class='ocr_par' dir='ltr' id='par_1_1' title="bbox 237 228 529 263">
     <span class='ocr_line' id='line_1_1' title="bbox 237 228 529 263; baseline -0.003 -1"><span class='ocrx_word' id='word_1_1' title='bbox 237 237 287 262; x_wconf 71' lang='lat' dir='ltr'>An.</span> <span class='ocrx_word' id='word_1_2' title='bbox 308 235 336 263; x_wconf 85' lang='lat' dir='ltr'>e.</span> <span class='ocrx_word' id='word_1_3' title='bbox 353 236 421 263; x_wconf 71' lang='lat'>1680</span> <span class='ocrx_word' id='word_1_4' title='bbox 464 228 529 262; x_wconf 70' lang='lat'>358</span> 
     </span>
    </p>
   </div>
   <div class='ocr_carea' id='block_1_2' title="bbox 239 1720 423 1822">
    <p class='ocr_par' dir='ltr' id='par_1_2' title="bbox 239 1720 423 1822">
     <span class='ocr_line' id='line_1_2' title="bbox 261 1720 403 1742; baseline 0 0"><span class='ocrx_word' id='word_1_5' title='bbox 261 1721 330 1742; x_wconf 60' lang='lat' dir='ltr'>Caper</span> <span class='ocrx_word' id='word_1_6' title='bbox 340 1720 403 1742; x_wconf 76' lang='lat' dir='ltr'>xvii.</span> 
     </span>
     <span class='ocr_line' id='line_1_3' title="bbox 267 1749 423 1769; baseline 0.006 -1"><span class='ocrx_word' id='word_1_7' title='bbox 267 1749 296 1768; x_wconf 75' lang='lat' dir='ltr'>De</span> <span class='ocrx_word' id='word_1_8' title='bbox 321 1751 423 1769; x_wconf 76' lang='lat' dir='ltr'>monaste-</span> 
     </span>
     <span class='ocr_line' id='line_1_4' title="bbox 239 1776 422 1796; baseline 0.011 -2"><span class='ocrx_word' id='word_1_9' title='bbox 239 1776 317 1794; x_wconf 74' lang='lat' dir='ltr'>riorum</span> <span class='ocrx_word' id='word_1_10' title='bbox 346 1776 422 1796; x_wconf 78' lang='lat' dir='ltr'>exami-</span> 
     </span>
     <span class='ocr_line' id='line_1_5' title="bbox 239 1804 333 1822; baseline 0.011 -1"><span class='ocrx_word' id='word_1_11' title='bbox 239 1804 333 1822; x_wconf 75' lang='lat' dir='ltr'>natione.</span> 
     </span>
    </p>
   </div>
   <div class='ocr_carea' id='block_1_3' title="bbox 433 282 1171 1804">
    <p class='ocr_par' dir='ltr' id='par_1_3' title="bbox 433 282 1168 806">
     <span class='ocr_line' id='line_1_6' title="bbox 477 282 1165 328; baseline -0.007 -9"><span class='ocrx_word' id='word_1_12' title='bbox 477 298 512 320; x_wconf 85' lang='lat'>11.</span> <span class='ocrx_word' id='word_1_13' title='bbox 539 286 705 328; x_wconf 85' lang='lat' dir='ltr'>Eligantur</span> <span class='ocrx_word' id='word_1_14' title='bbox 737 284 832 317; x_wconf 88' lang='lat' dir='ltr'>etiam</span> <span class='ocrx_word' id='word_1_15' title='bbox 866 283 928 316; x_wconf 92' lang='lat' dir='ltr'>duo</span> <span class='ocrx_word' id='word_1_16' title='bbox 958 282 1095 326; x_wconf 88' lang='lat' dir='ltr'>praelati</span> <span class='ocrx_word' id='word_1_17' title='bbox 1126 283 1165 315; x_wconf 87' lang='lat' dir='ltr'>ad</span> 
     </span>
     <span class='ocr_line' id='line_1_7' title="bbox 433 335 1167 382; baseline -0.007 -10"><span class='ocrx_word' id='word_1_18' title='bbox 433 344 584 382; x_wconf 89' lang='lat' dir='ltr'>computa</span> <span class='ocrx_word' id='word_1_19' title='bbox 608 337 888 376; x_wconf 74' lang='lat' dir='ltr'>monasteriorum,</span> <span class='ocrx_word' id='word_1_20' title='bbox 907 335 1021 379; x_wconf 87' lang='lat' dir='ltr'>quibus</span> <span class='ocrx_word' id='word_1_21' title='bbox 1039 341 1101 368; x_wconf 90' lang='lat' dir='ltr'>tam</span> <span class='ocrx_word' id='word_1_22' title='bbox 1120 335 1167 368; x_wconf 92' lang='lat' dir='ltr'>di-</span> 
     </span>
     <span class='ocr_line' id='line_1_8' title="bbox 433 388 1167 433; baseline -0.007 -8"><span class='ocrx_word' id='word_1_23' title='bbox 433 398 482 425; x_wconf 86' lang='lat' dir='ltr'>eta</span> <span class='ocrx_word' id='word_1_24' title='bbox 502 391 783 430; x_wconf 73' lang='lat' dir='ltr'>monasteriorum,</span> <span class='ocrx_word' id='word_1_25' title='bbox 803 400 896 433; x_wconf 85' lang='lat' dir='ltr'>quam</span> <span class='ocrx_word' id='word_1_26' title='bbox 915 388 1010 421; x_wconf 86' lang='lat' dir='ltr'>etiam</span> <span class='ocrx_word' id='word_1_27' title='bbox 1027 388 1167 431; x_wconf 82' lang='lat' dir='ltr'>Congre-</span> 
     </span>
     <span class='ocr_line' id='line_1_9' title="bbox 434 441 1164 488; baseline -0.007 -10"><span class='ocrx_word' id='word_1_28' title='bbox 434 444 577 488; x_wconf 76' lang='lat' dir='ltr'>gationis,</span> <span class='ocrx_word' id='word_1_29' title='bbox 603 454 729 476; x_wconf 77' lang='lat' dir='ltr'>necnon</span> <span class='ocrx_word' id='word_1_30' title='bbox 754 441 927 486; x_wconf 89' lang='lat' dir='ltr'>praesidis,</span> <span class='ocrx_word' id='word_1_31' title='bbox 954 441 1164 481; x_wconf 70' lang='lat' dir='ltr'>visitatorum,</span> 
     </span>
     <span class='ocr_line' id='line_1_10' title="bbox 433 495 1167 541; baseline -0.004 -10"><span class='ocrx_word' id='word_1_32' title='bbox 433 509 470 531; x_wconf 89' lang='lat' dir='ltr'>ae</span> <span class='ocrx_word' id='word_1_33' title='bbox 485 497 703 541; x_wconf 78' lang='lat' dir='ltr'>procuratoris</span> <span class='ocrx_word' id='word_1_34' title='bbox 728 500 879 538; x_wconf 90' lang='lat' dir='ltr'>computa</span> <span class='ocrx_word' id='word_1_35' title='bbox 899 495 1095 535; x_wconf 88' lang='lat' dir='ltr'>deserantur,</span> <span class='ocrx_word' id='word_1_36' title='bbox 1114 506 1167 528; x_wconf 83' lang='lat' dir='ltr'>ea-</span> 
     </span>
     <span class='ocr_line' id='line_1_11' title="bbox 434 548 1164 594; baseline -0.003 -11"><span class='ocrx_word' id='word_1_37' title='bbox 434 561 507 594; x_wconf 86' lang='lat' dir='ltr'>que,</span> <span class='ocrx_word' id='word_1_38' title='bbox 526 550 699 593; x_wconf 80' lang='lat' dir='ltr'>diligenter</span> <span class='ocrx_word' id='word_1_39' title='bbox 723 549 913 588; x_wconf 87' lang='lat' dir='ltr'>examinata,</span> <span class='ocrx_word' id='word_1_40' title='bbox 932 548 963 580; x_wconf 92' lang='lat' dir='ltr'>in</span> <span class='ocrx_word' id='word_1_41' title='bbox 983 554 1048 581; x_wconf 91' lang='lat' dir='ltr'>toto</span> <span class='ocrx_word' id='word_1_42' title='bbox 1067 549 1116 581; x_wconf 91' lang='lat' dir='ltr'>vel</span> <span class='ocrx_word' id='word_1_43' title='bbox 1133 548 1164 581; x_wconf 91' lang='lat' dir='ltr'>in</span> 
     </span>
     <span class='ocr_line' id='line_1_12' title="bbox 434 601 1168 647; baseline -0.007 -10"><span class='ocrx_word' id='word_1_44' title='bbox 434 609 524 647; x_wconf 88' lang='lat' dir='ltr'>parte</span> <span class='ocrx_word' id='word_1_45' title='bbox 556 603 739 646; x_wconf 79' lang='lat' dir='ltr'>approbent</span> <span class='ocrx_word' id='word_1_46' title='bbox 768 607 821 634; x_wconf 88' lang='lat' dir='ltr'>ant</span> <span class='ocrx_word' id='word_1_47' title='bbox 852 601 1046 645; x_wconf 70' lang='lat' dir='ltr'>reprobent,</span> <span class='ocrx_word' id='word_1_48' title='bbox 1073 606 1168 644; x_wconf 89' lang='lat' dir='ltr'>prout</span> 
     </span>
     <span class='ocr_line' id='line_1_13' title="bbox 434 655 1166 698; baseline -0.004 -9"><span class='ocrx_word' id='word_1_49' title='bbox 434 656 554 689; x_wconf 83' lang='lat' dir='ltr'>iustitia</span> <span class='ocrx_word' id='word_1_50' title='bbox 584 656 648 689; x_wconf 91' lang='lat' dir='ltr'>illis</span> <span class='ocrx_word' id='word_1_51' title='bbox 674 655 844 688; x_wconf 80' lang='lat' dir='ltr'>suadebit:</span> <span class='ocrx_word' id='word_1_52' title='bbox 871 655 1049 698; x_wconf 85' lang='lat' dir='ltr'>approbata</span> <span class='ocrx_word' id='word_1_53' title='bbox 1071 664 1166 693; x_wconf 86' lang='lat' dir='ltr'>vero,</span> 
     </span>
     <span class='ocr_line' id='line_1_14' title="bbox 435 707 1168 752; baseline -0.005 -9"><span class='ocrx_word' id='word_1_54' title='bbox 435 710 467 742; x_wconf 92' lang='lat' dir='ltr'>in</span> <span class='ocrx_word' id='word_1_55' title='bbox 484 709 576 743; x_wconf 90' lang='lat' dir='ltr'>libris</span> <span class='ocrx_word' id='word_1_56' title='bbox 590 714 813 752; x_wconf 88' lang='lat' dir='ltr'>computorum</span> <span class='ocrx_word' id='word_1_57' title='bbox 828 707 1094 750; x_wconf 76' lang='lat' dir='ltr'>Congregationis</span> <span class='ocrx_word' id='word_1_58' title='bbox 1109 716 1168 749; x_wconf 88' lang='lat' dir='ltr'>per</span> 
     </span>
     <span class='ocr_line' id='line_1_15' title="bbox 434 761 977 806; baseline -0.009 -10"><span class='ocrx_word' id='word_1_59' title='bbox 434 763 655 806; x_wconf 89' lang='lat' dir='ltr'>depositarum</span> <span class='ocrx_word' id='word_1_60' title='bbox 679 761 823 794; x_wconf 88' lang='lat' dir='ltr'>adnotari</span> <span class='ocrx_word' id='word_1_61' title='bbox 850 761 977 792; x_wconf 76' lang='lat' dir='ltr'>saciant..</span> 
     </span>
    </p>

    <p class='ocr_par' dir='ltr' id='par_1_4' title="bbox 434 813 1171 1703">
     <span class='ocr_line' id='line_1_16' title="bbox 480 813 1169 857; baseline -0.007 -8"><span class='ocrx_word' id='word_1_62' title='bbox 480 826 528 849; x_wconf 88' lang='lat'>111.</span> <span class='ocrx_word' id='word_1_63' title='bbox 556 815 709 847; x_wconf 85' lang='lat' dir='ltr'>Redditus</span> <span class='ocrx_word' id='word_1_64' title='bbox 727 824 856 857; x_wconf 91' lang='lat' dir='ltr'>quoque</span> <span class='ocrx_word' id='word_1_65' title='bbox 878 813 1076 855; x_wconf 78' lang='lat' dir='ltr'>singulorum</span> <span class='ocrx_word' id='word_1_66' title='bbox 1102 821 1169 844; x_wconf 93' lang='lat' dir='ltr'>mo-</span> 
     </span>
     <span class='ocr_line' id='line_1_17' title="bbox 435 865 1167 907; baseline -0.008 -5"><span class='ocrx_word' id='word_1_67' title='bbox 435 868 662 907; x_wconf 86' lang='lat' dir='ltr'>nasteriorum,</span> <span class='ocrx_word' id='word_1_68' title='bbox 681 873 743 899; x_wconf 88' lang='lat' dir='ltr'>tam</span> <span class='ocrx_word' id='word_1_69' title='bbox 761 867 921 899; x_wconf 84' lang='lat' dir='ltr'>fructuum</span> <span class='ocrx_word' id='word_1_70' title='bbox 939 865 1167 907; x_wconf 84' lang='lat' dir='ltr'>cuiuscumque</span> 
     </span>
     <span class='ocr_line' id='line_1_18' title="bbox 435 918 1168 965; baseline -0.008 -10"><span class='ocrx_word' id='word_1_71' title='bbox 435 921 575 965; x_wconf 83' lang='lat' dir='ltr'>generis,</span> <span class='ocrx_word' id='word_1_72' title='bbox 603 931 698 964; x_wconf 90' lang='lat' dir='ltr'>quam</span> <span class='ocrx_word' id='word_1_73' title='bbox 724 920 945 963; x_wconf 78' lang='lat' dir='ltr'>pecuniarum,</span> <span class='ocrx_word' id='word_1_74' title='bbox 964 918 1168 960; x_wconf 76' lang='lat' dir='ltr'>rationesque</span> 
     </span>
     <span class='ocr_line' id='line_1_19' title="bbox 436 970 1168 1016; baseline -0.007 -9"><span class='ocrx_word' id='word_1_75' title='bbox 436 974 501 1008; x_wconf 89' lang='lat' dir='ltr'>dati</span> <span class='ocrx_word' id='word_1_76' title='bbox 527 979 559 1007; x_wconf 91' lang='lat' dir='ltr'>et</span> <span class='ocrx_word' id='word_1_77' title='bbox 583 973 724 1016; x_wconf 88' lang='lat' dir='ltr'>accepti,</span> <span class='ocrx_word' id='word_1_78' title='bbox 754 972 962 1014; x_wconf 79' lang='lat' dir='ltr'>creditaeque</span> <span class='ocrx_word' id='word_1_79' title='bbox 987 976 1018 1003; x_wconf 92' lang='lat' dir='ltr'>et</span> <span class='ocrx_word' id='word_1_80' title='bbox 1042 970 1168 1003; x_wconf 81' lang='lat' dir='ltr'>debitae</span> 
     </span>
     <span class='ocr_line' id='line_1_20' title="bbox 436 1023 1171 1070; baseline -0.007 -10"><span class='ocrx_word' id='word_1_81' title='bbox 436 1027 601 1070; x_wconf 88' lang='lat' dir='ltr'>pecuniae,</span> <span class='ocrx_word' id='word_1_82' title='bbox 616 1038 633 1059; x_wconf 89' lang='lat' dir='ltr'>a</span> <span class='ocrx_word' id='word_1_83' title='bbox 646 1026 800 1069; x_wconf 77' lang='lat' dir='ltr'>praelatov</span> <span class='ocrx_word' id='word_1_84' title='bbox 815 1023 1008 1058; x_wconf 84' lang='lat' dir='ltr'>cancellario</span> <span class='ocrx_word' id='word_1_85' title='bbox 1022 1029 1053 1056; x_wconf 87' lang='lat' dir='ltr'>et</span> <span class='ocrx_word' id='word_1_86' title='bbox 1067 1024 1171 1061; x_wconf 77' lang='lat' dir='ltr'>senio-¹</span> 
     </span>
     <span class='ocr_line' id='line_1_21' title="bbox 436 1076 1170 1121; baseline -0.005 -10"><span class='ocrx_word' id='word_1_87' title='bbox 436 1080 525 1111; x_wconf 90' lang='lat' dir='ltr'>ribus</span> <span class='ocrx_word' id='word_1_88' title='bbox 549 1079 756 1121; x_wconf 80' lang='lat' dir='ltr'>subscriptas,</span> <span class='ocrx_word' id='word_1_89' title='bbox 776 1077 975 1109; x_wconf 80' lang='lat' dir='ltr'>exactissime</span> <span class='ocrx_word' id='word_1_90' title='bbox 990 1076 1119 1108; x_wconf 83' lang='lat' dir='ltr'>videant.</span> <span class='ocrx_word' id='word_1_91' title='bbox 1139 1081 1170 1108; x_wconf 90' lang='lat' dir='ltr'>et</span> 
     </span>
     <span class='ocr_line' id='line_1_22' title="bbox 436 1129 1169 1172; baseline -0.005 -8"><span class='ocrx_word' id='word_1_92' title='bbox 436 1132 634 1170; x_wconf 76' lang='lat' dir='ltr'>examinent,</span> <span class='ocrx_word' id='word_1_93' title='bbox 658 1136 689 1163; x_wconf 86' lang='lat' dir='ltr'>et</span> <span class='ocrx_word' id='word_1_94' title='bbox 705 1131 757 1163; x_wconf 90' lang='lat' dir='ltr'>ubi</span> <span class='ocrx_word' id='word_1_95' title='bbox 777 1140 858 1172; x_wconf 88' lang='lat' dir='ltr'>opus</span> <span class='ocrx_word' id='word_1_96' title='bbox 875 1129 978 1166; x_wconf 79' lang='lat' dir='ltr'>fuerit,</span> <span class='ocrx_word' id='word_1_97' title='bbox 998 1129 1080 1161; x_wconf 91' lang='lat' dir='ltr'>aeris</span> <span class='ocrx_word' id='word_1_98' title='bbox 1098 1129 1169 1161; x_wconf 91' lang='lat' dir='ltr'>alie·</span> 
     </span>
     <span class='ocr_line' id='line_1_23' title="bbox 435 1182 1170 1226; baseline -0.005 -8"><span class='ocrx_word' id='word_1_99' title='bbox 435 1186 468 1218; x_wconf 93' lang='lat' dir='ltr'>ni</span> <span class='ocrx_word' id='word_1_100' title='bbox 498 1194 609 1217; x_wconf 83' lang='lat' dir='ltr'>causas</span> <span class='ocrx_word' id='word_1_101' title='bbox 633 1183 805 1226; x_wconf 82' lang='lat' dir='ltr'>inquirant,</span> <span class='ocrx_word' id='word_1_102' title='bbox 825 1188 857 1215; x_wconf 89' lang='lat' dir='ltr'>et</span> <span class='ocrx_word' id='word_1_103' title='bbox 874 1182 1034 1214; x_wconf 86' lang='lat' dir='ltr'>rationem</span> <span class='ocrx_word' id='word_1_104' title='bbox 1058 1182 1170 1214; x_wconf 84' lang='lat' dir='ltr'>ineant</span> 
     </span>
     <span class='ocr_line' id='line_1_24' title="bbox 437 1234 1169 1280; baseline -0.005 -10"><span class='ocrx_word' id='word_1_105' title='bbox 437 1248 501 1280; x_wconf 89' lang='lat' dir='ltr'>quo</span> <span class='ocrx_word' id='word_1_106' title='bbox 528 1237 625 1269; x_wconf 89' lang='lat' dir='ltr'>modo</span> <span class='ocrx_word' id='word_1_107' title='bbox 651 1235 764 1268; x_wconf 81' lang='lat' dir='ltr'>redimi</span> <span class='ocrx_word' id='word_1_108' title='bbox 790 1234 904 1278; x_wconf 78' lang='lat' dir='ltr'>possit.</span> <span class='ocrx_word' id='word_1_109' title='bbox 931 1234 1037 1276; x_wconf 86' lang='lat' dir='ltr'>anue</span> <span class='ocrx_word' id='word_1_110' title='bbox 1063 1234 1169 1266; x_wconf 89' lang='lat' dir='ltr'>omnia</span> 
     </span>
     <span class='ocr_line' id='line_1_25' title="bbox 436 1287 1170 1333; baseline -0.004 -11"><span class='ocrx_word' id='word_1_111' title='bbox 436 1295 655 1333; x_wconf 80' lang='lat' dir='ltr'>pertractent,</span> <span class='ocrx_word' id='word_1_112' title='bbox 683 1299 765 1331; x_wconf 86' lang='lat' dir='ltr'>quae</span> <span class='ocrx_word' id='word_1_113' title='bbox 791 1299 849 1330; x_wconf 89' lang='lat' dir='ltr'>pro</span> <span class='ocrx_word' id='word_1_114' title='bbox 874 1287 1029 1330; x_wconf 87' lang='lat' dir='ltr'>cuiusque</span> <span class='ocrx_word' id='word_1_115' title='bbox 1058 1298 1170 1320; x_wconf 87' lang='lat' dir='ltr'>mona-</span> 
     </span>
     <span class='ocr_line' id='line_1_26' title="bbox 436 1341 1169 1384; baseline -0.003 -8"><span class='ocrx_word' id='word_1_116' title='bbox 436 1343 569 1376; x_wconf 86' lang='lat' dir='ltr'>nasterii</span> <span class='ocrx_word' id='word_1_117' title='bbox 594 1343 734 1375; x_wconf 85' lang='lat' dir='ltr'>utilitate</span> <span class='ocrx_word' id='word_1_118' title='bbox 767 1342 828 1374; x_wconf 91' lang='lat' dir='ltr'>sibi</span> <span class='ocrx_word' id='word_1_119' title='bbox 855 1341 1051 1374; x_wconf 80' lang='lat' dir='ltr'>videbuntur</span> <span class='ocrx_word' id='word_1_120' title='bbox 1075 1352 1169 1384; x_wconf 85' lang='lat' dir='ltr'>expe-</span> 
     </span>
     <span class='ocr_line' id='line_1_27' title="bbox 437 1394 1170 1439; baseline -0.004 -10"><span class='ocrx_word' id='word_1_121' title='bbox 437 1396 515 1436; x_wconf 88' lang='lat' dir='ltr'>dire,</span> <span class='ocrx_word' id='word_1_122' title='bbox 532 1395 695 1439; x_wconf 82' lang='lat' dir='ltr'>verboque</span> <span class='ocrx_word' id='word_1_123' title='bbox 715 1401 746 1427; x_wconf 86' lang='lat' dir='ltr'>et</span> <span class='ocrx_word' id='word_1_124' title='bbox 763 1395 882 1437; x_wconf 85' lang='lat' dir='ltr'>scripto</span> <span class='ocrx_word' id='word_1_125' title='bbox 904 1394 1011 1427; x_wconf 88' lang='lat' dir='ltr'>omnia</span> <span class='ocrx_word' id='word_1_126' title='bbox 1028 1394 1170 1426; x_wconf 85' lang='lat' dir='ltr'>reserant</span> 
     </span>
     <span class='ocr_line' id='line_1_28' title="bbox 436 1448 1169 1491; baseline -0.003 -9"><span class='ocrx_word' id='word_1_127' title='bbox 436 1449 672 1488; x_wconf 78' lang='lat' dir='ltr'>definitoribus,</span> <span class='ocrx_word' id='word_1_128' title='bbox 697 1454 731 1480; x_wconf 89' lang='lat' dir='ltr'>ut</span> <span class='ocrx_word' id='word_1_129' title='bbox 748 1448 874 1491; x_wconf 84' lang='lat' dir='ltr'>possint</span> <span class='ocrx_word' id='word_1_130' title='bbox 894 1453 1076 1490; x_wconf 86' lang='lat' dir='ltr'>opportune</span> <span class='ocrx_word' id='word_1_131' title='bbox 1095 1458 1169 1490; x_wconf 89' lang='lat' dir='ltr'>pro-</span> 
     </span>
     <span class='ocr_line' id='line_1_29' title="bbox 435 1500 1167 1540; baseline -0.001 -6"><span class='ocrx_word' id='word_1_132' title='bbox 435 1502 556 1535; x_wconf 84' lang='lat' dir='ltr'>videre.</span> <span class='ocrx_word' id='word_1_133' title='bbox 584 1501 673 1540; x_wconf 87' lang='lat' dir='ltr'>Quod</span> <span class='ocrx_word' id='word_1_134' title='bbox 692 1501 716 1532; x_wconf 88' lang='lat' dir='ltr'>si</span> <span class='ocrx_word' id='word_1_135' title='bbox 732 1501 764 1533; x_wconf 88' lang='lat' dir='ltr'>in</span> <span class='ocrx_word' id='word_1_136' title='bbox 782 1500 959 1532; x_wconf 85' lang='lat' dir='ltr'>rationibus</span> <span class='ocrx_word' id='word_1_137' title='bbox 982 1500 1167 1533; x_wconf 88' lang='lat' dir='ltr'>huiusmodi</span> 
     </span>
     <span class='ocr_line' id='line_1_30' title="bbox 435 1553 1169 1598; baseline -0.005 -10"><span class='ocrx_word' id='word_1_138' title='bbox 435 1555 574 1598; x_wconf 80' lang='lat' dir='ltr'>aliquam</span> <span class='ocrx_word' id='word_1_139' title='bbox 588 1554 771 1587; x_wconf 83' lang='lat' dir='ltr'>invenerint</span> <span class='ocrx_word' id='word_1_140' title='bbox 782 1553 936 1592; x_wconf 79' lang='lat' dir='ltr'>fraudem,</span> <span class='ocrx_word' id='word_1_141' title='bbox 948 1558 1059 1585; x_wconf 88' lang='lat' dir='ltr'>contra</span> <span class='ocrx_word' id='word_1_142' title='bbox 1073 1558 1169 1585; x_wconf 77' lang='lat' dir='ltr'>trans—</span> 
     </span>
     <span class='ocr_line' id='line_1_31' title="bbox 436 1606 1168 1650; baseline -0.003 -10"><span class='ocrx_word' id='word_1_143' title='bbox 436 1618 603 1650; x_wconf 82' lang='lat' dir='ltr'>gressores</span> <span class='ocrx_word' id='word_1_144' title='bbox 626 1606 827 1639; x_wconf 79' lang='lat' dir='ltr'>severissime</span> <span class='ocrx_word' id='word_1_145' title='bbox 847 1606 1053 1649; x_wconf 81' lang='lat' dir='ltr'>procedatur,</span> <span class='ocrx_word' id='word_1_146' title='bbox 1074 1606 1168 1639; x_wconf 86' lang='lat' dir='ltr'>etiam</span> 
     </span>
     <span class='ocr_line' id='line_1_32' title="bbox 434 1660 871 1703; baseline 0 -12"><span class='ocrx_word' id='word_1_147' title='bbox 434 1670 535 1703; x_wconf 84' lang='lat' dir='ltr'>usque</span> <span class='ocrx_word' id='word_1_148' title='bbox 556 1661 594 1693; x_wconf 92' lang='lat' dir='ltr'>ad</span> <span class='ocrx_word' id='word_1_149' title='bbox 621 1660 871 1702; x_wconf 85' lang='lat' dir='ltr'>depositionem.</span> 
     </span>
    </p>

    <p class='ocr_par' dir='ltr' id='par_1_5' title="bbox 434 1711 1170 1804">
     <span class='ocr_line' id='line_1_33' title="bbox 478 1711 1170 1754; baseline -0.003 -9"><span class='ocrx_word' id='word_1_150' title='bbox 478 1723 500 1746; x_wconf 91' lang='lat'>1.</span> <span class='ocrx_word' id='word_1_151' title='bbox 528 1712 618 1745; x_wconf 77' lang='lat' dir='ltr'>Feria</span> <span class='ocrx_word' id='word_1_152' title='bbox 648 1712 788 1745; x_wconf 78' lang='lat' dir='ltr'>secunda</span> <span class='ocrx_word' id='word_1_153' title='bbox 823 1711 1013 1754; x_wconf 80' lang='lat' dir='ltr'>tempestive</span> <span class='ocrx_word' id='word_1_154' title='bbox 1047 1711 1170 1743; x_wconf 83' lang='lat' dir='ltr'>dicatur</span> 
     </span>
     <span class='ocr_line' id='line_1_34' title="bbox 434 1763 1169 1804; baseline -0.003 -6"><span class='ocrx_word' id='word_1_155' title='bbox 434 1765 531 1798; x_wconf 83' lang='lat' dir='ltr'>missa</span> <span class='ocrx_word' id='word_1_156' title='bbox 544 1765 613 1798; x_wconf 88' lang='lat' dir='ltr'>sine</span> <span class='ocrx_word' id='word_1_157' title='bbox 629 1770 723 1798; x_wconf 79' lang='lat' dir='ltr'>cantu</span> <span class='ocrx_word' id='word_1_158' title='bbox 739 1765 778 1797; x_wconf 88' lang='lat' dir='ltr'>de</span> <span class='ocrx_word' id='word_1_159' title='bbox 794 1765 966 1804; x_wconf 81' lang='lat' dir='ltr'>dominica,</span> <span class='ocrx_word' id='word_1_160' title='bbox 989 1763 1038 1796; x_wconf 84' lang='lat' dir='ltr'>cui</span> <span class='ocrx_word' id='word_1_161' title='bbox 1057 1774 1169 1796; x_wconf 89' lang='lat' dir='ltr'>omnes</span> 
     </span>
    </p>
   </div>
   <div class='ocr_carea' id='block_1_4' title="bbox 434 1817 1192 1915">
    <p class='ocr_par' dir='ltr' id='par_1_6' title="bbox 434 1817 1192 1915">
     <span class='ocr_line' id='line_1_35' title="bbox 434 1817 1192 1860; baseline -0.001 -10"><span class='ocrx_word' id='word_1_162' title='bbox 434 1818 588 1852; x_wconf 80' lang='lat' dir='ltr'>intersint</span> <span class='ocrx_word' id='word_1_163' title='bbox 602 1818 800 1859; x_wconf 77' lang='lat' dir='ltr'>definitores,</span> <span class='ocrx_word' id='word_1_164' title='bbox 816 1818 875 1851; x_wconf 87' lang='lat' dir='ltr'>nisi</span> <span class='ocrx_word' id='word_1_165' title='bbox 891 1818 988 1860; x_wconf 86' lang='lat' dir='ltr'>aliqui</span> <span class='ocrx_word' id='word_1_166' title='bbox 1005 1823 1078 1850; x_wconf 88' lang='lat' dir='ltr'>tunc</span> <span class='ocrx_word' id='word_1_167' title='bbox 1095 1823 1170 1850; x_wconf 91' lang='lat' dir='ltr'>tem-</span> <span class='ocrx_word' id='word_1_168' title='bbox 1190 1817 1192 1841; x_wconf 59' lang='grc' dir='ltr'><strong>ἲ</strong></span> 
     </span>
     <span class='ocr_line' id='line_1_36' title="bbox 434 1871 1191 1915; baseline -0.003 -10"><span class='ocrx_word' id='word_1_169' title='bbox 434 1872 524 1915; x_wconf 91' lang='lat' dir='ltr'>poris</span> <span class='ocrx_word' id='word_1_170' title='bbox 549 1872 715 1905; x_wconf 86' lang='lat' dir='ltr'>celebrare</span> <span class='ocrx_word' id='word_1_171' title='bbox 742 1872 915 1904; x_wconf 82' lang='lat' dir='ltr'>voluerint.</span> <span class='ocrx_word' id='word_1_172' title='bbox 935 1871 965 1904; x_wconf 83' lang='lat' dir='ltr'>Si</span> <span class='ocrx_word' id='word_1_173' title='bbox 992 1872 1106 1914; x_wconf 79' lang='lat' dir='ltr'>duplex</span> <span class='ocrx_word' id='word_1_174' title='bbox 1129 1872 1170 1903; x_wconf 85' lang='lat' dir='ltr'>se·</span> <span class='ocrx_word' id='word_1_175' title='bbox 1190 1880 1191 1883; x_wconf 76' lang='grc'>’</span> 
     </span>
    </p>
   </div>
   <div class='ocr_carea' id='block_1_5' title="bbox 419 1924 1171 2656">
    <p class='ocr_par' dir='ltr' id='par_1_7' title="bbox 434 1924 1170 2063">
     <span class='ocr_line' id='line_1_37' title="bbox 434 1924 1170 1964; baseline -0.003 -6"><span class='ocrx_word' id='word_1_176' title='bbox 434 1930 519 1958; x_wconf 84' lang='lat' dir='ltr'>stum</span> <span class='ocrx_word' id='word_1_177' title='bbox 544 1925 744 1964; x_wconf 85' lang='lat' dir='ltr'>occurrerit,</span> <span class='ocrx_word' id='word_1_178' title='bbox 770 1926 806 1957; x_wconf 77' lang='lat' dir='ltr'>ea</span> <span class='ocrx_word' id='word_1_179' title='bbox 837 1924 887 1957; x_wconf 89' lang='lat' dir='ltr'>die</span> <span class='ocrx_word' id='word_1_180' title='bbox 922 1924 1046 1957; x_wconf 83' lang='lat' dir='ltr'>dicatur</span> <span class='ocrx_word' id='word_1_181' title='bbox 1071 1924 1170 1957; x_wconf 86' lang='lat' dir='ltr'>missa</span> 
     </span>
     <span class='ocr_line' id='line_1_38' title="bbox 435 1977 1170 2018; baseline -0.003 -7"><span class='ocrx_word' id='word_1_182' title='bbox 435 1978 474 2011; x_wconf 88' lang='lat' dir='ltr'>de</span> <span class='ocrx_word' id='word_1_183' title='bbox 500 1978 598 2018; x_wconf 88' lang='lat' dir='ltr'>sesto,</span> <span class='ocrx_word' id='word_1_184' title='bbox 625 1983 657 2010; x_wconf 88' lang='lat' dir='ltr'>et</span> <span class='ocrx_word' id='word_1_185' title='bbox 681 1977 731 2009; x_wconf 75' lang='lat' dir='ltr'>fiat</span> <span class='ocrx_word' id='word_1_186' title='bbox 758 1977 1023 2010; x_wconf 77' lang='lat' dir='ltr'>commemoratio</span> <span class='ocrx_word' id='word_1_187' title='bbox 1049 1977 1087 2009; x_wconf 89' lang='lat' dir='ltr'>de</span> <span class='ocrx_word' id='word_1_188' title='bbox 1113 1977 1170 2009; x_wconf 90' lang='lat' dir='ltr'>do—</span> 
     </span>
     <span class='ocr_line' id='line_1_39' title="bbox 434 2030 563 2063; baseline -0.008 0"><span class='ocrx_word' id='word_1_189' title='bbox 434 2030 563 2063; x_wconf 79' lang='lat' dir='ltr'>minica.</span> 
     </span>
    </p>

    <p class='ocr_par' dir='ltr' id='par_1_8' title="bbox 433 2083 1170 2443">
     <span class='ocr_line' id='line_1_40' title="bbox 478 2083 1170 2127; baseline 0 -11"><span class='ocrx_word' id='word_1_190' title='bbox 478 2094 513 2117; x_wconf 88' lang='lat'>11.</span> <span class='ocrx_word' id='word_1_191' title='bbox 540 2083 705 2126; x_wconf 78' lang='lat' dir='ltr'>Completa</span> <span class='ocrx_word' id='word_1_192' title='bbox 731 2084 839 2125; x_wconf 74' lang='lat' dir='ltr'>missa,</span> <span class='ocrx_word' id='word_1_193' title='bbox 872 2085 1018 2127; x_wconf 86' lang='lat' dir='ltr'>pulsetur</span> <span class='ocrx_word' id='word_1_194' title='bbox 1041 2093 1101 2127; x_wconf 91' lang='lat' dir='ltr'>pro</span> <span class='ocrx_word' id='word_1_195' title='bbox 1119 2094 1170 2116; x_wconf 82' lang='lat' dir='ltr'>ea-</span> 
     </span>
     <span class='ocr_line' id='line_1_41' title="bbox 433 2136 1169 2181; baseline -0.001 -12"><span class='ocrx_word' id='word_1_196' title='bbox 433 2137 558 2181; x_wconf 84' lang='lat' dir='ltr'>pitulo·,</span> <span class='ocrx_word' id='word_1_197' title='bbox 585 2137 842 2180; x_wconf 80' lang='lat' dir='ltr'>coadunatisque</span> <span class='ocrx_word' id='word_1_198' title='bbox 869 2136 1101 2176; x_wconf 78' lang='lat' dir='ltr'>definitoribus,</span> <span class='ocrx_word' id='word_1_199' title='bbox 1116 2147 1169 2178; x_wconf 80' lang='lat' dir='ltr'>ge-</span> 
     </span>
     <span class='ocr_line' id='line_1_42' title="bbox 433 2189 1170 2233; baseline 0 -11"><span class='ocrx_word' id='word_1_200' title='bbox 433 2190 527 2222; x_wconf 85' lang='lat' dir='ltr'>nibus</span> <span class='ocrx_word' id='word_1_201' title='bbox 552 2190 654 2229; x_wconf 83' lang='lat' dir='ltr'>flexis,</span> <span class='ocrx_word' id='word_1_202' title='bbox 675 2189 910 2233; x_wconf 85' lang='lat' dir='ltr'>aliquantisper</span> <span class='ocrx_word' id='word_1_203' title='bbox 935 2195 1045 2229; x_wconf 80' lang='lat' dir='ltr'>orent3</span> <span class='ocrx_word' id='word_1_204' title='bbox 1076 2189 1170 2222; x_wconf 85' lang='lat' dir='ltr'>saeto-</span> 
     </span>
     <span class='ocr_line' id='line_1_43' title="bbox 433 2243 1170 2286; baseline 0 -12"><span class='ocrx_word' id='word_1_205' title='bbox 433 2253 497 2286; x_wconf 90' lang='lat' dir='ltr'>que</span> <span class='ocrx_word' id='word_1_206' title='bbox 522 2243 614 2285; x_wconf 78' lang='lat' dir='ltr'>signo</span> <span class='ocrx_word' id='word_1_207' title='bbox 639 2253 655 2274; x_wconf 90' lang='lat' dir='ltr'>a</span> <span class='ocrx_word' id='word_1_208' title='bbox 679 2248 769 2286; x_wconf 91' lang='lat' dir='ltr'>patre</span> <span class='ocrx_word' id='word_1_209' title='bbox 790 2243 1006 2286; x_wconf 83' lang='lat' dir='ltr'>praesidente,</span> <span class='ocrx_word' id='word_1_210' title='bbox 1035 2243 1170 2276; x_wconf 82' lang='lat' dir='ltr'>sedeant</span> 
     </span>
     <span class='ocr_line' id='line_1_44' title="bbox 433 2295 1166 2338; baseline -0.001 -10"><span class='ocrx_word' id='word_1_211' title='bbox 433 2306 574 2328; x_wconf 85' lang='lat' dir='ltr'>omnes:</span> <span class='ocrx_word' id='word_1_212' title='bbox 609 2306 703 2338; x_wconf 90' lang='lat' dir='ltr'>quem</span> <span class='ocrx_word' id='word_1_213' title='bbox 741 2295 836 2328; x_wconf 89' lang='lat' dir='ltr'>etiam</span> <span class='ocrx_word' id='word_1_214' title='bbox 861 2297 991 2329; x_wconf 87' lang='lat' dir='ltr'>modum</span> <span class='ocrx_word' id='word_1_215' title='bbox 1017 2300 1166 2334; x_wconf 85' lang='lat' dir='ltr'>teneant,</span> 
     </span>
     <span class='ocr_line' id='line_1_45' title="bbox 433 2348 1170 2391; baseline -0.001 -11"><span class='ocrx_word' id='word_1_216' title='bbox 433 2348 558 2391; x_wconf 87' lang='lat' dir='ltr'>quoties</span> <span class='ocrx_word' id='word_1_217' title='bbox 575 2348 614 2380; x_wconf 88' lang='lat' dir='ltr'>ad</span> <span class='ocrx_word' id='word_1_218' title='bbox 633 2348 826 2390; x_wconf 85' lang='lat' dir='ltr'>capitulares</span> <span class='ocrx_word' id='word_1_219' title='bbox 844 2349 985 2382; x_wconf 80' lang='lat' dir='ltr'>actiones</span> <span class='ocrx_word' id='word_1_220' title='bbox 1002 2348 1170 2381; x_wconf 89' lang='lat' dir='ltr'>celebran-</span> 
     </span>
     <span class='ocr_line' id='line_1_46' title="bbox 433 2401 754 2443; baseline 0 -9"><span class='ocrx_word' id='word_1_221' title='bbox 433 2401 490 2434; x_wconf 85' lang='lat' dir='ltr'>das</span> <span class='ocrx_word' id='word_1_222' title='bbox 516 2401 754 2443; x_wconf 79' lang='lat' dir='ltr'>ingrediuntur.</span> 
     </span>
    </p>

    <p class='ocr_par' dir='ltr' id='par_1_9' title="bbox 419 2453 1171 2656">
     <span class='ocr_line' id='line_1_47' title="bbox 478 2453 1169 2498; baseline -0.003 -11"><span class='ocrx_word' id='word_1_223' title='bbox 478 2465 527 2487; x_wconf 91' lang='lat'>111.</span> <span class='ocrx_word' id='word_1_224' title='bbox 555 2454 648 2487; x_wconf 87' lang='lat' dir='ltr'>Fient</span> <span class='ocrx_word' id='word_1_225' title='bbox 680 2455 779 2497; x_wconf 80' lang='lat' dir='ltr'>igitur</span> <span class='ocrx_word' id='word_1_226' title='bbox 810 2455 916 2498; x_wconf 89' lang='lat' dir='ltr'>primo</span> <span class='ocrx_word' id='word_1_227' title='bbox 946 2465 1006 2498; x_wconf 91' lang='lat' dir='ltr'>per</span> <span class='ocrx_word' id='word_1_228' title='bbox 1030 2453 1169 2487; x_wconf 87' lang='lat' dir='ltr'>scribam</span> 
     </span>
     <span class='ocr_line' id='line_1_48' title="bbox 434 2507 1169 2550; baseline -0.003 -10"><span class='ocrx_word' id='word_1_229' title='bbox 434 2507 565 2550; x_wconf 83' lang='lat' dir='ltr'>capituli</span> <span class='ocrx_word' id='word_1_230' title='bbox 592 2508 671 2540; x_wconf 89' lang='lat' dir='ltr'>duae</span> <span class='ocrx_word' id='word_1_231' title='bbox 697 2508 885 2548; x_wconf 73' lang='lat' dir='ltr'>schedulae,</span> <span class='ocrx_word' id='word_1_232' title='bbox 912 2507 943 2540; x_wconf 91' lang='lat' dir='ltr'>in</span> <span class='ocrx_word' id='word_1_233' title='bbox 970 2507 1085 2550; x_wconf 86' lang='lat' dir='ltr'>quibus</span> <span class='ocrx_word' id='word_1_234' title='bbox 1111 2517 1169 2549; x_wconf 88' lang='lat' dir='ltr'>pro</span> 
     </span>
     <span class='ocr_line' id='line_1_49' title="bbox 435 2560 1171 2605; baseline -0.003 -12"><span class='ocrx_word' id='word_1_235' title='bbox 435 2560 647 2603; x_wconf 85' lang='lat' dir='ltr'>dispositione</span> <span class='ocrx_word' id='word_1_236' title='bbox 676 2561 775 2604; x_wconf 85' lang='lat' dir='ltr'>patris</span> <span class='ocrx_word' id='word_1_237' title='bbox 805 2562 1022 2605; x_wconf 89' lang='lat' dir='ltr'>praesidentis</span> <span class='ocrx_word' id='word_1_238' title='bbox 1047 2570 1171 2604; x_wconf 88' lang='lat' dir='ltr'>ponan-</span> 
     </span>
     <span class='ocr_line' id='line_1_50' title="bbox 419 2608 1168 2656; baseline -0.004 -10"><span class='ocrx_word' id='word_1_239' title='bbox 419 2608 488 2647; x_wconf 69' lang='lat' dir='ltr'>vtur</span> <span class='ocrx_word' id='word_1_240' title='bbox 512 2614 619 2647; x_wconf 86' lang='lat' dir='ltr'>omnia</span> <span class='ocrx_word' id='word_1_241' title='bbox 652 2615 850 2647; x_wconf 87' lang='lat' dir='ltr'>monasteria</span> <span class='ocrx_word' id='word_1_242' title='bbox 882 2612 1168 2656; x_wconf 83' lang='lat' dir='ltr'>Congregationis,</span> 
     </span>
    </p>
   </div>
   <div class='ocr_carea' id='block_1_6' title="bbox 1188 284 1194 2654">
    <p class='ocr_par' dir='ltr' id='par_1_10' title="bbox 1188 284 1194 2654">
     <span class='ocr_line' id='line_1_51' title="bbox 1188 284 1194 2654; baseline 0 0"><span class='ocrx_word' id='word_1_243' title='bbox 1188 284 1194 2654; x_wconf 95' lang='lat' dir='ltr'> </span> 
     </span>
    </p>
   </div>
   <div class='ocr_carea' id='block_1_7' title="bbox 1014 234 1367 259">
    <p class='ocr_par' dir='ltr' id='par_1_11' title="bbox 1014 234 1367 259">
     <span class='ocr_line' id='line_1_52' title="bbox 1014 234 1367 259; baseline 0.003 -1"><span class='ocrx_word' id='word_1_244' title='bbox 1014 234 1194 258; x_wconf 65' lang='lat' dir='ltr'>nULLAmUM</span> <span class='ocrx_word' id='word_1_245' title='bbox 1216 234 1367 259; x_wconf 70' lang='lat' dir='ltr'>ROMANUM</span> 
     </span>
    </p>
   </div>
   <div class='ocr_carea' id='block_1_8' title="bbox 1210 283 1949 1491">
    <p class='ocr_par' dir='ltr' id='par_1_12' title="bbox 1210 283 1949 1491">
     <span class='ocr_line' id='line_1_53' title="bbox 1212 283 1942 327; baseline 0 -12"><span class='ocrx_word' id='word_1_246' title='bbox 1212 293 1275 325; x_wconf 89' lang='lat' dir='ltr'>quo</span> <span class='ocrx_word' id='word_1_247' title='bbox 1297 283 1411 316; x_wconf 88' lang='lat' dir='ltr'>ordine</span> <span class='ocrx_word' id='word_1_248' title='bbox 1428 283 1638 316; x_wconf 87' lang='lat' dir='ltr'>examinanda</span> <span class='ocrx_word' id='word_1_249' title='bbox 1657 283 1789 325; x_wconf 82' lang='lat' dir='ltr'>fuerint;</span> <span class='ocrx_word' id='word_1_250' title='bbox 1808 293 1942 327; x_wconf 88' lang='lat' dir='ltr'>quarum</span> 
     </span>
     <span class='ocr_line' id='line_1_54' title="bbox 1212 336 1943 379; baseline 0.001 -12"><span class='ocrx_word' id='word_1_251' title='bbox 1212 336 1311 368; x_wconf 89' lang='lat' dir='ltr'>altera</span> <span class='ocrx_word' id='word_1_252' title='bbox 1336 336 1464 379; x_wconf 82' lang='lat' dir='ltr'>publice</span> <span class='ocrx_word' id='word_1_253' title='bbox 1490 336 1693 379; x_wconf 88' lang='lat' dir='ltr'>appendatur</span> <span class='ocrx_word' id='word_1_254' title='bbox 1717 347 1795 379; x_wconf 85' lang='lat' dir='ltr'>prae</span> <span class='ocrx_word' id='word_1_255' title='bbox 1821 336 1943 369; x_wconf 87' lang='lat' dir='ltr'>foribus</span> 
     </span>
     <span class='ocr_line' id='line_1_55' title="bbox 1211 388 1944 432; baseline 0 -10"><span class='ocrx_word' id='word_1_256' title='bbox 1211 388 1395 429; x_wconf 87' lang='lat' dir='ltr'>definitorii,</span> <span class='ocrx_word' id='word_1_257' title='bbox 1419 394 1455 421; x_wconf 88' lang='lat' dir='ltr'>ut</span> <span class='ocrx_word' id='word_1_258' title='bbox 1478 389 1581 422; x_wconf 89' lang='lat' dir='ltr'>sciant</span> <span class='ocrx_word' id='word_1_259' title='bbox 1605 399 1716 422; x_wconf 90' lang='lat' dir='ltr'>omnes</span> <span class='ocrx_word' id='word_1_260' title='bbox 1738 400 1802 432; x_wconf 84' lang='lat' dir='ltr'>quo</span> <span class='ocrx_word' id='word_1_261' title='bbox 1830 389 1944 423; x_wconf 83' lang='lat' dir='ltr'>ordine</span> 
     </span>
     <span class='ocr_line' id='line_1_56' title="bbox 1210 441 1944 484; baseline 0.001 -10"><span class='ocrx_word' id='word_1_262' title='bbox 1210 446 1242 474; x_wconf 91' lang='lat' dir='ltr'>et</span> <span class='ocrx_word' id='word_1_263' title='bbox 1266 442 1395 484; x_wconf 90' lang='lat' dir='ltr'>quando</span> <span class='ocrx_word' id='word_1_264' title='bbox 1421 446 1494 474; x_wconf 89' lang='lat' dir='ltr'>sunt</span> <span class='ocrx_word' id='word_1_265' title='bbox 1518 441 1733 482; x_wconf 87' lang='lat' dir='ltr'>examinandi,</span> <span class='ocrx_word' id='word_1_266' title='bbox 1753 446 1785 474; x_wconf 90' lang='lat' dir='ltr'>et</span> <span class='ocrx_word' id='word_1_267' title='bbox 1804 452 1836 474; x_wconf 91' lang='lat' dir='ltr'>se</span> <span class='ocrx_word' id='word_1_268' title='bbox 1854 452 1944 484; x_wconf 88' lang='lat' dir='ltr'>prae·</span> 
     </span>
     <span class='ocr_line' id='line_1_57' title="bbox 1210 494 1940 538; baseline 0 -11"><span class='ocrx_word' id='word_1_269' title='bbox 1210 501 1326 538; x_wconf 89' lang='lat' dir='ltr'>parent</span> <span class='ocrx_word' id='word_1_270' title='bbox 1348 500 1384 527; x_wconf 89' lang='lat' dir='ltr'>ut</span> <span class='ocrx_word' id='word_1_271' title='bbox 1408 495 1511 527; x_wconf 89' lang='lat' dir='ltr'>vocati</span> <span class='ocrx_word' id='word_1_272' title='bbox 1536 500 1666 538; x_wconf 88' lang='lat' dir='ltr'>praesto</span> <span class='ocrx_word' id='word_1_273' title='bbox 1692 504 1762 527; x_wconf 87' lang='lat' dir='ltr'>esse</span> <span class='ocrx_word' id='word_1_274' title='bbox 1794 494 1940 538; x_wconf 88' lang='lat' dir='ltr'>possint;</span> 
     </span>
     <span class='ocr_line' id='line_1_58' title="bbox 1210 549 1944 590; baseline 0 -10"><span class='ocrx_word' id='word_1_275' title='bbox 1210 549 1312 580; x_wconf 86' lang='lat' dir='ltr'>altera</span> <span class='ocrx_word' id='word_1_276' title='bbox 1329 558 1403 581; x_wconf 83' lang='lat' dir='ltr'>vero</span> <span class='ocrx_word' id='word_1_277' title='bbox 1421 552 1587 580; x_wconf 87' lang='lat' dir='ltr'>remaneat</span> <span class='ocrx_word' id='word_1_278' title='bbox 1600 557 1701 590; x_wconf 89' lang='lat' dir='ltr'>penes</span> <span class='ocrx_word' id='word_1_279' title='bbox 1719 551 1841 590; x_wconf 86' lang='lat' dir='ltr'>patrem</span> <span class='ocrx_word' id='word_1_280' title='bbox 1856 558 1944 590; x_wconf 90' lang='lat' dir='ltr'>prae·</span> 
     </span>
     <span class='ocr_line' id='line_1_59' title="bbox 1210 601 1944 644; baseline -0.001 -10"><span class='ocrx_word' id='word_1_281' title='bbox 1210 603 1389 641; x_wconf 88' lang='lat' dir='ltr'>sidentem,</span> <span class='ocrx_word' id='word_1_282' title='bbox 1415 607 1450 634; x_wconf 91' lang='lat' dir='ltr'>ut</span> <span class='ocrx_word' id='word_1_283' title='bbox 1473 601 1554 634; x_wconf 84' lang='lat' dir='ltr'>sciat</span> <span class='ocrx_word' id='word_1_284' title='bbox 1583 611 1646 644; x_wconf 89' lang='lat' dir='ltr'>quo</span> <span class='ocrx_word' id='word_1_285' title='bbox 1671 601 1785 634; x_wconf 90' lang='lat' dir='ltr'>ordine</span> <span class='ocrx_word' id='word_1_286' title='bbox 1808 601 1944 644; x_wconf 84' lang='lat' dir='ltr'>praelati</span> 
     </span>
     <span class='ocr_line' id='line_1_60' title="bbox 1211 654 1893 689; baseline 0 -1"><span class='ocrx_word' id='word_1_287' title='bbox 1211 656 1287 689; x_wconf 90' lang='lat' dir='ltr'>olim</span> <span class='ocrx_word' id='word_1_288' title='bbox 1312 655 1584 688; x_wconf 79' lang='lat' dir='ltr'>monasteriorum</span> <span class='ocrx_word' id='word_1_289' title='bbox 1609 655 1716 688; x_wconf 82' lang='lat' dir='ltr'>vocari</span> <span class='ocrx_word' id='word_1_290' title='bbox 1742 654 1893 688; x_wconf 85' lang='lat' dir='ltr'>debeant.</span> 
     </span>
     <span class='ocr_line' id='line_1_61' title="bbox 1254 706 1945 741; baseline 0 -1"><span class='ocrx_word' id='word_1_291' title='bbox 1254 718 1297 741; x_wconf 83' lang='lat' dir='ltr'>iv.</span> <span class='ocrx_word' id='word_1_292' title='bbox 1329 708 1444 740; x_wconf 87' lang='lat' dir='ltr'>Postea</span> <span class='ocrx_word' id='word_1_293' title='bbox 1477 717 1553 740; x_wconf 81' lang='lat' dir='ltr'>vero</span> <span class='ocrx_word' id='word_1_294' title='bbox 1588 712 1745 740; x_wconf 89' lang='lat' dir='ltr'>vocentur</span> <span class='ocrx_word' id='word_1_295' title='bbox 1780 706 1945 740; x_wconf 85' lang='lat' dir='ltr'>auditores</span> 
     </span>
     <span class='ocr_line' id='line_1_62' title="bbox 1211 759 1945 802; baseline -0.001 -9"><span class='ocrx_word' id='word_1_296' title='bbox 1211 771 1377 794; x_wconf 82' lang='lat' dir='ltr'>causarum</span> <span class='ocrx_word' id='word_1_297' title='bbox 1398 771 1470 793; x_wconf 89' lang='lat' dir='ltr'>eum</span> <span class='ocrx_word' id='word_1_298' title='bbox 1493 770 1602 793; x_wconf 90' lang='lat' dir='ltr'>eornm</span> <span class='ocrx_word' id='word_1_299' title='bbox 1622 760 1738 800; x_wconf 76' lang='lat' dir='ltr'>scriba,</span> <span class='ocrx_word' id='word_1_300' title='bbox 1760 759 1813 802; x_wconf 89' lang='lat' dir='ltr'>qui</span> <span class='ocrx_word' id='word_1_301' title='bbox 1832 769 1945 792; x_wconf 88' lang='lat' dir='ltr'>omnes</span> 
     </span>
     <span class='ocr_line' id='line_1_63' title="bbox 1212 812 1945 857; baseline -0.003 -10"><span class='ocrx_word' id='word_1_302' title='bbox 1212 816 1445 848; x_wconf 88' lang='lat' dir='ltr'>admoneantur</span> <span class='ocrx_word' id='word_1_303' title='bbox 1462 825 1478 847; x_wconf 92' lang='lat' dir='ltr'>a</span> <span class='ocrx_word' id='word_1_304' title='bbox 1502 819 1595 857; x_wconf 84' lang='lat' dir='ltr'>patre</span> <span class='ocrx_word' id='word_1_305' title='bbox 1618 812 1824 857; x_wconf 82' lang='lat' dir='ltr'>praesidente</span> <span class='ocrx_word' id='word_1_306' title='bbox 1840 819 1875 846; x_wconf 91' lang='lat' dir='ltr'>ut</span> <span class='ocrx_word' id='word_1_307' title='bbox 1898 813 1945 847; x_wconf 68' lang='grc' dir='ltr'>οἵ·</span> 
     </span>
     <span class='ocr_line' id='line_1_64' title="bbox 1211 866 1946 900; baseline -0.001 -1"><span class='ocrx_word' id='word_1_308' title='bbox 1211 867 1317 900; x_wconf 85' lang='lat' dir='ltr'>ficium</span> <span class='ocrx_word' id='word_1_309' title='bbox 1343 867 1404 900; x_wconf 89' lang='lat' dir='ltr'>sibi</span> <span class='ocrx_word' id='word_1_310' title='bbox 1438 867 1643 900; x_wconf 85' lang='lat' dir='ltr'>commissum</span> <span class='ocrx_word' id='word_1_311' title='bbox 1673 870 1805 899; x_wconf 86' lang='lat' dir='ltr'>strenue</span> <span class='ocrx_word' id='word_1_312' title='bbox 1834 870 1870 899; x_wconf 88' lang='lat' dir='ltr'>et·</span> <span class='ocrx_word' id='word_1_313' title='bbox 1896 866 1946 899; x_wconf 93' lang='lat' dir='ltr'>in-</span> 
     </span>
     <span class='ocr_line' id='line_1_65' title="bbox 1213 919 1945 963; baseline 0 -11"><span class='ocrx_word' id='word_1_314' title='bbox 1213 926 1301 963; x_wconf 85' lang='lat' dir='ltr'>tegre</span> <span class='ocrx_word' id='word_1_315' title='bbox 1327 925 1521 960; x_wconf 78' lang='lat' dir='ltr'>exerceant,</span> <span class='ocrx_word' id='word_1_316' title='bbox 1549 919 1767 962; x_wconf 85' lang='lat' dir='ltr'>iustitiamque</span> <span class='ocrx_word' id='word_1_317' title='bbox 1793 919 1945 952; x_wconf 88' lang='lat' dir='ltr'>omnibus</span> 
     </span>
     <span class='ocr_line' id='line_1_66' title="bbox 1212 972 1945 1016; baseline 0 -10"><span class='ocrx_word' id='word_1_318' title='bbox 1212 984 1281 1006; x_wconf 88' lang='lat' dir='ltr'>cum</span> <span class='ocrx_word' id='word_1_319' title='bbox 1306 974 1361 1006; x_wconf 90' lang='lat' dir='ltr'>Dei</span> <span class='ocrx_word' id='word_1_320' title='bbox 1388 974 1501 1006; x_wconf 88' lang='lat' dir='ltr'>timore</span> <span class='ocrx_word' id='word_1_321' title='bbox 1527 972 1765 1013; x_wconf 86' lang='lat' dir='ltr'>administrent,</span> <span class='ocrx_word' id='word_1_322' title='bbox 1796 977 1837 1013; x_wconf 87' lang='lat' dir='ltr'>et,</span> <span class='ocrx_word' id='word_1_323' title='bbox 1862 983 1945 1016; x_wconf 88' lang='lat' dir='ltr'>quae</span> 
     </span>
     <span class='ocr_line' id='line_1_67' title="bbox 1212 1023 1947 1068; baseline -0.003 -9"><span class='ocrx_word' id='word_1_324' title='bbox 1212 1027 1336 1068; x_wconf 82' lang='lat' dir='ltr'>agenda</span> <span class='ocrx_word' id='word_1_325' title='bbox 1360 1031 1465 1066; x_wconf 78' lang='lat' dir='ltr'>erunt„</span> <span class='ocrx_word' id='word_1_326' title='bbox 1485 1029 1604 1068; x_wconf 87' lang='lat' dir='ltr'>quanto</span> <span class='ocrx_word' id='word_1_327' title='bbox 1629 1023 1726 1057; x_wconf 68' lang='lat' dir='ltr'>citius.</span> <span class='ocrx_word' id='word_1_328' title='bbox 1748 1030 1947 1067; x_wconf 85' lang='lat' dir='ltr'>exequantur</span> 
     </span>
     <span class='ocr_line' id='line_1_68' title="bbox 1214 1077 1946 1121; baseline -0.003 -9"><span class='ocrx_word' id='word_1_329' title='bbox 1214 1084 1245 1112; x_wconf 91' lang='lat' dir='ltr'>et</span> <span class='ocrx_word' id='word_1_330' title='bbox 1269 1079 1452 1119; x_wconf 88' lang='lat' dir='ltr'>terminent,</span> <span class='ocrx_word' id='word_1_331' title='bbox 1474 1083 1514 1119; x_wconf 88' lang='lat' dir='ltr'>et,</span> <span class='ocrx_word' id='word_1_332' title='bbox 1534 1083 1568 1110; x_wconf 87' lang='lat' dir='ltr'>ut.</span> <span class='ocrx_word' id='word_1_333' title='bbox 1588 1077 1770 1121; x_wconf 87' lang='lat' dir='ltr'>capitulum</span> <span class='ocrx_word' id='word_1_334' title='bbox 1792 1077 1831 1111; x_wconf 86' lang='lat' dir='ltr'>de</span> <span class='ocrx_word' id='word_1_335' title='bbox 1856 1077 1946 1111; x_wconf 88' lang='lat' dir='ltr'>audi-</span> 
     </span>
     <span class='ocr_line' id='line_1_69' title="bbox 1214 1129 1949 1173; baseline -0.003 -9"><span class='ocrx_word' id='word_1_336' title='bbox 1214 1132 1337 1165; x_wconf 90' lang='lat' dir='ltr'>toribus</span> <span class='ocrx_word' id='word_1_337' title='bbox 1363 1141 1534 1164; x_wconf 86' lang='lat' dir='ltr'>causarum</span> <span class='ocrx_word' id='word_1_338' title='bbox 1569 1131 1680 1173; x_wconf 82' lang='lat' dir='ltr'>legant</span> <span class='ocrx_word' id='word_1_339' title='bbox 1710 1135 1741 1163; x_wconf 91' lang='lat' dir='ltr'>et</span> <span class='ocrx_word' id='word_1_340' title='bbox 1774 1129 1949 1172; x_wconf 88' lang='lat' dir='ltr'>diligenter</span> 
     </span>
     <span class='ocr_line' id='line_1_70' title="bbox 1213 1184 1946 1228; baseline -0.003 -10"><span class='ocrx_word' id='word_1_341' title='bbox 1213 1186 1403 1228; x_wconf 85' lang='lat' dir='ltr'>ponderent,</span> <span class='ocrx_word' id='word_1_342' title='bbox 1426 1185 1584 1217; x_wconf 88' lang='lat' dir='ltr'>hortetur.</span> <span class='ocrx_word' id='word_1_343' title='bbox 1603 1184 1641 1216; x_wconf 85' lang='lat' dir='ltr'>Et</span> <span class='ocrx_word' id='word_1_344' title='bbox 1657 1184 1762 1227; x_wconf 89' lang='lat' dir='ltr'>primo</span> <span class='ocrx_word' id='word_1_345' title='bbox 1782 1188 1946 1228; x_wconf 80' lang='lat' dir='ltr'>regestum</span> 
     </span>
     <span class='ocr_line' id='line_1_71' title="bbox 1213 1236 1948 1281; baseline -0.003 -10"><span class='ocrx_word' id='word_1_346' title='bbox 1213 1244 1428 1271; x_wconf 81' lang='lat' dir='ltr'>conventuum</span> <span class='ocrx_word' id='word_1_347' title='bbox 1454 1237 1667 1281; x_wconf 78' lang='lat' dir='ltr'>expediatur3</span> <span class='ocrx_word' id='word_1_348' title='bbox 1705 1236 1821 1270; x_wconf 88' lang='lat' dir='ltr'>deinde</span> <span class='ocrx_word' id='word_1_349' title='bbox 1855 1241 1948 1280; x_wconf 89' lang='lat' dir='ltr'>pater</span> 
     </span>
     <span class='ocr_line' id='line_1_72' title="bbox 1213 1288 1949 1333; baseline -0.003 -10"><span class='ocrx_word' id='word_1_350' title='bbox 1213 1291 1403 1333; x_wconf 80' lang='lat' dir='ltr'>praesidens</span> <span class='ocrx_word' id='word_1_351' title='bbox 1429 1290 1598 1323; x_wconf 87' lang='lat' dir='ltr'>distribuat</span> <span class='ocrx_word' id='word_1_352' title='bbox 1627 1289 1803 1332; x_wconf 88' lang='lat' dir='ltr'>unicuique</span> <span class='ocrx_word' id='word_1_353' title='bbox 1835 1288 1949 1322; x_wconf 79' lang='lat' dir='ltr'>defini-</span> 
     </span>
     <span class='ocr_line' id='line_1_73' title="bbox 1213 1342 1949 1383; baseline 0 -8"><span class='ocrx_word' id='word_1_354' title='bbox 1213 1349 1317 1375; x_wconf 88' lang='lat' dir='ltr'>torum</span> <span class='ocrx_word' id='word_1_355' title='bbox 1332 1343 1445 1382; x_wconf 82' lang='lat' dir='ltr'>officia,</span> <span class='ocrx_word' id='word_1_356' title='bbox 1461 1342 1696 1383; x_wconf 82' lang='lat' dir='ltr'>adnotationes,</span> <span class='ocrx_word' id='word_1_357' title='bbox 1710 1342 1871 1382; x_wconf 86' lang='lat' dir='ltr'>videlicet,</span> <span class='ocrx_word' id='word_1_358' title='bbox 1883 1352 1949 1375; x_wconf 89' lang='lat' dir='ltr'>mu-</span> 
     </span>
     <span class='ocr_line' id='line_1_74' title="bbox 1213 1395 1945 1436; baseline -0.001 -8"><span class='ocrx_word' id='word_1_359' title='bbox 1213 1397 1382 1429; x_wconf 84' lang='lat' dir='ltr'>tandorum</span> <span class='ocrx_word' id='word_1_360' title='bbox 1406 1396 1654 1435; x_wconf 85' lang='lat' dir='ltr'>monachorum,</span> <span class='ocrx_word' id='word_1_361' title='bbox 1678 1395 1945 1436; x_wconf 88' lang='lat' dir='ltr'>ordinandorum,</span> 
     </span>
     <span class='ocr_line' id='line_1_75' title="bbox 1213 1448 1948 1491; baseline 0.001 -10"><span class='ocrx_word' id='word_1_362' title='bbox 1213 1450 1394 1482; x_wconf 87' lang='lat' dir='ltr'>litterarum</span> <span class='ocrx_word' id='word_1_363' title='bbox 1419 1449 1650 1491; x_wconf 81' lang='lat' dir='ltr'>gratiosarum,</span> <span class='ocrx_word' id='word_1_364' title='bbox 1677 1448 1948 1482; x_wconf 76' lang='lat' dir='ltr'>extraordinario·</span> 
     </span>
    </p>
   </div>
   <div class='ocr_carea' id='block_1_9' title="bbox 1190 1501 1948 1598">
    <p class='ocr_par' dir='ltr' id='par_1_13' title="bbox 1190 1501 1948 1598">
     <span class='ocr_line' id='line_1_76' title="bbox 1190 1501 1948 1545; baseline 0 -11"><span class='ocrx_word' id='word_1_365' title='bbox 1190 1518 1191 1525; x_wconf 31' lang='grc' dir='ltr'><strong>κ</strong></span> <span class='ocrx_word' id='word_1_366' title='bbox 1213 1513 1293 1541; x_wconf 88' lang='lat' dir='ltr'>rum,</span> <span class='ocrx_word' id='word_1_367' title='bbox 1321 1508 1352 1534; x_wconf 86' lang='lat' dir='ltr'>et</span> <span class='ocrx_word' id='word_1_368' title='bbox 1377 1502 1515 1535; x_wconf 89' lang='lat' dir='ltr'>aliorum</span> <span class='ocrx_word' id='word_1_369' title='bbox 1540 1501 1737 1542; x_wconf 85' lang='lat' dir='ltr'>huiusmodi,</span> <span class='ocrx_word' id='word_1_370' title='bbox 1763 1506 1861 1545; x_wconf 87' lang='lat' dir='ltr'>prout</span> <span class='ocrx_word' id='word_1_371' title='bbox 1885 1501 1948 1545; x_wconf 90' lang='lat' dir='ltr'>ipsi</span> 
     </span>
     <span class='ocr_line' id='line_1_77' title="bbox 1190 1554 1714 1598; baseline -0.004 -10"><span class='ocrx_word' id='word_1_372' title='bbox 1190 1582 1191 1588; x_wconf 68' lang='grc'>,</span> <span class='ocrx_word' id='word_1_373' title='bbox 1213 1556 1296 1598; x_wconf 87' lang='lat' dir='ltr'>patri</span> <span class='ocrx_word' id='word_1_374' title='bbox 1322 1555 1518 1597; x_wconf 80' lang='lat' dir='ltr'>praesidenti</span> <span class='ocrx_word' id='word_1_375' title='bbox 1542 1554 1714 1587; x_wconf 86' lang='lat' dir='ltr'>videbitur.</span> 
     </span>
    </p>
   </div>
   <div class='ocr_carea' id='block_1_10' title="bbox 1213 1606 1948 1703">
    <p class='ocr_par' dir='ltr' id='par_1_14' title="bbox 1213 1606 1948 1703">
     <span class='ocr_line' id='line_1_78' title="bbox 1256 1606 1948 1650; baseline 0 -10"><span class='ocrx_word' id='word_1_376' title='bbox 1256 1618 1286 1640; x_wconf 86' lang='lat' dir='ltr'>v.</span> <span class='ocrx_word' id='word_1_377' title='bbox 1315 1607 1390 1640; x_wconf 83' lang='lat' dir='ltr'>Post</span> <span class='ocrx_word' id='word_1_378' title='bbox 1413 1608 1494 1640; x_wconf 86' lang='lat' dir='ltr'>haee</span> <span class='ocrx_word' id='word_1_379' title='bbox 1519 1606 1697 1650; x_wconf 86' lang='lat' dir='ltr'>procedant</span> <span class='ocrx_word' id='word_1_380' title='bbox 1721 1607 1760 1639; x_wconf 90' lang='lat' dir='ltr'>ad</span> <span class='ocrx_word' id='word_1_381' title='bbox 1787 1612 1948 1640; x_wconf 84' lang='lat' dir='ltr'>monaste-</span> 
     </span>
     <span class='ocr_line' id='line_1_79' title="bbox 1213 1659 1947 1703; baseline 0 -11"><span class='ocrx_word' id='word_1_382' title='bbox 1213 1660 1335 1693; x_wconf 88' lang='lat' dir='ltr'>riorum</span> <span class='ocrx_word' id='word_1_383' title='bbox 1375 1659 1672 1700; x_wconf 85' lang='lat' dir='ltr'>examinationem‚</span> <span class='ocrx_word' id='word_1_384' title='bbox 1709 1659 1821 1692; x_wconf 74' lang='lat' dir='ltr'>habita</span> <span class='ocrx_word' id='word_1_385' title='bbox 1856 1659 1947 1703; x_wconf 88' lang='lat' dir='ltr'>prius</span> 
     </span>
    </p>
   </div>
   <div class='ocr_carea' id='block_1_11' title="bbox 1190 1711 1948 1756">
    <p class='ocr_par' dir='ltr' id='par_1_15' title="bbox 1190 1711 1948 1756">
     <span class='ocr_line' id='line_1_80' title="bbox 1190 1711 1948 1756; baseline 0.001 -12"><span class='ocrx_word' id='word_1_386' title='bbox 1190 1741 1191 1744; x_wconf 75' lang='grc'>,</span> <span class='ocrx_word' id='word_1_387' title='bbox 1213 1714 1308 1756; x_wconf 83' lang='lat' dir='ltr'>plena</span> <span class='ocrx_word' id='word_1_388' title='bbox 1334 1718 1365 1745; x_wconf 89' lang='lat' dir='ltr'>et</span> <span class='ocrx_word' id='word_1_389' title='bbox 1390 1715 1500 1745; x_wconf 78' lang='lat' dir='ltr'>exacta</span> <span class='ocrx_word' id='word_1_390' title='bbox 1520 1724 1536 1745; x_wconf 92' lang='lat' dir='ltr'>a</span> <span class='ocrx_word' id='word_1_391' title='bbox 1555 1712 1773 1745; x_wconf 86' lang='lat' dir='ltr'>visitatoribus</span> <span class='ocrx_word' id='word_1_392' title='bbox 1796 1711 1948 1745; x_wconf 79' lang='lat' dir='ltr'>informa-</span> 
     </span>
    </p>
   </div>
   <div class='ocr_carea' id='block_1_12' title="bbox 1212 1764 1969 2657">
    <p class='ocr_par' dir='ltr' id='par_1_16' title="bbox 1212 1764 1954 2017">
     <span class='ocr_line' id='line_1_81' title="bbox 1215 1764 1947 1808; baseline 0 -10"><span class='ocrx_word' id='word_1_393' title='bbox 1215 1766 1301 1798; x_wconf 88' lang='lat' dir='ltr'>tione</span> <span class='ocrx_word' id='word_1_394' title='bbox 1316 1771 1416 1798; x_wconf 84' lang='lat' dir='ltr'>status</span> <span class='ocrx_word' id='word_1_395' title='bbox 1429 1765 1707 1805; x_wconf 86' lang='lat' dir='ltr'>monasteriorum,</span> <span class='ocrx_word' id='word_1_396' title='bbox 1723 1775 1803 1808; x_wconf 89' lang='lat' dir='ltr'>quae</span> <span class='ocrx_word' id='word_1_397' title='bbox 1817 1765 1855 1798; x_wconf 92' lang='lat' dir='ltr'>ab</span> <span class='ocrx_word' id='word_1_398' title='bbox 1869 1764 1947 1808; x_wconf 89' lang='lat' dir='ltr'>ipsis</span> 
     </span>
     <span class='ocr_line' id='line_1_82' title="bbox 1212 1818 1954 1861; baseline -0.001 -10"><span class='ocrx_word' id='word_1_399' title='bbox 1212 1819 1336 1851; x_wconf 84' lang='lat' dir='ltr'>visitata</span> <span class='ocrx_word' id='word_1_400' title='bbox 1372 1819 1518 1859; x_wconf 77' lang='lat' dir='ltr'>suerunt3</span> <span class='ocrx_word' id='word_1_401' title='bbox 1555 1818 1713 1861; x_wconf 90' lang='lat' dir='ltr'>imprimis</span> <span class='ocrx_word' id='word_1_402' title='bbox 1747 1822 1954 1860; x_wconf 72' lang='lat' dir='ltr'>statuentes„</span> 
     </span>
     <span class='ocr_line' id='line_1_83' title="bbox 1214 1871 1947 1915; baseline 0.001 -12"><span class='ocrx_word' id='word_1_403' title='bbox 1214 1873 1323 1915; x_wconf 84' lang='lat' dir='ltr'>quod,</span> <span class='ocrx_word' id='word_1_404' title='bbox 1351 1872 1377 1903; x_wconf 91' lang='lat' dir='ltr'>si</span> <span class='ocrx_word' id='word_1_405' title='bbox 1403 1871 1444 1911; x_wconf 86' lang='lat' dir='ltr'>is,</span> <span class='ocrx_word' id='word_1_406' title='bbox 1476 1871 1531 1914; x_wconf 84' lang='lat' dir='ltr'>qui</span> <span class='ocrx_word' id='word_1_407' title='bbox 1556 1871 1654 1903; x_wconf 89' lang='lat' dir='ltr'>suerit</span> <span class='ocrx_word' id='word_1_408' title='bbox 1683 1871 1847 1914; x_wconf 89' lang='lat' dir='ltr'>praelatus</span> <span class='ocrx_word' id='word_1_409' title='bbox 1878 1881 1947 1904; x_wconf 91' lang='lat' dir='ltr'>mo-</span> 
     </span>
     <span class='ocr_line' id='line_1_84' title="bbox 1213 1924 1948 1967; baseline 0.001 -11"><span class='ocrx_word' id='word_1_410' title='bbox 1213 1924 1356 1965; x_wconf 85' lang='lat' dir='ltr'>nasterii,</span> <span class='ocrx_word' id='word_1_411' title='bbox 1385 1924 1423 1956; x_wconf 93' lang='lat' dir='ltr'>de</span> <span class='ocrx_word' id='word_1_412' title='bbox 1449 1935 1512 1967; x_wconf 87' lang='lat' dir='ltr'>quo</span> <span class='ocrx_word' id='word_1_413' title='bbox 1539 1924 1684 1957; x_wconf 81' lang='lat' dir='ltr'>facienda</span> <span class='ocrx_word' id='word_1_414' title='bbox 1709 1928 1759 1956; x_wconf 90' lang='lat' dir='ltr'>est</span> <span class='ocrx_word' id='word_1_415' title='bbox 1786 1924 1948 1957; x_wconf 86' lang='lat' dir='ltr'>examina·</span> 
     </span>
     <span class='ocr_line' id='line_1_85' title="bbox 1213 1975 1922 2017; baseline 0.003 -9"><span class='ocrx_word' id='word_1_416' title='bbox 1213 1977 1270 2016; x_wconf 85' lang='lat' dir='ltr'>tio,</span> <span class='ocrx_word' id='word_1_417' title='bbox 1296 1977 1337 2009; x_wconf 88' lang='lat' dir='ltr'>sit</span> <span class='ocrx_word' id='word_1_418' title='bbox 1361 1976 1522 2017; x_wconf 79' lang='lat' dir='ltr'>definitor,</span> <span class='ocrx_word' id='word_1_419' title='bbox 1550 1982 1642 2009; x_wconf 87' lang='lat' dir='ltr'>exeat</span> <span class='ocrx_word' id='word_1_420' title='bbox 1666 1977 1705 2009; x_wconf 88' lang='lat' dir='ltr'>de</span> <span class='ocrx_word' id='word_1_421' title='bbox 1726 1975 1922 2010; x_wconf 88' lang='lat' dir='ltr'>definitorio.</span> 
     </span>
    </p>

    <p class='ocr_par' dir='ltr' id='par_1_17' title="bbox 1212 2029 1953 2486">
     <span class='ocr_line' id='line_1_86' title="bbox 1255 2029 1947 2073; baseline 0.001 -11"><span class='ocrx_word' id='word_1_422' title='bbox 1255 2039 1297 2063; x_wconf 81' lang='lat' dir='ltr'>vi.</span> <span class='ocrx_word' id='word_1_423' title='bbox 1324 2029 1482 2062; x_wconf 86' lang='lat' dir='ltr'>Similiter</span> <span class='ocrx_word' id='word_1_424' title='bbox 1506 2030 1532 2062; x_wconf 92' lang='lat' dir='ltr'>si</span> <span class='ocrx_word' id='word_1_425' title='bbox 1559 2029 1630 2073; x_wconf 89' lang='lat' dir='ltr'>quis</span> <span class='ocrx_word' id='word_1_426' title='bbox 1655 2029 1863 2063; x_wconf 86' lang='lat' dir='ltr'>definitorum</span> <span class='ocrx_word' id='word_1_427' title='bbox 1889 2029 1947 2063; x_wconf 85' lang='lat' dir='ltr'>ba-</span> 
     </span>
     <span class='ocr_line' id='line_1_87' title="bbox 1212 2082 1948 2125; baseline 0.003 -11"><span class='ocrx_word' id='word_1_428' title='bbox 1212 2083 1286 2115; x_wconf 85' lang='lat' dir='ltr'>beat</span> <span class='ocrx_word' id='word_1_429' title='bbox 1303 2083 1484 2125; x_wconf 88' lang='lat' dir='ltr'>praelatum</span> <span class='ocrx_word' id='word_1_430' title='bbox 1510 2082 1572 2115; x_wconf 87' lang='lat' dir='ltr'>sihi</span> <span class='ocrx_word' id='word_1_431' title='bbox 1597 2082 1878 2125; x_wconf 79' lang='lat' dir='ltr'>consanguinitate</span> <span class='ocrx_word' id='word_1_432' title='bbox 1897 2092 1948 2116; x_wconf 84' lang='lat' dir='ltr'>us-</span> 
     </span>
     <span class='ocr_line' id='line_1_88' title="bbox 1213 2135 1947 2179; baseline 0.001 -12"><span class='ocrx_word' id='word_1_433' title='bbox 1213 2146 1273 2179; x_wconf 86' lang='lat' dir='ltr'>que</span> <span class='ocrx_word' id='word_1_434' title='bbox 1292 2136 1330 2168; x_wconf 88' lang='lat' dir='ltr'>ad</span> <span class='ocrx_word' id='word_1_435' title='bbox 1349 2136 1529 2168; x_wconf 87' lang='lat' dir='ltr'>seeundum</span> <span class='ocrx_word' id='word_1_436' title='bbox 1548 2136 1682 2178; x_wconf 83' lang='lat' dir='ltr'>gradum</span> <span class='ocrx_word' id='word_1_437' title='bbox 1698 2135 1854 2169; x_wconf 85' lang='lat' dir='ltr'>inclusive</span> <span class='ocrx_word' id='word_1_438' title='bbox 1871 2146 1947 2169; x_wconf 88' lang='lat' dir='ltr'>con-</span> 
     </span>
     <span class='ocr_line' id='line_1_89' title="bbox 1212 2188 1946 2232; baseline 0.003 -12"><span class='ocrx_word' id='word_1_439' title='bbox 1212 2189 1356 2221; x_wconf 84' lang='lat' dir='ltr'>iunctum</span> <span class='ocrx_word' id='word_1_440' title='bbox 1383 2194 1436 2221; x_wconf 86' lang='lat' dir='ltr'>aut</span> <span class='ocrx_word' id='word_1_441' title='bbox 1460 2189 1727 2232; x_wconf 82' lang='lat' dir='ltr'>comprofessum,</span> <span class='ocrx_word' id='word_1_442' title='bbox 1752 2189 1881 2232; x_wconf 84' lang='lat' dir='ltr'>quando</span> <span class='ocrx_word' id='word_1_443' title='bbox 1907 2188 1946 2222; x_wconf 86' lang='lat' dir='ltr'>de</span> 
     </span>
     <span class='ocr_line' id='line_1_90' title="bbox 1212 2241 1948 2285; baseline 0 -12"><span class='ocrx_word' id='word_1_444' title='bbox 1212 2242 1282 2285; x_wconf 81' lang='lat' dir='ltr'>ipso</span> <span class='ocrx_word' id='word_1_445' title='bbox 1307 2243 1452 2285; x_wconf 88' lang='lat' dir='ltr'>praelato</span> <span class='ocrx_word' id='word_1_446' title='bbox 1484 2242 1519 2274; x_wconf 83' lang='lat' dir='ltr'>sit</span> <span class='ocrx_word' id='word_1_447' title='bbox 1551 2241 1762 2282; x_wconf 81' lang='lat' dir='ltr'>examinatio,</span> <span class='ocrx_word' id='word_1_448' title='bbox 1797 2241 1948 2275; x_wconf 82' lang='lat' dir='ltr'>definitor</span> 
     </span>
     <span class='ocr_line' id='line_1_91' title="bbox 1212 2294 1947 2338; baseline 0 -12"><span class='ocrx_word' id='word_1_449' title='bbox 1212 2295 1267 2327; x_wconf 90' lang='lat' dir='ltr'>ille</span> <span class='ocrx_word' id='word_1_450' title='bbox 1294 2300 1369 2326; x_wconf 91' lang='lat' dir='ltr'>tunc</span> <span class='ocrx_word' id='word_1_451' title='bbox 1394 2300 1497 2335; x_wconf 85' lang='lat' dir='ltr'>exeat,</span> <span class='ocrx_word' id='word_1_452' title='bbox 1519 2304 1738 2338; x_wconf 85' lang='lat' dir='ltr'>praesensque</span> <span class='ocrx_word' id='word_1_453' title='bbox 1763 2304 1829 2327; x_wconf 92' lang='lat' dir='ltr'>non</span> <span class='ocrx_word' id='word_1_454' title='bbox 1853 2294 1895 2327; x_wconf 89' lang='lat' dir='ltr'>sit</span> <span class='ocrx_word' id='word_1_455' title='bbox 1914 2294 1947 2327; x_wconf 91' lang='lat' dir='ltr'>in</span> 
     </span>
     <span class='ocr_line' id='line_1_92' title="bbox 1213 2347 1953 2385; baseline 0 -5"><span class='ocrx_word' id='word_1_456' title='bbox 1213 2348 1267 2380; x_wconf 76' lang='lat' dir='ltr'>illa</span> <span class='ocrx_word' id='word_1_457' title='bbox 1300 2347 1549 2381; x_wconf 79' lang='lat' dir='ltr'>examinatione.</span> <span class='ocrx_word' id='word_1_458' title='bbox 1583 2347 1674 2385; x_wconf 84' lang='lat' dir='ltr'>Quod</span> <span class='ocrx_word' id='word_1_459' title='bbox 1703 2347 1789 2380; x_wconf 87' lang='lat' dir='ltr'>idem</span> <span class='ocrx_word' id='word_1_460' title='bbox 1824 2347 1953 2380; x_wconf 87' lang='lat' dir='ltr'>servari.</span> 
     </span>
     <span class='ocr_line' id='line_1_93' title="bbox 1212 2399 1948 2444; baseline 0 -11"><span class='ocrx_word' id='word_1_461' title='bbox 1212 2401 1361 2434; x_wconf 90' lang='lat' dir='ltr'>volumus</span> <span class='ocrx_word' id='word_1_462' title='bbox 1379 2400 1411 2433; x_wconf 93' lang='lat' dir='ltr'>in</span> <span class='ocrx_word' id='word_1_463' title='bbox 1428 2400 1572 2433; x_wconf 84' lang='lat' dir='ltr'>examine</span> <span class='ocrx_word' id='word_1_464' title='bbox 1590 2401 1807 2444; x_wconf 87' lang='lat' dir='ltr'>praelatorum</span> <span class='ocrx_word' id='word_1_465' title='bbox 1823 2399 1948 2433; x_wconf 87' lang='lat' dir='ltr'>monia-</span> 
     </span>
     <span class='ocr_line' id='line_1_94' title="bbox 1212 2453 1648 2486; baseline -0.002 0"><span class='ocrx_word' id='word_1_466' title='bbox 1212 2453 1289 2486; x_wconf 92' lang='lat' dir='ltr'>lium</span> <span class='ocrx_word' id='word_1_467' title='bbox 1315 2464 1422 2486; x_wconf 91' lang='lat' dir='ltr'>curam</span> <span class='ocrx_word' id='word_1_468' title='bbox 1448 2453 1648 2486; x_wconf 88' lang='lat' dir='ltr'>habentium.</span> 
     </span>
    </p>

    <p class='ocr_par' dir='ltr' id='par_1_18' title="bbox 1214 2505 1969 2657">
     <span class='ocr_line' id='line_1_95' title="bbox 1244 2505 1948 2550; baseline 0.001 -11"><span class='ocrx_word' id='word_1_469' title='bbox 1244 2517 1300 2539; x_wconf 72' lang='lat' dir='ltr'>vn.</span> <span class='ocrx_word' id='word_1_470' title='bbox 1318 2506 1523 2539; x_wconf 88' lang='lat' dir='ltr'>Advocentur</span> <span class='ocrx_word' id='word_1_471' title='bbox 1536 2506 1643 2549; x_wconf 90' lang='lat' dir='ltr'>itaque</span> <span class='ocrx_word' id='word_1_472' title='bbox 1657 2505 1845 2549; x_wconf 80' lang='lat' dir='ltr'>singillatim</span> <span class='ocrx_word' id='word_1_473' title='bbox 1859 2516 1948 2550; x_wconf 86' lang='lat' dir='ltr'>prae-</span> 
     </span>
     <span class='ocr_line' id='line_1_96' title="bbox 1214 2558 1948 2600; baseline 0.003 -10"><span class='ocrx_word' id='word_1_474' title='bbox 1214 2559 1268 2591; x_wconf 90' lang='lat' dir='ltr'>lati</span> <span class='ocrx_word' id='word_1_475' title='bbox 1294 2558 1371 2591; x_wconf 84' lang='lat' dir='ltr'>olim</span> <span class='ocrx_word' id='word_1_476' title='bbox 1396 2558 1685 2600; x_wconf 80' lang='lat' dir='ltr'>monasteriorum,</span> <span class='ocrx_word' id='word_1_477' title='bbox 1704 2559 1878 2592; x_wconf 89' lang='lat' dir='ltr'>secundum</span> <span class='ocrx_word' id='word_1_478' title='bbox 1896 2569 1948 2592; x_wconf 90' lang='lat' dir='ltr'>or-</span> 
     </span>
     <span class='ocr_line' id='line_1_97' title="bbox 1214 2612 1969 2657; baseline 0.003 -13"><span class='ocrx_word' id='word_1_479' title='bbox 1214 2612 1322 2645; x_wconf 84' lang='lat' dir='ltr'>dinem</span> <span class='ocrx_word' id='word_1_480' title='bbox 1357 2613 1530 2646; x_wconf 80' lang='lat' dir='ltr'>schedulae</span> <span class='ocrx_word' id='word_1_481' title='bbox 1561 2618 1596 2645; x_wconf 82' lang='lat' dir='ltr'>ut</span> <span class='ocrx_word' id='word_1_482' title='bbox 1627 2623 1724 2656; x_wconf 85' lang='lat' dir='ltr'>supra</span> <span class='ocrx_word' id='word_1_483' title='bbox 1756 2613 1969 2657; x_wconf 67' lang='lat' dir='ltr'>expositae,⁴</span> 
     </span>
    </p>
   </div>
   <div class='ocr_carea' id='block_1_13' title="bbox 1952 233 2111 262">
    <p class='ocr_par' dir='ltr' id='par_1_19' title="bbox 1952 233 2111 262">
     <span class='ocr_line' id='line_1_98' title="bbox 1952 233 2111 262; baseline 0 -1"><span class='ocrx_word' id='word_1_484' title='bbox 1952 234 2000 262; x_wconf 86' lang='lat' dir='ltr'>An.</span> <span class='ocrx_word' id='word_1_485' title='bbox 2022 233 2050 261; x_wconf 92' lang='lat' dir='ltr'>C.</span> <span class='ocrx_word' id='word_1_486' title='bbox 2068 233 2111 262; x_wconf 64' lang='lat'>105</span> 
     </span>
    </p>
   </div>
  </div>
 </body>
</html>
