2111 3157
1638 167 1700 201 ‘iao
1746 176 1793 204 Λη.
1816 176 1843 203 c.
1869 177 1934 204 1679

42 189 89 216 An.
106 187 134 214 c.
158 184 222 213 1079
807 180 1019 207 IMNOCENTIL'S
1041 181 1070 204 xi
1097 181 1144 204 pp,

54 247 222 291 amessiam-
275 234 289 276 g
314 232 342 265 ΕΖ.
367 233 429 267 Nos
454 232 562 275 igitur,
576 232 637 275 piis
662 231 761 274 ipsius
785 230 886 263 Caroli
914 238 945 260 re
1006 229 1091 260 tandi
1116 228 1264 260 facultate
1284 232 1315 260 et
1339 226 1538 267 auctoritate,
1558 225 1688 257 iudicari
1710 231 1741 258 et

41 275 114 294 cunm,
152 275 220 291 :ictae

41 307 107 330 utu-„-
139 287 280 329 prun-„gis
304 287 386 319 votis
419 287 478 319 hac
503 286 536 318 in
560 296 594 318 re
621 290 776 328 quantum
808 294 879 316 cum
902 283 962 314 Do·
1005 280 1131 313 definiri
1149 282 1277 322 dehere,
1296 292 1330 313 ac
1349 280 1474 313 irritum
1492 285 1523 312 et
1540 280 1635 311 inane
1652 279 1675 310 si
1695 290 1740 311 se-

41 332 95 347 me*
231 341 321 373 mino
356 351 523 384 possumus
560 338 775 371 favorabiliter
819 346 961 369 annuere
1005 344 1061 365 cus
1077 344 1176 376 super
1192 334 1242 366 liis
1257 345 1273 366 a
1287 342 1459 376 quoquam,
1479 332 1590 375 quavis
1609 333 1740 363 auctori-

233 395 391 432 rolentes,
409 392 594 425 huiusmodi
611 388 961 433 supplicationibusin-
1005 391 1076 426 tate,
1102 387 1241 420 scienter
1260 387 1309 420 vel
1336 386 1535 429 ignoranter,
1566 385 1741 427 contigerit

231 446 352 485 clinati,
370 450 580 478 memoratam
604 443 781 476 custodiam
804 441 961 474 Navarrae
1004 441 1168 472 attentari.

232 505 263 531 et
281 499 467 531 Cantabriae
493 498 523 529 in
549 507 662 529 novam
686 495 815 528 Ordinis
836 493 962 537 praedi·
1048 494 1062 535 ξ
1086 493 1116 525 li.
1152 493 1221 525 Non
1253 493 1454 526 obstantibus
1479 491 1673 535 praemissis,
1704 502 1739 523 ac
1778 498 1934 519 Contrariorum

62 1716 182 1739 clausulae.

231 551 270 583 cti
296 551 511 593 provinciam,
542 559 622 591 quae
658 549 696 580 ab
722 558 786 579 uno
811 546 960 578 ministro
1751 525 1868 551 ⁶⁰¹⁰''‘“'⁰'

230 602 430 645 provinciali,
448 612 483 634 ac
500 600 723 633 definitoribus
740 599 876 641 aliisque
894 598 962 631 oili-

230 655 363 687 cialibus
381 655 466 686 iuxta
485 653 732 687 constitutiones
751 652 893 685 eiusdem
910 649 962 682 Or-

230 706 312 739 dinis
338 707 529 739 auetoritate
560 705 735 748 apostolica
770 704 961 746 approbatas

230 760 388 802 eligendis
413 764 444 792 et
467 758 678 797 assumendis,
700 757 768 800 regi
794 762 825 788 et
849 756 960 798 guber·

229 812 300 844 nari
326 812 453 851 debeat,
474 812 555 844 itaut
578 812 647 853 ipsa
670 820 753 842 nova
777 808 959 852 provincia,

229 863 380 906 illiusque
404 864 554 897 minister
574 862 793 906 provincialis,
814 860 962 894 delinito-

230 926 301 957 res,
326 916 489 959 ceterique
521 916 674 949 officiales
703 921 734 948 et
765 915 878 947 fratres
902 924 960 956 pro

228 973 377 1010 tempore
401 968 586 1008 existentes,
606 968 758 1001 omnibus
776 972 807 1000 et
826 965 961 1008 singulis

228 1020 414 1063 privilegiis,
434 1021 570 1060 iuribus,
583 1019 859 1063 praeeminentiis,
873 1029 961 1061 prae-

228 1074 390 1116 rogativis
413 1074 602 1113 honoribus,
628 1073 738 1115 gratiis
763 1078 794 1105 et
818 1072 959 1111 indultis,

229 1127 347 1169 quibus
371 1127 453 1159 aliae
477 1126 552 1159 dicti
577 1126 703 1158 Ordinis
727 1125 910 1168 provinciae
928 1124 958 1155 in
981 1148 983 1175 ἱ

228 1179 457 1221 Hispaniarum
473 1178 582 1221 regnis
599 1177 771 1221 praedictis
790 1177 960 1210 consisten-

230 1236 276 1263 tes
302 1236 365 1263 tam
391 1231 429 1263 de
455 1230 545 1269 inre,
577 1241 636 1262 usu
663 1235 693 1262 et
716 1229 958 1264 consuetudine,

229 1293 324 1326 quam
338 1283 416 1316 alias
430 1283 674 1326 quomodolibet
685 1288 829 1322 utuntur,
850 1282 960 1313 fruun-

230 1340 282 1367 tur
307 1341 339 1368 et
363 1336 513 1378 gaudent,
533 1346 569 1368 ac
593 1336 651 1375 uti,
676 1335 736 1367 frui
763 1340 794 1367 et
819 1334 959 1377 gaudere

228 1394 364 1432 possunt
400 1394 431 1421 et
460 1393 614 1432 poterunt
649 1389 680 1420 in
716 1388 866 1425 futurum,
893 1388 960 1430 pari

228 1442 326 1474 modo
357 1447 390 1474 et
413 1442 537 1484 absque
562 1443 628 1474 ulla
652 1452 783 1484 prorsus
809 1440 961 1473 differen-

230 1495 273 1526 tia
296 1494 351 1534 uti,
381 1495 442 1527 frui
467 1500 498 1527 et
523 1495 666 1537 gaudere
692 1494 794 1527 libere
820 1500 852 1527 et
876 1493 961 1526 licite

229 1548 355 1590 possint
367 1553 400 1580 et
414 1548 552 1587 valeant,
568 1547 759 1580 auctoritate
776 1547 960 1590 apostolica,

231 1605 342 1633 tenore
367 1600 599 1643 praesentium,
625 1605 783 1643 perpetuo
810 1599 961 1642 erigimus
983 1600 985 1608 ⁴

229 1657 262 1685 et
284 1653 493 1686 instituimus.

272 1706 288 1748 ἓ
310 1705 342 1739 3.
368 1706 584 1739 Decernentes
610 1706 740 1739 easdem
772 1711 962 1750 praesentes

228 1759 351 1792 litteras
376 1768 506 1802 semper
529 1757 647 1798 firmas,
672 1759 794 1792 validas
831 1765 863 1792 et
896 1759 962 1792 effi-

229 1821 320 1844 caces
355 1811 495 1844 existere
520 1817 550 1844 et
575 1811 653 1851 fore,
680 1821 820 1854 suosque
852 1813 963 1855 plena-

229 1863 293 1896 rios
322 1869 354 1897 et
377 1864 519 1906 integros
556 1863 688 1897 effeetus
720 1865 826 1898 sortiri
851 1871 883 1899 et
907 1867 964 1898 ob-

230 1917 342 1955 tinere,
368 1927 404 1949 ac
428 1917 501 1955 illis,
527 1918 566 1950 ad
591 1928 672 1960 quos
701 1924 826 1961 spectat
850 1924 882 1951 et
905 1930 964 1962 pro

229 1975 377 2012 tempore
413 1970 682 2013 quandocumque
718 1971 897 2013 spectabit,
932 1972 963 2009 in

230 2021 379 2054 omnibus
396 2027 427 2054 et
445 2032 503 2064 per
527 2022 633 2055 omnia
653 2023 839 2065 plenissime
857 2022 966 2055 suifra-

231 2074 309 2116 gari‚
326 2084 362 2106 ae
386 2075 425 2106 ab
449 2074 514 2107 illis
538 2075 717 2118 respective
734 2075 966 2109 inviolabiliter

231 2126 407 2167 observari,
420 2127 533 2169 sicque
550 2127 583 2159 in
597 2128 781 2170 praemissis
797 2138 857 2171 per
872 2139 966 2171 quos-

231 2189 368 2222 cumque
392 2179 719 2212 iudicesordinarios
737 2185 769 2212 et
789 2181 965 2222 delegatos,

232 2232 326 2264 etiam
358 2243 524 2265 causarum
549 2232 659 2275 palatii
684 2233 852 2275 apostolici
877 2233 967 2266 au‘di-

232 2290 328 2323 tores,
345 2295 381 2316 ac
404 2285 434 2317 S.
458 2284 494 2316 R.
521 2284 555 2317 E.
583 2284 769 2325 cardinales,
795 2284 891 2317 etiam
927 2286 966 2318 de

231 2337 330 2369 latere
354 2337 478 2379 legatos
503 2342 535 2369 et
553 2337 753 2379 Apostolieae
771 2336 861 2370 Sedis
878 2348 969 2380 prae-

233 2389 315 2421 fatae
341 2389 487 2428 nuncios,
506 2389 624 2422 aliosve
643 2390 806 2432 quoslibet
819 2401 969 2434 quacum-

233 2452 295 2485 que
309 2441 564 2484 praeeminentia
577 2447 608 2474 et
621 2447 779 2485 potestate
797 2443 967 2485 fungentes

235 2501 267 2527 et
287 2494 469 2535 functuros,
501 2496 626 2527 sublata
657 2494 702 2528 eis
723 2500 755 2528 et
772 2505 882 2528 eorum
908 2497 968 2528 cui-

235 2547 313 2584 libet
337 2548 447 2591 quavis
473 2548 565 2581 aliter
583 2548 743 2581 iudicandi
761 2553 792 2581 et
807 2548 969 2594 interpre-

1003 546 1287 578 eonstitutionilms
1316 550 1349 577 et
1373 545 1632 578 ordinationibus
1666 549 1741 586 apo-

1003 598 1136 639 stolicis,
1161 608 1301 636 necnon,
1328 603 1484 640 quatenus
1512 608 1592 639 opus
1614 598 1662 637 sit,
1689 608 1741 629 eu-

1004 651 1128 683 stodiae
1153 657 1184 683 ct
1214 650 1340 683 Ordinis
1375 651 1602 692 praefatorum,
1629 650 1739 682 aliisve

1004 704 1186 746 quibusvis,
1223 704 1318 735 etiam
1350 703 1539 741 iuramento,
1574 703 1740 735 confirma-

1005 755 1092 788 tione
1110 755 1301 799 apostolica‚
1319 756 1367 788 vol
1386 755 1495 797 (piaris
1510 754 1658 786 firmitate
1679 754 1740 786 alia

1005 808 1173 847 roboratis,
1209 807 1336 839 statutis
1369 812 1400 839 et
1437 806 1737 843 eonsuetudinilms,

1004 861 1180 903 privilegiis
1210 870 1360 903 quoque,
1396 860 1530 892 indultis
1559 865 1591 891 et
1625 859 1740 891 litteris

1004 914 1191 956 apostolis-is
1217 914 1248 946 in
1267 913 1464 945 contrarium
1485 913 1740 955 praemissorum

1004 966 1251 1008 quomodolibet
1282 966 1457 1003 concessis,
1482 965 1676 997 confirmatis
1709 970 1741 996 et

1004 1018 1175 1058 innovatis3
1203 1018 1318 1060 quibus
1353 1018 1502 1050 omnibus
1530 1022 1561 1049 et
1592 1016 1737 1058 singulis,

1003 1071 1133 1103 illorum
1159 1076 1288 1103 tenores
1313 1070 1535 1113 praesentibus
1560 1080 1620 1112 pro
1641 1070 1739 1111 plene

1003 1129 1034 1155 et
1062 1124 1261 1156 sufficienter
1285 1123 1446 1166 expressis
1472 1133 1508 1154 ac
1529 1121 1659 1154 insertis
1687 1121 1739 1153 ha-

1002 1176 1126 1215 bentes,
1143 1176 1208 1208 illis
1227 1176 1304 1209 alias
1330 1176 1363 1207 in
1380 1186 1436 1207 suo
1454 1176 1568 1207 robore
1590 1185 1740 1217 perman-

1002 1228 1098 1267 suris,
1129 1228 1168 1260 ad
1203 1228 1455 1271 praemissorum
1492 1226 1653 1265 effectum,
1680 1227 1740 1258 liae

1002 1281 1070 1313 vice
1099 1281 1274 1321 dumtaxat,
1309 1280 1493 1323 specialiter
1524 1285 1554 1311 et
1587 1289 1738 1321 expresse

1003 1335 1214 1376 derogamus3
1253 1334 1435 1376 ceterisque
1468 1332 1639 1366 contrariis
1670 1333 1740 1375 qui-

1002 1387 1211 1430 buscumque.

1046 1438 1160 1470 Datum
1188 1438 1329 1477 Romae,
1357 1439 1440 1481 apud
1466 1438 1497 1471 S.
1523 1438 1661 1477 Petrum,
1680 1439 1739 1471 sub

1004 1492 1124 1523 annulo
1133 1491 1315 1531 piscatoris,
1328 1491 1378 1523 dic
1392 1502 1408 1524 x
1419 1491 1554 1523 ianuarii
1570 1500 1739 1531 moctxxm,

1004 1542 1208 1586 pontificatus
1233 1545 1335 1576 nostri
1353 1554 1438 1576 anno
1466 1555 1514 1577 111.

1039 1605 1096 1632 Dat.
1118 1605 1162 1633 die
1183 1606 1215 1634 10
1234 1606 1346 1633 ianuarii
1369 1606 1446 1639 1679,
1466 1605 1560 1641 pontis.
1577 1613 1704 1634 annom.

1354 1749 1388 1782 L.

1007 1826 1231 1860 Concedmzlnr
1254 1831 1319 1859 oclo
1343 1827 1519 1869 provinciis
1546 1826 1741 1860 Germ-wiae

1050 1879 1184 1912 Ordinis
1199 1879 1455 1922 Capuaeinoram
1480 1884 1551 1912 vola
1573 1881 1685 1913 omnia
1703 1881 1739 1913 in

1049 1933 1204 1975 capitulis
1220 1934 1439 1975 ancoralibus,
1459 1942 1583 1966 necnon,
1600 1933 1740 1975 facultas

1051 1986 1197 2028 eriqendt'
1220 1996 1303 2018 nova
1334 1987 1483 2019 coenobia
1514 1986 1584 2018 siue
1605 1986 1741 2029 praemii

1049 2039 1187 2072 Semelae
1211 2039 1301 2071 Sedis
1327 2039 1471 2071 licentia.

1191 2118 1385 2146 Innocentius
1406 2119 1484 2152 Papa
1504 2119 1552 2153 XI,

1124 2163 1161 2190 ad
1182 2166 1358 2197 perpetuam
1376 2163 1421 2190 rei
1441 2163 1622 2190 memoriam.

1053 2234 1098 2266 Ad
1125 2235 1286 2277 pastorale
1312 2233 1487 2275 fastigium,
1518 2233 1640 2266 meritis
1666 2234 1745 2267 lieet
1780 2240 1903 2263 Exormum.

1009 2287 1200 2329 imparibus,
1219 2286 1325 2319 divina
1341 2286 1556 2329 dispositione
1574 2287 1682 2326 evecti,
1696 2298 1745 2320 re—

1010 2339 1200 2381 ligiosorum
1224 2339 1367 2371 virorum
1398 2344 1471 2371 vota
1495 2349 1553 2371 sua
1585 2340 1651 2372 Deo
1684 2341 1744 2373 sul)

1010 2391 1161 2424 laudabili
1177 2391 1366 2423 austerioris
1385 2391 1468 2424 vitae
1484 2392 1656 2435 disciplina
1673 2404 1745 2426 cuni

1010 2443 1122 2487 populi
1148 2443 1315 2475 christiani
1349 2443 1571 2476 aedificatione
1604 2445 1744 2478 reddere

1010 2496 1131 2538 iugiter
1168 2495 1381 2537 satagentium
1422 2497 1528 2536 statui,
1565 2497 1674 2529 decori
1714 2503 1745 2529 et

1012 2548 1192 2582 commodis
1217 2549 1357 2582 libenter
1390 2549 1609 2593 providemus,
1641 2560 1677 2582 ac
1711 2549 1745 2584 iu
