2111 3157
132 196 181 222 An.
198 195 227 223 c.
250 196 316 224 1684
364 187 428 221 566

328 246 487 289 poralium
509 245 603 278 buius
623 244 757 277 instituti
777 244 810 276 in
829 245 896 276 tota
914 242 1065 281 dioecesi,

329 304 362 331 et
385 298 466 331 alius
501 299 549 330 vir
582 297 716 339 insignis
753 296 785 327 in
818 295 1064 338 spiritualibus:

329 351 382 394 qui
407 351 550 394 praesidi
583 351 776 382 dioecesano
810 349 842 381 in
875 349 962 381 omni
995 349 1066 382 data

329 404 496 437 occasione
531 403 716 445 specialiter
741 403 778 434 ad
804 412 934 434 manum
960 407 1064 434 erunt.

374 467 502 490 cnvui.
526 456 625 489 Porro
643 457 674 488 in
694 455 882 488 obtinendis
900 455 1065 498 parochiis

329 516 384 542 aut
408 510 478 542 aliis
516 509 777 552 quibuscumque
812 508 1002 547 beneficiis,
1028 508 1064 539 ad

328 574 406 606 quas
439 563 488 595 vel
515 573 596 605 quae
633 562 914 605 praesentationes
950 561 989 594 ab
1015 560 1067 594 Or·

327 615 459 648 dinariis
485 615 624 658 aliisque
643 614 870 648 ecclesiasticis
891 615 941 647 vel
960 625 1067 647 saccu-

326 668 445 701 laribus
476 668 689 711 potestatibus
725 672 886 711 tamquam
921 667 1066 711 patronis

326 720 515 764 suppliciter
540 721 714 764 impetrare
752 725 903 764 oportet,
927 730 1067 753 commu-

327 784 401 806 nem
427 774 541 816 stylum
567 774 788 814 observantes,
808 773 1064 817 liumillimisque

328 825 482 868 precibus
507 826 595 859 omni
615 831 761 869 tempore
779 836 816 858 ea
832 836 891 869 pro
913 826 1065 858 subiectis

327 879 452 912 idoneis
476 885 605 923 petere,
625 879 732 922 itaque
759 879 843 912 dicta
867 879 1009 912 subiecta
1027 880 1065 911 ad

327 932 514 965 huiusmodi
546 932 706 965 beneficia
743 933 971 966 commendare
1004 938 1066 964 stu-

327 985 435 1025 deant,
449 991 490 1025 ut,
507 985 615 1028 quoad
629 985 711 1018 haec
731 990 763 1017 et
780 985 888 1018 omnia
912 985 983 1026 alia,
1003 991 1064 1018 tam

326 1038 358 1070 in
373 1038 559 1071 obtinendis
570 1047 666 1081 quam
676 1038 879 1080 resignandis
889 1038 1064 1079 beneficiis,

327 1096 478 1134 respectu
494 1091 840 1125 reverendissimorum
859 1092 1065 1125 dominorum

327 1143 571 1177 Ordinariorum
608 1149 639 1176 et
663 1144 797 1178 aliorum
828 1150 1064 1188 patronorum,

329 1197 413 1230 ordo
439 1197 568 1230 debitus
585 1203 616 1230 et
632 1198 764 1231 usitatus
783 1198 940 1241 cuiusque
959 1200 1066 1232 curiae

328 1250 524 1293 episcopalis
557 1252 656 1295 stylus
690 1256 837 1284 accurate
862 1252 1064 1284 observetur.

374 1313 476 1337 extix.
505 1304 552 1336 Ad
577 1304 837 1339 reverendissimi
864 1305 985 1338 domini
1011 1305 1068 1340 Or-

329 1357 446 1390 dinarii
478 1357 719 1399 beneplacitum
756 1358 893 1400 singulis
917 1359 1010 1390 annis
1035 1359 1066 1391 in

328 1410 461 1453 propria
478 1411 619 1452 persona
638 1411 734 1442 totius
751 1410 799 1442 sui
822 1410 988 1443 districtus
1011 1412 1067 1444 do·

329 1473 422 1502 mos,
446 1463 479 1495 in
505 1464 622 1506 quibus
649 1464 834 1497 sacerdotes
860 1464 957 1496 liuius
981 1465 1064 1498 vitae

327 1516 484 1556 habitant,
510 1517 660 1556 visitabit,
688 1522 718 1549 et
742 1517 861 1560 ubique
889 1518 963 1557 duo,
988 1524 1063 1558 tres,

327 1575 481 1613 quatuor,
500 1570 549 1603 vel
567 1571 675 1613 plures
691 1571 774 1611 dies,
789 1577 886 1613 prout
910 1582 1065 1615 praesens

327 1623 506 1656 necessitas
531 1629 563 1655 et
586 1623 708 1656 utilitas
743 1624 936 1667 postularit,
963 1625 1066 1668 persi-

327 1680 432 1717 stens,
459 1676 659 1719 singulorum
685 1677 850 1717 locorum,
877 1678 952 1710 dein
985 1679 1066 1721 ipso-

326 1734 465 1762 rummet
483 1729 685 1762 sacerdotum
707 1730 894 1772 gravamina
913 1736 944 1762 et
962 1741 1066 1763 neces-

327 1779 450 1822 sitates,
463 1787 523 1814 tam
543 1782 727 1825 spirituales
745 1794 839 1825 quam
858 1785 1064 1826 temporales,

328 1839 464 1878 paterno
489 1845 600 1868 amore
626 1836 742 1875 audiat,
773 1836 989 1879 omnibusque
1015 1847 1064 1869 se-

327 1889 467 1921 cundum
486 1887 713 1921 rationabilem
732 1889 902 1922 utilitatem
921 1890 1065 1933 corporis

328 1945 358 1975 et
384 1942 509 1974 animae
541 1942 711 1983 gratificari
745 1943 890 1975 studeat:
921 1949 1065 1975 errantes

327 1999 461 2038 paterne
480 1994 630 2035 corrigat,
647 1999 678 2027 et
694 1995 732 2027 ad
752 1995 920 2027 meliorem
939 1996 1063 2037 frugem

326 2058 386 2092 per
413 2047 520 2080 media
553 2047 703 2080 salutaria
737 2048 894 2080 reducere
919 2054 1062 2090 satagat:

328 2100 493 2133 desolatos
515 2106 546 2132 et
569 2100 795 2143 pusillanimes
821 2101 1010 2133 consoletur
1034 2106 1065 2134 et

327 2154 539 2186 mutationem
559 2164 671 2186 eorum
685 2153 831 2186 ordinet:
851 2164 886 2186 ac
904 2163 962 2196 per
978 2164 1063 2193 eum,

328 2207 367 2243 ad
393 2217 485 2249 quem
504 2206 664 2249 pertinet,
689 2207 929 2249 expediendum
955 2212 1063 2247 curet,

329 2258 490 2301 quorum¹
516 2259 608 2291 saluti
636 2259 784 2301 corporis
810 2265 840 2291 et
865 2259 990 2291 animae
1016 2269 1065 2291 ra-

329 2312 528 2344 tionabiliter
553 2312 706 2354 expedire
734 2313 933 2345 iudicaverit.

374 2374 422 2397 CL.
450 2364 483 2396 ln
502 2363 721 2406 spiritualibus
739 2365 883 2399 attendat
901 2365 1063 2407 quomodo

329 2417 447 2459 singuli
473 2417 503 2448 iu
529 2417 591 2449 vita
616 2417 775 2460 spirituali
801 2418 996 2457 subsistant,
1024 2429 1063 2450 an

329 2479 393 2503 non
419 2469 596 2511 periculum
623 2470 659 2502 ad
691 2471 815 2513 lapsum
841 2470 981 2513 aliquem
1007 2470 1064 2502 im-

329 2522 459 2561 mineat,
481 2532 519 2554 an
545 2527 576 2554 et
600 2523 738 2564 qualiter
760 2523 789 2555 in
817 2534 893 2566 pace
919 2524 1005 2556 inter
1029 2534 1063 2556 se

366 2586 376 2613 1
399 2584 525 2618 tangerem
546 2584 620 2618 quod
641 2593 688 2618 pro
709 2593 831 2619 quorum
852 2586 890 2620 (itss
907 2585 957 2620 T.).

903 195 1082 218 anLtniUM
1106 194 1257 218 Romami(

1109 242 1238 282 vivant,
1261 252 1300 274 an
1326 252 1397 276 cum
1422 242 1531 277 debita
1555 243 1712 278 charitate
1737 254 1755 277 a
1779 242 1845 278 suis

1108 295 1330 337 superioribus
1359 296 1555 329 immediatis
1587 297 1790 339 dirigantur,
1815 302 1847 330 et

1108 349 1271 390 quomodo
1298 349 1468 392 disciplina
1489 350 1628 382 instituti
1646 355 1709 383 tam
1729 350 1761 383 in
1782 351 1847 394 spi-

1108 401 1278 434 ritualibus
1308 412 1404 444 quam
1431 393 1664 446 temporalibus
1694 403 1846 436 observe-

1109 458 1177 485 tur:
1195 464 1275 496 quae
1295 455 1403 487 omnia
1428 465 1463 487 ex
1483 455 1714 489 informatione
1735 457 1847 488 mutua

1108 507 1309 550 superiorum
1328 514 1360 540 et
1379 508 1580 549 interiorum,
1598 514 1630 542 et
1649 520 1686 542 ex
1706 508 1847 552 particu-

1107 560 1165 592 lari
1192 570 1262 593 cum
1289 560 1400 603 quovis
1419 561 1582 603 colloquio
1607 561 1689 594 scire
1710 560 1845 604 poterit:

1108 613 1300 655 corrigenda
1318 613 1405 646 suavi
1431 613 1568 647 consilio
1594 619 1626 647 et
1651 613 1771 648 efficaci
1790 614 1846 647 ad-

1108 667 1288 700 monitione
1325 667 1486 709 corrigat,
1522 673 1554 700 et
1586 677 1666 711 quae
1703 667 1844 701 notanda

1108 719 1246 760 suerint,
1271 720 1446 763 diligenter
1470 721 1652 763 consignet.

1152 782 1213 805 cti.
1241 773 1284 805 De
1310 773 1492 806 visitatione
1517 776 1622 808 annua
1646 784 1736 806 suam
1758 773 1847 808 debi-

1110 830 1172 857 tam
1197 825 1391 859 relationem
1415 826 1688 859 reverendissimo
1713 826 1847 859 domino

1108 888 1165 910 suo
1191 877 1364 911 Ordinario
1391 879 1503 919 saciet,
1537 884 1572 911 ut
1603 890 1676 912 cum
1702 879 1848 912 eiusdem

1107 940 1271 963 consensu
1305 937 1359 964 aut
1387 931 1524 975 positiva
1555 931 1788 975 approbatione
1813 942 1846 965 o-

1108 983 1194 1016 mnia
1212 984 1244 1016 in
1262 985 1384 1027 praxim
1402 984 1602 1027 dirigantur:
1623 984 1710 1028 quod
1728 984 1755 1017 si
1770 984 1848 1017 item

1109 1048 1145 1070 ex
1171 1037 1355 1070 visitatione
1380 1037 1490 1070 habita
1514 1038 1688 1070 reserenda
1713 1037 1846 1079 suerint,

1109 1101 1192 1134 quac
1218 1091 1258 1125 ad
1283 1091 1449 1134 publicum
1470 1091 1574 1124 sorum
1599 1101 1662 1124 non
1687 1096 1846 1134 spectant,

1109 1144 1212 1178 eidem
1231 1145 1505 1178 reverendissimo
1525 1144 1657 1179 domino
1677 1144 1847 1178 Ordinario

1109 1197 1154 1230 sic
1178 1197 1362 1231 reserantur
1393 1208 1453 1241 pro
1485 1198 1676 1230 necessariis
1699 1197 1848 1231 mutatio-

1109 1250 1203 1283 nibus
1230 1256 1260 1284 et
1276 1251 1537 1288 ordinationibus
1563 1251 1731 1292 faciendis,
1747 1256 1784 1284 ut
1799 1251 1849 1284 ni-

1109 1304 1283 1337 bilominus
1308 1315 1354 1346 ea,
1373 1315 1453 1348 quae
1473 1311 1598 1338 secreta
1612 1310 1694 1346 sunt,
1713 1310 1745 1338 et
1760 1305 1848 1338 salva

1110 1357 1278 1390 charitatis
1297 1363 1326 1390 et
1349 1358 1488 1391 iustitiae
1506 1360 1577 1401 lege
1598 1358 1764 1402 propalari
1782 1367 1847 1391 non

1108 1415 1270 1452 possunt,
1303 1416 1334 1443 et
1367 1421 1427 1454 pro
1453 1411 1680 1454 praesentibus
1704 1405 1844 1444 circum-

1108 1464 1234 1496 stantiis
1252 1464 1291 1496 ad
1314 1465 1414 1497 solam
1436 1464 1611 1498 fraternam
1630 1465 1846 1499 directionem

1108 1521 1265 1558 spectant,
1286 1516 1318 1549 in
1343 1523 1471 1550 secreto
1495 1522 1719 1560 permaneant.

1152 1579 1225 1603 CLII.
1254 1570 1300 1605 Ad
1319 1571 1448 1604 domum
1467 1571 1625 1614 praesidis
1643 1571 1842 1614 dioecesani,

1106 1625 1154 1657 vel
1180 1625 1218 1657 ad
1245 1624 1343 1658 alium
1362 1625 1615 1658 commodiorem
1634 1626 1759 1666 locum,
1779 1626 1844 1659 sin-

1108 1677 1190 1718 gulis
1208 1677 1309 1717 aunis,
1322 1688 1392 1711 cum
1406 1688 1566 1711 consensu
1582 1678 1845 1712 reverendissimi

1107 1729 1227 1762 domini
1259 1729 1436 1770 Ordiuarii,
1463 1730 1649 1774 superiores
1676 1731 1845 1766 decanales

1108 1792 1284 1826 eorumque
1310 1784 1505 1824 oeconomi,
1525 1782 1648 1817 indicto
1673 1794 1732 1827 per
1755 1795 1847 1828 prae—

1107 1835 1209 1868 sidem
1227 1836 1460 1868 dioecesanum
1478 1841 1568 1869 certo
1586 1835 1647 1877 die,
1669 1842 1742 1880 post
1758 1837 1846 1870 habi-

1109 1893 1157 1920 tos
1184 1889 1395 1930 particulares
1418 1888 1620 1924 decanalium
1638 1890 1845 1924 districtuum

1107 1946 1298 1979 conventus,
1321 1941 1589 1984 congregabunt;
1616 1942 1743 1985 eritque
1767 1953 1845 1976 con-

1106 1999 1220 2025 ventus
1247 1993 1469 2033 dioecesanus,
1489 1994 1554 2027 sive
1576 1995 1787 2037 congregatio
1811 1995 1845 2028 in

1106 2057 1178 2079 eum
1203 2046 1299 2079 finem
1324 2047 1480 2087 ordinata,
1502 2053 1536 2080 ut
1560 2047 1713 2081 videlicet
1735 2048 1847 2082 omnia

1106 2100 1310 2141 gravamina,
1338 2101 1548 2134 necessitates
1576 2107 1607 2134 et
1639 2101 1748 2134 omnia
1771 2102 1843 2142 alia,

1106 2153 1170 2185 sive
1197 2153 1229 2184 in
1255 2153 1477 2196 spiritualibus
1513 2154 1577 2187 sive
1603 2154 1635 2186 in
1662 2153 1846 2197 temporali-

1106 2207 1182 2245 bus,
1208 2206 1351 2248 legitime
1384 2207 1612 2249 proferantur,
1640 2213 1671 2240 et
1695 2218 1778 2251 quae
1803 2208 1844 2241 ad

1106 2259 1260 2292 maiorem
1278 2260 1333 2292 Dei
1353 2259 1486 2303 gloriam
1499 2288 1506 2301 ,
1524 2261 1742 2304 proximorum
1759 2262 1843 2294 salu-

1107 2317 1179 2352 tem,
1200 2317 1231 2345 et
1256 2312 1288 2344 in
1313 2313 1425 2355 primis
1451 2313 1547 2346 huius
1572 2314 1732 2347 clericalis
1756 2313 1844 2347 insti-

1107 2365 1165 2396 tuti
1203 2367 1481 2399 conservationem
1497 2393 1504 2406 ,
1540 2367 1776 2400 incrementum
1812 2372 1845 2400 et

1106 2418 1356 2460 pei-l'eetionem;
1376 2420 1494 2452 deinde
1513 2419 1609 2452 etiam
1628 2430 1708 2462 quae
1725 2430 1842 2461 mores,

1107 2471 1185 2502 ritus
1212 2477 1243 2503 ct
1267 2472 1406 2504 debitam
1434 2473 1465 2504 in
1490 2473 1540 2505 his
1566 2472 1842 2514 uniformitatem';

1107 2523 1214 2556 onmia
1240 2524 1401 2567 denique,
1431 2535 1513 2568 quae
1538 2525 1577 2558 ad
1602 2525 1724 2558 bonum
1749 2526 1844 2568 spiri-

1107 2577 1192 2609 tuale
1210 2581 1242 2609 et
1262 2577 1442 2620 temporale
1461 2582 1616 2621 spectent,
1635 2577 1752 2612 auditis
1771 2587 1847 2623 con3

1851 194 1900 222 An.
1916 195 1944 222 C.
1967 194 2033 223 168⁴

1882 1580 1912 1601 De
1936 1583 2040 1609 conventa

1855 1607 1992 1629 dioecesano.
