2111 3157
162 187 212 214 An.
229 186 257 214 C.
279 186 346 215 1677

190 1520 312 1541 Exordtum.

190 2308 258 2329 Causa
268 2308 350 2330 consti·

162 2336 260 2357 tutioaiS.

392 177 435 213 5⁶2

359 238 400 270 tis
422 243 454 271 et
479 238 600 273 litteris
626 239 818 284 apostolicis
844 239 877 272 in
895 239 1097 272 eontrarium

358 292 621 335 praemissorum
663 293 917 336 quomodolibet
954 303 1095 326 conces·

359 345 418 385 sis,
434 345 637 379 confirmatis
653 351 685 379 et
699 345 878 386 innovatis;
900 345 1019 389 quibus
1034 356 1098 378 om-

358 398 456 431 nibus
472 403 504 431 et
518 399 668 442 singulis,
685 399 816 432 illorum
841 404 976 432 tenores
1000 409 1098 442 prae-

359 452 509 485 sentibus
543 463 603 496 pro
636 453 734 495 plene
761 457 793 485 et
817 452 1020 485 sufficienter
1043 463 1097 484 ex-

358 506 484 549 pressis
511 517 547 539 ac
565 506 602 538 ad
622 506 755 538 verbum
774 506 905 538 insertis
923 505 1094 544 habentes,

357 558 424 592 illis
437 559 517 591 alias
532 559 564 591 in
583 569 644 591 suo
662 559 784 591 robore
802 558 1041 602 permansuris,
1057 558 1094 590 ad

358 611 610 654 praemissorum
636 610 797 651 effectum,
822 611 884 643 hae
908 611 977 643 vice
1003 611 1097 643 dum-

357 669 457 703 taxat,
470 663 658 707 specialiter
672 668 703 696 et,
716 673 869 707 expresse
884 663 1094 706 derogamus,

358 716 543 760 ceterisque
568 716 741 749 contrariis
763 717 1036 760 quibuscumque.

401 769 515 802 Datum
538 769 680 808 Romae,
707 769 792 812 apud
818 768 849 802 S.
876 768 1008 801 Mariam
1034 768 1097 800 Ma-

358 822 480 863 iorem,
509 822 570 855 sub
595 822 717 854 annulo
746 821 938 860 Piscatoris,
967 821 1019 854 die
1044 831 1094 854 xri

358 876 428 909 iulii
453 884 640 916 MDCLxxvn,
667 874 874 919 pontificatus
904 874 1005 907 nostri
1040 884 1096 906 an-

358 939 400 962 no
423 939 445 962 1.

392 991 455 1019 Dat.
476 989 519 1018 die
541 990 572 1019 16
592 989 649 1017 iulii
668 990 748 1025 1677,
769 989 866 1025 pontis.
882 998 953 1017 anno
973 996 993 1016 1.

692 1132 758 1164 XX.

356 1211 572 1245 lit-ducuntur
594 1210 637 1243 ad
660 1209 836 1252 antiquam
867 1209 1006 1251 sormam
1039 1209 1095 1241 im-

401 1264 577 1296 munitates
604 1273 659 1296 seu
674 1262 874 1305 franclzitiae
889 1261 1095 1305 qabellarum

400 1319 437 1350 in
461 1316 594 1350 dohanzi
622 1316 728 1349 Urbis.

539 1394 737 1422 Innocentius
760 1395 839 1428 Papa
860 1395 909 1425 XI,

479 1443 517 1467 ad
537 1444 713 1474 perpetuam
732 1439 776 1466 rei
796 1440 976 1466 memoriam.

402 1511 567 1545 Romanus
592 1510 739 1543 Pontifex
773 1510 917 1543 omnium
943 1509 1097 1542 christifi-

358 1565 480 1599 delium
513 1569 606 1607 pater
630 1568 661 1596 ct
685 1568 793 1606 pastor
818 1574 834 1595 a
858 1562 996 1596 Domino
1021 1574 1098 1596 con-

358 1618 499 1657 stitutus,
533 1616 624 1649 sicuti
661 1617 857 1659 pastoralem
894 1616 1094 1658 vigilantiam

357 1669 640 1714 spiritualiumque
659 1669 896 1712 providentiam
910 1669 1096 1701 Catholicae

357 1723 523 1757 Ecclesiae
545 1728 701 1766 quantum
727 1722 835 1754 divina
852 1722 979 1755 bonitas
1004 1723 1097 1765 Iurgi-

358 1782 410 1808 tur
459 1775 587 1808 assidue
624 1780 872 1818 repraesentare
908 1775 1025 1815 studet,
1051 1775 1095 1808 ita

359 1834 392 1861 et
409 1828 634 1871 temporalium
652 1827 943 1871 circumspectione
962 1838 1094 1860 suorum

359 1887 391 1914 et
415 1880 619 1924 Apostolicae
644 1879 735 1913 Sedis
761 1880 856 1913 etiam
887 1881 994 1924 quoad
1021 1887 1096 1914 tem—

358 1935 483 1977 poralia
508 1933 714 1966 subditorum
745 1933 951 1966 indemnitati
981 1945 1096 1967 consu-

357 1987 438 2025 lere,
463 1988 564 2030 eaque
590 1986 629 2018 de
661 1987 758 2018 causa
791 1986 907 2019 abusus
940 1987 972 2019 in
999 1998 1094 2030 grave

358 2039 510 2073 Camerae
542 2039 748 2082 Apostolicae
785 2039 1000 2083 publicaeque
1032 2042 1095 2073 uti-

357 2093 456 2126 titatis
475 2092 706 2125 detrimentum
724 2091 927 2125 introductos
945 2103 1093 2127 resecare

357 2145 482 2187 satagit,
505 2150 602 2188 prout
619 2144 791 2187 aequitatis
809 2150 840 2177 et
857 2145 995 2179 iustitiae
1014 2147 1095 2180 ratio

357 2199 481 2236 suadet,
506 2198 618 2241 reique
644 2198 793 2241 publi-:ae
817 2199 903 2231 salus
921 2210 1095 2243 exposcere

358 2250 571 2294 comperitur.

403 2304 418 2346 ἓ
443 2303 474 2335 1.
501 2302 548 2335 Ad
580 2308 723 2335 nostram
753 2303 914 2346 siquidem
946 2305 1094 2338 notitiam

359 2355 507 2400 pervenit
530 2355 616 2398 quod
642 2357 787 2398 gabellae
813 2362 844 2389 et
869 2357 1018 2391 dohanae
1050 2360 1095 2391 al-

359 2420 431 2443 mae
453 2409 549 2442 Urbis
574 2415 704 2442 nostrae
731 2416 763 2443 et
786 2411 1004 2444 membrorum
1031 2412 1094 2445 illis

361 2472 569 2503 annexorum,
593 2468 730 2506 propter
751 2465 927 2497 ereessivas
946 2464 1096 2497 immuni-

360 2522 441 2549 tates
459 2526 516 2549 seu
535 2515 721 2548 sranchitias
744 2516 965 2549 ministrorum
989 2528 1094 2551 came-

359 2568 475 2603 ralium
501 2574 532 2601 et
557 2567 691 2601 aliorum
717 2574 948 2611 exmnptorum,
976 2570 1007 2602 in
1029 2581 1094 2603 ma-

945 188 1124 215 nummum!
1149 191 1165 214 R
1171 191 1211 215 (ΠΙ
1220 192 1297 217 wrm

1142 239 1225 272 xima
1250 240 1497 284 perturbatione
1526 248 1702 277 versantur.
1729 244 1767 278 Et
1792 245 1877 289 quia,

1142 293 1201 326 nisi
1234 294 1391 327 eiusmodi
1424 295 1639 329 incommodis
1670 303 1876 339 occurratur,

1140 346 1215 379 inde
1241 357 1336 390 grave
1373 353 1469 391 atque
1495 348 1708 392 irreparabile
1725 351 1875 383 damnum

1140 410 1205 431 non
1230 401 1334 432 solum
1359 401 1464 433 dictae
1496 401 1667 441 Gamerae,
1691 403 1748 435 sed
1779 403 1876 436 etiam

1140 452 1198 485 toti
1212 452 1287 485 Urbi
1306 453 1505 496 praedictae,
1525 464 1561 486 ae
1579 455 1749 496 temporali
1768 454 1874 488 SRE.

1140 505 1267 545 ditioni,
1292 505 1437 548 quinimo
1463 512 1495 539 et
1519 506 1637 539 exteris
1661 507 1825 540 montistis
1843 513 1877 540 et

1139 558 1210 591 aliis
1236 558 1466 597 creditoribus,
1493 558 1608 601 quibus
1640 560 1785 592 redditus
1818 560 1876 592 do-

1141 610 1299 642 hanarum
1324 615 1356 643 et.
1376 611 1577 653 gabellarum
1597 612 1783 645 huiusmodi
1798 611 1876 645 obli-

1139 663 1203 705 gati
1228 668 1311 702 sunt,
1330 668 1538 704 nasceretur;
1558 663 1629 697 ideo
1647 674 1707 696 nos
1723 664 1875 707 antiquos

1138 715 1337 758 gabellarum
1362 715 1547 749 huiusmodi
1568 717 1728 759 appabus,
1745 723 1776 749 et
1796 727 1876 760 quo-

1139 768 1234 800 modo
1260 773 1336 800 tunc
1360 768 1515 810 temporis
1549 768 1773 801 immunitates
1817 779 1875 801 seu

1139 820 1329 853 franchitiae
1351 821 1535 863 praedictae
1552 821 1782 864 procederent,
1804 820 1876 853 diti-

1139 878 1252 915 genter
1284 873 1406 916 exquiri
1436 873 1667 905 mandavimus.
1697 873 1875 916 Repertum

1139 931 1244 958 autem
1269 925 1328 957 suit
1351 927 1482 958 saeculo
1508 927 1655 969 proxime
1679 925 1872 969 praeterito,

1139 984 1168 1011 et
1203 978 1396 1021 praesertim
1433 978 1465 1010 in
1501 978 1685 1021 appaltibus
1722 978 1777 1021 qui
1814 977 1873 1011 sub

1140 1031 1241 1064 felicis
1280 1030 1513 1063 recordationis
1553 1031 1653 1064 Paulo
1691 1031 1745 1071 III,
1788 1040 1874 1063 anno

1139 1093 1275 1124 mnxxv,
1302 1084 1400 1116 Paulo
1418 1083 1463 1123 tv,
1489 1093 1574 1116 anno
1591 1093 1686 1124 MDLv,
1701 1089 1731 1117 et
1749 1083 1805 1116 Pio
1826 1083 1871 1123 IV,

1138 1147 1221 1169 anno
1233 1146 1359 1176 tuntxlv,
1368 1135 1524 1178 Gregorio
1534 1136 1609 1176 XIII,
1618 1136 1710 1168 annis
1720 1145 1874 1170 Mntxxvtx

1139 1194 1171 1221 et
1195 1198 1369 1228 anxxxm,
1393 1188 1480 1221 Sixto
1498 1188 1530 1227 V,
1558 1198 1643 1221 anno
1668 1198 1823 1228 ManxXV,
1842 1193 1875 1221 et

1137 1242 1300 1275 Clemente
1314 1241 1386 1280 VIII,
1402 1241 1554 1274 Romanis
1564 1241 1772 1274 Pontificibus
1785 1250 1874 1284 prae-

1138 1295 1362 1328 decessoribus
1388 1296 1526 1336 nestris,
1553 1305 1637 1327 anno
1662 1304 1798 1334 Mnxctu,
1824 1305 1874 1328 re-

1138 1349 1280 1393 spective
1302 1348 1374 1381 sacti
1401 1348 1538 1387 suerunt,
1560 1350 1647 1381 nulla
1670 1348 1700 1380 in
1725 1355 1873 1382 anteces-

1138 1414 1207 1435 sum
1233 1402 1407 1446 superstite
1432 1402 1463 1434 iu
1489 1402 1686 1434 contrarium
1705 1403 1870 1442 memoria,

1138 1468 1173 1489 ac
1204 1457 1300 1489 etiam
1331 1466 1389 1499 per
1413 1455 1569 1498 quaedam
1601 1455 1742 1498 capitula
1775 1464 1874 1498 super

1138 1509 1366 1543 reformatione
1392 1508 1595 1541 dolianarum
1625 1508 1813 1541 huiusmodi
1839 1518 1871 1541 e-

1139 1565 1204 1597 dita
1237 1568 1269 1596 et
1296 1573 1357 1606 per
1380 1563 1576 1595 recolendae
1609 1562 1786 1596 memoriae
1823 1562 1873 1595 Iu-

1139 1618 1215 1650 lium
1240 1617 1357 1659 Papam
1374 1615 1412 1648 ΙΙΙ
1437 1616 1722 1659 praedecessorem
1749 1616 1874 1660 pariter

1139 1676 1285 1703 nostrum
1308 1674 1396 1701 motu
1421 1668 1554 1712 proprio
1580 1667 1781 1708 confirmata,
1807 1668 1872 1701 ‹lis-

1138 1723 1277 1766 positum
1302 1722 1399 1754 fuisse
1424 1727 1457 1754 ut
1481 1722 1627 1754 ciusdem
1647 1721 1678 1754 S.
1696 1722 1731 1754 P..
1749 1722 1784 1755 E.
1805 1732 1872 1755 car-

1138 1777 1270 1816 dinales,
1298 1787 1333 1809 ac
1359 1775 1579 1809 thesaurarius
1605 1776 1780 1819 generalis,
1807 1777 1873 1809 cle-

1138 1830 1195 1863 rici
1224 1829 1469 1873 praesidentes,
1498 1833 1529 1861 et
1553 1828 1691 1861 ministri
1721 1827 1872 1863 Gamerae

1138 1882 1331 1926 praedictae,
1356 1892 1534 1925 omnesque
1560 1881 1613 1914 alii
1639 1882 1793 1925 exempti,
1819 1893 1870 1915 ra-

1138 1936 1225 1968 tione
1250 1934 1402 1968 mercium
1427 1939 1458 1967 et
1482 1944 1591 1966 rerum
1616 1945 1697 1977 qnae
1727 1945 1787 1978 pro
1820 1945 1874 1968 eo-

1138 1999 1208 2021 rum
1243 1987 1377 2031 proprio
1414 1997 1472 2019 usu
1508 1987 1714 2028 advenirent,
1750 1993 1782 2020 et
1805 1998 1872 2021 non

1137 2042 1240 2081 aliter,
1263 2052 1279 2073 a
1305 2040 1443 2072 dohanis
1468 2046 1501 2072 et
1526 2041 1661 2083 gabellis
1687 2041 1872 2075 huiusmodi

1138 2094 1278 2137 exempti
1305 2103 1375 2126 esse
1395 2093 1564 2134 deberent,
1586 2093 1743 2127 eiusmodi
1765 2099 1873 2128 autem

1137 2158 1187 2179 res
1211 2158 1284 2179 curn
1309 2156 1421 2179 eorum
1446 2147 1605 2180 mandatis
1624 2174 1632 2188 ,
1658 2147 1790 2190 propria
1818 2158 1873 2181 eo-

1139 2211 1208 2233 rum
1247 2210 1343 2232 mauu
1383 2199 1589 2243 subscriptiS,
1631 2201 1869 2242 relaxarentur,

1137 2258 1233 2297 prout
1257 2252 1387 2285 solitum
1419 2263 1488 2285 esse
1521 2253 1565 2285 ibi
1590 2258 1749 2294 narratur,
1773 2259 1872 2297 utque

1137 2306 1269 2339 eaedem
1287 2316 1347 2345 res,
1370 2305 1415 2337 sic
1440 2306 1560 2348 absque
1586 2306 1748 2339 solutione
1766 2307 1873 2349 gabel-

1137 2360 1239 2392 larum
1264 2359 1438 2398 relaxatae,
1466 2358 1561 2391 vendi
1587 2358 1775 2402 nequirent,
1809 2358 1871 2392 nisi

1139 2412 1217 2443 tacta
1242 2410 1401 2443 eiusmodi
1427 2410 1623 2444 venditionis
1652 2409 1872 2444 notificatione

1138 2464 1335 2502 dolianeriis,
1360 2464 1424 2496 sive
1451 2464 1653 2497 dolianarum
1685 2464 1873 2507 redempto-

1138 2517 1236 2556 ribus,
1254 2522 1288 2549 ut
1305 2517 1369 2550 illis
1386 2517 1516 2550 doliana
1539 2516 1776 2556 refunderetur,
1795 2517 1873 2550 alio-

1137 2570 1215 2614 quin
1241 2570 1325 2604 fraus
1345 2570 1516 2604 commissa
1538 2574 1744 2611 censeretur;
1763 2579 1873 2604 verum

1878 197 1926 224 An.
1944 194 1971 225 C.
1995 196 2061 229 ¹677
