2111 3157
12 207 66 234 An.
89 206 116 233 C.
136 207 202 233 ¹679

201 260 330 290 sanctae
366 261 475 289 matris
510 255 673 289 Ecclesiae
714 255 930 293 exaltatione,

200 310 374 343 haeresum
408 309 636 351 extimatione,
673 318 709 340 ac
740 317 819 350 pace
849 307 955 338 inim-1

200 363 363 406 principes
388 362 580 395 christianos
594 360 795 394 concilianda
813 364 842 392 et
860 369 934 391 con-

200 416 358 449 servanda
383 415 532 454 fuderint,
557 414 689 447 easdem
717 412 955 454 indulgentias*

201 473 464 511 consequuntur,
489 476 568 509 quas
593 470 872 508 consequerentur
907 463 932 495 si

201 522 279 565 ipsis
304 520 567 565 processionibus
599 518 814 562 personaliter
839 517 933 549 inter-

201 579 319 613 essent,
340 584 375 606 ex
395 572 604 605 concessione
621 571 766 603 eiusdem
785 569 931 611 Gregorii

201 627 233 659 in
251 626 342 660 Brevi
367 625 550 669 Cupientes,
577 625 628 658 die
652 635 724 658 xx1v
749 622 932 657 decembris

200 689 377 712 MDLxxxni.

244 740 292 764 111.
319 730 474 763 Eamdem
496 729 672 772 plenariam
697 727 933 770 indulgentiam

200 788 417 826 assequuntur
456 782 634 815 confratres
676 786 707 815 et
745 791 934 814 consorores

201 836 502 869 confraternitatum
526 835 649 868 Rosarii
672 842 746 868 vere
770 834 935 877 poeniten-

200 895 248 922 tes
273 894 304 922 et
326 888 463 921 confessi
482 898 518 920 ac
534 890 622 920 sacra
643 886 869 920 communione
891 896 934 918 re-

201 941 297 981 secti,
323 941 375 984 qui
408 940 610 984 processioni
645 940 749 983 prima
774 939 935 972 dominica

200 993 322 1027 mensis
347 993 553 1036 peragendae
578 992 794 1031 interfuerint,
821 997 851 1024 et
876 1001 935 1033 pro

202 1046 457 1079 christianorum
472 1045 655 1089 principum
668 1044 850 1083 concordia,
865 1044 936 1076 liae-

201 1109 310 1132 resum
347 1098 562 1141 extirpatione
599 1103 631 1130 et
666 1102 794 1136 sanetae
827 1096 937 1129 matris

202 1151 363 1185 Ecclesiae
389 1150 582 1184 exaltatione
607 1150 677 1193 pias
695 1151 733 1183 ad
750 1150 849 1183 Deum
868 1160 938 1192 pre-

203 1215 256 1237 ces
288 1203 477 1242 effundunt,
505 1214 540 1236 ex
567 1203 776 1236 concessione
800 1203 889 1235 Pauli
915 1203 937 1233 V

202 1257 236 1289 in
254 1257 346 1290 Brevi
365 1257 451 1300 quod
469 1256 581 1299 incipit
600 1257 736 1289 Piorum
755 1256 936 1295 leontinum,

204 1309 255 1342 die
281 1320 318 1341 xv
344 1309 454 1351 aprilis
477 1319 615 1342 mnevm.

249 1372 289 1394 iv.
317 1361 391 1393 Pius
417 1361 453 1392 IV
478 1361 623 1393 eamdem
649 1361 743 1394 etiam
770 1361 939 1401 indulgen-

205 1415 282 1448 tiam
307 1414 484 1458 plenariam
502 1414 665 1446 concessit
686 1414 938 1447 confraternitati

205 1467 258 1500 SS.
286 1467 409 1500 Rosarii
435 1467 600 1499 institutae
628 1467 659 1499 in
679 1467 815 1500 ecclesia
832 1466 862 1499 S.
884 1467 940 1500 Ma-

205 1521 272 1553 riae
291 1530 391 1562 super
415 1519 586 1553 Minervam
612 1520 643 1551 in
669 1519 764 1559 Urbe,
797 1519 827 1551 in
853 1520 941 1552 Bulla

206 1573 382 1616 incipiente
400 1573 485 1605 Dum
507 1572 687 1615 praeclara,
708 1573 758 1605 die
776 1583 874 1605 xxviii
898 1573 941 1605 fe-

205 1627 329 1659 bruarii
355 1636 464 1663 itiani,
490 1626 639 1658 omnibus
670 1626 886 1658 confratribus
912 1632 943 1659 et

208 1678 437 1711 consororibus
461 1678 514 1710 SS.
542 1678 666 1711 Rosarii
685 1689 757 1711 vere
775 1679 943 1721 poeniten-

209 1732 293 1764 tibus
318 1737 349 1763 et
373 1731 547 1769 confessis,
572 1732 623 1763 vel
649 1731 774 1763 firmum
796 1731 944 1773 proposi-

208 1790 276 1816 tum
302 1784 505 1827 temporibus
536 1784 663 1816 statutis
688 1784 862 1816 confitendi
888 1785 945 1816 ba-

208 1837 370 1875 hentibus,
385 1836 439 1879 qui
458 1836 697 1878 processionem
716 1837 942 1869 associaverint

209 1889 242 1921 in
268 1889 351 1922 dicta
382 1888 518 1921 ecclesia
546 1888 615 1921 fieri
647 1888 774 1921 solitam
802 1889 834 1920 in
860 1889 945 1921 festi-

209 1942 360 1974 vitatibus
377 1947 408 1974 et
425 1941 683 1974 solemnitatibus
702 1942 865 1983 gloriosae
879 1942 946 1974 Yir-

212 1994 295 2035 ginis
325 1994 465 2034 Mariae,
501 1994 653 2042 gidelicet
683 1994 943 2033 Purifmafionis,

213 2047 490 2086 Anmmciafflonis,
514 2047 725 2085 Visitationis,
750 2047 947 2089 Assumptio-

211 2100 273 2138 nis,
298 2099 486 2140 NativitatiS‚
512 2100 784 2134 praesentationis
812 2105 843 2133 et
868 2100 948 2133 Con-

213 2153 385 2196 ceptionis.

256 2215 285 2238 v.
307 2205 481 2248 Gregorius
506 2205 572 2238 XIII
596 2206 627 2238 in
646 2206 739 2239 Brevi
756 2206 809 2239 Ad
828 2217 948 2249 avisien-

213 2258 305 2297 dam,
332 2269 403 2291 xxw
435 2258 578 2291 octobris
597 2269 760 2299 nianxvn,
792 2259 948 2301 elargitur

214 2310 449 2353 indulgentiam
464 2311 640 2353 plenariam
654 2312 868 2344 confratribus
879 2322 949 2344 con-

216 2363 423 2395 fraternitatis
449 2363 574 2395 Rosarii
603 2369 730 2396 erectae
754 2364 786 2396 in
809 2364 949 2397 ecclesia

217 2415 317 2448 sancti
342 2415 498 2448 Dominici
531 2416 712 2456 Bononiae,
735 2427 810 2449 vere
835 2417 949 2459 poeni-

781 205 991 231 INNOCENTIUS
1013 206 1043 229 XI
1069 205 1118 229 1¹1³.

216 2467 359 2500 tentibus
385 2473 417 2501 et
440 2469 596 2501 confessis
627 2479 663 2501 ac
696 2470 785 2501 sacra
810 2480 950 2502 commu-

216 2520 315 2553 nione
340 2521 481 2561 refectis,
510 2521 564 2564 qui
589 2521 724 2564 singulis
748 2523 840 2555 annis
865 2524 950 2555 sole-

216 2583 283 2608 mm
308 2574 509 2619 processioni
535 2575 638 2617 primii
663 2575 823 2609 dominica
846 2576 950 2609 cuius-

1607 191 1670 225 too

975 253 1054 286 libet
1066 252 1185 286 mensis
1198 251 1231 285 in
1246 252 1330 286 dicta
1344 251 1480 284 ecclesia
1494 249 1707 283 celebrandae

976 307 1199 345 interfuerint,
1227 311 1258 339 et
1293 306 1472 349 cappellam
1506 303 1556 337 SS.
1583 302 1708 335 Rosarii

976 360 1089 392 devote
1115 359 1322 398 visitaverint,
1350 364 1381 391 et
1404 358 1447 390 ibi
1475 368 1532 400 pro
1558 355 1710 389 christia-

975 422 1089 444 norum
1113 412 1296 455 principum
1320 411 1495 443 concordia
1519 414 1550 442 et
1573 409 1707 448 unione,

977 476 1011 497 ac
1026 465 1193 497 haeresum
1209 464 1423 506 extirpatione
1441 467 1632 504 sanctaeque
1646 471 1711 493 ma-

977 517 1032 549 tris
1058 517 1219 550 Ecclesiae
1245 516 1437 549 exaltatione
1458 515 1527 559 pias
1553 515 1590 547 ad
1610 514 1709 547 Deum

977 581 1090 613 preces
1116 569 1298 603 effuderint.

1020 634 1042 656 1.
1077 623 1150 655 Pius
1183 623 1219 655 IV
1254 623 1286 654 in
1320 622 1462 665 praefata
1498 622 1589 654 Bulla
1624 621 1710 654 Dum
1754 628 1865 649 mirw-

974 676 1145 717 praeclara
1166 675 1315 708 concedit
1339 675 1574 716 indulgentiam
1601 675 1712 716 plena·
1722 655 1905 707 „,0¹···¹gg†‚⁰,-:{J:?,⁹,

976 728 1055 761 riam
1073 728 1120 767 iis,
1138 729 1202 771 qui,
1220 738 1295 761 vere
1310 727 1513 770 poenitentes
1528 707 1906 780 &confessi{l51‚1.f.}12¹.12”¹¹¹s'⁸s⁵.

976 783 1026 814 vel
1058 782 1184 814 firmum
1209 781 1413 824 propositum
1450 780 1623 812 confitendi
1650 780 1710 812 ba-
1734 766 1814 781 ¹⁰⁰⁴&

976 835 1089 867 bentes
1115 835 1242 867 statutis
1268 834 1306 865 ab
1331 832 1473 867 Ecclesia
1502 832 1712 875 temporibus,

979 887 1094 920 devote
1112 887 1313 919 visitaverint
1330 887 1509 928 cappellam
1535 886 1588 918 SS.
1616 885 1715 918 Rosa-

978 940 1017 972 rii
1041 940 1073 972 in
1099 940 1237 972 ecclesia
1260 940 1291 972 S.
1329 939 1445 971 Mariae
1472 949 1570 981 super
1601 938 1716 970 Miner-

980 1004 1049 1024 vam
1074 993 1112 1025 de
1139 992 1223 1025 t'rbe
1247 992 1280 1023 in
1306 992 1395 1024 festis
1423 991 1631 1024 Beatissimae
1649 991 1715 1022 Vir-

981 1045 1074 1088 ginis,
1100 1046 1248 1079 videlicet
1266 1045 1510 1083 PuriticationiS,
1532 1044 1716 1078 Annuncia-

982 1098 1090 1137 tionis,
1115 1098 1326 1137 t’isitaiionis,
1357 1097 1603 1140 Assumptionis,
1628 1096 1715 1128 Nati-

980 1150 1094 1189 vitatis,
1121 1150 1349 1193 Conceptionis
1376 1155 1406 1182 ct
1431 1148 1713 1187 Praesentationis,

982 1215 999 1236 a
1028 1203 1140 1246 primis
1176 1203 1321 1245 vesperis
1358 1213 1459 1245 usque
1494 1202 1532 1234 ad
1565 1212 1717 1234 occasum

982 1257 1060 1288 solis
1087 1257 1244 1289 dictarum
1265 1255 1483 1288 festivitatum.

1027 1319 1061 1341 Π.
1100 1308 1272 1350 Gregorius
1299 1308 1362 1340 Xlll
1397 1307 1427 1339 in
1454 1307 1546 1340 Brevi
1566 1306 1619 1340 Ad
1652 1316 1719 1338 au·-

982 1362 1138 1404 yemlom,
1163 1372 1206 1394 xii
1242 1360 1345 1393 martii
1372 1371 1535 1399 MDLxxvxi,
1556 1359 1719 1392 concessit

984 1413 1160 1457 plenariam
1173 1413 1407 1455 indulgentiam
1420 1412 1636 1445 confratribus
1649 1421 1721 1443 con-

985 1466 1192 1498 fraternitatis
1213 1466 1266 1498 SS.
1286 1465 1411 1498 Rosarii
1429 1466 1461 1497 in
1481 1464 1616 1497 ecclesia
1629 1464 1721 1496 Prae-

985 1519 1163 1551 dicatorum
1196 1518 1393 1558 Cremonae,
1421 1518 1475 1560 qui
1501 1528 1575 1550 vere
1607 1516 1722 1560 poeni-

986 1577 1089 1603 tentes
1115 1578 1145 1603 et
1170 1571 1330 1610 confessi,
1357 1578 1485 1603 necnon
1512 1572 1603 1602 sacra
1627 1580 1718 1602 com-

987 1624 1140 1656 munione
1180 1623 1315 1662 refecti,
1364 1624 1478 1656 devote
1520 1623 1723 1655 visitaverint

986 1678 1166 1719 cappellam
1185 1676 1309 1708 Rosarii
1326 1676 1429 1719 prima
1442 1675 1603 1708 dominica
1621 1675 1723 1707 cuius-

988 1729 1064 1761 libet
1090 1729 1210 1761 mensis
1235 1734 1266 1760 et
1289 1729 1440 1760 omnibus
1463 1727 1551 1760 festis
1577 1727 1724 1760 beatissl-

989 1792 1057 1813 mae
1085 1786 1116 1813 et
1144 1781 1398 1822 gloriosissimae
1423 1780 1584 1822 VirginiS,
1612 1780 1724 1822 ibique

988 1834 1056 1877 pias
1071 1834 1109 1866 ad
1124 1834 1222 1866 Deum
1239 1844 1352 1876 preces
1368 1832 1541 1866 effuderint
1554 1843 1612 1876 pro
1626 1833 1724 1865 chris-

989 1887 1147 1919 tianorum
1167 1886 1351 1929 principum
1372 1885 1562 1925 concordia,
1585 1885 1725 1927 extirpa-

990 1940 1077 1972 tione
1110 1940 1284 1971 haeresum
1316 1944 1348 1972 et
1371 1944 1500 1971 sanctae
1532 1938 1644 1970 matris
1669 1938 1725 1970 Ec-

989 1992 1107 2025 clesiae
1133 1992 1337 2024 exaltatione.

1033 2055 1078 2078 111.
1106 2045 1191 2077 Idem
1209 2044 1354 2077 Pontifex
1373 2044 1405 2076 in
1422 2043 1514 2077 Brevi
1535 2043 1587 2076 Ad
1604 2054 1726 2086 auyen-

989 2099 1077 2138 ‹Iam‚
1104 2098 1156 2131 die
1180 2108 1253 2130 xxiv
1274 2097 1414 2130 octobris
1439 2106 1601 2137 motxxvu,
1620 2096 1725 2129 indul-

991 2152 1130 2194 gentiam
1171 2150 1350 2194 plenariam
1388 2149 1549 2182 concessit
1591 2149 1727 2182 cuilibet

990 2204 1145 2237 confratri
1171 2202 1443 2236 confraternitatis
1467 2202 1593 2235 Rosarii
1619 2202 1651 2234 in
1678 2212 1727 2234 ec-

990 2258 1088 2290 clesia
1112 2257 1143 2289 S.
1170 2256 1326 2289 Dominici
1344 2255 1521 2294 Bononiae,
1539 2255 1592 2298 qui
1613 2255 1727 2298 poeni-

992 2315 1061 2342 tens
1086 2315 1117 2342 et
1140 2309 1308 2341 confessus
1332 2318 1368 2340 ac
1393 2309 1483 2340 saera
1501 2306 1727 2339 communione

992 2363 1129 2395 refectus
1154 2362 1333 2404 cappellam
1360 2360 1485 2393 Rosarii
1511 2360 1542 2392 S.
1569 2360 1726 2392 Dominici

993 2416 1031 2448 de
1050 2414 1196 2447 Bononia
1213 2414 1243 2446 in
1259 2413 1392 2456 singulis
1411 2413 1634 2445 festivitatibus
1652 2413 1729 2445 Bea-

993 2468 1134 2500 tissimae
1143 2467 1280 2509 Virginis
1299 2467 1412 2499 devote
1430 2464 1612 2506 visitaverit,
1631 2470 1728 2508 atque

992 2527 1027 2554 ut
1050 2532 1146 2564 supra
1171 2520 1320 2553 oraverit.

1037 2585 1080 2609 iv.
1100 2575 1133 2607 In
1147 2575 1210 2607 alio
1228 2574 1320 2607 Brevi
1341 2574 1516 2618 incipiente
1536 2574 1613 2608 Cum
1632 2573 1727 2616 sicut,

1716 199 1764 226 An.
1786 198 1813 225 C.
1834 197 1899 225 to79
