2111 3157
6 234 59 262 An.
79 232 107 260 C.
126 231 194 260 1680
775 232 986 258 ἹΝΝΟΟΕΝΤΙΗΒ
1007 233 1038 257 xt
1061 232 1110 257 PP-

194 280 256 319 ipso
277 280 353 311 facto
374 280 628 320 excommunicati,
655 284 684 311 et
711 281 772 321 ipse
790 285 923 321 receptus

194 334 347 367 cogeretur
368 330 463 360 redire
478 330 513 360 ad
529 339 613 359 suum
634 329 782 366 Ordinem,
800 339 922 369 quorum

193 382 371 418 postremum
394 378 474 409 iubet
496 388 610 417 quoque
631 379 699 409 Pius
721 379 755 408 V.

231 436 261 457 ιι.
285 426 459 458 Ordinamus
487 428 614 457 secundo
641 427 716 466 quod
744 427 865 466 professi
892 426 921 455 in

192 476 420 514 Congregatione
450 477 561 513 nostra,
591 476 615 505 si
646 475 714 505 alibi
744 475 922 504 firmaverint

192 524 380 554 stabilitatem
402 533 484 553 suam
511 528 539 553 et
566 523 661 552 redire
689 523 852 559 voluerint,
877 531 921 551 re-

193 572 356 611 cipiantur,
383 572 432 601 sed
459 571 575 600 omnino
602 571 763 600 observatis
793 579 866 610 quae
892 570 921 599 iu

192 628 256 658 cap.
279 628 348 648 xxix
369 623 477 648 statuta
497 622 576 648 sunt.

231 676 272 696 ιιι.
295 667 327 696 Ιιι
348 666 523 706 recipiendis
544 666 609 696 aliis
629 666 773 704 religiosis
787 665 822 695 de
839 665 921 695 Ordi-

191 715 278 744 nibus
299 724 356 744 non
375 714 610 749 Mendicantium,
629 714 769 744 servanda
790 718 833 744 est
855 723 922 743 con-

190 763 304 792 stitutio
322 763 365 792 Pii
388 762 421 799 V,
445 767 473 792 et
495 767 643 801 praetcrea
664 762 780 792 licentia
801 762 920 801 capituli

190 811 332 849 generalis
364 811 584 850 praehabeatur,
613 820 667 850 qua
700 820 757 841 non
790 810 919 848 obtenta,

190 858 335 888 neminem
357 859 566 889 admittendum
588 868 650 888 esse
667 858 801 888 dicimuS.

203 919 299 950 CAPUT
321 919 401 950 LXII.
419 937 454 943 —
478 920 517 950 De
538 921 718 950 sacerdotibus
740 922 906 950 monasterii.

17 984 122 1006 Abh³¹²d
135 985 180 1006 ⁶³³·
234 982 265 1015 Si
279 982 350 1026 quis
365 982 463 1015 abbas
479 983 539 1015 sibi
557 983 780 1027 presbyterum
795 985 842 1017 vel
859 983 921 1016 dia·

0 1014 95 1032 conatum
147 1012 180 1032 vel

0 1039 180 1089 ffissgssssssgffl.
191 1046 306 1068 conum
331 1037 483 1069 ordinare
508 1037 646 1080 petierit,
665 1037 703 1070 de
719 1037 783 1070 suis
800 1038 847 1079 (a)
865 1037 921 1070 eli-

0 1093 54 1113 vent·
65 1096 99 1116 ‹1¹1-
111 1093 179 1110 umen
191 1093 244 1130 gat
263 1088 308 1132 (h)
334 1089 388 1132 qui
413 1089 528 1131 dignus
548 1090 588 1121 sit
611 1090 791 1122 sacerdotio
817 1090 916 1132 fungi.

0 1116 361 1173 2l⁶Y⁰⁸r⁰t5¹i¹²¹ffl¹¹2³¹¹3FOrdinatus
385 1146 490 1174 autem
515 1147 623 1174 caveat
654 1142 842 1182 elationem,
868 1148 921 1174 ant

0 1169 125 1216 ¹⁶⁸3ng
145 1169 170 1189 de
190 1193 373 1235 superbiam
387 1220 394 1233 ,
420 1204 479 1226 nec
512 1194 686 1237 quidquam
716 1199 918 1237 praesumat,

190 1245 251 1277 nisi
286 1246 373 1288 quod
412 1246 441 1278 ei
480 1246 520 1278 ab
553 1246 665 1279 abbate
701 1247 918 1290 praecipitur,

190 1298 297 1331 sciens
323 1308 357 1331 se
381 1299 482 1331 multo
498 1298 598 1341 magis
614 1299 803 1342 disciplinae
828 1310 921 1342 regu-

189 1351 249 1385 lari
273 1352 446 1391 subditum,
473 1362 532 1385 nec
554 1352 724 1385 occasione
748 1353 919 1386 sacerdotii

188 1404 399 1438 obliviscatur
421 1405 553 1447 regulae
577 1404 798 1438 obedientiam
824 1411 854 1438 ct
879 1406 920 1438 di-

189 1457 371 1500 sciplinam,
397 1457 456 1490 sed
479 1458 580 1500 magis
605 1468 640 1491 ac
663 1458 765 1501 magis
789 1459 821 1491 in
853 1459 917 1492 Do-

191 1510 278 1543 mino
303 1509 460 1553 proficiat.
484 1511 601 1544 Locum
627 1522 703 1545 vero
727 1512 816 1544 illum
842 1522 920 1545 sem-

189 1573 249 1606 per
272 1563 440 1603 attendat,
475 1574 540 1606 quo
576 1564 740 1607 ingressus
772 1570 822 1597 est
852 1576 921 1598 mo-

189 1615 377 1655 nasterium,
395 1621 525 1658 praeter
541 1616 681 1649 officium
706 1617 831 1657 altaris;
859 1617 918 1651 etsi

189 1667 271 1700 sorte
296 1667 410 1700 electio
430 1667 692 1710 Congregationis
717 1676 748 1702 et
771 1671 919 1703 voluntas

189 1720 314 1753 abbatis
330 1731 389 1764 pro
406 1721 488 1753 vitae
504 1721 620 1754 merito
638 1732 711 1754 enm
730 1732 920 1766 promovere

188 1772 342 1806 voluerit.
368 1772 426 1811 Qui
451 1778 556 1806 tamen
580 1775 724 1816 regulam
750 1785 767 1808 a
792 1775 921 1808 decanis

188 1826 238 1858 vel
262 1826 456 1869 praepositis
476 1827 685 1860 constitutam
709 1827 769 1860 sibi
794 1838 922 1861 servan-

189 1877 261 1910 dam
279 1878 357 1911 sciat
372 1889 379 1911 :
398 1879 484 1922 quod
502 1879 526 1912 si
543 1880 638 1913 aliter
653 1880 919 1923 praesumpserit,

189 1940 255 1964 non
280 1936 314 1963 ut
338 1932 499 1972 sacerdos,
524 1932 579 1965 sed
603 1938 638 1964 ut
654 1933 784 1966 rebellis
803 1932 922 1966 iudice-

189 1987 252 2016 tur.
278 1983 316 2016 Et
340 1995 436 2027 saepe
461 1985 653 2025 admonitus,
675 1985 701 2018 si
725 1997 791 2019 non
816 1996 922 2019 corre-

188 2036 278 2077 xerit,
297 2037 391 2070 etiam
412 2037 585 2081 episcopus
602 2039 795 2072 adhibeatur
818 2039 850 2072 in
876 2045 922 2073 te-

188 2089 386 2123 stimonium.
413 2090 502 2128 Quod
526 2092 552 2124 si
576 2102 637 2125 nec
661 2092 716 2132 sic,
743 2093 922 2125 clarescen-

188 2142 273 2176 tibus
297 2144 410 2186 culpis,
435 2144 625 2187 proiiciatur
647 2145 687 2178 de
712 2146 921 2186 monasterio,

188 2195 214 2228 si
239 2201 345 2230 tamen
366 2196 438 2230 talis
454 2197 551 2230 suerit
568 2198 636 2231 eius
661 2199 870 2240 contumacia,
889 2204 923 2231 ut

189 2249 284 2282 subdi
304 2254 360 2282 aut
376 2249 510 2283 obedire
527 2251 658 2293 regulae
678 2251 770 2284 nolit.

456 2316 650 2338 DECLARATlo.

229 2361 272 2401 (a)
294 2370 314 2392 1.
337 2361 431 2401 Eligat
451 2361 541 2391 abbas.
564 2361 634 2391 Cum
656 2361 779 2392 consilio
805 2365 834 2392 et
854 2370 924 2392 con-

189 2418 277 2441 sensu
298 2410 416 2441 maioris
431 2411 522 2450 partis
536 2410 685 2441 seniorum
701 2420 821 2441 suorum
844 2420 923 2442 com-

190 2463 289 2500 putato
310 2463 375 2490 voto
397 2459 533 2500 praelati.

228 2507 268 2547 (b)
283 2516 314 2538 11.
338 2506 392 2544 Qui
412 2508 511 2547 diynus
531 2511 580 2537 est.
603 2506 670 2538 ldeo
692 2507 825 2538 volumus
847 2507 923 2547 quod

189 2559 284 2596 patres
306 2556 562 2595 monasteriorum,
579 2557 640 2586 una
659 2565 725 2587 cum
745 2555 921 2594 senioribus,

190 2604 269 2644 prius
291 2604 446 2645 diligenter
468 2604 679 2645 promovendos
701 2604 736 2635 ad
758 2613 856 2635 sacros
878 2614 923 2635 or-

965 281 1058 318 dines,
1076 279 1199 310 maxime
1220 286 1290 310 vero
1311 277 1345 309 ad
1367 277 1573 316 sacerdotium,
1590 278 1700 308 exami-

966 333 1035 358 nent
1056 338 1145 368 super
1170 328 1345 358 sufficientia
1372 331 1400 357 et
1429 327 1610 364 litteratura,
1638 336 1698 355 nio-

965 386 1069 416 re·que
1091 381 1119 407 et
1147 377 1234 407 vitam
1258 376 1395 406 attentius
1424 375 1620 406 considerent.
1645 376 1696 413 Et,

965 426 987 455 si
1010 426 1148 463 (humana
1171 429 1267 455 tamen
1291 425 1450 463 fragilitate
1473 424 1617 463 inspecta)
1637 424 1698 453 sue-

965 473 1023 502 rint
1037 473 1155 503 iudicati
1174 473 1209 503 ad
1231 473 1358 503 officium
1371 473 1405 502 ad
1421 472 1497 512 quod
1511 477 1698 502 assumuntur

964 521 1071 557 idonei,
1091 530 1149 551 non
1175 521 1255 560 prius
1277 522 1449 552 ordinentur
1469 531 1555 560 quam
1578 521 1697 551 obtenta

964 568 1081 598 licentia
1099 578 1114 598 a
1129 569 1255 608 capitulo
1270 570 1398 607 generali
1414 579 1446 599 ac
1460 570 1546 599 etiam
1565 579 1580 599 a
1598 570 1697 599 visita-

964 615 1093 653 toribus3
1122 626 1209 655 quam
1241 617 1297 656 ipsi
1325 617 1393 646 dare
1420 626 1477 646 non
1501 618 1612 656 possint
1638 618 1696 647 nisi

964 664 993 694 in
1016 669 1080 695 actu
1096 665 1281 702 visitationiS,
1301 669 1332 695 ut
1347 666 1579 705 praesentialiter
1594 666 1628 695 de
1650 675 1697 695 eo-

964 721 1029 742 rum
1044 713 1102 743 vita
1120 717 1148 743 et
1171 713 1301 743 moribus
1318 723 1351 743 ac
1372 713 1531 743 litterarum
1548 714 1696 743 sufficien-

964 760 1002 790 tia
1024 760 1161 799 indagare
1183 765 1211 791 et
1232 770 1407 799 cognoscere
1429 761 1550 801 possint.

1002 817 1042 839 ιιι.
1066 809 1138 840 Casu
1161 818 1230 840 vero
1251 819 1371 848 magnae
1399 810 1602 847 necessitatis,
1626 815 1694 849 puta

964 862 1082 897 propter
1114 863 1237 888 mortem
1268 858 1393 888 aliorum
1424 858 1627 895 sacerdotum,
1650 859 1695 888 vel

963 906 1151 943 amotionem,
1174 906 1213 936 ita
1236 906 1312 945 quod
1334 905 1502 936 scandalum
1519 909 1593 935 esset
1608 915 1695 944 expe-

963 957 1041 984 ctare
1063 958 1177 994 tempus
1198 954 1318 994 capituli
1340 954 1385 984 vel
1407 954 1592 991 visitationis,
1615 955 1696 984 suffi-

963 1002 1019 1032 ciat
1040 1002 1157 1033 licentia
1179 1003 1371 1042 praesidentis
1393 1002 1437 1032 vel
1460 1002 1547 1032 unius
1570 1003 1695 1032 visitato-

963 1051 1002 1080 ris
1024 1051 1068 1080 vel
1091 1051 1128 1089 (si
1151 1052 1262 1081 arctior
1282 1051 1439 1081 necessitas
1462 1051 1591 1089 urgeret)
1614 1060 1699 1090 prae-

962 1099 1012 1129 lati
1035 1104 1063 1129 et
1083 1100 1233 1131 seniorum
1248 1124 1256 1138 ,
1280 1100 1437 1140 praemissa
1452 1124 1462 1138 ,
1488 1104 1520 1130 ut
1545 1100 1695 1138 diximus,

963 1148 1176 1178 examinatione
1194 1152 1220 1178 et
1236 1149 1399 1179 discutione
1414 1149 1490 1178 circa
1506 1148 1692 1178 ordinandos.

1002 1204 1040 1225 iv.
1058 1196 1116 1225 lloc
1131 1205 1200 1226 sane
1214 1201 1281 1226 ante
1302 1197 1397 1227 omnia
1420 1196 1601 1226 attendentes
1617 1196 1694 1235 quod

963 1244 1072 1282 nullus,
1086 1245 1171 1275 etiam
1188 1245 1232 1275 his
1249 1245 1394 1275 stantibus
1408 1244 1644 1282 necessitatibus,
1659 1244 1695 1274 ad

963 1291 1088 1331 aliquem
1104 1293 1236 1323 ordinem
1259 1297 1471 1332 promoveatur,
1487 1292 1542 1322 nisi
1559 1292 1594 1321 de
1613 1292 1695 1321 bien-

963 1340 1011 1369 nio
1033 1340 1062 1370 in
1085 1340 1236 1371 biennium
1259 1350 1274 1371 a
1296 1341 1342 1370 die
1364 1341 1512 1379 ingressus
1530 1341 1693 1378 religionis,

962 1388 1024 1418 sine
1045 1389 1161 1419 licentia
1177 1389 1297 1428 capituli
1313 1389 1457 1428 generalis
1474 1389 1517 1418 vel
1533 1389 1694 1426 regiminis,

962 1446 977 1466 a
1000 1437 1105 1476 quibus
1132 1438 1222 1468 iustas
1249 1437 1285 1467 ob
1311 1446 1413 1467 causas
1434 1446 1535 1467 omnes
1557 1437 1696 1476 praedicti

963 1489 1098 1523 poterunt
1125 1494 1176 1524 per
1202 1494 1311 1515 annum
1340 1485 1585 1524 dispensationem
1621 1484 1696 1514 obti-

963 1542 1045 1570 nere,
1068 1533 1190 1563 servatis
1212 1537 1310 1563 tamen
1332 1533 1408 1563 sacri
1430 1532 1551 1563 Concilii
1577 1532 1696 1562 Triden-

963 1581 1017 1611 tini
1038 1581 1162 1621 aliisque
1193 1581 1361 1621 apostolicis
1381 1581 1505 1611 decretis
1522 1581 1616 1620 quoad
1642 1581 1696 1609 liu-

963 1630 1087 1660 iusmodi
1108 1630 1295 1661 ordinandos.

1002 1687 1030 1708 v.
1058 1679 1228 1709 Visitatores
1256 1688 1326 1709 vero
1353 1678 1465 1718 possint
1499 1687 1533 1707 ex
1567 1677 1696 1716 legitima

963 1728 1049 1757 causa
1071 1727 1240 1767 dispensare
1263 1736 1314 1767 per
1335 1727 1408 1757 duos
1429 1730 1479 1756 aut
1501 1731 1559 1756 tres
1581 1735 1697 1756 menses

964 1780 1077 1806 tantum
1104 1786 1170 1806 cum
1197 1776 1364 1806 huiusmodi
1391 1775 1580 1813 ordinandis,
1609 1775 1696 1804 salvis

963 1824 1140 1854 adamussim
1167 1824 1292 1854 decretis
1320 1824 1441 1855 Concilii
1469 1823 1642 1859 Tridentini,
1666 1827 1698 1852 ut

963 1882 1062 1913 supra.

1002 1930 1040 1952 vr.
1066 1921 1095 1952 Si
1110 1922 1175 1961 quis
1190 1925 1285 1951 autem
1301 1931 1316 1951 a
1331 1921 1458 1961 capitulo
1471 1920 1600 1960 proxime
1617 1929 1698 1960 prae-

964 1970 1060 2008 terito,
1083 1974 1132 2000 aut
1153 1979 1168 2000 a
1190 1969 1400 2007 visitatoribus,
1423 1973 1472 2000 aut
1493 1969 1529 1999 ab
1550 1969 1698 1998 examina-

965 2019 1076 2050 toribus
1105 2019 1321 2059 episcopalibus
1350 2018 1384 2048 ad
1412 2018 1558 2058 praefatos
1580 2017 1697 2047 ordines

964 2068 1000 2097 ob
1022 2067 1261 2098 insufficientiam
1291 2067 1342 2098 vel*
1370 2067 1455 2097 aliam
1488 2075 1606 2096 causatu
1638 2074 1697 2095 non

965 2116 1074 2147 suerint
1102 2116 1243 2154 admissi,
1265 2125 1323 2146 non
1352 2115 1464 2155 possint
1495 2114 1619 2153 amplius
1646 2122 1699 2153 per

964 2165 1110 2204 integrum
1127 2173 1235 2194 annum
1254 2163 1433 2203 praesentari
1455 2166 1486 2192 ut
1508 2171 1699 2202 promovean-

965 2218 1023 2245 tur.
1057 2214 1177 2244 Interim
1203 2217 1322 2243 teneant
1354 2213 1449 2243 locum
1482 2216 1546 2252 post
1572 2221 1620 2242 eos
1647 2212 1698 2251 qui

965 2263 1022 2293 iam
1050 2262 1176 2302 promoti
1206 2265 1292 2292 erunt
1324 2261 1358 2291 ad
1387 2270 1454 2291 eum
1481 2261 1636 2297 ordinem,
1662 2260 1698 2291 ad

965 2320 1051 2350 quem
1083 2310 1140 2350 ipsi
1170 2310 1268 2340 minus
1299 2309 1396 2339 idonei
1432 2309 1550 2339 suerunt
1576 2308 1696 2348 reperti.

964 2360 1051 2396 Quod!
1074 2369 1131 2390 non
1160 2359 1253 2389 solum
1274 2358 1309 2389 de
1332 2358 1459 2396 reiectis,
1482 2358 1531 2388 sed
1553 2358 1639 2387 etiam
1661 2357 1700 2387 de

965 2418 1022 2439 non
1043 2408 1198 2449 propositis
1211 2407 1247 2437 ob
1265 2406 1500 2437 insufficientiam
1516 2406 1639 2444 intelligi
1653 2415 1702 2435 vo-

965 2457 1073 2493 tumus,
1097 2461 1129 2486 ut
1149 2456 1191 2486 sic
1213 2456 1315 2486 saltem
1336 2454 1442 2485 rubore
1465 2454 1588 2491 confusi,
1608 2454 1701 2492 inagis

965 2505 1085 2536 solliciti
1115 2504 1274 2535 reddantur
1304 2503 1340 2533 ad
1366 2503 1529 2533 necessaria
1551 2503 1698 2532 discenda.

966 2553 1020 2590 Qui
1041 2553 1157 2590 deinde,
1180 2561 1246 2583 cum
1268 2552 1377 2583 suerint
1392 2552 1528 2591 ordinati,
1545 2552 1719 2594 restituam-'t

967 2608 1014 2635 tur
1035 2611 1088 2633 suo
1109 2601 1172 2633 loco
1195 2601 1394 2641 professionis.

1594 220 1654 254 331
1703 229 1755 256 An.
1777 229 1805 257 c.
1825 230 1891 257 1080
