2111 3157
33 202 80 231 Au.
95 200 122 230 C.
157 200 210 230 683,

799 203 872 227 INNO
879 202 1011 226 (tt-{Nuus
1034 204 1073 232 XL
1090 203 1147 226 1²1³.-

224 250 303 284 siliis
323 250 534 294 singulorum,
553 251 680 294 praevia
704 253 828 284 matura
851 251 955 284 consi-

224 304 402 342 deratione,
429 314 557 347 praeses
582 305 790 338 dioecesanus
816 304 955 347 desuper

225 357 375 390 conclusa
398 357 430 389 in
454 357 587 390 Domino
616 357 722 390 saciat.
748 357 953 389 Decanalium

225 408 427 442 districtuum
452 409 652 452 superiores,
678 413 709 442 et
733 409 801 448 alii,
828 409 954 450 singula

225 463 386 501 conclusa,
401 468 570 505 postquam
585 472 602 494 a
615 461 883 495 reverendissimo
902 461 955 494 do-

224 514 311 548 mino
327 514 495 547 Ordinario
515 514 634 547 luerint
658 524 814 547 concessa
832 519 862 546 et
879 524 955 546 con-

226 565 358 605 firmata,
377 567 504 599 domum
530 571 734 603 revertentes,
755 565 863 598 omnia
883 575 954 597 exe-

224 618 344 652 cutioni
382 618 596 661 demandent,
621 623 685 650 tam
709 618 742 651 in
767 618 863 650 domo
884 620 951 657 sua,

224 681 320 715 quam
333 671 403 704 aliis
418 671 449 703 in
463 671 551 711 locis,
570 681 707 714 quorum
722 670 856 704 directio
875 671 953 713 ipsis

223 729 270 757 est
294 725 496 757 demandata.

266 786 352 810 cun.
382 776 516 809 Praeses
549 776 762 810 dioecesanus
787 776 954 817 eligendus

222 829 264 862 sit
282 829 315 861 in
335 834 494 862 conventu
511 829 704 862 dioecesano
721 833 795 872 post
811 829 953 870 singulos

222 887 293 915 octo
315 892 427 921 annos,
447 887 478 914 et
505 881 538 913 in
559 892 635 914 casu
661 881 772 914 mortis
797 886 829 914 et
853 885 955 913 extra-

221 933 404 967 ordinariae
436 934 619 967 mutationis
635 961 642 973 ,
669 944 726 977 per
751 933 953 966 assistentem

220 987 337 1029 prioris
361 987 517 1029 praesidis
543 986 574 1019 in
601 986 823 1030 spiritualibus
847 996 883 1018 ae
907 997 954 1018 su-

221 1040 364 1083 periores
399 1041 568 1073 decanales
594 1041 649 1082 (et
685 1039 869 1083 praesidem
905 1050 955 1071 ar-

221 1093 505 1126 cliidioecesanum
530 1102 589 1136 pro
614 1104 652 1126 eo
678 1103 761 1131 casu,
780 1103 844 1135 quo
869 1093 955 1124 inter

222 1146 395 1179 dioecesim
420 1152 449 1178 et
474 1146 740 1179 archidioeeesim
766 1145 850 1179 adsit
869 1155 955 1178 com-

220 1199 413 1238 municatio,
438 1205 584 1242 respectu
611 1199 723 1232 domus
749 1198 953 1231 emeritorum

221 1258 253 1285 et
277 1252 433 1285 bonorum
466 1251 724 1294 eomn·iunium):
751 1251 776 1283 si
801 1261 875 1283 vero
899 1250 955 1283 Or-

221 1304 346 1337 dinatio
361 1305 515 1347 placuerit
531 1315 627 1336 unum
645 1314 680 1336 ex
699 1304 843 1337 instituto
861 1314 952 1335 suum

222 1357 341 1390 habere
368 1356 517 1389 ricarium
551 1357 756 1398 generalem,
782 1356 834 1398 qui
860 1356 952 1388 simul

221 1410 261 1442 sit
281 1420 421 1453 praeses,
444 1415 518 1441 tunc
542 1414 607 1442 tres
633 1419 708 1452 prae
733 1409 881 1442 omnibus
908 1409 954 1441 di-

221 1462 351 1505 gniores
366 1461 505 1501 iudicati,
520 1461 624 1494 eidem
638 1471 695 1504 per
708 1460 888 1504 praedictas
902 1471 954 1493 no-

219 1506 393 1553 minentur,
412 1520 444 1547 et
459 1514 546 1547 illius
565 1514 603 1546 sit
621 1514 788 1546 arbitrium
813 1514 952 1556 eligendi

219 1577 317 1600 unum
344 1578 380 1600 ex
408 1567 508 1599 tribus
526 1567 626 1609 magis
646 1567 809 1600 idoneum.
838 1567 952 1599 Eorum

220 1619 262 1653 sit
274 1619 476 1653 consu-matio
491 1619 649 1662 praesidis
662 1620 784 1662 pluries
799 1620 951 1659 facienda,

220 1672 246 1704 si
273 1671 413 1710 libuerit,
435 1682 572 1714 quorum
598 1671 712 1704 electio
737 1672 805 1703 suit.

264 1734 347 1757 CLIV.
367 1723 446 1757 Casu
467 1733 529 1767 quo
547 1723 801 1756 extraordinaria
819 1724 952 1757 mutatio

219 1777 376 1821 praesidis
407 1776 590 1809 dioecesani
619 1775 801 1809 necessaria
830 1777 954 1808 videre-

219 1835 278 1868 tur,
300 1840 430 1873 praeses
456 1839 718 1872 supremus,per
735 1834 855 1861 certam
881 1840 953 1871 per-

219 1893 330 1915 sonam
346 1908 353 1920 ,
372 1883 421 1915 vel
447 1892 504 1924 per
528 1881 665 1920 litteras,
694 1882 833 1913 rationes
860 1882 953 1913 liuius

219 1934 408 1967 mutationis
435 1934 599 1966 faciendae
618 1934 885 1966 reverendissimo
903 1935 952 1966 do-

218 1987 305 2020 mino
326 1986 495 2020 Ordinario
516 1992 657 2029 exponet
673 1986 861 2020 humillimis
881 1998 951 2019 cum

218 2039 394 2084 precibus,
425 2045 459 2071 ut
495 2039 527 2071 in
558 2039 715 2072 eiusmodi
740 2040 951 2073 mutationem

218 2092 402 2126 consentire
428 2092 587 2134 dignetur.
607 2092 636 2124 Si
654 2102 730 2124 vero
756 2093 953 2125 reverendis-

219 2145 318 2178 simus
344 2145 494 2178 dominus
518 2144 705 2177 Ordinarius
731 2145 868 2188 ipsemet
885 2156 951 2178 mu-

220 2198 371 2231 tationem
389 2197 549 2241 praesidis
565 2197 605 2229 ob
623 2196 690 2229 eius
708 2198 948 2240 negligentiam,

219 2251 318 2284 velex
333 2250 395 2283 alia
410 2251 504 2282 causa
522 2249 589 2281 sieri
605 2250 714 2288 vellet,
731 2254 765 2281 ut
782 2249 952 2292 disciplina

219 2309 250 2336 et
266 2303 328 2336 alia
343 2303 372 2335 vi
390 2301 570 2345 praesentis
596 2301 733 2334 instituti
754 2302 951 2336 observanda

219 2366 256 2388 eo
281 2355 396 2388 melius
421 2354 452 2386 in
478 2353 626 2387 effectum
653 2353 860 2393 deducantur,
887 2355 951 2387 ele-

219 2409 281 2441 ctio
315 2408 388 2440 novi
425 2406 583 2450 praesidis
616 2406 730 2439 eodem
765 2407 949 2449 supradicto

218 2461 313 2494 modo
338 2460 403 2494 siat.
430 2460 460 2493 si
487 2470 616 2502 praeses
641 2459 852 2491 dioecesanus
883 2460 950 2492 offi-

219 2514 269 2547 cio
294 2513 390 2546 etiarn
414 2513 523 2546 vicarii
553 2511 715 2555 generalis
740 2511 897 2554 fungatur,
919 2518 951 2545 et

218 2565 423 2609 negligenter
448 2576 482 2599 se
507 2570 598 2609 gerat
621 2563 655 2597 in
678 2564 948 2598 concernentibus

995 250 1184 291 institutum,
1209 250 1259 283 vel
1284 259 1323 283 ex
1347 248 1410 282 alio
1435 248 1547 292 capite,
1574 248 1615 281 sit
1640 249 1671 281 in
1689 249 1729 280 l'a-

996 304 1112 336 cultate
1129 303 1335 346 superiorum
1353 302 1490 335 instituti
1509 302 1611 335 libere
1629 301 1728 334 alium

996 355 1099 388 eidem
1125 355 1316 388 substituere
1341 360 1438 397 atque
1459 355 1590 397 eligere.

1041 417 1109 440 ειν.
1130 407 1163 439 In
1180 407 1364 450 praemissis
1389 407 1515 440 casibus
1533 406 1727 439 constitutus

997 470 1150 502 praeses,
1176 460 1230 493 ubi
1256 471 1274 493 a
1298 459 1570 493 reverendissimo
1595 459 1727 492 domino

996 512 1166 546 Ordinario
1180 518 1365 556 aeceptatus
1384 512 1488 553 suerit,
1502 512 1729 552 iuramentum,

998 570 1031 596 ut
1055 575 1173 607 supra,
1201 565 1393 607 praestabit:
1421 565 1507 608 quod
1526 565 1622 597 etiam
1653 569 1730 597 tunc

996 616 1058 655 liet,
1073 627 1144 649 cum
1159 617 1191 649 in
1210 617 1383 650 dioecesim
1403 618 1573 666 qpamdam
1591 618 1631 651 de
1648 628 1730 651 noro

996 669 1177 701 institutum
1197 669 1479 709 introducendum,
1501 675 1532 703 et
1551 671 1621 703 talis
1638 680 1731 713 prae-

996 732 1047 754 ses
1065 722 1272 755 dioeeesanus
1291 733 1307 755 a
1328 733 1481 766 supremo
1507 723 1655 766 praeside
1676 724 1731 756 de-

996 779 1125 817 putatus
1151 775 1256 807 suerit.
1723 774 1730 803 l

1622 191 1686 224 567
1732 200 1781 227 An.
1800 199 1828 226 c.
1852 200 1917 227 ¹685

1040 837 1122 861 CLv1.
1150 828 1209 860 Pro
1231 828 1338 861 debita
1363 828 1569 861 observantia
1592 838 1732 861 commu·
1755 839 1925 865 Decapstidion.

996 881 1103 913 nitatis
1121 881 1290 920 bonorum,
1310 881 1342 913 in
1367 881 1504 923 singulis
1525 881 1730 914 dioecesibus

996 943 1092 976 capsa
1109 933 1172 966 sive
1193 944 1265 966 arca
1287 933 1446 976 quaedam
1463 942 1522 976 pro
1540 933 1635 966 bonis
1648 943 1731 966 com-

997 986 1148 1019 munibus
1165 986 1250 1019 illius
1275 986 1437 1019 districtus
1454 986 1676 1025 constituatur,
1697 986 1729 1018 in

997 1049 1091 1082 quam
1111 1039 1207 1071 certis
1235 1038 1435 1081 temporibus
1460 1049 1497 1070 ex
1523 1038 1730 1071 decanalibus

997 1092 1110 1135 capsis,
1130 1092 1214 1134 quod
1233 1102 1292 1134 pro
1315 1092 1503 1124 eorumdem
1528 1091 1730 1124 districtuum

997 1145 1185 1177 necessitate
1211 1150 1241 1177 et
1265 1155 1323 1176 usu
1348 1144 1516 1177 moraliter
1539 1144 1660 1177 iudicio
1678 1156 1731 1177 su-

998 1198 1163 1239 periorum
1195 1208 1260 1230 non
1296 1197 1513 1230 necessarium
1547 1197 1730 1236 videbitur,

997 1249 1116 1292 deponi
1141 1254 1288 1292 oportet;
1306 1249 1352 1281 uti
1370 1250 1476 1289 etiam,
1494 1249 1582 1292 quod
1600 1249 1731 1282 aliunde

998 1303 1028 1335 in
1053 1304 1173 1335 bonum
1198 1302 1284 1335 illius
1305 1302 1463 1335 dioecesis
1484 1312 1543 1344 pro
1568 1302 1731 1345 praesenti

997 1355 1143 1388 instituto
1183 1365 1385 1398 quocumque
1425 1355 1521 1388 modo
1561 1355 1729 1390 adveniet:

998 1408 1091 1440 buius
1109 1418 1225 1451 capsae
1244 1409 1364 1441 elavem
1383 1418 1478 1441 unam
1497 1416 1628 1450 praeses
1649 1408 1733 1440 dioe-

997 1471 1147 1500 cesanus,
1174 1462 1306 1494 alteram
1330 1461 1399 1493 eius
1424 1469 1641 1499 oeconomus,
1670 1464 1732 1493 ter-

997 1514 1070 1547 tiam
1095 1514 1244 1557 superior
1268 1514 1472 1556 particularis
1493 1513 1578 1546 illius
1596 1513 1730 1553 domus,

997 1567 1027 1599 in
1054 1568 1115 1610 qua
1138 1577 1233 1609 capsa
1257 1570 1311 1606 est,
1332 1567 1476 1599 habebit.

1039 1629 1134 1652 CLvu.
1164 1619 1202 1652 Ut
1226 1619 1464 1652 administratio
1486 1629 1593 1651 rerum
1611 1623 1751 1672 tempo-d

996 1673 1119 1711 ralium,
1135 1683 1229 1714 quam
1248 1673 1386 1715 quilibet
1403 1672 1550 1715 superior
1567 1672 1729 1705 districtus

996 1725 1159 1757 decanalis
1195 1735 1266 1757 cum
1303 1733 1361 1757 suo
1392 1735 1571 1758 oeconomo
1606 1725 1728 1764 habet,

996 1787 1087 1808 suum
1113 1776 1208 1809 tinem
1233 1777 1342 1811 debite
1370 1777 1535 1815 obtineat,
1556 1776 1588 1809 in
1617 1777 1729 1819 quavis

996 1828 1136 1861 dioecesi
1156 1838 1350 1861 oeconomus
1368 1829 1437 1867 erit,
1457 1829 1509 1871 qui
1531 1838 1638 1861 rerum
1658 1835 1731 1862 tem-

996 1881 1153 1923 poralium
1179 1881 1370 1913 institutiin
1390 1881 1501 1914 eadem
1518 1881 1658 1914 dioecesi
1676 1892 1729 1914 cu-

997 1944 1063 1966 ram
1089 1934 1215 1973 babeat,
1242 1933 1382 1976 praesidi
1409 1933 1581 1973 cohabitet,
1609 1935 1730 1967 eidem-

996 1998 1057 2029 que
1079 1987 1110 2019 in
1136 1997 1268 2019 munere
1287 1998 1344 2019 suo
1362 1987 1403 2019 sit
1419 1987 1591 2026 subiectus,
1609 1992 1730 2020 etcum

995 2040 1108 2072 eodem
1123 2040 1181 2071 sub
1203 2039 1386 2072 visitatione
1406 2040 1611 2072 oeconomias
1632 2051 1669 2072 ex
1687 2041 1731 2073 in·

995 2091 1186 2124 formatione
1211 2094 1321 2124 mutua
1347 2097 1536 2133 cognoscat,
1563 2101 1602 2124 an
1623 2093 1730 2126 omnia

994 2145 1172 2177 secundum
1193 2145 1330 2177 instituti
1351 2145 1448 2177 buius
1465 2144 1666 2187 disciplinam
1684 2146 1731 2178 in-

994 2198 1190 2236 stituantur,
1226 2202 1257 2229 et
1292 2197 1469 2229 secundum
1506 2197 1748 2236 necessitatem,

993 2261 1064 2282 cuni
1091 2250 1197 2284 debita
1222 2249 1357 2282 utilitate
1384 2249 1416 2281 in
1439 2250 1523 2282 victu
1556 2255 1588 2283 et
1612 2251 1729 2284 amictu

993 2303 1130 2345 aliisque
1154 2302 1250 2334 rebus
1281 2302 1523 2344 impendantur.
1550 2302 1730 2338 Ratiocinia

992 2355 1088 2387 etiam
1116 2360 1177 2386 tam
1202 2354 1234 2386 in
1260 2354 1393 2386 aedibus
1431 2355 1609 2397 superioris
1635 2356 1729 2389 deca-

992 2407 1084 2445 nalis,
1102 2417 1198 2449 quam
1217 2406 1250 2438 in
1271 2406 1341 2439 aliis
1359 2406 1615 2450 quibuscumque
1636 2408 1726 2447 locis,

993 2461 1055 2491 una
1080 2469 1152 2491 cum
1183 2459 1340 2501 cuiusque
1371 2458 1535 2491 districtus
1564 2460 1727 2496 decanalis

991 2521 1181 2550 oeconomo,
1197 2511 1340 2553 recipiet,
1355 2511 1559 2544 observanda
1571 2513 1729 2554 praescri-

990 2565 1053 2604 bet,
1080 2569 1111 2596 et
1135 2563 1338 2596 emendanda
1362 2562 1516 2606 corriget.

1741 872 1826 888 easwa-

1756 1626 1796 1656 ⁴De
1808 1631 1924 1647 oeconomo

1755 1658 1876 1674 {oecesanth
