2111 3157
65 196 113 224 An.
131 195 157 222 C.
183 193 248 222 ¹0⁰6

832 193 926 218 INNOC
933 194 990 216 EST
997 193 1043 216 tus
1067 194 1095 217 XI
1122 193 1170 217 ΙΨ.

256 241 388 282 Quirini,
406 242 574 276 Flecchiae
594 236 719 275 etRissi
738 241 840 275 dictae
860 242 987 274 dioece-

256 295 309 334 sis,
330 306 384 328 seu
408 306 516 329 eornm
542 295 672 338 aliquod
697 296 745 328 vel
770 295 889 338 aliqua,
907 305 985 337 quae

254 347 287 380 in
312 348 440 380 feudum
471 350 535 381 una
565 358 637 380 cum
669 358 781 381 eorum
812 346 986 389 respective

256 401 436 440 territoriis,
461 400 677 440 districtibus,
703 400 802 439 villis,
824 399 986 436 vassallis,

255 452 452 492 hominibus,
473 453 588 486 incolis
607 458 638 486 et
660 452 904 489 habitatoribus,
925 451 987 483 sor-

255 506 375 547 talitiis,
402 506 582 540 franchitiis
608 511 639 539 et
664 505 832 547 homagiis,
851 504 986 547 aliisque

254 558 378 592 iuribus
412 564 443 592 et
474 558 700 602 pertinentiis,
725 567 852 590 necnon
878 556 982 590 omni-

254 612 348 645 moda
374 612 435 645 alia
459 611 550 644 bassa
565 638 572 650 ,
594 609 677 643 civili
703 614 735 642 et
759 609 915 642 criminali
940 609 987 641 iu-

253 664 455 704 risdictione,
481 673 570 696 mero
589 668 619 696 et
635 661 733 694 mixto
750 661 898 705 imperio,
921 662 987 703 gla-

254 716 362 760 diique
388 721 420 750 et
443 716 531 748 necis
554 719 736 758 potestate,
763 724 799 746 ac
831 713 931 746 titulis
956 719 985 746 et

253 769 424 812 insigniis,
454 769 589 812 aliisque
616 766 796 801 honoribus
824 772 855 799 et
878 767 986 799 oneri—

252 823 323 863 bus,
344 821 468 855 salariis
493 825 525 854 et
547 820 709 863 regalibus
734 819 838 853 solitis
859 824 888 852 et
907 829 983 852 con-

253 875 364 914 suetis,
382 874 567 907 immediate
584 884 600 906 a
614 874 709 906 nobis
735 878 766 906 et
790 873 851 906 hac
875 874 985 905 sancta

252 927 333 961 Sede
356 937 392 960 ac
416 927 547 960 Camera
582 928 692 960 nostra
717 925 903 969 Apostolica
927 926 985 958 sub

239 980 348 1014 >certis
369 979 520 1013 censibus
545 980 610 1012 sive
634 978 913 1022 recognitionibus
933 978 986 1011 ob-

253 1032 378 1066 tinebat
409 1038 441 1065 et
474 1032 751 1075 recognoscebat,
777 1031 894 1064 dilecto
918 1030 984 1064 filio

252 1084 354 1119 nobili
380 1085 447 1119 viro
472 1085 613 1118 Victorio
640 1085 782 1117 Amadeo
806 1083 984 1117 Sabaudiae

253 1138 326 1171 duci
347 1143 379 1171 et
398 1137 597 1172 Pedemontii
615 1137 767 1181 principi,
790 1137 910 1180 absque
928 1147 985 1169 no-

253 1193 319 1224 stra
336 1195 368 1224 et
392 1191 495 1224 dictae
512 1190 603 1223 Sedis
623 1190 761 1228 lieentia,
780 1189 984 1232 beneplacito

253 1244 302 1278 vel
323 1254 480 1277 consensu
503 1243 659 1287 (quamvis
677 1243 740 1276 illis
759 1243 865 1276 forsan
883 1252 985 1275 reser-

252 1296 363 1340 vatis),
390 1296 582 1336 vendiderit,
609 1306 666 1329 seu
692 1296 755 1328 alio
780 1306 984 1339 quocumque

252 1349 346 1383 titulo
366 1349 413 1382 vel
432 1349 529 1382 modo
553 1350 591 1381 ad
613 1349 752 1381 favorem
772 1348 915 1380 eiusdem
936 1347 985 1379 Vi-

251 1402 347 1436 ctorii
380 1401 511 1434 Amadei
537 1401 638 1439 ducis,
670 1405 724 1433 aut
755 1401 983 1443 cuiuscumque

249 1455 333 1488 alius
357 1464 531 1498 personae,
557 1454 651 1487 etiam
677 1453 825 1498 specifica
849 1459 880 1487 et
904 1454 983 1486 indi-

252 1508 348 1541 vidua
379 1508 543 1541 mentione
568 1512 600 1540 et
622 1507 827 1550 expressione
853 1507 982 1550 dignae,

252 1560 450 1600 alienaverit,
464 1566 495 1593 et
512 1560 618 1594 forsan
637 1559 676 1592 ad
695 1559 899 1593 traditionem
913 1571 983 1603 pos-

252 1613 413 1653 sessionis,
423 1623 478 1646 seu
490 1612 579 1657 quasi
590 1612 815 1655 possessionis
825 1617 981 1645 terrarum

252 1671 284 1700 et
314 1672 514 1706 castrorum,
544 1666 745 1710 aliorumque
781 1666 981 1699 venditorum

252 1730 308 1753 seu
335 1720 547 1753 alienatorum
573 1719 808 1762 praefatorum,
836 1719 982 1762 aliosque

252 1778 340 1806 actus
366 1772 540 1811 devenerit,
558 1777 589 1805 et
605 1770 682 1805 alias
702 1777 798 1815 prout
813 1771 846 1803 in
864 1771 983 1803 instru-

251 1830 372 1864 mento,
387 1834 444 1858 seu
471 1824 708 1864 instrumentis,
740 1824 876 1867 aliisque
905 1824 983 1857 scri-

251 1877 355 1922 pturis
374 1877 512 1922 puhlicis
531 1878 580 1911 vel
606 1876 736 1920 privatis
754 1876 894 1920 desuper
919 1877 983 1910 for-

251 1940 308 1965 san
333 1930 498 1971 confectis,
527 1940 664 1973 quorum
693 1929 834 1962 omnium
864 1934 894 1963 et
922 1930 983 1962 sin-

252 1985 403 2029 gulorum
436 1989 567 2017 tenores
586 2011 593 2024 ,
624 1983 720 2016 etiam
756 1984 921 2024 verim-05,
948 1994 983 2016 ac

253 2038 354 2076 datas,
381 2037 481 2071 aliave
498 2047 729 2080 quaecumque,
749 2037 844 2070 etiam
872 2037 910 2070 de
928 2047 984 2070 ne-

252 2091 401 2125 cessitate
437 2090 621 2135 specialiter
644 2091 864 2134 exprimenda,
891 2101 984 2134 prae-

253 2144 408 2184 sentibus,
418 2154 484 2177 non
498 2144 710 2188 approbandi,
721 2144 776 2177 sed
788 2144 982 2188 reprobandi

253 2198 374 2238 animo,
395 2208 455 2241 pro
477 2197 572 2241 plene
590 2202 622 2230 et
639 2196 835 2230 sufficienter
856 2207 985 2240 expres·

253 2251 297 2285 sis
321 2257 354 2284 et
377 2251 416 2284 de
440 2250 540 2283 verbo
565 2250 603 2283 ad
633 2249 766 2282 verbum
795 2250 928 2283 insertis
953 2255 985 2283 et

254 2304 456 2338 exactissime
481 2302 672 2346 specificatis
699 2308 730 2336 et
749 2302 904 2336 enarratis
928 2303 985 2336 ha-

252 2357 322 2391 beri
339 2357 497 2396 volumus,
518 2355 651 2389 uberius
670 2355 786 2388 dicitur
809 2356 982 2389 contineri.

253 2409 401 2449 Quamvis
432 2414 536 2441 autem
572 2419 607 2441 ex
642 2408 720 2441 iuris
752 2410 929 2442 communis
955 2414 987 2443 et

254 2462 522 2497 constitutionum
565 2462 814 2504 apostolicarum
850 2462 987 2506 disposi-

255 2517 346 2550 tione
362 2516 454 2550 nullo
471 2515 569 2548 modo
594 2516 689 2548 liceat
705 2515 823 2548 nostris
841 2526 877 2549 ac
896 2516 988 2550 Sedis

255 2575 287 2605 et
317 2570 469 2603 Gamerae
501 2568 720 2612 praefatarum
755 2569 896 2602 vassallis
932 2579 987 2602 seu

343 2633 420 2665 Bull.
441 2632 522 2660 Rom.
543 2646 575 2652 —
600 2632 659 2660 t‘ol.
681 2632 747 2661 XIX
887 2631 921 2659 82

1032 240 1217 274 feudatariis
1249 240 1365 281 feuda,
1390 251 1472 284 quae
1498 239 1662 277 obtinent.
1690 241 1760 273 abs-

1030 304 1092 337 que
1110 295 1218 326 nostra
1232 298 1264 326 et
1277 294 1421 326 eiusdem
1437 293 1526 326 Sedis
1541 293 1671 326 licentia
1685 303 1762 325 ven-

1031 346 1114 385 dere,
1137 346 1185 379 vel
1207 346 1269 379 alio
1295 346 1408 389 quovis
1433 346 1530 379 modo
1556 345 1709 384 alienare,
1726 347 1763 379 ae

1032 398 1168 441 proinde
1200 399 1303 442 aperti
1337 403 1369 432 et
1399 399 1557 441 explorati
1594 399 1673 431 iuris
1698 399 1759 440 sit,

1030 451 1207 494 praemissa
1232 452 1341 485 omnia
1365 457 1396 485 et
1421 452 1548 495 singula
1565 462 1581 485 a
1600 452 1685 485 dicto
1710 452 1760 486 Ca'

1031 505 1101 537 rolo
1126 504 1235 537 Bessio
1261 505 1421 548 principe,
1441 516 1508 545 seu,
1525 505 1594 539 eius
1619 506 1760 546 nomine,

1031 567 1047 589 a
1072 557 1327 600 quibuscumque
1353 558 1423 590 aliis
1448 563 1518 591 aeta
1543 564 1574 591 et
1591 564 1688 600 gesta,
1708 569 1758 602 pe·

1030 609 1116 642 nitus
1150 615 1181 642 ct
1211 610 1342 644 omnino
1374 612 1461 644 nulla
1494 618 1589 654 atque
1621 612 1763 645 invalida

1030 662 1188 695 existere:
1215 662 1426 696 nihilominus
1451 664 1593 706 desuper
1618 670 1761 698 mentem

1029 720 1060 748 et
1083 715 1297 749 intentionem
1322 716 1494 755 declarare,
1521 717 1681 760 simulque
1707 716 1767 751 Ca-¹

1029 778 1135 800 merae
1154 772 1184 800 et
1204 767 1293 801 Sedis
1318 769 1532 812 praefatarum
1552 769 1762 810 indemnitati,

1029 820 1124 853 etiam
1157 821 1196 853 ad
1234 821 1390 854 maiorem
1427 826 1458 854 et
1493 822 1763 855 abundantiorem

1029 875 1204 913 cautelam,
1232 879 1263 907 et
1289 879 1448 918 quatenus
1474 885 1554 917 opus
1583 875 1631 915 sit,
1657 876 1764 918 provi-

1029 926 1105 959 dere
1131 926 1301 969 cupientes
1318 954 1325 967 ,
1352 938 1479 961 necnon
1513 928 1761 961 concessionum

1029 985 1059 1013 et
1075 980 1336 1014 investiturarum
1350 987 1507 1015 terrarum
1523 986 1554 1015 et
1570 987 1762 1022 castrorum,

1027 1034 1229 1077 aliorumque
1247 1035 1467 1077 praefatorum
1490 1040 1522 1068 et
1539 1045 1764 1078 quorumcum-

1028 1097 1089 1130 que
1110 1087 1330 1120 Romanorum
1357 1087 1548 1120 Pontificum
1573 1088 1765 1130 praedeces-

1028 1150 1134 1172 sorum
1149 1145 1338 1179 nostr0rum‚
1356 1146 1386 1173 et
1400 1140 1592 1183 praesertim
1607 1141 1694 1173 Pauli
1714 1140 1763 1181 III,

1028 1193 1098 1226 Iulii
1124 1192 1172 1233 III,
1198 1193 1286 1226 Pauli
1312 1193 1359 1232 lv,
1380 1193 1425 1225 Pii
1451 1193 1499 1232 IV,
1524 1193 1567 1225 Pii
1590 1193 1619 1231 V,
1641 1193 1764 1235 Grego-

1029 1245 1066 1278 rii
1092 1245 1177 1284 XIII,
1204 1245 1281 1278 Sixti
1306 1244 1351 1285 V,
1389 1245 1563 1279 Clementis
1589 1246 1672 1286 VIII,
1699 1246 1760 1279 Ur-

1028 1298 1101 1330 bani
1116 1297 1179 1330 VIII
1197 1302 1229 1330 et
1245 1297 1417 1331 Clementis
1435 1298 1472 1330 IX
1487 1298 1680 1337 litterarum,
1699 1303 1763 1330 tam

1027 1351 1085 1383 sub
1110 1352 1252 1393 plumbo,
1273 1361 1367 1393 quam
1394 1351 1425 1383 in
1451 1351 1547 1384 simili
1567 1351 1668 1384 forma
1694 1352 1765 1384 Bre-

1027 1403 1082 1444 vis,
1106 1404 1334 1437 schedularum
1360 1404 1611 1447 motusproprii,
1639 1409 1670 1436 et
1694 1404 1764 1436 chi-

1028 1457 1263 1500 rographorum
1277 1485 1284 1497 ‚
1303 1457 1503 1500 aliarumque
1529 1457 1762 1499 scripturarum

1027 1520 1312 1553 quarumcumque,
1326 1521 1423 1552 super
1448 1510 1715 1543 concessionibus
1732 1514 1764 1543 et

1027 1562 1222 1595 Investituris
1238 1562 1436 1600 huiusmodi,
1457 1573 1629 1605 earumque
1647 1562 1763 1595 confir-

1027 1615 1182 1655 matione,
1201 1624 1256 1647 seu
1275 1614 1352 1647 alias
1370 1615 1614 1657 quomodolibet
1632 1615 1760 1648 illarum

1029 1666 1212 1707 occasione,
1231 1667 1451 1710 expeditarum
1471 1672 1502 1699 et
1525 1674 1762 1709 emanatarum,

1030 1730 1065 1752 ac
1082 1718 1303 1762 expeditorum
1322 1723 1353 1751 et
1370 1725 1604 1759 emanatorum,
1625 1724 1762 1760 tenores,

1031 1778 1062 1805 et
1086 1773 1147 1805 alia
1173 1782 1406 1815 quaecumque,
1435 1772 1530 1805 etiam
1554 1772 1704 1815 specifica
1729 1778 1762 1807 et

1029 1825 1189 1858 individua
1207 1825 1370 1857 mentione
1385 1830 1417 1857 et
1430 1825 1639 1868 expressione
1654 1826 1761 1868 digna,

1030 1877 1256 1922 praesentibus
1284 1878 1394 1910 itidem
1419 1888 1478 1920 pro
1503 1879 1600 1921 plene
1620 1883 1650 1911 et
1675 1879 1764 1911 suffi-

1029 1931 1153 1964 cienter
1184 1929 1343 1973 expressis
1376 1935 1407 1963 et
1431 1929 1559 1962 insertis
1590 1941 1625 1962 ac
1657 1931 1762 1973 speci-

1027 1984 1126 2020 ficatis
1152 1990 1183 2019 et
1207 1984 1365 2018 enarratis
1389 1985 1556 2024 habentes,
1578 1989 1666 2017 motu
1684 1995 1762 2028 pro-

1026 2040 1116 2083 prio,
1143 2050 1179 2073 ac
1213 2048 1249 2072 ex
1282 2037 1369 2072 certa
1405 2038 1541 2071 scientia
1572 2043 1603 2070 et
1634 2039 1761 2070 matura

1027 2091 1262 2125 deliberatione
1301 2091 1442 2130 nostris,
1474 2091 1580 2133 deque
1607 2090 1762 2133 apostoli-

1027 2155 1082 2178 eae
1101 2143 1269 2188 potestatis
1290 2142 1503 2186 plenitudine,
1521 2147 1553 2175 ct
1572 2140 1649 2175 alias
1671 2142 1760 2175 omni

1027 2197 1152 2230 meliori
1178 2196 1287 2235 modo,
1313 2195 1377 2234 via,
1404 2195 1474 2228 iure
1499 2200 1531 2228 et
1555 2195 1669 2234 forma,
1696 2195 1761 2238 qui·

1027 2250 1086 2282 bus
1105 2249 1218 2282 melius
1236 2253 1266 2282 et
1292 2248 1426 2281 validius
1450 2248 1555 2281 facere
1581 2258 1759 2291 possumus,

1027 2303 1247 2337 venditionem
1274 2306 1307 2334 et
1326 2301 1422 2334 aliam
1438 2310 1671 2344 quamcumque
1689 2302 1760 2334 alie-

1028 2357 1191 2390 nationem
1218 2360 1376 2388 terrarum
1406 2359 1438 2387 et
1463 2359 1639 2387 castrorum
1669 2365 1756 2398 prae-

1030 2410 1247 2448 fatorum,seu
1273 2407 1453 2450 aliquorum
1479 2418 1516 2440 ex
1542 2406 1617 2446 illis,
1635 2418 1706 2440 cum
1726 2408 1763 2441 ilo

1029 2464 1133 2496 lorum
1152 2460 1329 2504 respective
1352 2460 1534 2501 territoriis,
1553 2460 1769 2502 districtibus„

1030 2516 1126 2554 villiS‚
1158 2514 1302 2548 vassallis
1319 2541 1326 2554 ,
1353 2513 1534 2553 fortalitiis,
1559 2513 1771 2553 franchitiis,j

1031 2567 1198 2612 homagiis,
1221 2566 1465 2614 iurisdictione,
1492 2577 1581 2605 mero
1611 2571 1642 2600 et
1667 2566 1770 2609 anxio,

1656 183 1720 216 ‹jof›
1767 192 1814 218 An.
1832 191 1860 218 c,
1885 191 1951 219 1<sz
