2111 3157
124 208 173 234 An.
191 207 218 234 c.
241 206 308 235 πως)
354 196 418 233 196

159 1479 227 1499 (Ἀρεῖ
243 1483 271 1499 ιιι

162 1505 305 1530 Iinlntgunttae

122 1538 159 1558 pro
168 1534 304 1559 recitantibus

124 1566 145 1578 ro
175 1568 177 1572 v

149 1569 156 1577 ,
299 1570 304 1574 .

122 1586 161 1606 hus
183 1586 303 1606 mutuat-iis

315 258 413 290 clesia
430 269 487 291 seu
513 258 660 301 eapppella
682 257 783 290 dictae
806 256 1052 289 confraternita-

315 312 354 344 tis
379 313 599 355 perceperint,
634 317 665 343 et
688 321 786 342 unam
812 311 924 343 saltem
959 309 1053 352 quin-

316 375 496 407 quagenam
523 364 639 396 rosarii
676 363 899 402 recitaverint,
931 369 962 395 et
991 373 1051 406 pro

315 418 547 460 tranquillitate
585 422 713 448 sanctae
750 416 860 447 matris
892 416 1051 448 Ecclesiae

906 202 1085 232 nauseant
1110 203 1259 231 nommant

1094 255 1311 287 confratribus
1335 260 1367 288 et
1392 256 1626 288 consororibus
1659 256 1691 289 in
1722 257 1832 300 aliqua

1094 309 1358 341 confraternitate
1377 309 1407 340 in
1426 309 1544 342 Ordine
1566 310 1830 344 Praedicatorum

1096 363 1200 393 erecta
1236 361 1438 404 conscriptis,
1469 373 1545 394 vere
1586 363 1831 404 poenitentibus

1095 420 1126 446 et
1151 414 1315 452 confessis,
1343 414 1394 456 qui
1416 414 1540 446 tertiam
1563 415 1677 447 rosarii
1707 421 1832 458 partem

316 470 499 508 oraverint3
527 470 673 501 eamdem
700 469 856 509 elargitur
879 468 961 507 illis,
988 468 1050 510 qui,
1072 479 1074 515 ς
1094 467 1309 505 recitaverint,
1338 467 1432 499 toties
1459 468 1588 509 quoties
1621 468 1651 500 id
1690 468 1829 510 egerint,

316 524 348 555 in
382 523 493 555 mortis
529 522 664 555 articulo
700 522 877 561 constituti,
902 522 1051 554 salutaris

315 574 537 618 poenitentiae
564 580 595 607 et
620 574 724 607 viatici
751 575 962 607 sacramentis
989 575 1054 607 fue-

315 629 380 660 rint
405 628 532 660 muniti.

360 692 394 715 11.
422 681 570 714 Clemens
595 681 659 713 VIII
684 682 716 713 in
743 681 834 714 Brevi
860 681 1049 717 Salrcuoris,

316 734 367 766 die
383 745 439 767 xut
457 734 591 767 ianuarii
609 744 721 767 ninxcu
734 761 741 773 ‚
757 734 907 766 omnibns
928 733 1054 766 christi-

314 786 465 819 fidelibus
491 798 565 819 vere
598 788 844 830 poenitentibus
870 793 902 819 et
927 787 1053 819 confes-

316 840 370 879 sis,
396 846 492 883 atque
518 840 722 872 sanctissimo
748 839 969 872 Eucharistiae
1006 850 1054 871 sa-

316 899 484 926 cramento
510 894 650 932 refectis,
688 893 741 936 qui
768 893 892 927 Rosarii
929 892 1054 924 confra-

317 946 502 978 ternitatem
554 946 782 987 ingredientur
833 950 974 977 erectam
1021 945 1053 976 in

316 999 456 1031 ecclesia
499 999 763 1031 Praedicatorum
800 998 912 1040 oppidi
951 997 1076 1035 Divio-¹

316 1051 444 1088 nensis,
471 1051 521 1083 die
544 1051 646 1093 primo
668 1061 781 1083 eorum
800 1050 967 1092 ingressus
992 1051 1055 1094 ple-

316 1104 439 1137 narIam
464 1104 700 1145 indulgentiam
726 1103 895 1145 elargitur.

359 1166 407 1189 111.
428 1155 580 1187 Eamdem
598 1155 969 1198 pariterindulgentiam
985 1165 1055 1187 con-
1075 1183 1076 1190 ,

316 1208 403 1241 cedit
429 1207 515 1240 idem
541 1207 686 1239 Pontifex
718 1207 750 1238 in
777 1207 868 1240 Bulla
901 1218 983 1250 quac
1011 1208 1056 1239 in-

316 1260 395 1303 cipit
419 1258 464 1292 De
487 1259 592 1291 salute
616 1260 731 1302 yreyis,
755 1260 805 1292 die
822 1270 900 1292 xvut
919 1260 1052 1292 ianuarii

317 1417 415 1450 Utini.

362 1481 384 1504 1.
414 1471 597 1504 Confratres
635 1473 801 1504 lucrantur
840 1472 1054 1515 quadraginta

318 1524 386 1557 dies
420 1524 696 1567 indulgentiarum
734 1526 861 1568 quoties
901 1527 1055 1559 recitave-

316 1577 382 1610 rint
402 1583 457 1609 aut
481 1578 608 1610 recitari
628 1579 763 1610 fecerint
785 1579 911 1611 tertiam
932 1585 1054 1620 partem

316 1694 377 1726 pus
401 1684 632 1716 Foroliviensis
665 1695 724 1727 per
753 1685 937 1717 universam
974 1685 1050 1718 Ger-

316 1736 455 1768 maniam
494 1738 620 1778 legatus
652 1747 667 1769 e
693 1738 794 1770 latere
835 1738 1055 1770 confratribus

317 1789 594 1821 confraternitatis
631 1789 798 1822 institutae
841 1790 875 1822 in
918 1784 1077 1823 ccclesia¹

318 1842 578 1875 Praedicatorurn
604 1842 768 1879 Coloniae,
800 1848 835 1875 ut
859 1850 994 1886 apparet
1023 1844 1055 1876 in

317 1895 433 1928 litteris
458 1895 692 1938 incipientibus
718 1896 757 1928 Ει
773 1896 802 1928 si
817 1896 982 1938 ylorz'osos,
1005 1896 1054 1929 die

319 1959 337 1981 x
362 1949 468 1980 martii
493 1958 659 1987 Mentxxvl,
694 1959 789 1992 quam
809 1949 1054 1982 concessionem

318 2001 523 2034 confirmavit
557 2002 621 2034 Leo
656 2002 682 2034 X
716 2003 748 2034 in
785 2003 932 2045 praefata
962 2003 1055 2035 Bulla

316 2054 465 2086 Pastoris
489 2055 622 2086 aeterni.

362 2116 397 2139 11.
425 2106 625 2150 Cuicumque
651 2108 739 2141 fideli
770 2108 897 2141 tertiam
930 2114 1077 2152 partem¹

1075 2160 1155 2207 ⁵bus
1179 2171 1363 2193 sermonem
1402 2160 1471 2193 cius
1508 2161 1725 2201 audientibus,
1763 2171 1836 2193 cen-

318 2159 433 2190 rosarii
460 2160 608 2192 recitanti
635 2160 791 2203 elargitur
823 2160 929 2193 Sixtus
962 2161 998 2193 lv
1024 2161 1054 2193 in

319 2212 410 2244 Bulla
435 2212 611 2254 incipiente
646 2214 693 2245 Εα
718 2224 800 2256 quae
832 2224 869 2246 ex
892 2213 1052 2255 fidelium,

317 2274 363 2297 ΧΠ
388 2265 496 2297 martii
520 2276 690 2306 MCDLxxw,
716 2268 859 2310 qumque
885 2277 987 2300 annos
1025 2273 1057 2299 et

319 2317 463 2360 quinque
502 2319 747 2361 quadragenas:
782 2320 929 2353 eamdem
960 2320 1055 2353 etiam

319 2369 489 2403 confirmat
513 2372 577 2405 Leo
595 2364 628 2404 Xv
645 2373 676 2405 in
701 2374 846 2416 praefata
864 2374 955 2406 Bulla
975 2374 1056 2407 Pas-

321 2424 398 2455 toris
422 2425 557 2457 aeterni.

364 2487 412 2509 111.
440 2477 483 2509 Ex
508 2479 719 2511 concessione
738 2480 918 2513 Innocentii
941 2480 1003 2512 Vlll
1023 2479 1055 2511 in

319 2529 411 2562 Bulla
429 2541 510 2573 quae
524 2531 637 2574 incipit
650 2531 809 2574 Splendor
823 2538 978 2576 paternae
994 2533 1056 2575 sylo-

319 2583 395 2622 riae7
417 2582 535 2616 Romae
555 2594 639 2617 xxvii
664 2585 815 2618 februarii
840 2595 1055 2626 MCDLXXXVHI,

1094 520 1261 560 sexaginta
1291 520 1394 552 millia
1433 530 1591 552 annorum
1632 526 1662 552 et
1697 521 1832 554 totidem

1096 573 1323 615 quadragenae
1360 573 1635 614 indulgentiarum
1661 574 1700 605 de
1725 574 1834 606 iniun-

1095 625 1153 656 ctis
1178 625 1237 656 sibi
1263 626 1472 667 poenitentiis
1499 626 1702 658 relaxantur:
1728 626 1759 659 in
1782 630 1834 660 ea-

1096 678 1168 709 dem
1196 678 1285 710 Bulla
1310 679 1422 710 iisdem
1456 680 1674 712 confratribus
1700 685 1732 713 et
1756 691 1833 713 con-

1096 731 1264 763 sororssius
1281 742 1366 763 nunc
1388 737 1418 764 ct
1436 742 1495 773 pro
1522 737 1666 775 tempore
1692 733 1835 766 existen-

1073 783 1180 815 'tibus
1218 794 1290 815 vere
1327 784 1590 826 poenitentibus,
1617 795 1653 817 ac
1682 786 1723 818 ob
1758 786 1835 819 bea-

1074 836 1237 871 ;tissimae
1275 836 1415 878 Virginis
1450 837 1567 870 Mariae
1614 839 1833 873 reverentiam

1074 890 1254 921 'rosarium
1280 889 1523 927 deferentibus,
1551 891 1714 933 praefatus
1740 891 1834 925 Inno-

1097 942 1221 973 centius
1246 948 1373 974 centum
1409 953 1510 975 annos
1537 949 1568 974 et
1600 943 1734 976 totidem
1759 955 1836 987 qua-

1098 994 1254 1036 dragenas
1287 994 1564 1036 indulgentiarum
1602 996 1641 1029 de
1679 997 1834 1030 iniunctis

1097 1046 1155 1078 sibi
1172 1047 1383 1089 poenitentiis
1408 1048 1662 1082 misericorditer
1675 1049 1833 1092 indulget.

1097 1101 1233 1143 Insuper
1258 1101 1371 1133 iisdem
1396 1102 1611 1135 conft‘atrihus
1629 1129 1636 1142 ‚
1663 1102 1688 1135 si
1713 1114 1835 1136 nomen

1097 1153 1166 1185 Iesu
1194 1153 1226 1185 in
1258 1154 1320 1185 fine
1353 1154 1525 1187 cuiuslibet
1558 1156 1726 1197 angelicae
1751 1157 1836 1189 salu-

1098 1206 1226 1238 tationis
1263 1207 1525 1247 nominaverint,
1553 1209 1697 1251 quinque
1732 1219 1835 1242 annos

1074 1272 1077 1291 ·.
1098 1265 1130 1291 et
1155 1260 1287 1292 totidem
1325 1260 1549 1302 quadragenas
1587 1261 1737 1294 similiter
1761 1273 1836 1295 con-

315 1322 440 1352 iunxcu,
466 1323 526 1356 pro
567 1312 738 1355 descriptis
774 1312 806 1344 in
844 1312 1077 1345 confraterni·-

318 1370 382 1397 tate
418 1367 526 1398 erecta
558 1365 591 1397 in
625 1364 762 1397 ecclesia
788 1356 1077 1398 Praedicatorum²

1098 1312 1193 1344 cedit.

1141 1376 1183 1398 1v.
1211 1366 1398 1398 Franciscus
1432 1367 1470 1399 de
1508 1366 1723 1408 Claramonte,
1751 1368 1835 1401 tituli

1075 1414 1127 1451 'S.
1155 1419 1310 1461 Stephani
1347 1419 1380 1451 in
1406 1419 1514 1452 Caelio
1541 1420 1646 1453 Monte
1678 1421 1710 1453 S.
1733 1421 1770 1453 R.
1797 1421 1832 1454 E.

1075 1493 1076 1514 t
1098 1472 1269 1515 presbyter
1293 1472 1476 1510 cardinalis,
1496 1472 1621 1505 Rosarii
1647 1473 1836 1507 societatem

1075 1549 1076 1565 1
1098 1526 1129 1557 in
1155 1525 1331 1558 Biterrensi
1362 1525 1490 1558 civitate
1516 1526 1693 1558 institutam
1727 1532 1837 1559 aucto-

1075 1567 1076 1624 l
1098 1579 1189 1610 ritate
1215 1578 1390 1621 apostolica
1415 1578 1475 1610 sibi
1502 1582 1653 1612 concessa
1680 1579 1836 1622 approba·

315 1631 441 1669 rosarii,
466 1631 510 1662 uti
536 1632 697 1663 concessit
720 1632 904 1664 Alexander
935 1632 1076 1675 episco-t

1097 1632 1149 1671 vit,
1188 1631 1390 1664 confirmavit
1423 1636 1454 1663 et
1488 1631 1665 1671 letificavit,
1698 1632 1834 1675 eiusque

1098 1684 1314 1717 confratribus
1346 1690 1376 1716 et
1413 1685 1655 1724 consororibus,
1683 1685 1833 1728 quoties·-

1098 1748 1236 1781 eumque
1273 1748 1331 1781 per
1362 1748 1395 1770 se
1421 1738 1470 1770 vel
1496 1749 1554 1780 per
1590 1738 1687 1771 alium
1720 1738 1834 1772 beatae

1097 1790 1213 1822 Mariae
1239 1789 1376 1831 Virginis
1410 1790 1590 1829 rosarium,
1617 1791 1705 1834 quod
1742 1791 1836 1833 quin-

1098 1843 1251 1885 quaginta
1274 1843 1340 1875 Ave
1353 1843 1462 1875 Maria
1480 1843 1624 1875 continet
1641 1850 1673 1876 et
1689 1844 1834 1887 quinque

1097 1897 1197 1929 Pater
1220 1895 1343 1934 Noster,
1368 1897 1520 1929 continue
1546 1897 1686 1938 legerint
1703 1898 1753 1930 vel
1771 1897 1834 1940 legi

1098 1949 1245 1989 fecerint,
1287 1954 1415 1981 centum
1455 1950 1522 1981 dies
1554 1949 1835 1992 indulgentiarum

1098 2003 1230 2043 largitus
1255 2007 1323 2041 est;
1351 2007 1392 2039 et,
1416 2002 1514 2034 fratre
1540 2003 1681 2036 Antonio
1706 2003 1834 2036 Curone

1097 2055 1128 2086 in
1144 2057 1236 2087 sacra
1260 2054 1425 2096 theologia
1448 2061 1656 2097 praesentato
1673 2055 1834 2089 rosarium

1097 2108 1181 2140 idem
1207 2107 1424 2150 praedicante,
1444 2107 1595 2140 omnibus
1612 2107 1835 2141 christifideli-

1098 2219 1163 2246 tum
1188 2214 1256 2246 dies
1282 2225 1342 2257 pro
1369 2214 1514 2256 qualibet
1530 2214 1596 2247 viee
1622 2216 1661 2248 de
1679 2214 1834 2248 iniunctis

1097 2267 1307 2309 poenitentiis
1332 2268 1499 2299 relaxavit.

1139 2330 1169 2353 v.
1198 2320 1421 2363 Raymundus,
1456 2320 1541 2353 tituli
1573 2320 1603 2353 S.
1631 2320 1748 2353 Mariae
1773 2320 1835 2354 No-

1098 2385 1153 2406 vae
1185 2374 1367 2413 cardinalis,
1388 2384 1447 2417 per
1474 2374 1676 2407 Germaniam
1699 2374 1833 2408 Sanctae

1097 2426 1187 2459 Sedis
1214 2428 1347 2468 legatus,
1373 2422 1522 2460 concedit
1553 2427 1767 2460 confratribus
1804 2432 1836 2461 et

1098 2479 1327 2512 consororibus
1341 2480 1467 2512 Rosarii
1485 2480 1760 2513 confraternitatis
1780 2481 1834 2513 Co-

1098 2532 1265 2572 loniensis,
1292 2533 1418 2575 quoties
1437 2533 1598 2565 rosarium
1619 2533 1833 2574 recitaverint,

1099 2591 1226 2619 centum
1251 2586 1318 2619 dies
1344 2586 1634 2629 indulgentiarunn
1655 2587 1740 2630 quod
1758 2597 1835 2620 con-

1840 211 1888 236 Αη.
1904 207 1933 235 c.
1956 201 2022 238 1679
