2111 3157
0 226 23 245 n.
39 215 70 245 C.
91 215 159 246 ¹680

161 264 212 302 mi,
229 264 258 296 S.
275 265 385 296 Placidi
407 265 565 305 Messanae,
582 267 610 297 S.
627 267 735 298 Nicolai
747 268 891 305 (letaniae,

159 318 187 344 et
209 314 238 344 S.
261 314 364 344 Mariae
394 315 499 346 Montis
531 317 662 354 Regalis,
687 317 713 345 in
744 317 891 355 provincia

159 363 360 403 Neapolitana,
384 366 558 395 monasteria
579 365 607 395 S.
624 365 771 395 Benedicti
790 365 893 394 Montis

159 411 283 449 Cassini,
306 412 334 443 S.
358 413 489 443 Severini
510 414 655 452 Neapolis,
678 413 726 443 SS.
742 413 892 443 Trinitatis

159 459 271 498 Cavae,
301 459 330 490 S.
354 460 457 499 Angeli
479 461 513 490 de
541 461 683 498 Caveoso,
712 460 741 490 S.
765 461 890 490 Lauren-

159 507 191 537 tii
213 507 248 537 de
269 507 393 543 Aversa3
424 509 453 537 in
482 508 633 547 provincia
661 508 810 544 Romana,
834 517 891 537 mo-

159 556 286 586 nasteria
315 556 344 586 S.
368 557 444 586 Petri
472 557 605 593 Perusii,
633 556 662 586 S.
696 556 890 586 Scholasticae

159 603 295 638 Sublaci,
318 604 347 634 S.
372 604 472 633 Vitatis
493 604 667 640 Ravennae,
690 603 718 633 S.
741 604 889 633 Benedicti

158 651 329 687 Formi-iae,
352 651 379 681 S.
410 652 516 681 Mariae
543 651 688 687 Cesenae,
715 652 744 682 S.
774 651 889 681 Proculi

158 699 322 736 Bononiae3
348 699 378 728 in
405 700 555 738 provincia
584 700 728 737 Etrusca,
748 704 890 729 monaste-

157 747 200 776 ria
222 746 250 777 S.
274 746 379 776 Mariae
401 747 576 784 Florentiae,
595 747 639 777 Ss.
662 747 765 776 Florae
787 751 815 777 et
836 748 889 776 Lu-

158 795 241 825 cillae
263 794 370 832 Aretii,
393 795 422 825 S.
446 795 566 833 Eugenii
587 795 748 831 Senarum,
772 795 801 824 in
825 804 890 834 pro-

157 843 254 872 vincia
270 843 440 880 Lombarda,
455 843 630 872 monasteria
647 842 676 873 S.
693 842 841 872 Benedicti
853 843 888 872 de

157 890 339 928 padolirone,
362 891 520 921 §.loannis
541 891 673 928 Parmae,
690 890 718 920 S.
736 890 808 920 Sixti
827 891 888 920 Pla-

157 939 281 976 centiae,
305 938 333 969 S.
351 938 429 968 Petri
450 938 481 968 in
503 937 654 975 Glassiate‚
677 938 705 968 S.
729 939 888 977 Simplicia-

156 987 187 1016 ni
208 987 371 1024 Mediolani,
389 986 417 1016 S.
435 986 590 1016 Salvatoris
607 987 722 1025 Papiae,
746 991 773 1016 et
789 986 817 1016 S.
837 987 887 1016 Pe-

156 1034 193 1063 tri
208 1034 349 1068 Mutinae;
366 1035 396 1064 in
413 1034 561 1073 provincia
575 1035 696 1071 Veneta,
712 1034 886 1064 monasteria

156 1082 184 1112 S.
209 1082 323 1120 Georgii
343 1083 541 1119 venetiarum,
563 1082 592 1112 S.
616 1082 743 1112 Iustinae
764 1083 884 1119 Patavii,

156 1130 184 1160 S.
209 1130 313 1160 Mariae
334 1128 481 1160 Prataleae
510 1135 538 1160 et
566 1130 595 1160 S.
618 1130 749 1160 Faustini
770 1131 805 1160 de
826 1131 887 1160 Bri-

156 1179 214 1208 xia.
244 1179 276 1208 In
304 1178 408 1218 quibus
435 1179 632 1209 tantummodo
661 1180 798 1218 praefatis
827 1189 887 1209 mo-

155 1227 292 1256 nasteriis
307 1227 464 1257 novitiatus
476 1227 552 1264 fieri,
565 1231 593 1256 et
607 1227 728 1257 aliorum
744 1232 887 1257 monaste-

155 1275 265 1304 riorum
286 1275 402 1304 nomine
418 1275 542 1304 novitios
557 1275 592 1305 ad
607 1275 805 1314 probationem
821 1285 887 1314 pro-

155 1324 368 1362 fessionemque
389 1323 576 1353 emittendam
598 1324 689 1362 recipi
704 1323 886 1353 decernimus

156 1375 184 1400 et
201 1370 381 1400 ordinamus,
403 1370 457 1406 Qui
478 1371 581 1401 novitii
597 1371 692 1401 alendi
707 1381 739 1401 ac
762 1373 887 1401 vestien-

155 1419 184 1449 di
205 1423 292 1448 erunt
313 1419 478 1458 sumptibus
491 1422 519 1449 et
540 1419 675 1459 expensis
695 1420 812 1450 illorum
828 1430 888 1450 mo-

154 1467 350 1498 nasteriorum
380 1476 504 1507 quorum
531 1468 648 1498 nomine
679 1468 885 1507 professionem

154 1516 297 1546 emittent.
320 1516 433 1546 Emissa
454 1520 551 1546 autem
573 1526 672 1546 eorum
695 1517 884 1555 professione,

154 1564 328 1594 conveniant
350 1564 470 1603 praelati
491 1565 568 1594 inter
589 1574 619 1594 se
647 1565 691 1594 vel
720 1565 754 1594 de
775 1566 886 1595 cambio

153 1612 198 1642 vel
221 1612 256 1642 de
279 1612 494 1642 contributione
516 1621 568 1651 pro
589 1621 688 1642 eorum
710 1613 864 1642 alimentis.

193 1661 233 1699 (b)
255 1669 293 1690 ιν.
318 1660 379 1689 Post
401 1665 515 1699 quatuor
536 1665 583 1689 aut
603 1649 720 1699 qzzz'n‘que
741 1661 808 1690 dies.
832 1662 886 1690 No-

153 1708 252 1745 vitius,
269 1713 425 1747 antequam
440 1709 525 1738 detur
542 1709 568 1738 ei
591 1709 705 1739 habitus
727 1710 884 1748 novitialis,

152 1761 209 1786 stet
230 1765 281 1796 per
308 1757 475 1795 quindecim
502 1757 562 1786 dies
588 1765 654 1786 cum
675 1757 736 1787 suis
757 1758 886 1787 vestibus

152 1804 362 1839 saecularibus,
379 1808 411 1834 ut
433 1804 550 1833 interim
573 1805 684 1843 possint
705 1805 769 1834 eius
791 1814 885 1835 mores

152 1852 330 1882 considerari
352 1852 387 1881 ab
409 1852 560 1882 omnibus:
588 1852 694 1891 quibus
716 1853 817 1883 diebus
832 1858 886 1884 rtet

152 1901 182 1931 in
204 1901 278 1931 cella.
299 1900 353 1930 sub
375 1902 444 1930 cura
466 1901 597 1938 magistri
618 1901 805 1932 novitiorum.

192 1949 232 1987 (c)
255 1957 281 1978 v.
296 1948 439 1978 illanducet
454 1953 478 1977 et
489 1949 615 1978 dormiat.
628 1949 652 1979 A
668 1950 785 1988 regulae
804 1959 887 1989 prae-

152 1997 260 2036 scripto
281 2005 434 2026 censemus
455 1997 485 2026 in
508 1997 562 2026 hoc
584 2006 636 2027 nos
658 2007 716 2028 non
738 1999 884 2035 recedere,

153 2045 177 2074 si
206 2045 308 2075 novitii
339 2045 418 2075 iuxta
446 2045 615 2076 hodiernam
647 2048 886 2077 consuetudinem

152 2094 305 2123 comedant
331 2093 360 2122 in
392 2093 546 2123 refectorio
574 2095 741 2131 communi,
770 2096 820 2125 sed
856 2096 886 2125 in

153 2142 254 2171 mensa
276 2141 410 2171 distincta
433 2151 448 2171 a
470 2142 586 2180 ceteris,
610 2143 659 2172 ubi
681 2143 829 2172 commode
845 2143 885 2172 vi-

152 2189 214 2219 deri
237 2190 359 2228 possint,
378 2192 406 2219 et
428 2189 575 2219 dormiant
595 2190 625 2220 in
647 2190 818 2220 dormitorio
835 2200 887 2220 no-

152 2237 282 2268 vitiatus.

194 2286 239 2325 (d)
254 2295 291 2316 vr.
305 2286 386 2316 Liber
396 2286 508 2316 discede.
520 2285 574 2321 Qui
587 2286 725 2325 novitius,
740 2287 763 2317 si
780 2287 887 2317 disces-

153 2334 224 2363 serit
244 2338 294 2364 aut
322 2334 410 2363 suerit
432 2334 570 2372 expulsus
597 2334 633 2363 ab
660 2335 716 2364 alio
744 2339 888 2365 monaste-

152 2381 219 2420 rio,
249 2391 307 2411 non
338 2381 496 2421 recipiatur
528 2381 636 2421 absque
667 2382 887 2422 participatione

154 2429 277 2468 praelati
307 2438 322 2459 a
348 2439 405 2469 quo
427 2430 553 2460 reiectus
575 2430 646 2468 suit,
669 2439 782 2460 necnon
809 2431 886 2470 capi-

153 2476 207 2506 tuli
223 2477 367 2515 generalis
384 2479 444 2508 sive
458 2477 610 2516 regiminis
626 2478 761 2516 licentia3
777 2482 805 2509 et
819 2483 889 2509 tunc

155 2533 206 2564 per
227 2534 336 2555 aunum
358 2525 498 2565 probetur
519 2530 673 2565 antequam
696 2526 874 2566 profiteatur.

193 2582 243 2604 vu.
266 2573 384 2609 Quando
406 2576 533 2606 novitius
561 2575 666 2615 aliquis
698 2579 741 2606 est
762 2576 887 2607 reiectus

739 220 813 245 15:30
820 220 956 248 CENTst'S
977 221 1007 244 xl
1032 222 1080 245 1³1².

936 277 950 297 a
973 272 1127 303 conventu,
1150 268 1226 298 ultra
1247 267 1278 298 in
1300 267 1476 298 monasterio
1498 275 1670 308 permanere

935 324 992 345 nen
1015 317 1210 354 permittatur.

973 371 1033 392 vui.
1057 364 1251 393 Determinata
1270 365 1366 403 itaque
1389 373 1441 403 per
1462 364 1623 403 praelatum
1639 368 1668 394 et

934 410 1064 439 seniores
1081 411 1184 440 novitii
1205 412 1383 450 receptione,
1400 411 1557 441 abluantur
1577 411 1603 441 ei
1619 421 1671 450 pe-

933 457 983 486 des
995 458 1024 486 in
1037 459 1163 496 capitulo
1176 468 1226 496 per
1239 463 1349 497 patrem
1362 459 1542 495 monasterii,
1553 459 1668 488 adstan-

933 505 1009 534 tibus
1031 506 1202 542 monachis,
1227 510 1258 535 ut
1284 506 1392 535 dictum
1414 510 1460 535 est
1485 507 1515 535 in
1541 516 1605 545 cap.
1631 515 1667 536 ιν

933 553 967 582 de
989 553 1152 591 hospitibus
1174 554 1379 592 suscipiendis,
1407 558 1436 583 et
1457 554 1594 584 induatur
1619 564 1670 584 ve·

932 601 1078 630 stimentis
1089 601 1282 639 regularibus.
1297 601 1434 640 Sequenti
1447 611 1530 632 mane
1546 602 1582 632 ad
1598 603 1669 632 mis-

931 657 991 678 sam
1013 648 1111 678 statim
1126 653 1191 687 post
1212 649 1445 679 communionem
1466 650 1623 680 sacerdotis
1639 654 1668 680 et

931 701 1106 731 conventus,
1131 697 1246 735 quando
1268 697 1299 726 tit
1321 697 1486 726 communio
1508 698 1664 736 generali&

931 745 966 774 ad
988 745 1078 774 altare
1099 745 1192 774 maius
1214 744 1249 773 ab
1268 745 1332 783 ipso
1350 744 1454 774 abbate
1475 746 1560 775 detur
1574 746 1601 775 ei
1615 747 1667 775 ha-

930 792 1008 822 bitus
1036 793 1198 831 novifialis,
1223 793 1370 832 palliolum
1396 793 1535 824 videlicet
1556 798 1584 824 et
1605 803 1666 824 sca-

931 842 1031 879 pulare
1051 841 1149 871 breve.

970 890 1009 927 (e)
1032 898 1071 919 1x.
1094 888 1270 928 Suscipiutur
1290 890 1321 919 in
1342 891 1556 928 congregatione.
1580 890 1666 920 Prae-

930 937 984 966 viis
1007 942 1102 967 tamen
1124 938 1243 976 capituli
1265 938 1411 976 generalis
1432 938 1562 976 licentia,
1580 943 1607 968 et
1624 939 1668 968 di-

930 985 1030 1023 ligenti
1052 985 1232 1015 visitatorum
1254 985 1284 1015 in
1311 990 1377 1015 actu
1403 985 1579 1015 visitationis
1600 995 1666 1016 exa-

930 1034 1028 1071 mine,
1052 1043 1086 1063 ac
1112 1034 1199 1063 etiam
1230 1034 1361 1072 magistri
1387 1034 1564 1064 novitiorum
1586 1035 1666 1064 fideli

929 1081 1069 1111 relatione
1091 1081 1126 1111 de
1141 1081 1271 1120 profectu
1294 1081 1457 1120 ceterisque
1478 1081 1581 1111 novitii
1596 1091 1667 1121 qua-

928 1128 1070 1167 litatibus,
1085 1133 1117 1158 ut
1132 1133 1271 1168 quantum
1293 1129 1355 1168 ipse
1371 1129 1593 1168 ad⁴religionem
1608 1130 1665 1160 sit¹

928 1181 1012 1216 aptus
1033 1178 1137 1207 coniici
1159 1178 1266 1216 possit,
1289 1186 1402 1207 necnon
1432 1177 1551 1216 praevio
1571 1178 1666 1217 (ante-

929 1234 1015 1264 quam
1039 1229 1218 1264 proponatur
1248 1225 1426 1262 conventui,
1450 1225 1475 1255 si
1503 1226 1594 1265 recipi
1616 1226 1666 1256 de-

929 1274 1008 1311 beat)
1019 1274 1150 1303 maioris²
1160 1274 1249 1312 partis
1259 1273 1408 1303 seniorum
1421 1282 1577 1311 consensu,
1587 1283 1665 1304 com-

929 1323 1028 1360 putata
1049 1331 1118 1351 voce
1140 1321 1271 1360 praelati.
1295 1321 1348 1356 Qui
1369 1321 1499 1351 seniores
1520 1322 1574 1352 hoc
1596 1331 1663 1352 casu

929 1373 1053 1408 quatuor
1074 1369 1109 1399 ad
1132 1370 1228 1398 minus
1250 1372 1411 1407 vocentur,
1439 1369 1601 1408 supplendo
1629 1379 1663 1400 ex

930 1418 1148 1455 maturioribus,
1166 1418 1226 1447 sive
1251 1417 1429 1454 titularibus,
1452 1418 1475 1447 si
1497 1418 1663 1448 huiusmodi

929 1475 1067 1495 numerus
1089 1466 1212 1502 deesset,
1229 1474 1282 1495 nec
1297 1469 1404 1503 tamen,
1427 1464 1524 1496 hahita
1545 1465 1664 1495 lieentia

929 1518 957 1544 et
977 1523 1120 1544 consensu
1143 1513 1291 1552 praefatis,
1315 1513 1487 1552 recipiatur,
1511 1513 1569 1543 nisi
1592 1513 1664 1543 duae

929 1572 963 1592 ex
979 1562 1071 1592 tribus
1086 1562 1215 1601 partibus
1230 1565 1390 1591 conventus
1412 1561 1605 1600 consentiant,
1622 1571 1651 1592 se
1666 1578 1670 1583 ·

929 1612 1056 1642 cundum
1079 1611 1230 1650 privilegia
1252 1614 1364 1640 nostra.
1674 1636 1677 1642 .

967 1668 994 1688 x.
1017 1660 1077 1689 Hoc
1099 1659 1198 1689 stricte
1220 1658 1389 1688 mandantes
1403 1681 1411 1695 ‚
1440 1660 1473 1687 ut
1498 1658 1597 1688 nullus
1618 1667 1663 1696 ea,

929 1717 1003 1747 quae
1032 1708 1061 1737 in
1094 1707 1220 1746 capitulo
1252 1706 1327 1736 dicta
1359 1706 1394 1736 de
1420 1706 1531 1736 novitio
1556 1707 1667 1737 fuerint

929 1757 1016 1795 (quae
1038 1755 1162 1785 maxime
1181 1755 1349 1785 scandalum
1365 1763 1506 1793 generare
1521 1755 1664 1794 possent),

929 1805 985 1843 ipsi
1007 1808 1056 1834 aut
1076 1804 1142 1833 aliis
1164 1803 1269 1833 audeat
1289 1803 1434 1840 revelare;
1464 1803 1489 1833 si
1510 1804 1576 1842 quis
1596 1812 1665 1833 vero

928 1852 1143 1889 contrafecerit,
1166 1851 1243 1881 dicat
1264 1860 1345 1881 suam
1367 1851 1482 1891 culpam
1504 1851 1535 1882 in
1556 1851 1666 1891 capitu·

928 1902 966 1939 lo,
990 1905 1017 1930 et
1038 1900 1164 1938 graviter
1185 1899 1332 1938 puniatur.

969 1958 1008 1978 xi.
1032 1948 1065 1978 Et
1086 1952 1117 1977 ut
1138 1948 1277 1978 libentius
1303 1951 1331 1977 et
1352 1957 1418 1978 cum
1440 1948 1519 1987 pacis
1547 1957 1666 1979 conser-

930 1997 1043 2026 vatione
1065 1995 1161 2025 omnia
1184 1995 1351 2034 procedant,
1375 1995 1519 2033 volumus,
1543 1996 1619 2035 quod
1640 1996 1666 2026 si

931 2045 1019 2074 suerit
1040 2044 1070 2073 in
1092 2047 1236 2073 conventu
1259 2043 1364 2082 aliquis
1379 2043 1450 2074 dicti
1471 2043 1576 2074 novitii
1598 2053 1666 2074 con-

930 2093 1106 2131 sanguineus
1128 2100 1219 2131 usque
1241 2091 1276 2121 ad
1298 2092 1416 2121 tertium
1432 2092 1552 2130 gradum
1568 2092 1668 2122 exclu-

929 2142 1012 2177 sive,
1044 2140 1158 2170 etiamsi
1197 2140 1288 2178 ipsius
1320 2140 1489 2169 monasterii
1520 2140 1666 2179 praelatus

930 2190 1027 2227 suerit,
1050 2194 1178 2228 tempore
1200 2188 1342 2218 eiusmodi
1370 2188 1560 2218 discussionis
1581 2198 1596 2218 a
1618 2198 1665 2219 ca-

929 2239 1021 2277 pitulo
1043 2241 1146 2275 exeat,
1171 2241 1201 2266 ut
1232 2236 1354 2266 liberius
1383 2236 1432 2266 alii
1455 2236 1524 2275 quid
1546 2237 1581 2266 de
1602 2236 1666 2276 ipso

929 2287 1039 2316 novitio
1061 2286 1188 2316 sentiant
1203 2285 1283 2324 loqui
1309 2285 1432 2324 possint.
1455 2286 1491 2315 In
1514 2289 1668 2324 praestan-

929 2335 964 2365 do
986 2338 1084 2365 autem
1105 2334 1255 2372 suffragio,
1275 2333 1351 2364 sicut
1372 2337 1401 2363 et
1423 2333 1513 2364 ceteri
1538 2334 1668 2373 capitulo

929 2383 1077 2414 intersint.

968 2441 1018 2462 xu.
1042 2431 1148 2461 Eadem
1170 2438 1285 2470 quoque
1314 2430 1428 2460 ratione
1449 2430 1527 2461 idem
1549 2432 1584 2461 de
1606 2440 1667 2461 ma-

929 2481 1019 2519 gistro
1040 2480 1218 2510 novitiorum
1240 2487 1405 2518 censemus,
1421 2482 1453 2509 ut
1468 2479 1603 2510 videlicet
1618 2489 1669 2510 ex·

966 2538 977 2563 1
1000 2537 1069 2564 Edit.
1091 2535 1172 2563 Main.
1194 2535 1258 2571 legit
1277 2536 1303 2563 si
1322 2543 1368 2571 pro
1387 2536 1424 2564 sit
1442 2537 1485 2571 (n.
1503 2537 1553 2572 τ.).

964 2581 980 2607 ‘2
996 2581 1065 2608 Edit.
1081 2580 1160 2608 Μαίη.
1177 2579 1240 2616 legit
1255 2580 1364 2608 maiori
1383 2580 1421 2615 (R.
1437 2580 1486 2614 tu).

1563 211 1628 245 3⁶27
1673 220 1725 249 An.
1741 221 1768 249 c.
1794 223 1861 249 loeo
