2111 3157
180 205 230 232 An.
251 206 279 233 c.
305 205 368 233 ¹687
416 197 479 231 728

200 1171 320 1193 Clausulas,

201 1965 355 1986 Contrariorum

174 1992 291 2018 derogatio.

373 266 436 298 que
461 254 688 289 ecclesiasticis
713 251 893 292 sententiis,
910 250 1057 284 censuris
1076 254 1108 283 et

372 309 506 352 poeniS,
533 319 550 341 a
575 308 644 340 iure
669 307 717 339 vel
742 306 782 338 ab
815 304 966 344 homine,
993 303 1106 347 quavis

372 362 543 394 occasione
561 362 609 394 vel
634 361 729 392 causa
753 358 835 397 latis,
852 356 876 390 si
892 357 1009 400 quibus
1027 366 1108 399 quo-

370 415 549 448 modolibet
572 413 746 446 innodatae
771 411 935 451 existunt,
961 410 1001 443 ad
1034 408 1108 443 effe-

371 474 455 500 ctum
478 465 698 511 praesentium
716 465 880 498 dumtaxat
904 473 1106 506 consequen-

371 522 458 561 dum,
484 521 599 553 harum
624 519 707 552 serie
733 518 941 551 absolventes
959 522 991 550 et
1014 517 1107 549 abso-

369 575 451 607 lutas
487 574 557 606 sore
593 577 788 612 censentes,
813 569 1106 614 supplicationibus

370 638 483 661 eorum
509 626 641 659 nomine
671 625 766 658 nobis
791 634 891 667 super
914 624 978 656 hoc
1003 622 1107 656 humi-

369 680 444 713 liter
462 679 622 724 porrectis
648 677 808 718 inclinati,
827 678 993 710 decretum
1019 685 1106 719 prae-

369 734 538 773 insertum,
557 743 593 766 ac
610 732 718 766 omnia
734 737 765 764 et
784 730 909 773 singula
927 730 958 763 in
976 740 1014 764 eo
1032 740 1106 763 con-

369 792 456 820 tenta
475 792 507 820 et
526 796 688 830 expressa,
706 785 896 818 auctoritate
914 783 1104 827 apostolica,

369 845 483 874 tenore
502 840 730 884 praesentium,
750 839 964 882 approbamus
982 842 1013 870 et
1030 847 1107 870 con-

369 894 541 934 firmamus,
557 893 685 936 illisque
701 892 894 925 inviolabilis
910 890 1104 934 apostolicae

368 947 528 981 firmitatis
568 947 670 979 robur
705 946 870 978 adiicimus
887 972 894 984 ,
932 955 968 977 ac
993 954 1105 977 omnes

369 1006 400 1033 et
416 1001 562 1043 singulos
582 999 660 1032 iuris
687 1004 719 1031 et
743 998 814 1031 sacti
833 998 988 1036 desectus,
1004 997 1029 1029 si
1051 997 1104 1040 qui

368 1054 510 1097 desuper
525 1051 768 1097 quomodolibet
780 1050 1023 1090 intervenerint,
1037 1060 1107 1093 sup-

367 1107 507 1150 plemus.

413 1160 427 1202 §
452 1159 484 1193 3.
513 1159 731 1192 Decernentes
759 1157 889 1191 easdem
915 1161 1105 1200 praesentes

367 1213 491 1247 litteras
513 1223 642 1257 semper
666 1211 784 1252 firmas,
806 1211 928 1244 validas
946 1215 978 1243 et
1002 1209 1107 1243 effica-

369 1277 422 1300 ces
440 1267 579 1300 existere
598 1271 629 1299 et
646 1266 725 1305 sore,
743 1275 881 1308 suosque
896 1263 1059 1307 plenarios
1076 1268 1107 1295 et

368 1320 514 1363 integros
538 1319 671 1353 effectus
692 1318 801 1351 sortiri
826 1323 859 1351 et
884 1317 1049 1357 obtinere,
1071 1327 1107 1349 ac

367 1373 450 1414 illis,
477 1373 516 1405 ad
549 1383 630 1415 quos
656 1375 782 1415 spectat
814 1376 845 1403 et
875 1381 934 1413 pro
960 1375 1106 1413 tempore
1155 1374 1160 1378 “

369 1426 642 1469 quandocumque
661 1424 828 1467 spectabit,
851 1424 883 1456 in
905 1423 1054 1456 omnibus
1076 1427 1107 1454 et

369 1489 427 1522 per
445 1478 553 1512 omnia
583 1477 772 1521 plenissime
801 1475 990 1517 suffragari,
1012 1481 1043 1508 et
1067 1476 1106 1507 ab

369 1533 415 1565 eis
446 1531 626 1575 respective
657 1530 890 1563 inviolabiliter
922 1528 1107 1568 observari,

369 1585 481 1628 sicque
509 1584 541 1616 in
574 1583 760 1627 praemissis
794 1594 855 1626 per
884 1592 1106 1626 quoscumque

955 202 1137 228 BULLARIUM
1161 201 1313 227 nonaum!

1884 202 1934 230 An.
1954 201 1982 230 C.
2006 203 2069 235 1687

1148 250 1181 282 in
1198 260 1258 283 suo
1274 250 1392 284 robore
1415 251 1651 294 permansuris,
1669 249 1708 284 ad
1729 251 1884 295 praemis-

1149 313 1259 336 sorum
1285 303 1444 345 effectum,
1458 305 1520 338 hac
1536 305 1605 338 vice
1624 305 1798 346 dumtaxat,
1814 316 1884 350 spe·

1150 357 1277 390 cialiter
1294 363 1326 391 et
1350 368 1502 402 expresse
1523 359 1734 401 derogamus;
1754 359 1885 392 ceteris-

1149 420 1213 453 que
1238 410 1410 444 contrariis
1435 411 1702 455 quibuscumque.

1192 462 1262 506 §5
1294 464 1447 497 Volumus
1483 469 1590 498 autem
1622 468 1658 496 ut
1696 465 1883 498 earumdem

1147 517 1366 560 praesentium
1386 518 1567 551 litterarum
1585 517 1809 561 transumptis,
1827 528 1885 552 seu

1148 571 1323 614 exemplis,
1350 571 1446 604 etiam
1477 571 1665 614 impressis,
1695 581 1792 604 manu
1826 571 1885 605 ali-

1149 624 1239 657 cuius
1262 624 1380 658 notarii
1404 624 1527 669 publici
1553 624 1764 668 subscriptis,
1789 630 1822 658 et
1844 625 1886 658 si-

1148 677 1226 719 gillo
1251 688 1413 720 personae
1437 679 1470 711 in
1491 677 1707 711 ecclesiastica
1727 677 1886 720 dignitate

1148 730 1342 764 constitutae
1373 730 1515 770 munitis,
1546 730 1660 763 eadem
1688 741 1819 773 prorsus
1849 730 1887 762 si-

1149 783 1204 816 des
1229 783 1425 827 ubicumque
1448 783 1596 816 locorum
1624 787 1687 816 tarn
1712 782 1744 815 in
1764 782 1884 816 iudicio

1149 847 1243 880 quam
1258 842 1347 870 extra
1358 837 1440 870 illud
1455 836 1623 876 habeatur,
1639 846 1721 880 quae
1732 846 1887 880 praesen-

1149 890 1235 923 tibus
1260 891 1436 923 haberetur
1460 889 1485 922 si
1510 890 1618 923 forent
1641 889 1805 922 exhibitae
1835 890 1886 922 vel

1148 950 1312 978 ostensae.
1612 987 1615 989 ‚

1190 998 1303 1030 Datum
1329 998 1461 1038 Romae,
1480 998 1566 1041 apud
1590 997 1621 1031 S.
1637 997 1767 1031 Mariam
1792 997 1888 1030 Maio-

1147 1062 1239 1091 rem,
1274 1051 1333 1083 sub
1364 1052 1486 1084 annulo
1522 1050 1715 1090 Piscatoris,
1749 1050 1801 1083 die
1834 1060 1886 1084 xxl

1149 1103 1252 1137 martii
1289 1113 1507 1144 iunctxxxvu,
1541 1103 1748 1148 pontificatus
1783 1103 1887 1137 nostri

1148 1168 1234 1190 anno
1259 1168 1303 1190 xi.

1184 1220 1245 1247 Dat.
1261 1219 1305 1246 die
1319 1219 1349 1246 21
1372 1218 1462 1246 martii
1484 1218 1561 1251 1687,
1579 1217 1677 1253 pontis.
1698 1225 1769 1245 anno
1783 1224 1820 1246 xt.

1943 474 2005 495 Fidon
2019 476 2073 497 tran·

1894 504 2028 528 sumptorum.

1441 1360 1597 1394 CLXXIX.

1148 1440 1365 1482 Confirmatur
1406 1440 1563 1473 decretum
1615 1440 1885 1483 Conqreqationz's

1192 1495 1411 1537 episcoporum
1432 1497 1459 1525 et
1478 1493 1683 1536 reyularium
1698 1504 1796 1537 super
1811 1494 1886 1525 sub-

1192 1547 1327 1579 iectione
1351 1546 1538 1587 colleqiatae
1563 1546 1594 1579 S.
1622 1545 1776 1579 Germani
1797 1545 1888 1579 eccle-

1192 1600 1260 1632 siae
1284 1598 1445 1632 abbatiali
1469 1598 1590 1631 Montis
1616 1597 1779 1632 Cassini¹.

367 1638 493 1670 iudices
527 1636 712 1670 ordinarios
732 1641 762 1667 et
788 1636 956 1677 delegatos
977 1660 983 1673 ,
1011 1634 1107 1666 etiam
1128 1653 1131 1669 i

367 1701 539 1723 causarum
573 1689 683 1733 palatii
718 1687 891 1732 apostolici
917 1688 1105 1726 auditores,

367 1744 504 1777 iudicari
536 1749 567 1776 et
592 1742 720 1775 definiri
748 1741 865 1776 debere
883 1768 890 1781 ,
915 1752 951 1774 ac.
977 1740 1105 1773 irritum

368 1803 400 1830 et
424 1797 520 1829 inane
541 1796 565 1829 si
582 1806 673 1829 secus
691 1795 855 1839 superbis
881 1806 897 1827 a
923 1805 1105 1838 quoquam,

367 1850 479 1892 quavis
497 1849 698 1888 auctoritate,
717 1849 857 1881 scienter
882 1849 932 1880 vel
954 1848 1107 1890 ignoran-

368 1908 428 1943 ter,
453 1902 629 1945 contigerit
653 1901 817 1934 attentari.

412 1957 426 1999 ἓ
451 1956 482 1989 4.
510 1956 579 1988 Non
606 1954 812 1987 obstantibus
836 1954 1040 1997 praemissis,
1071 1964 1108 1986 ac

369 2009 656 2043 constitutionibus
689 2013 720 2042 et
748 2007 1007 2041 ordinationibus
1033 2017 1109 2050 apo-

369 2063 502 2103 stolicis,
528 2073 668 2102 necnon,
695 2067 856 2105 quatenus
877 2072 956 2104 opus
981 2061 1033 2101 sit,
1062 2060 1109 2093 di-

371 2122 441 2150 ctae
466 2115 729 2159 Congregationis
749 2114 931 2154 Bavaricae,
951 2114 1046 2147 etiam
1062 2114 1109 2146 iu-

371 2174 533 2210 ramento,
563 2168 809 2202 confirmatione
838 2167 1028 2210 apostolica,
1057 2168 1107 2199 vcl

372 2224 481 2267 quavis
513 2223 664 2256 firmitate
693 2222 755 2255 alia
786 2221 957 2261 roboratis,
982 2221 1107 2254 statutis

374 2282 404 2309 et
418 2276 716 2316 consuetudinibus,
729 2274 907 2318 privilegiis
921 2284 1060 2317 quoque,
1078 2279 1110 2306 ct

373 2329 491 2363 litteris
517 2329 704 2373 apostolicis
730 2328 762 2360 in
788 2327 984 2361 contrarium
1015 2337 1109 2370 prae-

374 2382 547 2415 missorum
573 2381 817 2426 quomodolibet
840 2381 1014 2420 concessis,
1036 2390 1110 2413 con-

376 2434 509 2467 firmatis
543 2441 574 2468 et
604 2435 779 2475 innovatis;
811 2434 926 2477 quibus
958 2434 1110 2466 omnibus

377 2494 409 2521 et
433 2488 720 2530 singulis‚illorum
744 2493 871 2520 tenores
888 2487 1110 2530 praesentibus

375 2551 436 2585 pro
463 2542 558 2583 plene
590 2547 621 2573 et
648 2541 847 2574 sufficienter
883 2540 1043 2584 expressis
1076 2550 1111 2572 ac

377 2595 415 2628 ad
441 2594 574 2627 verbum
597 2594 727 2627 insertis
757 2594 925 2634 habentes,
942 2593 1005 2627 illis
1031 2593 1110 2627 alias

1128 1672 1131 1739 ἱ
1334 1678 1531 1706 Innocentius
1552 1679 1630 1713 Papa
1649 1678 1697 1711 XI,

1127 1743 1130 1762 ι
1290 1726 1325 1751 ad
1345 1724 1479 1751 futuram
1498 1724 1542 1750 rei
1562 1724 1742 1752 memoriam.

1126 1765 1130 1856 1
1192 1797 1206 1839 ἓ
1228 1796 1258 1828 1.
1276 1795 1362 1830 Alias
1378 1795 1411 1828 in
1430 1798 1525 1829 causa
1539 1794 1781 1836 iurisdictionis,
1803 1806 1887 1840 quae
1896 1803 2077 1852 hahi'snintffinffi:

1149 1855 1236 1883 inter
1254 1849 1390 1882 dilectos
1406 1848 1490 1882 filios
1506 1848 1657 1882 abbatem
1667 1850 1886 1883 etmonachos
1898 1857 1978 1886 cassini
2002 1860 2022 1878 οι
2045 1864 2077 1879 c·-

1150 1902 1337 1936 monasterii
1362 1901 1477 1935 Montis
1495 1901 1615 1935 Cassini
1634 1901 1762 1934 Ordinis
1786 1884 2078 1942 sanctiPi'ssssfssssiioiifai'i’i

1150 1955 1315 1989 Benedicti
1337 1965 1375 1988 ex
1394 1956 1458 1987 una
1482 1959 1514 1987 et
1536 1955 1674 1988 dilectos
1693 1955 1788 1988 etiam
1805 1954 1888 1989 filios
1898 1936 1920 1957 δ’
1934 1936 2039 1959 carmani.

1150 2009 1324 2051 capitulum
1350 2013 1381 2040 et
1413 2006 1586 2040 canonicos
1620 2008 1812 2050 collegiatae
1836 2018 1889 2042 ec-

1150 2061 1268 2095 clesiae
1293 2061 1324 2094 S.
1352 2060 1502 2094 Germani
1539 2071 1576 2093 ex
1609 2061 1710 2093 altera
1740 2060 1888 2104 partibus

1150 2114 1315 2158 pendebat
1339 2113 1496 2153 indecisa,
1523 2113 1684 2146 emanavit
1707 2124 1725 2146 a
1749 2113 1888 2157 Congre-

1151 2167 1280 2210 gatione
1294 2166 1528 2200 venerabilium
1548 2166 1682 2199 fratrum
1701 2171 1896 2214 nostrorum

1150 2221 1181 2254 S.
1204 2221 1240 2253 R.
1260 2220 1294 2253 E.
1326 2220 1541 2253 cardinalium
1566 2220 1733 2253 decretum
1748 2220 1886 2254 tenoris

1151 2274 1203 2317 qui
1217 2272 1373 2316 sequitur,
1391 2273 1560 2307 videlicet:
1581 2284 1594 2304 «ι
1607 2272 1643 2305 In
1659 2274 1754 2306 causa
1769 2272 1895 2321 Montis

1188 2381 1197 2407 1
1221 2379 1257 2407 De
1277 2378 1463 2406 iurisdictione
1491 2378 1517 2405 in
1537 2377 1682 2407 monachos
1710 2377 1887 2407 confessarios

1150 2424 1325 2451 ecclesiarum
1351 2424 1378 2451 S.
1405 2423 1582 2450 scholasticae
1610 2425 1636 2450 et
1663 2431 1760 2458 specus
1787 2414 1897 2465 Subla-2

1151 2469 1238 2495 censis
1259 2468 1318 2495 vide
1338 2468 1445 2495 constit.
1467 2473 1618 2500 nochxvi,
1639 2466 1682 2494 die
1701 2473 1754 2494 xvii
1773 2474 1886 2494 novem-

1151 2513 1216 2546 liris,
1237 2512 1333 2547 pontif.
1348 2519 1374 2544 1;
1391 2511 1423 2538 de
1440 2512 1523 2546 prima
1539 2519 1601 2538 vero
1621 2511 1789 2538 subiectione
1809 2510 1887 2545 plura

1152 2561 1241 2583 extant
1261 2557 1287 2583 in
1304 2556 1438 2583 Benedicti
1460 2555 1515 2582 xltt
1536 2555 1670 2582 constitut.
1701 2563 1771 2591 quae
1793 2555 1887 2597 incipit

1131 2622 1133 2627 ,
1152 2601 1361 2634 lusci-acabilis,
1381 2601 1424 2628 ed.
1446 2606 1579 2627 Muccxxv.
