2111 3157
42 148 88 175 An.
109 145 137 173 C.
154 145 222 172 1688

803 140 1014 165 1NNOOENT1ts
1039 141 1067 163 Nl
1096 141 1141 162 [Ψ.

272 202 336 226 xlx.
364 191 535 224 Praeterea
559 200 721 234 personae
745 188 873 222 Ordinis
906 199 963 221 no-

229 244 300 282 stri,
319 254 355 277 ex
374 243 500 276 indulto
526 242 647 275 domini
664 241 788 275 Martini
805 241 908 284 Papae
929 240 961 280 V,

229 301 366 340 possunt
391 296 422 329 in
447 295 558 329 mortis
587 295 722 328 articulo
755 294 876 337 eligere
901 293 960 326 sibi

230 349 463 383 confessarium
489 349 547 391 (a),
582 348 636 392 qui
668 347 814 381 omnium
850 356 963 389 pecca-

230 407 347 442 torum,
372 402 410 434 de
436 401 552 445 quibus
577 400 706 434 contriti
732 406 808 433 sunt
833 405 864 432 et
887 410 963 433 con—

230 455 319 496 fessi,
345 459 453 498 potest
477 454 523 487 eis
549 455 626 488 dare
651 454 781 498 plenam
798 452 963 486 remissio-

231 518 316 541 nem.

270 574 414 606 Ordinatio
442 577 511 605 anni
545 584 728 606 nnetxxxix.
767 584 781 602 ‹<
809 574 849 604 Ex
881 572 963 603 Sedis

229 624 345 664 quidem
369 624 549 664 Apostolicae
562 624 656 662 gratia
672 623 750 654 Ordo
765 623 870 662 gaudet
885 631 963 652 com-

230 672 428 702 municatione
450 672 668 712 privilegiorum
697 672 820 701 aliorum
849 670 963 709 regula-

229 720 306 751 rium
332 719 474 751 Ordinum
489 743 497 757 ,
520 724 548 750 et
572 724 650 759 patet
682 729 716 749 ex
739 719 823 749 Bulla
854 718 961 748 domini

228 768 362 806 Gregorii
383 769 477 808 Papae
498 770 571 805 XV3
594 769 654 805 sed,
679 778 714 798 ne
736 768 812 798 ullus
834 775 962 806 unquam

228 816 335 847 abusus
367 826 402 847 ex
435 821 492 847 tam
524 817 628 856 amplis
660 817 822 855 privilegiis
853 817 963 855 irrepat

229 864 306 894 inter
327 874 381 895 nos
402 869 502 894 contra
531 869 657 894 mentem
684 864 800 895 Ordinis
823 868 850 894 et
872 864 964 903 ipsius

228 912 311 943 Sedis
342 913 524 952 Apostolicae
564 923 638 953 quae
677 913 756 943 iuxta
789 913 963 950 exigentiam

229 966 391 1001 temporum
413 961 564 1000 privilegia
597 962 658 1000 ipsa
688 962 814 1000 explicat
846 966 894 991 aut
921 971 965 991 re-

229 1010 361 1048 stringit,
392 1010 545 1040 statuimus
574 1014 602 1040 et
634 1011 814 1045 ordinamus,
845 1020 880 1040 ne
907 1011 964 1040 ulla

230 1068 353 1098 persona
375 1058 492 1089 Ordinis
514 1060 605 1099 possit
635 1060 676 1090 uti
705 1060 876 1098 privilegiis,
900 1060 965 1090 aliis

229 1107 415 1146 regularibus
436 1107 593 1144 concessis,
609 1107 686 1138 circa
709 1117 803 1145 casuS,
827 1118 965 1139 censuras

229 1159 258 1186 et
280 1155 523 1195 dispensationes,
547 1165 621 1195 quae
654 1156 683 1186 in
712 1157 819 1187 nostris
852 1157 965 1187 statutis

230 1213 366 1244 expresse
401 1213 459 1234 nou
496 1203 652 1243 habentur,
689 1205 797 1245 absque
831 1206 905 1235 scitu
938 1210 965 1235 et

231 1263 373 1284 consensu
397 1253 549 1284 reverendi
572 1255 662 1293 patris
683 1259 733 1285 aut
764 1255 885 1294 capituli
917 1264 966 1294 ge-

230 1301 349 1340 neralis,
373 1302 408 1332 ad
430 1302 505 1342 quod
522 1303 646 1341 pertinet
664 1303 881 1342 privilegiorum
898 1304 967 1333 isto-

231 1359 296 1380 rum
318 1350 497 1390 dispensatio
520 1361 548 1380 ».

273 1420 323 1444 xx.
350 1409 578 1443 Confessiones
603 1410 817 1443 saecularium
843 1416 873 1443 et
894 1411 967 1444 alio·

231 1473 302 1496 rum
327 1462 381 1506 qui
407 1462 446 1495 de
482 1462 600 1496 Ordine
630 1469 744 1496 nostro
779 1474 844 1497 non
880 1469 966 1504 snnt,

232 1515 443 1549 mercenariis
469 1515 611 1559 exceptis
649 1516 703 1559 qui
736 1516 828 1549 nobis
858 1517 968 1550 dome-

234 1567 314 1601 stice
339 1567 535 1601 famulantur
570 1568 623 1611 (h),
651 1569 721 1602 sine
761 1570 966 1613 superiorum

234 1631 367 1654 suorum
393 1621 527 1654 licentia
552 1622 664 1655 andire
698 1633 763 1655 non
800 1633 968 1666 possumus

234 1684 296 1707 nec
321 1673 492 1707 dehemus.
526 1674 615 1713 Quod
642 1675 665 1707 si
692 1676 730 1709 de
763 1676 968 1719 superiorum

233 1725 365 1760 licentia
391 1727 429 1759 ad
454 1737 512 1759 nos
536 1728 696 1767 venerint,
725 1728 787 1761 erit
811 1728 842 1761 in
868 1729 970 1762 libera

236 1779 370 1823 optione
394 1780 541 1823 priorum
570 1785 605 1812 ut
635 1781 836 1824 recipiantur
861 1793 970 1815 eorum

236 1891 302 1919 tum
326 1896 499 1930 possumus
517 1913 524 1925 ‚
550 1887 720 1920 hortamur
747 1894 778 1921 et
802 1890 971 1923 suademus

236 1944 272 1972 ut
295 1939 421 1982 priores
446 1950 515 1972 sese
534 1939 565 1973 in
583 1941 647 1974 hoc
671 1943 804 1975 multum
830 1943 972 1977 difficiles

239 1992 424 2030 exhibeant,
441 1997 472 2025 et
498 1992 556 2025 nisi
583 1994 760 2027 necessitas
784 2006 903 2038 urgens
924 1998 972 2030 rel

240 2045 372 2078 evidens
388 2044 510 2077 utilitas
527 2045 644 2088 exigat,
667 2048 851 2082 nullatenus
872 2051 972 2084 dictas

240 2098 462 2131 consessiones
487 2098 668 2138 admittant,
684 2106 716 2133 et
740 2101 794 2134 ubi
820 2103 975 2138 hactenns

240 2161 306 2184 non
331 2151 391 2183 suit
415 2152 615 2185 consuetudo
641 2153 741 2187 dictas
761 2158 974 2191 saecularium

241 2203 459 2238 consessiones
484 2205 689 2246 admittendi,
711 2209 803 2242 nullo
826 2212 922 2246 modo
944 2213 975 2246 in

277 2266 307 2299 a)
321 2264 396 2292 Circa
411 2264 775 2298 indulgentias,videBullam
786 2270 887 2298 domini
904 2273 977 2300 Pauli

243 2309 330 2345 Papae
342 2309 373 2343 V,
384 2310 411 2336 in
427 2310 561 2337 Bullario
576 2314 640 2338 tom.
654 2318 690 2346 ιιι,
707 2321 768 2348 pag.
784 2315 836 2342 203
851 2319 915 2348 (tom
939 2325 977 2349 xi,

244 2361 304 2389 pag.
322 2354 373 2380 315
388 2353 415 2380 h.
432 2362 459 2380 n.
477 2354 565 2381 edim.

279 2398 306 2432 b)
327 2397 505 2425 Mereenarios
523 2407 576 2425 non
596 2399 727 2428 debemus
745 2403 886 2432 absolvere
905 2414 920 2433 a
935 2415 978 2434 re-

244 2442 358 2469 servatis
376 2442 501 2476 episcopo
521 2442 690 2477 dioecesano,
706 2445 808 2482 absque
823 2448 881 2476 eius
895 2450 979 2477 licen-

246 2485 299 2513 tia:
320 2486 352 2513 ad
373 2490 523 2514 ceterorum
551 2492 641 2514 autem
670 2491 849 2519 saecularium
876 2495 980 2522 confes·
1000 2495 1002 2512 ³

245 2529 333 2558 siones
352 2529 500 2557 audiendas
518 2532 666 2567 requiritur
685 2534 744 2561 eius
757 2537 926 2571 approbatio.

339 2584 416 2611 Bate.
439 2584 520 2612 Rom.
545 2586 603 2613 Vol.
626 2603 659 2607 —
679 2589 752 2616 XIX·
902 2593 951 2619 103

1635 130 1696 161 Si?

1004 192 1169 231 posterum
1194 187 1437 226 introducatur,
1475 185 1530 218 ubi
1561 196 1636 219 vero
1673 187 1735 219 iarn

1005 241 1086 273 sorte
1111 239 1291 273 introducta
1315 244 1373 278 est,
1399 239 1425 272 si
1443 239 1511 271 sine
1536 239 1688 271 scandalo
1706 244 1739 271 et

1005 293 1251 336 perturbatione
1285 295 1401 336 magna
1436 292 1505 326 fieri
1538 292 1680 336 poterit,
1706 302 1739 325 o-

1005 347 1114 380 mnino
1140 348 1282 386 tollatur,
1309 352 1361 380 siut
1393 352 1479 380 certe
1503 346 1657 390 paulatim
1682 346 1738 378 ab·

1004 399 1184 440 scindatur;
1211 410 1274 442 qua
1302 410 1336 432 re
1362 400 1444 432 nillil
1480 399 1602 442 gratius
1627 398 1738 431 Ordini

1005 462 1064 494 per
1084 452 1208 494 priores
1233 453 1390 496 praestari
1416 452 1551 495 poterit,
1579 462 1650 484 curn
1684 461 1738 484 na-

1006 510 1076 537 tura
1101 510 1230 538 nostrae
1266 506 1478 549 professionis
1507 505 1738 538 admissionem

1006 558 1191 591 huiusmodi
1217 559 1457 592 confessionum
1490 558 1622 592 omnino
1648 568 1740 591 recu-

1005 622 1076 644 sare
1110 612 1273 645 videatur:
1308 613 1459 645 mulieres
1485 619 1601 652 autem,
1642 612 1740 645 etiarn

1005 675 1075 696 cum
1106 665 1309 707 superiorum
1341 676 1473 698 suorum
1498 665 1642 705 licentia,
1669 665 1742 697 nul-

1006 718 1134 750 latenus
1160 718 1198 750 ad
1225 718 1447 753 confessiones
1473 718 1637 751 faciendas
1661 718 1743 751 reci·

1005 769 1146 812 piantur.

1049 833 1111 856 xxr.
1137 823 1326 856 inhibemus
1344 824 1506 858 universis
1524 827 1670 869 personis
1687 827 1743 860 Or-

1007 876 1090 909 dinis
1116 876 1228 917 nostri,
1254 887 1295 910 ne
1321 878 1488 921 quisquam
1508 879 1635 918 audeat,
1653 890 1742 922 prac-

1009 934 1153 972 terquain
1189 930 1221 962 in
1257 931 1384 963 casibus
1422 942 1438 963 a
1476 932 1544 964 iure
1581 933 1742 965 communi

1008 983 1179 1024 expressis,
1194 984 1378 1017 ministrare
1393 985 1612 1018 saecularibus
1626 990 1657 1018 et
1671 986 1741 1018 aliis

1008 1045 1071 1067 non
1111 1036 1248 1069 subditis
1287 1043 1489 1070 sacramenta
1525 1038 1742 1071 ecelesiastica

1008 1090 1075 1122 ullo
1098 1091 1203 1130 inodo,
1223 1096 1276 1123 aut
1295 1092 1401 1124 levare
1420 1092 1574 1124 infantem
1595 1093 1633 1125 de
1651 1103 1743 1125 sacro

1008 1142 1106 1183 sonte,
1125 1148 1178 1175 aut
1194 1143 1255 1176 alia
1281 1144 1476 1185 huiusmodi,
1499 1155 1581 1188 quae
1598 1150 1743 1179 nostrum

1008 1201 1123 1229 statum
1148 1197 1280 1230 minime
1306 1198 1434 1231 decent.

1050 1260 1126 1283 xxii.
1152 1250 1351 1295 Quicumque
1377 1252 1477 1296 priori
1502 1263 1560 1287 suo
1580 1255 1628 1287 vel
1651 1254 1742 1287 alteri

1009 1304 1168 1336 sacerdoti
1215 1305 1489 1349 improperaverit
1535 1308 1622 1350 quod
1675 1308 1744 1351 ipse

1009 1368 1097 1389 suam
1124 1358 1172 1390 vel
1199 1359 1330 1391 alterius
1356 1361 1590 1394 consessionem
1625 1363 1746 1395 revela·

1008 1411 1089 1443 verit
1112 1411 1198 1454 (cum
1225 1413 1285 1445 hoc
1310 1420 1490 1456 peccatum,
1516 1416 1660 1449 revelare
1686 1417 1746 1449 sizi-

1010 1463 1087 1495 licet
1110 1464 1248 1497 alienam
1274 1466 1523 1506 consessionem,
1559 1469 1599 1501 sit
1622 1469 1746 1511 gravis-

1011 1516 1128 1549 simum
1155 1523 1183 1550 et
1211 1518 1400 1553 detestabile
1423 1521 1558 1563 crimen,
1585 1533 1646 1556 nec
1670 1533 1746 1566 pro-

1010 1568 1079 1601 bari
1106 1571 1219 1613 possit,
1247 1572 1307 1604 nisi
1333 1573 1401 1615 ipse
1427 1574 1645 1609 confessarius
1683 1577 1747 1610 hoe

1012 1621 1151 1661 dixerit,
1180 1624 1267 1666 quod
1303 1624 1453 1658 videlieet
1489 1627 1552 1659 hoc
1585 1629 1633 1661 vel
1666 1628 1746 1662 illud

1012 1686 1029 1707 a
1055 1676 1107 1708 tali
1134 1677 1180 1709 vel
1208 1677 1259 1709 tali
1282 1677 1313 1710 in
1332 1679 1540 1716 conspssione
1566 1682 1745 1726 habuerit),

1014 1727 1073 1760 nisi
1106 1728 1332 1772 improperans
1360 1734 1561 1775 probaverit,
1588 1741 1748 1780 tamquam

991 1807 993 1815 ,
1013 1782 1199 1816 notabiliter
1223 1784 1415 1818 criminosus
1441 1787 1666 1830 incarceretur,
1689 1801 1750 1823 nec

236 1832 463 1872 consessiones,
479 1838 530 1866 aut
544 1834 859 1875 nonVernmiamen,
876 1847 971 1879 quan·
991 1847 993 1856 ¹

1014 1834 1088 1867 inde
1110 1835 1275 1877 educatur,
1293 1838 1397 1872 donec
1415 1840 1515 1874 famae
1534 1842 1630 1882 illius,
1652 1854 1749 1887 quem

1015 1888 1159 1929 offendit,
1187 1891 1392 1934 satisfecerit,
1420 1900 1452 1927 et
1488 1907 1547 1939 per
1571 1897 1750 1940 capitulum

1015 1944 1166 1984 generale
1201 1954 1256 1976 seu
1282 1949 1492 1982 reverendum
1516 1954 1643 1993 patrem
1668 1952 1751 1984 rela-

1016 1997 1081 2028 xari
1107 1996 1274 2032 meruerit.
1313 1999 1402 2038 Quod
1429 2003 1453 2035 si
1474 2003 1567 2046 prior
1598 2004 1660 2037 lioc
1694 2004 1753 2037 im-

1017 2051 1213 2093 properavit,
1237 2062 1298 2095 per
1329 2060 1394 2087 tres
1426 2067 1555 2091 menses
1588 2059 1631 2091 sit
1662 2064 1752 2093 extra

1017 2104 1127 2136 sedem
1153 2114 1241 2138 suam
1268 2107 1388 2150 ubique
1406 2108 1438 2141 in
1457 2117 1626 2153 conventu,
1645 2118 1677 2146 et
1693 2124 1753 2157 per

1018 2157 1192 2199 capitulum
1227 2162 1380 2201 generale
1438 2173 1495 2196 seu
1536 2168 1750 2203 reverendum

1019 2218 1150 2255 patrem,
1176 2217 1228 2244 aut
1247 2213 1438 2255 visitatores,
1457 2225 1556 2261 prout
1571 2230 1662 2255 casus
1681 2233 1754 2257 exe-

1020 2265 1114 2308 gerit,
1140 2266 1304 2309 puniatur.

1062 2329 1150 2353 xxm.
1177 2319 1268 2358 Quod
1289 2321 1313 2354 si
1332 2323 1476 2366 legitime
1497 2327 1667 2369 probatum
1688 2332 1756 2364 sue-

1021 2373 1063 2405 rit
1080 2373 1219 2417 aliquem
1238 2377 1397 2410 revelasse
1416 2379 1757 2424 consessionem,tan1-

1022 2437 1116 2469 quam
1141 2427 1318 2470 sacrilegus
1344 2436 1376 2462 et
1400 2434 1577 2468 enormiter
1605 2437 1756 2472 crimino-

1022 2489 1074 2511 sus
1100 2479 1319 2514 incarceretur
1343 2488 1375 2516 et
1399 2484 1439 2518 sit
1473 2494 1632 2531 perpetuo
1663 2491 1757 2525 iniia-

1023 2532 1097 2566 bilis
1122 2534 1159 2566 ad
1193 2535 1368 2571 audiendas
1400 2540 1624 2578 consessiones
1655 2550 1687 2578 et
1717 2545 1757 2579 ad

1745 138 1791 163 An.
1814 138 1841 163 C.
1863 138 1927 164 1088
