2111 3157
183 181 294 230 'nss‘c‘ss
311 180 379 231 issa
426 194 490 229 502

403 253 452 286 ius
478 262 592 286 manus
619 258 668 287 est
692 262 813 287 salvare
846 263 878 286 m
912 253 1023 286 multis
1050 257 1081 286 et
1105 253 1137 287 in

403 307 524 350 paucis,
550 308 710 340 incassum
735 308 851 340 cadent
875 307 1046 350 impiorum
1079 306 1139 339 ho-

402 360 497 392 stium
533 361 708 403 perniciosi
746 366 896 399 conatus,
935 360 961 392 si
999 359 1137 392 divinam

401 412 492 451 iram,
518 424 600 456 quae
626 413 795 445 hominum
813 412 940 455 flagitiis
964 417 1138 455 provocata

401 466 613 498 christianum
639 467 797 508 populum
823 466 885 499 hoc
911 465 1012 498 atroci
1048 466 1137 498 bello

401 522 565 560 tamquam
590 518 680 561 virga
705 519 823 551 {moris
848 519 899 551 sui
918 518 1063 561 castigat,
1081 518 1138 550 hu-

399 570 467 603 mili
493 576 699 613 peccatorum
724 571 943 612 confessione,
968 571 1136 614 dignisque

399 623 619 665 poenitentiae
646 624 802 658 fructibus
822 626 961 668 placare,
983 630 1077 668 atque
1098 624 1137 657 ad

399 686 519 709 sacram
555 677 854 711 misericordiarum
886 678 1014 711 Domini
1051 687 1136 710 aram

399 730 565 770 accedere,
590 731 844 775 ardentibusque
867 736 898 765 et
921 731 1136 765 concordibus

399 784 691 826 supplicationibus
726 790 947 828 opportunum
983 783 1137 817 auxilium

398 835 572 879 implorare
597 838 827 871 studuerimus.
856 837 927 871 Non
953 837 1039 870 enim
1060 846 1137 869 con-

400 888 480 921 tinet
503 889 657 922 Dominus
682 890 713 922 in
732 890 779 922 ira
796 889 1033 923 misericordias
1052 899 1135 928 suas,

398 941 453 974 sed
479 942 627 975 homines
654 953 712 986 per
736 943 864 985 flagella
881 947 973 976 vocat
993 942 1033 975 ad
1057 951 1137 985 poe-

398 994 579 1036 nitentiam,
616 1006 653 1028 ac
677 996 874 1039 propitiatur
912 994 1136 1029 invocantibus

398 1058 471 1080 eum
497 1049 528 1080 in
554 1049 703 1082 veritate.
742 1050 902 1083 Adeamus
928 1050 1037 1092 itaque
1063 1059 1135 1081 cum

397 1100 515 1133 fiducia
539 1102 578 1134 ad
604 1102 756 1134 thronum
782 1103 916 1144 gratiae,
951 1101 1135 1134 scindamus

397 1154 496 1192 corda
528 1160 637 1187 nostra
673 1165 744 1187 cum
770 1155 916 1198 lacrymis
952 1154 991 1187 ad
1026 1153 1133 1193 Deum,

397 1206 525 1239 ieiuniis
559 1213 590 1240 et
622 1207 836 1250 eleemosynis
873 1207 1054 1240 orationum
1079 1216 1135 1238 no-

397 1265 532 1292 strarum
558 1260 643 1293 vires
669 1260 898 1298 intendamus,
923 1270 959 1292 ac
990 1257 1133 1291 unanimi

397 1312 589 1356 assiduaque
626 1313 854 1355 deprecatione
879 1312 980 1345 Patris
1007 1311 1134 1344 miseri-

396 1365 579 1398 cordiarum
616 1370 649 1399 et
680 1365 734 1398 Dei
769 1365 866 1398 totius
899 1364 1134 1398 consolationis

397 1429 493 1461 opem
517 1419 722 1459 invocemus,
749 1424 784 1450 ut
809 1418 935 1451 sociatis
965 1418 1134 1450 memorati

397 1471 553 1514 Leopoldi
578 1471 675 1514 regis,
702 1483 738 1504 ac
764 1471 919 1504 carissimi
945 1471 977 1503 in
1007 1471 1134 1504 Christo

395 1523 454 1557 filii
479 1524 581 1556 nostri
606 1524 735 1558 loannis
759 1524 912 1557 Poloniae
937 1523 1023 1566 regis
1047 1524 1136 1556 illus-

397 1577 473 1618 tris,
496 1578 700 1620 aliorumque
725 1578 908 1621 principum
935 1578 1052 1617 armis,
1079 1587 1137 1609 no-

397 1631 557 1674 strisque,
580 1631 633 1673 qui
652 1631 810 1673 quidquid
836 1630 868 1662 in
895 1630 990 1663 nobis
1016 1636 1066 1663 est
1094 1630 1138 1662 vi-

398 1684 481 1716 rium
507 1689 538 1716 et
562 1684 699 1724 consilii,
738 1684 769 1715 in
807 1694 921 1716 causae
957 1683 1137 1716 communis

398 1736 570 1769 tuitionem
598 1737 745 1770 conferre
771 1737 946 1776 studemus,
966 1736 1028 1780 piis
1045 1746 1138 1769 cona-

397 1789 484 1822 tibus
508 1790 717 1829 benedicere,
745 1789 993 1832 fortissimisque
1018 1789 1136 1822 Christi

397 1843 578 1885 pugilibus,
599 1843 637 1875 ad
660 1843 801 1875 Viennae
823 1842 1047 1875 defensionem
1065 1842 1137 1873 Tur-

397 1905 573 1938 carumque
599 1900 630 1927 et
654 1895 792 1927 aliorum
813 1894 990 1927 infidelium
1010 1904 1138 1937 repres-

396 1949 542 1989 sionem,
564 1948 647 1981 vires
672 1953 702 1981 ct
726 1948 963 1986 fortitudinem,
990 1958 1073 1991 quae
1099 1948 1137 1980 de

398 2003 489 2035 caelo
514 2008 574 2042 est,
601 2011 731 2044 augere,
753 1995 1003 2043 ceterorumque
1024 2006 1138 2043 poten·
1158 2037 1159 2043 ¹

397 2056 600 2089 tissimoruin
626 2065 739 2098 regum
766 2060 798 2087 et
827 2054 1013 2097 principum
1038 2053 1139 2086 chris-

399 2110 559 2142 tianorum
586 2109 723 2141 consilia
748 2113 779 2141 et
804 2107 887 2140 vires
908 2107 947 2140 ad
969 2106 1137 2139 christiani

398 2162 541 2195 nominis
579 2163 713 2194 tutelam
751 2161 844 2193 unire
878 2166 908 2193 et
933 2160 1066 2199 sociare,
1103 2169 1139 2192 ac

400 2215 549 2248 inimicos
563 2225 637 2248 suos
654 2214 825 2257 dissipare,
842 2218 873 2246 et
890 2213 922 2245 in
941 2213 1048 2255 sugam
1067 2222 1140 2245 con-

403 2274 539 2308 vertere,
562 2276 806 2311 prosperosque
831 2266 1015 2298 christianis
1041 2266 1137 2298 armis

401 2330 568 2353 ¹successus
582 2321 689 2363 largiri
709 2321 871 2363 dignetur.
892 2320 1045 2352 Utautem
1059 2319 1139 2351 haec

401 2373 576 2406 ferventius
601 2374 863 2416 fructuosiusque
886 2372 971 2412 fiant,
997 2372 1138 2415 priscum

403 2426 566 2459 Romanae
593 2427 754 2460 Ecclesiae
782 2426 928 2459 omnium
965 2425 1075 2457 matris
1108 2429 1137 2456 et

402 2480 573 2523 magistrae
599 2490 719 2513 morem
745 2484 928 2523 sequentes,
951 2478 1137 2511 caelestium

402 2543 571 2566 munerum
598 2533 777 2572 thesauros,
809 2542 946 2575 quorum
972 2532 1139 2574 dispensa-

405 2587 524 2620 tionem
550 2586 623 2619 sidei
661 2591 790 2618 nostrae
831 2585 991 2618 commisit
1032 2584 1139 2617 divina

971 188 1161 230 nummii
1173 203 1325 231 Romanu

1182 253 1342 295 dignatio,
1361 252 1394 285 in
1419 245 1470 286 his
1493 252 1730 296 urgentissimls
1754 252 1917 286 Ecclesiae

1181 305 1429 338 necessitatibus
1464 305 1726 348 gravissimisque
1764 305 1916 348 periculis

1181 359 1308 401 aperire
1335 364 1366 392 et
1390 360 1479 401 larga
1514 369 1610 391 manu
1644 369 1780 401 erogare
1807 359 1918 392 decre-

1179 411 1292 442 vimus.

1225 463 1238 505 §
1263 464 1293 496 1.
1314 463 1442 506 Itaque,
1464 464 1503 496 de
1530 463 1765 507 omnipotentis
1786 463 1841 496 Dei
1860 463 1918 496 mi—

1181 516 1353 548 sericordia
1378 526 1413 548 ac
1444 517 1616 549 beatorum
1646 516 1731 549 Petri
1768 520 1801 549 et
1827 516 1917 549 Pauli

1181 570 1404 611 apostolorum
1431 569 1499 601 eius
1520 569 1710 602 auctoritate
1732 568 1916 610 confisi‚>ex

1181 622 1235 655 illa
1259 622 1380 665 ligandi
1402 628 1433 656 et
1457 623 1603 656 solvendi
1627 627 1800 666 potestate,
1821 632 1917 665 quam

1181 675 1274 707 nobis
1306 675 1457 708 Dominus
1475 702 1482 716 ,
1508 676 1585 708 licet
1614 675 1779 718 indignis,
1806 679 1916 707 contu-

1181 727 1237 767 lit,
1266 727 1426 760 universis
1451 733 1482 760 et
1513 727 1648 770 singulis
1673 727 1842 770 utriusque
1867 736 1917 760 se-

1180 789 1237 811 xus
1262 779 1527 813 christifidelibus
1565 780 1598 812 in
1627 781 1709 813 alma
1740 779 1826 813 Urbe
1861 789 1917 812 no-

1181 834 1246 864 stra
1279 832 1492 875 degentibus,
1526 832 1580 875 qui
1612 832 1749 865 solemni
1784 841 1916 876 proces-

1180 883 1272 924 sioni,
1292 895 1386 928 quam
1406 885 1515 928 aliqua
1538 885 1589 917 die
1616 884 1783 928 proximae
1809 888 1916 918 ventu·

1180 947 1232 970 rae
1263 938 1485 973 hebdomadae
1515 938 1554 971 ab
1580 938 1718 971 ecclesia
1741 937 1771 971 S.
1799 937 1915 970 Mariae

1180 999 1277 1032 supra
1301 990 1474 1023 Minervam
1500 990 1539 1023 ad
1564 990 1735 1023 ecclesiam
1770 989 1915 1023 eiusdem

1179 1042 1209 1074 S.
1237 1043 1352 1076 Mariae
1389 1044 1427 1076 de
1458 1044 1574 1076 Anima
1605 1048 1825 1087 nuncupatam
1859 1052 1916 1076 na-

1179 1095 1275 1128 tionis
1299 1095 1573 1129 'l'heutonicorum
1606 1097 1646 1129 de
1678 1097 1791 1129 eadem
1819 1095 1915 1137 Urbe,

1178 1150 1241 1180 una
1266 1158 1336 1180 cum
1359 1148 1602 1181 venerabilibus
1627 1149 1779 1182 fratribus
1796 1148 1914 1182 nostris

1178 1200 1208 1233 S.
1233 1200 1268 1233 R.
1292 1201 1326 1233 E.
1346 1201 1565 1234 cardinalibus
1591 1212 1628 1234 ac
1643 1201 1846 1245 patriarchiS,
1866 1211 1915 1234 ar·

1178 1253 1396 1297 chiepiscopis
1423 1259 1454 1286 et
1479 1254 1663 1298 episcopis,
1690 1264 1771 1297 quos
1795 1254 1828 1286 in
1852 1253 1915 1287 Ro-

1177 1310 1271 1339 mana
1302 1307 1394 1340 Curia
1430 1307 1540 1340 adesse
1569 1307 1762 1350 contigerit,
1786 1316 1915 1340 necnon

1178 1359 1430 1392 christianorum
1455 1370 1569 1402 regum
1593 1365 1625 1392 et
1641 1360 1826 1404 principum
1847 1369 1916 1393 ora-

1180 1412 1301 1445 toribus
1326 1413 1411 1456 apud
1438 1423 1494 1445 nos
1513 1413 1734 1453 existentibus,
1758 1411 1914 1456 praelatis

1179 1476 1309 1508 quoque
1336 1472 1368 1498 et
1393 1466 1585 1499 officialibus
1623 1466 1766 1499 eiusdem
1790 1465 1914 1507 Curiae,

1179 1519 1395 1562 universoque
1428 1521 1517 1552 clero
1551 1525 1582 1552 et
1609 1521 1745 1563 populo,
1781 1519 1915 1552 benedi-

1179 1577 1271 1604 cente
1293 1572 1445 1612 Domino‚
1466 1583 1613 1615 agemus,
1633 1573 1746 1605 devote
1760 1572 1915 1605 interfue-

1179 1626 1255 1666 rint,
1282 1627 1330 1658 vel
1355 1626 1385 1658 S.
1414 1626 1540 1659 Ioannis
1566 1626 1597 1658 in
1623 1626 1790 1666 Laterano,
1824 1625 1916 1658 Prin-

1180 1678 1260 1721 cipis
1285 1679 1525 1721 Apostolorum,
1544 1683 1575 1712 et
1595 1679 1625 1712 S.
1646 1679 1763 1711 Mariae
1787 1678 1914 1712 Maioris

1180 1732 1282 1764 dictae
1320 1731 1413 1764 Urbis
1449 1732 1603 1765 ecclesias
1642 1742 1700 1765 seu
1737 1731 1913 1772 basilicas,

1180 1790 1234 1817 aut
1258 1785 1398 1827 aliquam
1425 1795 1553 1823 earum,
1570 1785 1656 1817 intra
1673 1785 1812 1828 spatium
1834 1785 1917 1818 eius-

1180 1839 1252 1871 dem
1278 1839 1325 1870 vel
1351 1838 1519 1880 proximae
1545 1839 1772 1880 subsequentis
1793 1839 1917 1871 hebdo-

1180 1892 1291 1924 madae
1317 1892 1430 1923 saltem
1450 1892 1551 1923 semel
1569 1891 1682 1924 devote
1699 1891 1915 1932 visitaverint,

1180 1944 1288 1987 ibique
1314 1954 1373 1987 per
1412 1944 1544 1987 aliquod
1584 1944 1740 1987 temporis
1776 1944 1917 1988 spatium

1180 1999 1248 2041 pias
1272 1998 1311 2030 ad
1337 1998 1436 2030 Deum
1467 2007 1578 2040 preces
1603 2003 1637 2030 ut
1666 2007 1764 2042 supra
1788 1997 1914 2031 effude-

1181 2052 1267 2092 rint,
1291 2062 1327 2084 ac
1352 2053 1465 2094 quarta
1496 2056 1528 2083 et
1558 2052 1645 2083 sexta
1676 2051 1764 2085 feriis
1790 2055 1822 2084 et
1845 2051 1917 2084 sab·

1180 2104 1254 2137 bato
1280 2104 1413 2136 alterius
1439 2114 1475 2135 cx
1501 2103 1676 2146 praedietis
1702 2103 1916 2137 hebdomadis

1182 2158 1418 2197 ieiunaverint,
1447 2163 1478 2189 ct
1516 2162 1648 2199 peccata
1671 2167 1727 2189 sua
1759 2155 1917 2198 confessi,

1181 2210 1415 2244 sanctissimum
1440 2210 1663 2243 Eucharistiae
1684 2215 1918 2243 sacramentum

1181 2264 1213 2296 in
1246 2263 1408 2295 dominica
1447 2263 1499 2296 die
1535 2261 1721 2295 immediate
1757 2262 1916 2305 sequenti,

1182 2317 1229 2349 vel
1248 2316 1311 2349 alia
1328 2316 1379 2349 die
1394 2315 1479 2348 intra
1497 2316 1643 2348 eamdem
1661 2314 1916 2356 hebdomadam,

1182 2376 1366 2403 reverenter
1402 2370 1616 2413 sumpserint,
1650 2379 1686 2401 ac
1716 2368 1917 2412 pauperibus

1182 2425 1322 2467 aliquam
1348 2425 1596 2467 eleemosynam,
1622 2427 1720 2466 prout
1743 2421 1917 2466 unicuique

1182 2481 1333 2519 suggeret
1372 2476 1524 2517 devotio,
1551 2475 1773 2518 erogaverint,
1801 2475 1918 2509 ceteris

1182 2540 1256 2563 vero
1283 2535 1371 2562 extra
1399 2529 1516 2562 Urbem
1542 2528 1743 2572 praedictam
1775 2527 1919 2561 ubicum-

1183 2593 1243 2625 que
1270 2581 1479 2625 degentibus,
1506 2581 1560 2625 qui
1587 2580 1740 2614 ecclesias
1764 2579 1803 2613 ab
1827 2579 1917 2614 Ordi-

1909 191 2001 233 1111111.
2020 205 2083 239 168³

1951 474 2070 502 lubilaeum,
