2111 3157
0 191 51 218 An.
70 188 100 218 C.
119 188 186 217 ¹679

17 1409 138 1431 Exordium.

30 2249 133 2269 rou-mittit
155 2252 177 2269 ul

0 2282 15 2296 tn
30 2278 123 2297 rubrica.

190 238 358 281 exemplis,
374 239 469 272 etiam
483 239 661 282 impressis,
673 249 769 273 manu
787 239 922 272 alicuius

189 291 308 324 notarii
343 292 466 334 publici
502 291 690 334 subscriptis
707 319 714 332 ,
750 297 782 324 et
813 291 921 334 sigillo

189 355 350 387 personae
374 344 408 377 in
434 344 652 377 ecclesiastica
669 344 825 386 dignitate
847 354 921 376 con-

189 396 320 430 stitutae
348 397 494 437 munitis,
528 396 641 429 eadem
671 407 807 440 prorsus
840 396 920 428 fides

188 454 251 482 tam
270 450 303 482 in
320 449 441 483 iudicio
467 460 562 492 quam
587 454 675 481 extra
699 449 780 482 illud
806 449 920 481 habea-

188 508 257 543 tur,
285 514 366 547 quae
392 504 568 536 haberetur
594 503 671 546 ipsis
696 502 919 545 praesentibus

188 556 214 588 si
236 556 343 588 forent
363 555 524 588 exhibitae
549 556 598 588 vel
623 560 785 588 ostensae.

231 609 342 641 Datum
352 609 481 648 Romae,
496 608 581 650 apud
597 608 627 640 S.
640 608 780 647 Petrum,
797 608 855 639 sub
867 618 917 639 an-

187 663 265 694 nulo
277 660 458 701 piscatoris,
475 660 525 693 die
539 671 602 693 xvn
627 660 730 693 martii
750 670 916 699 noctxxlx,

185 712 390 757 pontificatus
407 712 510 745 nostri
525 723 610 745 anno
633 722 679 745 111.

220 774 279 801 Dat.
297 773 340 801 die
360 774 389 801 17
410 773 498 800 martii
521 774 598 805 1679,
617 773 715 808 pontif.
738 782 808 800 anno
828 780 866 800 111.

514 915 587 948 LVI.

183 993 417 1033 Permittitur,
444 998 480 1026 ul
511 995 627 1037 festum
654 995 692 1027 Β.
727 995 770 1027 M.
812 994 842 1026 t'.
879 994 916 1026 de

229 1046 337 1078 Monte
373 1047 517 1080 Carmelo
541 1058 613 1079 cum
637 1048 741 1090 officio
765 1051 793 1080 el
818 1048 915 1079 misso?

226 1100 362 1141 proliriti
385 1101 528 1142 fralrttm
559 1101 808 1134 Carmelilarttm
841 1100 917 1132 cele-

229 1152 338 1184 bretur
361 1152 399 1184 ab
423 1153 569 1185 omnibus
587 1154 621 1184 in
639 1153 747 1195 reqnis
765 1157 792 1184 et
817 1152 918 1184 domi-

189 1232 192 1234 .
227 1205 294 1237 niis
317 1215 450 1237 coronae
484 1206 712 1248 Porluqalliae
736 1205 912 1238 subz'eclis¹.

366 1284 562 1312 Innocentius
584 1286 662 1318 Papa
682 1284 729 1318 xl,

301 1328 338 1355 ad
358 1332 531 1362 perpetuam
551 1329 595 1355 rei
616 1329 799 1355 memoriam.

227 1399 429 1443 Apostolatus
453 1399 613 1439 officium,
639 1400 727 1442 quod
759 1399 916 1432 inscruta-

181 1452 257 1485 bilis
283 1452 407 1484 divinae
432 1451 585 1484 bonitatis
616 1452 751 1485 altitudo
785 1453 915 1485 humili-

182 1504 237 1537 tati
252 1509 395 1543 nostrae,
411 1503 533 1536 meritis
548 1504 623 1536 licet
636 1510 666 1536 et
683 1505 801 1537 viribus
818 1506 913 1547 longe

182 1557 306 1600 impari,
323 1557 522 1590 committere
548 1558 678 1599 dignata
701 1563 758 1597 est,
782 1559 914 1591 salubri-

181 1616 231 1643 ter
254 1609 393 1653 exequi,
419 1609 589 1641 adiuvante
616 1610 770 1650 Domino,
796 1611 914 1653 iugiter

181 1668 370 1705 satagentes,
398 1662 458 1704 piis
483 1661 740 1695 eluistilldelium
767 1668 797 1695 et
820 1674 913 1706 prae-

182 1715 291 1748 sertim
316 1725 527 1757 personarum
553 1714 585 1746 in
610 1714 806 1748 sublimitate
831 1716 915 1757 posi-

183 1774 287 1802 tarum
313 1778 496 1810 magnoque
516 1768 667 1800 virtutum
688 1768 814 1810 fulgore
839 1779 914 1801 eon-

182 1822 364 1865 spicuarum
388 1821 480 1859 votis,
496 1821 533 1852 ad
560 1821 737 1862 augendam
763 1821 794 1852 in
820 1822 913 1854 terris

183 1873 429 1916 augustissimae
458 1873 742 1916 sanctissimaeque
758 1873 914 1917 Deiparae

183 1927 321 1969 Virginis
339 1926 452 1958 Mariae
478 1927 597 1959 cultum
622 1931 653 1958 et
676 1927 914 1959 venerationem

184 1979 339 2013 laudabili
351 1979 455 2011 studio
472 1978 690 2017 tendentibus,
709 1979 915 2011 favorabilem

185 2043 349 2065 assensum
382 2033 517 2074 paterna
550 2031 748 2073 benignitate
779 2032 918 2064 libenter

185 2086 385 2128 praebemus,
408 2084 488 2116 sicut
504 2084 542 2116 ad
557 2085 735 2126 augendam
750 2083 916 2116 christiani

185 2137 297 2181 populi
322 2137 527 2170 devotionem
552 2136 768 2179 conspicimus
799 2136 832 2168 in
856 2136 917 2169 Do-

186 2190 276 2222 mino
301 2189 475 2221 salubriter
499 2188 662 2231 expedire.

230 2243 245 2286 ᾗ
268 2242 300 2274 1.
327 2242 402 2274 Cum
425 2241 545 2283 itaque,
565 2241 646 2272 sicut
670 2241 800 2273 nomine
826 2241 917 2273 caris-

187 2295 286 2327 simae
317 2294 350 2326 in
379 2293 506 2326 Cbristo
540 2292 622 2325 filiae
648 2299 776 2326 nostrae
802 2293 917 2326 Mariae

187 2347 375 2380 Franciscae
408 2346 614 2379 Elisabethac
645 2345 861 2388 Portugalliae
888 2352 919 2379 et

189 2401 418 2443 Algarbiorum
437 2399 570 2441 reginae
595 2398 730 2431 illustris
749 2399 842 2431 nobis
860 2410 920 2442 per

226 2481 235 2506 1
253 2479 298 2506 Die
309 2485 367 2505 xxiv
378 2478 539 2513 septembris
551 2483 678 2504 nnccxxw
690 2477 850 2504 Benedictus
864 2478 918 2504 xut

191 2524 241 2551 hoc
260 2523 355 2550 festum
380 2531 441 2549 cum
470 2522 557 2548 officio
577 2522 610 2548 ab
630 2522 688 2557 ipso
708 2521 858 2557 approbato
879 2531 921 2550 ex-

191 2567 276 2598 tendit
295 2567 327 2594 ad
348 2566 447 2595 L'rbem
465 2571 492 2594 et
511 2566 623 2594 Orbem.

769 191 980 216 INNOCENTIUS
1001 192 1032 215 XI
1056 191 1104 215 PP.

1590 180 1651 212 tt'27

964 240 1182 273 venerabilem
1207 239 1337 272 fratrem
1353 238 1547 271 Ludovicum
1573 238 1699 270 archie-

964 291 1131 335 piscopum
1174 293 1426 325 Bracharensem
1448 318 1454 330 ,
1497 291 1696 324 dilectissimi

964 344 996 376 in
1031 344 1158 378 Christo
1194 345 1250 378 mii
1286 344 1386 377 nostri
1423 343 1508 377 Petri
1541 343 1697 386 principis

964 396 1178 439 Portugalliae
1210 403 1242 430 et
1274 397 1499 439 Algarbiorum
1525 407 1697 438 regnorum

962 450 1188 489 gubernatoris
1210 451 1293 493 apud
1320 461 1379 483 nos
1409 455 1440 482 et
1471 450 1587 482 Scdem
1613 450 1697 492 Apo-

962 501 1109 533 stolieam
1124 501 1295 540 oratorem,
1307 513 1410 545 nuper
1428 503 1606 545 expositum
1626 502 1694 543 suit,

962 553 1030 595 ipsa
1054 554 1149 586 Maria
1174 555 1343 587 Francista
1360 555 1545 587 Elisabetba
1570 556 1693 597 regina,

962 617 1020 648 pro
1046 607 1199 649 peculiari
1219 609 1276 639 sua
1291 618 1366 650 erga
1391 608 1609 640 beatissimam
1628 609 1696 641 vit·-

961 659 1067 700 ginem
1085 659 1261 702 praefatam
1280 660 1461 699 devotione,
1482 661 1596 692 festum
1615 661 1696 693 eius-

961 712 1032 743 dem
1069 712 1290 745 sanctissimae
1326 712 1462 754 Virginis
1500 713 1614 746 Mariae
1654 715 1693 747 de

960 764 1066 796 Monte
1091 764 1235 797 Carmelo
1271 765 1443 807 quotannis
1476 765 1525 798 die
1550 777 1598 798 xri
1624 766 1693 799 iulii

961 827 1015 848 seu
1041 817 1102 849 alia
1137 817 1188 849 die
1221 817 1306 849 intra
1342 817 1427 850 illius
1454 823 1596 851 octavam
1622 830 1694 852 cum

961 869 1074 901 eodem
1100 869 1206 903 officio
1232 881 1267 902 ac
1292 870 1390 902 missa
1416 871 1555 913 propria,
1578 872 1693 914 quibus

962 922 1073 955 fratres
1101 922 1228 954 Ordinis
1260 923 1405 956 eiusdem
1436 924 1551 956 Beatac
1575 925 1693 958 Mariae

961 974 1098 1016 Yirginis
1134 976 1172 1008 de
1202 976 1307 1008 Monte
1334 976 1479 1009 Carmelo
1506 987 1541 1009 cx
1568 977 1692 1011 indulto

960 1027 1049 1059 Sedis
1067 1029 1272 1070 Apostolicae
1292 1030 1477 1071 praedictae
1498 1035 1641 1069 utuntur,
1660 1031 1692 1064 in

959 1081 1067 1123 regnis
1092 1087 1123 1113 et
1147 1082 1296 1114 dominiis
1317 1093 1455 1115 coronae
1476 1083 1693 1126 Portugalliae

960 1134 1110 1167 subiectis
1124 1135 1281 1168 celebrari
1307 1146 1403 1178 posse
1422 1147 1625 1179 summopere
1644 1139 1693 1171 dc-

960 1187 1098 1219 siderot:
1132 1198 1206 1227 nos,
1233 1188 1334 1230 ipsius
1358 1188 1474 1221 Mariae
1500 1189 1691 1223 Franciscae

960 1239 1164 1272 Elisabetliae
1204 1241 1335 1282 reginae
1372 1242 1453 1274 votis
1489 1242 1548 1274 hac
1573 1243 1605 1275 in
1632 1253 1688 1283 re,

960 1298 1113 1334 quantum
1139 1304 1209 1325 cum
1236 1293 1372 1326 Domino
1391 1304 1568 1336 possumus,
1584 1301 1691 1337 pater-

959 1355 1018 1377 nae
1044 1346 1210 1377 charitatis
1224 1346 1331 1379 studio
1350 1357 1492 1379 annuere
1510 1348 1689 1390 cupientes,

958 1398 1249 1441 supplicationibus
1274 1399 1341 1431 eius
1367 1399 1496 1432 nomine
1522 1400 1615 1432 nobis
1640 1411 1692 1432 su-

958 1461 1015 1492 per
1040 1452 1100 1483 hoc
1127 1451 1291 1484 humiliter
1309 1453 1465 1495 porrectis
1483 1453 1637 1493 inclinati,
1657 1458 1692 1486 ut

958 1503 1072 1535 festum
1087 1503 1338 1545 gloriosissimae
1358 1504 1494 1546 Virginis
1514 1505 1630 1538 Mariae
1652 1507 1691 1538 de

957 1556 1061 1588 Monte
1087 1557 1232 1589 Carmelo
1258 1558 1297 1589 ab
1322 1557 1469 1590 omuibus
1498 1563 1529 1590 et
1553 1558 1690 1601 singulis

956 1609 1123 1652 utriusque
1142 1620 1234 1641 sexus
1263 1610 1527 1643 christifidelibus
1547 1616 1607 1643 tam
1627 1622 1692 1643 sae-

957 1662 1118 1694 cularibus
1146 1673 1241 1704 quam
1267 1663 1481 1704 regularibus,
1503 1663 1557 1706 qui
1578 1665 1615 1695 ad
1633 1664 1692 1697 ho-

957 1726 1006 1747 ras
1033 1715 1202 1747 canonicas
1229 1721 1389 1755 tenentur,
1417 1716 1447 1748 in
1474 1717 1624 1748 omnibus
1642 1728 1692 1749 ec-

957 1767 1063 1800 clesiis
1088 1768 1302 1810 praefatorum
1324 1780 1499 1810 regnorum
1525 1769 1692 1812 portugal-

957 1821 1018 1853 liae
1037 1826 1068 1852 et
1091 1820 1315 1862 Algarbiorum
1346 1832 1381 1853 ac
1405 1822 1640 1864 provinciarum
1661 1827 1693 1855 et

958 1873 1116 1905 ditionum
1142 1884 1412 1916 quarumcumque
1443 1885 1583 1907 coronae
1618 1875 1693 1907 Por-

958 1926 1110 1968 tugalliae
1135 1926 1351 1959 subiectorum
1372 1927 1464 1959 annis
1482 1927 1616 1969 singulis
1641 1928 1693 1960 die

958 1988 1007 2011 xvi
1029 1978 1096 2010 iulii
1122 1989 1176 2010 seu
1202 1979 1263 2011 :ili-‘⁴1
1296 1979 1346 2011 die
1379 1979 1463 2012 intra
1498 1980 1583 2012 illius
1609 1986 1694 2012 octa-

961 2041 1028 2063 vam
1054 2042 1126 2063 eum
1151 2031 1256 2063 ossieio
1284 2037 1315 2063 et
1340 2032 1439 2063 missa
1464 2032 1606 2075 propria,
1627 2032 1693 2074 qui·

960 2085 1018 2116 bus
1044 2084 1155 2116 fratres
1179 2083 1335 2126 praedicti
1365 2085 1447 2117 sicut
1477 2085 1694 2127 praemittitur

960 2143 1104 2177 utuntur,
1124 2136 1280 2169 celebrari
1307 2137 1408 2169 libere
1430 2143 1460 2169 et
1480 2137 1566 2169 licite
1593 2138 1694 2180 possit

960 2194 992 2221 et
1014 2190 1129 2228 valeat,
1157 2185 1347 2221 auctoritate
1372 2189 1558 2231 apostolica,
1580 2195 1692 2223 tenore

960 2241 1189 2284 praesentium,
1205 2241 1411 2274 concedimus
1427 2247 1457 2274 et
1475 2241 1690 2284 indulgemus.

1006 2295 1020 2337 ἓ
1045 2293 1075 2326 ⁶2.
1105 2294 1321 2326 Deccrucntes
1353 2294 1483 2326 easdem
1507 2301 1694 2337 praesentes

962 2348 1086 2381 litteras
1110 2357 1241 2389 semper
1257 2347 1374 2386 firmas,
1394 2347 1514 2380 validas
1532 2353 1563 2379 et
1588 2348 1695 2380 effica-

962 2411 1015 2433 ces
1042 2399 1177 2431 existere
1203 2404 1234 2431 et
1259 2399 1340 2439 sore,
1367 2410 1507 2442 suosque
1533 2400 1695 2442 plenarios

963 2458 995 2485 et
1018 2452 1161 2493 integros
1193 2451 1324 2484 ell'eetus
1350 2452 1455 2484 sortiri
1482 2458 1513 2484 et
1537 2452 1694 2493 obtinere,

964 2516 999 2538 ac
1024 2505 1096 2543 illis,
1116 2504 1153 2535 ad
1180 2514 1258 2546 quos
1279 2509 1402 2547 spectat
1423 2509 1454 2536 et
1471 2515 1529 2548 pro
1551 2510 1694 2547 tempore

964 2556 1130 2601 spectabit,
1149 2556 1181 2589 iu
1207 2557 1356 2590 omnibus
1375 2562 1407 2590 et
1422 2568 1480 2602 per
1505 2557 1612 2590 omnia
1628 2559 1697 2602 ple-

1698 190 1751 215 An.
1774 188 1802 215 C.
1823 189 1890 215 1079

1731 2300 1849 2321 Clausulas.
