2111 3157
35 199 86 226 An.
104 199 133 227 C.
156 199 221 227 ¹079

59 1729 87 1749 De
108 1729 213 1748 amotione

31 1757 51 1775 et
61 1755 172 1775 resistentia
185 1761 191 1773 1
199 1761 213 1773 ι-

31 1786 136 1801 tarmrnm
158 1786 212 1807 pri-›-

31 1813 84 1828 rum.

817 202 1030 227 muocsnrms
1052 204 1083 227 x1
1108 203 1156 228 1³1³.
1631 193 1657 225 ⁴t.

224 249 406 284 nullitatem
431 250 482 284 vel
507 250 693 284 iniustitiam
728 251 901 291 notoriam,
920 261 956 283 ac

226 303 322 335 etiam
346 303 452 346 quoad
471 304 601 346 spoliati
625 303 878 343 restitutionem,
905 314 956 336 us-

226 366 288 399 que
320 357 360 389 ad
390 357 583 390 sententiam
616 356 834 396 definitivam,
861 360 957 399 prout

225 408 304 441 iuris
329 409 434 449 suerit,
453 409 630 452 procedere
648 409 778 442 omnino
797 413 953 447 teneatur;

226 461 314 504 quod
336 461 431 493 etiam
447 460 479 493 in
498 461 591 493 simili
618 465 734 493 eventu
752 471 812 502 per
832 465 956 503 patrem

225 513 447 556 presidentem
473 518 504 545 et
523 513 646 546 iudices
665 523 831 545 causarum
852 513 955 544 saecrc

225 575 319 608 posse
345 565 556 597 declaramus.
579 564 720 607 Magistri
742 570 907 607 praeterea
925 569 957 596 et

225 617 431 660 praesentati,
447 618 547 649 semel
573 627 589 648 a
609 617 774 659 provincia
790 616 954 659 acceptati,

225 669 375 712 gradibus
399 669 574 711 magisterii
598 671 648 702 vel
673 674 953 712 praesentaturae,

224 731 279 754 seu
304 720 412 763 aliquo
439 731 475 753 ex
502 731 615 753 coram
650 721 839 764 privilegiis,
866 722 954 754 nullo

224 774 320 806 modo
352 773 478 816 possint
512 774 667 816 suspendi
690 775 739 806 vel
764 773 876 817 privati
902 775 956 807 de-

225 826 347 865 clarari,
373 826 433 858 nisi
459 831 593 869 propter
610 837 699 859 casus
717 827 877 859 dumtaxat
898 838 954 869 pro

225 889 339 912 eorum
372 878 553 921 privatione
589 880 636 912 vel
673 879 884 922 suspensione
923 880 952 911 in

225 931 510 964 constitutionibus
535 942 717 974 emrossos,
744 937 775 964 et
798 943 858 975 per
883 943 954 965 sen-

225 979 358 1016 tentiam
376 995 393 1016 a
411 984 594 1016 definitorio
613 984 743 1027 capituli
763 985 872 1017 saltem
892 985 954 1027 pri-

224 1037 300 1076 vati,
317 1036 395 1068 iuris
408 1037 520 1069 ordine
540 1041 676 1075 servato,
694 1037 919 1080 proferendam
932 1037 952 1077 ¹;

225 1094 265 1127 et,
284 1089 310 1121 si
335 1089 531 1121 contrarium
549 1100 645 1132 super
671 1090 721 1122 his
748 1089 814 1121 fieri
841 1091 889 1122 vel
911 1095 955 1121 at-

225 1141 340 1174 tentari
366 1141 558 1183 contigerit,
585 1146 686 1174 totum
711 1142 752 1173 sit
775 1141 899 1174 irritum
925 1148 955 1174 et

223 1193 319 1226 inane
343 1193 414 1237 ipso
440 1194 522 1226 facto
547 1199 578 1226 et
610 1194 729 1236 absque
756 1194 817 1226 alia
842 1194 951 1227 decla-

224 1245 362 1278 ratione.
383 1245 519 1278 Praesati
548 1246 680 1288 insuper
694 1246 836 1288 magistri
855 1258 870 1278 a
888 1257 955 1289 pro-

223 1297 326 1329 vincia
352 1298 507 1340 acceptati
540 1299 659 1341 (quoad
687 1299 886 1331 habilitatem
917 1300 953 1331 ad

223 1349 361 1382 officium
385 1350 635 1392 provincialatus
663 1352 785 1394 absque
811 1361 848 1383 co
870 1352 953 1393 quod

224 1406 440 1435 conventuum
453 1403 580 1446 priores
595 1403 768 1446 aliquando
782 1403 954 1443 extiterint,

224 1455 453 1489 confirmantes
489 1461 521 1487 et
545 1455 734 1489 innovantes
765 1457 955 1489 declaratio-

223 1517 282 1540 nes
300 1508 557 1541 reverendissimi
574 1509 749 1541 Valvasorii
768 1510 955 1552 praedeces-

223 1560 303 1593 soris
323 1561 453 1602 nostri),
481 1572 518 1594 eo
541 1562 624 1604 quod
647 1573 760 1594 omnes
780 1568 850 1594 actu
868 1563 954 1604 lege-

223 1612 288 1645 rint
311 1619 343 1646 et
366 1614 545 1654 docuerint,
580 1614 750 1657 privilegio
773 1615 954 1657 regentium

224 1665 386 1706 gaudeant
409 1671 440 1698 et
464 1666 640 1708 potiantur.

267 1727 330 1750 xxi.
351 1717 463 1750 Vicarii
488 1719 623 1760 priores,
644 1719 696 1761 qui
716 1720 788 1752 lot-o
811 1719 954 1762 priorum

222 1771 271 1803 vel
297 1770 489 1803 vicariorum
516 1771 692 1804 titularium
712 1782 782 1803 cum
802 1777 887 1810 voto,
907 1773 954 1803 vel

224 1827 297 1855 ante
320 1823 369 1855 vel
394 1827 467 1866 post
491 1824 777 1865 congregationem
810 1824 955 1856 interme-

225 1875 321 1914 diam,
346 1875 594 1917 quomodolibet
619 1876 784 1917 cliguntur
808 1878 855 1909 vcl
882 1888 956 1919 pro-

223 1928 382 1966 videntur,
404 1929 493 1961 nullo
514 1929 609 1962 modo
634 1929 672 1961 ad
701 1929 824 1961 libitum
853 1938 956 1961 remo-

223 1981 289 2013 veri
314 1980 462 2023 possint·,
489 1981 556 2021 sed,
575 1981 599 2013 si
622 1981 738 2014 motiva
762 1981 867 2014 adsint
893 1982 956 2024 pri-

223 2034 362 2066 vationis
393 2035 441 2066 vel
475 2035 723 2075 declarationis,
755 2041 867 2067 contra
899 2045 955 2067 cos

225 2087 465 2129 procedendum
501 2098 572 2121 esse
605 2088 806 2121 declaramus
842 2089 955 2121 eodem

225 2141 323 2174 modo
347 2146 379 2173 et
403 2140 503 2173 forma
527 2141 734 2184 praescriptis
754 2142 785 2173 in
804 2142 956 2174 constitu-

224 2193 376 2233 tionibus⁷
402 2198 484 2236 part.
512 2203 560 2233 111,
588 2203 656 2236 cap.
676 2194 774 2237 xtu,§
799 2194 849 2233 17,
872 2199 904 2227 et
923 2194 955 2226 in

223 2244 354 2278 decreto
379 2246 436 2278 sub
464 2256 552 2278 num.
579 2256 651 2279 xx1v
675 2246 886 2289 insi-aposito;
913 2247 955 2278 ir-

222 2297 318 2330 ritum
339 2308 375 2330 ac
398 2297 493 2330 inane
518 2298 588 2340 ipso
614 2298 695 2330 sacto
709 2304 741 2331 et
757 2298 876 2342 absque
894 2299 956 2331 alia

223 2350 439 2382 declaratione
454 2350 680 2390 decernentes,
693 2351 849 2394 quidquid
862 2361 954 2383 secus

223 2401 292 2435 sieri
318 2404 366 2436 vel
388 2403 537 2435 attentari
563 2403 747 2445 contigerit.

268 2455 458 2489 Innovantes
490 2455 684 2499 propterea2
707 2462 739 2489 et
762 2457 954 2500 ampliantes

262 2525 271 2551 1
291 2524 359 2551 Edit.
376 2525 443 2551 Matn
472 2526 533 2560 legit
546 2527 751 2559 proferendum
770 2528 808 2559 (R.
824 2528 872 2560 T.).

260 2567 275 2596 2
295 2567 393 2595 Forsan
406 2572 556 2604 praeterea
575 2569 717 2605 tegendum
731 2571 770 2605 (n.
787 2571 834 2605 τ.).

1653 192 1693 224 ⁵0

998 251 1165 284 decretum
1203 251 1462 284 reverendissimi
1504 251 1730 284 Lausranconii

997 313 1056 346 pro
1071 304 1183 336 eadem
1198 304 1364 347 provincia
1374 303 1518 341 Quitensi
1533 309 1728 343 emanatum,

997 356 1213 399 praecipimus
1245 357 1394 389 omnibus
1425 362 1457 389 ct
1481 356 1617 399 singulis
1643 356 1731 399 prio-

998 408 1087 440 ribus
1112 414 1144 440 ct
1168 409 1294 441 vicariis
1327 409 1491 452 prioribus
1525 409 1556 441 in
1591 409 1730 452 capitulo

999 460 1185 501 provinciali
1205 471 1260 493 seu
1279 462 1355 493 alias
1370 461 1495 495 aleatis¹
1517 462 1565 494 vel
1583 461 1729 504 provisis,

997 512 1056 543 sub
1082 512 1196 554 poeuis
1221 513 1409 554 privationis
1432 514 1669 556 praedictorum
1688 513 1730 545 os-

998 563 1141 595 ticiorum
1166 575 1200 596 ac
1226 565 1438 598 inhabilitatis
1470 566 1508 598 ad
1535 566 1589 598 illa
1615 573 1645 599 ct
1668 566 1730 598 alia

998 615 1210 658 imposterum
1245 627 1303 659 per
1338 617 1607 660 quinquiennium
1647 619 1730 650 obti-

998 668 1114 707 uenda,
1142 674 1177 700 ut
1200 668 1231 700 in
1257 669 1475 708 conventibus,
1502 669 1655 701 doctrinis
1680 671 1729 702 vel

998 720 1148 762 praediis,
1163 732 1223 764 pro
1248 721 1362 763 quibus
1388 727 1462 753 suut
1479 722 1570 754 electi
1591 723 1638 754 vcl
1656 733 1730 765 pro-

999 772 1065 812 visi,
1093 773 1132 805 ad
1172 773 1406 816 praescriptum
1445 774 1727 815 constitutionum,

997 830 1079 867 part.
1107 836 1151 862 111,
1179 836 1249 868 cap.
1270 836 1336 865 xtu,
1355 825 1369 867 ξ
1387 825 1416 863 9,
1435 825 1566 858 omnino
1587 826 1729 859 residere

999 881 1183 917 tcucantur;
1204 882 1360 920 paterque
1380 877 1586 920 provincialis
1605 889 1659 911 seu
1681 890 1730 911 rc-

997 930 1264 972 ctorprovineiae
1283 931 1330 962 vel
1350 929 1446 962 alias³
1465 930 1660 973 quicumque
1680 942 1731 962 su-

997 982 1113 1024 perior,
1133 982 1190 1013 sub
1212 984 1317 1025 poena
1348 982 1536 1025 privationis
1564 983 1729 1025 utriusque

997 1034 1083 1066 vocis
1108 1046 1168 1078 per
1196 1035 1453 1078 quinquennium
1479 1035 1549 1078 ipso
1575 1036 1656 1068 sacto
1682 1035 1730 1067 in-

997 1088 1166 1127 currenda,
1181 1087 1301 1120 eisdem
1323 1089 1370 1120 vel
1392 1088 1485 1120 alicui
1504 1099 1617 1121 corum
1637 1089 1728 1121 nullo

998 1140 1093 1172 modo
1130 1140 1338 1173 residentiam
1366 1140 1564 1182 impediant,
1591 1141 1647 1173 sed
1675 1152 1730 1174 eos

998 1192 1035 1223 ad
1062 1192 1105 1224 ita
1136 1193 1342 1225 residendum
1378 1204 1450 1225 cum
1481 1193 1595 1226 effectu
1620 1205 1730 1237 respc—

998 1245 1078 1276 rtire
1112 1246 1328 1287 compcl!ant;
1357 1250 1396 1284 et,
1423 1256 1492 1277 rum
1519 1246 1647 1288 priores
1672 1257 1727 1278 seu

999 1296 1102 1328 vicarii
1121 1297 1247 1339 primes
1268 1297 1305 1329 ad
1334 1298 1510 1339 capitulum
1529 1298 1728 1340 provinciale

998 1348 1043 1380 ire
1068 1349 1204 1385 debent,
1230 1349 1414 1392 praedictus
1440 1350 1648 1392 provincialis
1674 1362 1729 1383 scu

999 1406 1106 1433 rector
1119 1401 1314 1444 provinciae,
1333 1402 1392 1433 sub
1413 1403 1524 1434 cadem
1544 1405 1649 1445 poena
1666 1403 1731 1446 pri-

997 1453 1142 1491 vationis,
1161 1454 1199 1486 de.
1224 1453 1348 1486 vicariis
1375 1454 1427 1496 qui
1447 1455 1657 1487 conventibus
1682 1454 1730 1486 iu-

998 1506 1089 1537 terim
1115 1507 1278 1548 praesint,
1303 1514 1437 1550 excepto
1473 1508 1568 1540 unico
1595 1518 1669 1540 casu
1696 1508 1729 1540 in

997 1559 1279 1591 constitutionibus
1297 1570 1458 1602 expresso,
1478 1565 1559 1603 part.
1576 1570 1621 1598 111,
1636 1571 1664 1592 c.
1680 1571 1730 1600 xx,

996 1612 1010 1653 ξ
1040 1611 1065 1648 1,
1089 1613 1177 1644 1111110
1210 1613 1303 1644 modo
1331 1613 1540 1655 providcaut3
1567 1614 1635 1652 sed,
1656 1624 1731 1645 cou-

999 1665 1143 1697 t'oriuiter
1160 1666 1196 1697 ad
1214 1666 1459 1708 disposition-uu
1475 1667 1620 1699 eiusdem
1636 1678 1663 1699 c.
1682 1678 1730 1706 xx,

997 1717 1021 1749 si
1050 1718 1204 1759 praedicti
1230 1724 1407 1750 conventus
1437 1719 1637 1762 superiorem
1664 1730 1727 1751 nou

999 1770 1191 1809 habuerint,
1217 1771 1327 1803 vicarii
1361 1771 1544 1813 eligantur,
1582 1782 1651 1811 ner,
1670 1772 1729 1803 sub

998 1823 1109 1855 eada-m
1140 1826 1243 1866 poena
1269 1824 1477 1867 privationis,
1503 1824 1727 1857 auctoritatem

997 1881 1029 1907 ct.
1065 1876 1255 1917 guberuium
1297 1876 1519 1909 interiit-'trium
1552 1877 1730 1920 superioris

998 1930 1045 1960 vel
1083 1929 1113 1961 in
1147 1929 1215 1961 eius
1252 1929 1434 1962 deficientia
1464 1930 1643 1973 praedictas
1668 1931 1732 1963 cle-

997 1982 1120 2014 ctiones
1145 1984 1272 2015 valeant
1296 1983 1466 2026 impedire,
1486 1985 1534 2016 vel
1560 1994 1653 2015 secus
1679 1994 1730 2015 su-

997 2044 1056 2077 per
1081 2035 1130 2066 his
1155 2036 1267 2077 quovis
1285 2036 1381 2067 modo
1399 2036 1538 2068 audeant
1557 2040 1728 2068 attentare.

1040 2098 1116 2120 xxtt.
1143 2087 1415 2131 Quotiescumque
1449 2089 1533 2120 iuxta
1565 2089 1727 2131 praescri-

997 2145 1086 2182 ptum
1105 2147 1285 2173 nostrarum
1301 2141 1567 2173 constitutionum
1582 2142 1731 2184 superior

998 2194 1107 2226 localis
1132 2194 1169 2226 ad
1195 2194 1335 2236 aliquam
1353 2204 1479 2226 causam
1497 2195 1545 2226 vel
1564 2194 1730 2235 negotium

997 2247 1255 2288 pertractandum
1282 2246 1426 2289 patribus
1446 2247 1572 2279 consilii
1603 2247 1647 2279 uti
1674 2248 1731 2279 de-

997 2300 1048 2330 het
1070 2298 1169 2341 (iuter
1187 2309 1266 2341 quos
1284 2308 1412 2340 semper
1430 2300 1656 2331 connumerari
1676 2300 1731 2332 de-

997 2351 1071 2384 bere
1098 2352 1297 2383 declaramus
1322 2356 1354 2383 et
1370 2351 1586 2394 praecipimus
1605 2352 1730 2385 studio-

996 2415 1063 2436 rum
1089 2409 1238 2445 regentcs
1265 2407 1296 2435 et
1321 2405 1458 2436 lectores
1475 2414 1583 2437 sacrae
1603 2405 1727 2437 theoto-

996 2456 1063 2499 giae
1089 2461 1120 2488 et
1144 2455 1259 2487 artium
1281 2461 1343 2488 tam
1369 2457 1508 2488 actuales
1533 2466 1627 2499 quam
1647 2456 1730 2488 iubi-

1032 2528 1041 2552 1
1066 2526 1135 2560 Lege
1157 2526 1246 2559 potius
1266 2526 1361 2552 electis
1381 2526 1417 2559 (n.
1431 2526 1479 2558 Τ.>,

1030 2570 1046 2596 2
1065 2570 1164 2598 Forsan
1183 2570 1259 2597 alius
1279 2578 1326 2606 pro
1346 2570 1420 2596 alias
1440 2574 1477 2606 tn.
1495 2569 1545 2606 T.)-

1740 205 1789 229 Au.
1811 204 1839 230 C.
1860 204 1923 230 tti'is)

1783 2094 1811 2113 De
1829 2095 1924 2120 pau-ihus

1742 2121 1882 2144 convocantis
1898 2122 1924 2141 ad

1742 2149 1825 2171 neg-itta
1849 2153 1925 2167 roenn-

1742 2174 1770 2193 tat
1794 2175 1925 2199 pertractan-

1742 2200 1776 2220 tld.
