2111 3157
171 193 219 220 An.
237 193 267 221 o.
290 192 356 219 1070
402 182 466 216 166

212 1099 287 1117 l'reres
308 1103 354 1123 pro-

171 1128 274 1144 curatoris
307 1131 353 1150 priv

171 1157 261 1171 Vinci-48.

201 1784 276 1804 (imnis
289 1783 356 1803 relata

175 1811 261 1830 (tw-rem
283 1811 356 1830 emutir-

173 1841 264 1858 mautur-

364 247 431 275 tuta
455 247 484 274 et
511 240 765 278 declarationes,
791 247 872 282 quae
897 246 1024 280 semper
1047 235 1100 267 lir—

362 307 423 334 ma,
450 295 555 328 valida
581 300 610 327 et
636 293 779 326 efficacia
804 302 875 324 esse
898 290 1099 324 decernimus

363 354 395 381 et
420 349 626 385 declaramus,
645 346 682 378 de
698 344 917 388 subreptionis
941 344 989 376 vel
1008 343 1101 376 obre—

363 402 495 446 ptionis,
522 401 569 432 vel
596 399 659 432 alio
695 398 806 442 quovis
832 399 978 436 delectu,
1005 397 1099 430 etiam

363 453 555 486 intentionis
575 458 714 490 nostrae,
732 461 827 484 nemo
846 451 939 483 uobis
955 451 1098 489 inferior,

363 508 422 539 sub
438 507 553 538 iisdem
573 505 687 547 poenis
704 510 732 538 et
757 504 1098 541 exeonimunieatione,

364 565 475 592 notare
501 559 634 597 audeat·,
653 558 764 600 sicque
783 558 814 589 in
839 557 1024 600 praemissis
1044 567 1101 600 per

364 623 585 656 (pioscumque
626 612 811 654 praedictae
847 611 1031 654 provinciae
1070 616 1099 643 et

363 666 493 699 Ordinis
520 665 620 697 nostri
646 663 770 697 iudices
796 670 824 695 et
851 664 1034 707 superiores
1052 674 1102 695 or-

365 718 509 751 dinarios
531 723 559 750 et
583 718 749 759 delegatos
771 716 905 748 iudicari
925 721 955 748 et
974 715 1099 748 definiri

364 771 504 809 debere,
531 780 565 801 ac
592 770 716 801 irritum
742 774 773 801 et
800 769 894 800 inane
920 768 990 811 ipso
1019 768 1101 799 sacto

365 829 397 855 et
417 823 539 865 absque
561 822 622 854 alia
641 821 863 854 declaratione
889 821 1102 852 decernentes

365 882 395 908 et
428 877 653 914 declarantes,
680 875 704 906 si
744 885 838 905 secus
875 884 974 916 super
1005 873 1054 905 liis
1086 884 1100 904 a

365 939 526 971 quoquam
554 928 646 960 nobis
673 927 831 965 interiori,
858 927 969 968 quavis
993 931 1102 957 aueto-

364 982 468 1018 ritate,
497 980 636 1011 scienter
660 981 709 1012 rel
736 980 932 1021 ignorenter‚
959 978 1026 1010 fieri
1051 979 1100 1010 vel

365 1033 514 1066 attentari
541 1033 715 1074 contigerit
741 1045 771 1064 i».

409 1088 423 1130 ἓ
448 1086 478 1118 Q.
507 1086 581 1119 Cum
608 1092 724 1121 autem,
743 1086 823 1117 sit-ut
842 1086 954 1117 eadem
974 1085 1102 1127 exposi-

367 1140 409 1171 tio
434 1138 663 1179 subiungebat,
691 1139 832 1176 decreta,
858 1142 987 1176 statuta,
1016 1136 1103 1169 ordi-

365 1192 514 1224 nationes
536 1196 567 1223 et.
592 1191 838 1229 declarationes,
861 1190 988 1232 aliaque
1014 1200 1103 1232 prae-

365 1246 470 1285 missa,
498 1245 583 1276 bono
610 1244 758 1286 regimini
777 1254 813 1275 ac
833 1243 1053 1275 resormationi
1074 1249 1103 1275 et

366 1297 590 1340 tranquillitati
610 1296 792 1339 praedictae
813 1296 997 1338 provinciae
1012 1296 1103 1329 valde

366 1351 459 1383 utilia
489 1350 570 1387 siut,
610 1349 750 1381 tirniiora
785 1359 859 1381 vero
893 1349 1032 1380 existant
1068 1359 1101 1381 ea

367 1404 483 1447 quibus
508 1402 710 1445 Apostolicae
736 1402 828 1434 Sedis
854 1402 979 1434 aceedit
1003 1408 1103 1434 aucto-

366 1458 462 1489 ritas:
482 1456 576 1488 nobis
603 1461 777 1498 propterca
794 1454 897 1487 dictus
915 1455 1102 1487 Franciseus

366 1515 566 1553 procurator,
587 1509 681 1541 etiam
701 1508 830 1540 nomine
849 1508 951 1540 dictae
977 1508 1105 1550 provin-

367 1563 456 1602 ciae,
492 1562 661 1594 humiliter
696 1561 872 1603 supplicari
907 1560 980 1593 feeit
1005 1566 1040 1592 ut
1072 1561 1102 1593 in

367 1614 555 1658 praemissis
592 1620 774 1656 opportune
808 1614 981 1656 providere
1015 1618 1047 1645 et
1070 1619 1105 1645 ut

368 1669 450 1700 insra
475 1669 646 1709 indulgere
679 1668 718 1700 de
749 1667 949 1710 benignitate
975 1672 1105 1710 aposto-

368 1722 430 1754 lica
455 1721 674 1763 dignaremur.

412 1777 426 1817 ,ξ
441 1774 470 1808 3
488 1774 549 1807 Nos
565 1773 671 1816 igitur,
684 1774 790 1816 ipsum
805 1774 1011 1806 Franciscuin
1031 1785 1105 1817 pro-

369 1833 552 1860 curatorem
579 1827 727 1869 specialis
754 1828 861 1859 favore
888 1828 1009 1869 gratiae
1037 1838 1105 1870 pro-

368 1881 459 1924 sequi
485 1882 640 1917 volentes,
661 1890 796 1922 eumque
824 1891 839 1911 a
865 1880 1029 1922 quibusvis
1053 1892 1106 1913 ex-

368 1933 697 1972 communicationis,
735 1933 957 1975 suspensionis
994 1939 1025 1965 et
1058 1934 1106 1966 iu-

369 1987 507 2025 terdicti‚
534 1986 671 2028 aliisque
690 1986 917 2018 ecclesiasticis
938 1987 1106 2019 sententiis

369 2039 515 2071 censuris
542 2045 573 2071 et
604 2038 737 2081 poenis,
765 2049 781 2070 a
807 2038 876 2071 iure
908 2040 956 2070 vel
989 2038 1028 2070 ab
1050 2030 1110 2071 lio-¹

369 2093 466 2131 mine,
493 2092 602 2134 quavis
628 2091 799 2124 occasione
830 2092 877 2123 vel
904 2093 999 2124 causa
1024 2091 1105 2132 latis,

370 2146 393 2178 si
420 2146 535 2189 quibus
562 2145 812 2188 quomodolibet
842 2145 1015 2177 innodatus
1044 2145 1107 2178 exi-

370 2199 434 2237 stit,
457 2200 493 2231 ad
520 2198 669 2230 ellectum
694 2198 916 2241 praesentium
942 2199 1107 2231 dumtaxat

370 2252 644 2294 consequendum,
660 2251 774 2283 barum
793 2251 876 2284 serie
901 2252 1105 2284 absolventes

370 2311 401 2337 et
425 2306 603 2337 absolutum
626 2306 693 2336 sore
719 2310 900 2344 censentes,
920 2305 1104 2337 huiusmodi

370 2357 665 2400 supplicationibus
697 2357 854 2395 inclinati,
875 2358 914 2389 de
938 2358 1106 2390 venerabi-

370 2411 448 2444 lium
475 2410 610 2441 fratrum
637 2415 824 2443 nostrorum
850 2410 881 2443 S.
910 2410 947 2442 R.
975 2410 1008 2442 E.
1040 2422 1107 2443 ear-

371 2453 527 2496 diualiuui
567 2463 704 2504 negotiis
744 2469 775 2495 et
812 2464 1105 2497 consultationibus

372 2516 598 2560 episcoporum
628 2522 659 2548 et
684 2517 878 2557 regularium
905 2517 1107 2560 praeposito-

372 2579 442 2602 rum
467 2569 613 2610 consilio,
633 2569 739 2602 omnia
765 2575 796 2603 et
820 2570 947 2613 singula
965 2571 1104 2612 decreta,

941 186 1121 211 nummum
1144 184 1296 210 ROMANUM

1141 239 1271 275 statuta,
1296 233 1522 267 ordinationes
1537 239 1568 266 et
1587 233 1824 267 declarationes
1842 245 1879 267 ac

1141 288 1294 321 articulos
1319 292 1351 320 et
1375 288 1513 331 capitula
1537 288 1753 331 praeinserta‚
1774 293 1879 321 aucto-

1141 340 1234 374 ritate
1266 341 1456 384 apostolica,
1486 347 1596 374 tenore
1635 341 1876 384 praesentium,

1142 394 1369 427 confirmamus
1408 399 1440 427 et
1478 394 1719 437 approbamus,
1750 394 1877 438 illisque

1142 446 1338 480 inviolabilis
1363 447 1560 490 apostolicae
1587 447 1748 480 firmitatis
1778 448 1879 480 robur

1143 500 1331 538 adiicimus,
1356 511 1390 532 ae
1417 511 1529 533 omues
1562 505 1593 533 et
1629 501 1775 543 singulos
1800 500 1879 533 iuris

1144 557 1175 584 et
1199 553 1273 584 sacti
1298 553 1456 593 desectus,
1480 553 1574 586 etiam
1593 553 1835 593 substantiales,
1852 553 1879 586 si

1144 605 1196 647 qui
1216 606 1358 648 desuper
1371 606 1617 649 quomodolibet
1633 607 1878 647 intervenerint,

1143 659 1345 701 supplemus3
1372 660 1459 691 salva
1492 664 1597 691 tamen
1631 659 1662 691 in
1692 659 1880 702 praemissis

1144 711 1338 743 auctoritate
1379 711 1648 754 Congregationis
1691 712 1881 746 eorumdem

1143 764 1371 797 cardinalium.
1742 803 1745 806 Α

1188 818 1201 860 g
1226 818 1258 850 4.
1278 818 1497 851 Decernentes
1517 819 1600 862 ipsas
1622 824 1812 862 praesentes
1828 819 1881 852 lit-

1145 876 1228 903 teras
1254 882 1382 914 semper
1407 872 1522 911 firmas,
1541 872 1662 905 validas
1684 877 1716 905 et
1733 871 1881 906 efficaces

1145 924 1283 957 existere
1316 931 1348 957 et
1373 925 1460 965 sore,
1487 936 1630 969 suosque
1656 925 1823 969 plenarios
1849 931 1882 959 et

1144 977 1290 1019 integros
1315 977 1446 1011 euticius
1471 979 1579 1011 sortiri
1602 985 1632 1011 et
1657 979 1819 1018 obtinere,
1844 990 1881 1012 ao

1145 1030 1229 1069 illis,
1256 1031 1295 1062 ad
1330 1041 1409 1073 quos
1440 1037 1563 1074 spectat
1596 1037 1627 1064 et
1650 1043 1711 1075 pro
1735 1039 1881 1075 tempore

1145 1083 1416 1126 quandocumque
1433 1084 1599 1126 spectabit,
1622 1085 1654 1116 in
1680 1085 1829 1117 omnibus
1851 1089 1882 1117 et

1145 1146 1203 1178 per
1228 1136 1337 1168 onmia
1362 1137 1549 1180 plenissime
1574 1137 1759 1180 suffragari,
1786 1143 1818 1171 et
1841 1138 1881 1170 ab

1145 1189 1190 1221 eis
1220 1190 1399 1232 respective
1432 1191 1665 1224 inviolabiliter
1689 1191 1878 1231 observari,

1145 1242 1255 1285 sieque
1290 1243 1320 1274 in
1354 1244 1542 1286 praemissis
1575 1255 1634 1287 per
1659 1255 1882 1288 quoscumque

1145 1295 1267 1327 iudices
1293 1295 1475 1329 ordinarios
1510 1303 1540 1329 et
1571 1298 1759 1340 delegatos,
1786 1297 1884 1330 etiam

1145 1358 1313 1381 causarum
1349 1350 1459 1392 palatii
1496 1351 1668 1393 apostolici
1703 1350 1884 1391 auditores,

1145 1401 1280 1434 iudicari
1316 1408 1347 1434 et
1372 1403 1498 1435 deffiniri
1529 1403 1667 1443 debere,
1694 1414 1731 1436 ac
1755 1403 1885 1435 irritum

1146 1459 1177 1486 et
1200 1455 1295 1487 inane
1321 1455 1346 1487 si
1371 1467 1463 1488 secus
1486 1467 1584 1499 super
1603 1457 1653 1489 his
1670 1467 1688 1489 a
1709 1467 1882 1500 quoquam,

1146 1508 1256 1550 quavis
1275 1509 1474 1548 auctoritate,
1502 1510 1644 1543 scienter
1666 1511 1713 1543 vel
1731 1511 1885 1553 ignoran-

1147 1567 1205 1600 ter,
1224 1562 1399 1604 contigerit
1416 1564 1579 1596 attentari.

1191 1614 1204 1657 ξ
1233 1615 1263 1647 5.
1291 1615 1359 1648 Non
1386 1616 1588 1649 obstantibus
1620 1617 1816 1660 praemissis,
1849 1627 1885 1649 ac

1148 1668 1433 1701 constitutionibus
1461 1674 1492 1701 ct
1519 1670 1776 1703 ordinationibus
1808 1680 1886 1714 apo-

1147 1721 1283 1761 stolicis,
1299 1732 1425 1754 necnon
1446 1724 1687 1765 praedictorum
1707 1723 1835 1756 Ordinis
1855 1728 1887 1757 et

1148 1774 1342 1816 provinciae,
1365 1775 1474 1807 aliisve
1493 1775 1669 1818 quibusvis,
1689 1776 1785 1809 etiam
1803 1776 1887 1809 iura-

1147 1832 1267 1867 mento,
1283 1827 1529 1862 confirmatione
1542 1830 1727 1871 apostolica,
1743 1830 1793 1863 vel
1812 1840 1887 1872 qua·

1147 1880 1193 1911 vis
1228 1879 1377 1913 firmitate
1408 1881 1469 1913 alia
1498 1882 1678 1923 roboratis,
1704 1883 1829 1915 statutis
1855 1887 1886 1915 et

1149 1934 1452 1973 consuetmtinibus,
1480 1934 1658 1977 privilegiis
1683 1946 1814 1978 quoque
1838 1935 1886 1968 in-

1149 1987 1245 2019 dultis
1279 1992 1310 2019 et
1342 1987 1457 2019 litteris
1489 1988 1677 2030 apostolicis
1702 1988 1734 2020 in
1760 1994 1887 2021 eontra-

1149 2040 1232 2071 rium
1258 2040 1508 2083 praemissorum
1539 2041 1785 2084 quomodolibet
1808 2051 1886 2074 eon-

1149 2093 1261 2133 cessis,
1286 2093 1483 2126 confirmatis
1510 2099 1541 2127 et
1566 2095 1740 2137 innovatis3
1768 2095 1884 2138 quibus

1149 2147 1298 2179 omnibus
1335 2153 1366 2179 et
1395 2147 1552 2190 singulIS,
1590 2149 1721 2182 illorum
1755 2154 1883 2181 tenores

1148 2200 1372 2241 praesentibus
1406 2210 1465 2242 pro
1494 2201 1589 2243 plene
1622 2206 1653 2233 et
1683 2200 1883 2233 sufficienter

1150 2253 1309 2295 expressis
1326 2258 1356 2285 et
1379 2253 1510 2286 insertis
1536 2254 1703 2294 habentes,
1722 2254 1785 2287 illis
1804 2254 1883 2286 alitis

1149 2306 1180 2338 in
1207 2317 1264 2339 suo
1295 2307 1412 2340 robore
1446 2308 1689 2350 permansuris,
1717 2309 1755 2341 ad
1788 2318 1883 2351 prae-

1150 2360 1319 2392 missorum
1346 2359 1505 2400 effectum,
1531 2361 1591 2393 liae
1616 2361 1683 2393 vice
1710 2361 1882 2402 dumtaxat,

1148 2413 1331 2456 specialiter
1357 2419 1388 2446 et
1412 2424 1562 2457 expresse
1593 2414 1803 2457 derogamus,
1829 2425 1883 2447 ce-

1149 2466 1292 2508 terisque
1319 2467 1489 2499 contrariis
1515 2467 1782 2511 quibuscumque.

1192 2519 1206 2561 g
1236 2519 1266 2552 e.
1303 2520 1454 2552 volumus
1491 2526 1595 2553 autom
1625 2526 1660 2552 ut.
1693 2523 1880 2555 earumdem

1148 2572 1366 2615 praesentium
1389 2573 1567 2605 litterarum
1587 2575 1805 2619 transumptis,
1824 2586 1881 2610 seu

1881 184 1928 213 An.
1950 184 1979 213 C.
2001 185 2068 216 1679

1919 831 2039 852 Clausutae.

1920 1624 2076 1646 Contrariorum

1895 1651 2012 1677 derogatio.

1932 2524 1994 2545 Fides
2018 2525 2032 2544 14
2038 2528 2078 2544 nu·
2090 2512 2093 2515 .

1893 2555 2030 2579 sumpturum.
