2111 3157
19 219 23 223 ν
50 204 100 231 ΑΒ.
119 202 148 231 C.
167 201 235 230 ¹680

238 252 388 288 firmatio.
408 255 455 288 Ad
480 256 550 290 eius
573 257 658 290 enim
682 258 820 291 officium
846 264 969 302 spectat

239 305 505 350 Congregationis
522 310 651 352 negotia
663 315 800 344 tractare
819 311 849 343 in
867 311 966 350 Curia,

238 370 274 393 ex
292 360 498 395 definitorum
516 362 646 405 capituli
664 363 823 405 generalis
841 368 894 395 aut
913 374 968 406 pa·
987 373 989 377 ·

238 417 321 446 trum
352 414 518 457 regiminis
549 416 763 459 praescripto,
795 416 965 458 omniaque

237 467 277 500 ad
300 472 425 511 patrem
448 469 690 510 praesidentem
718 468 859 507 referre,
885 468 966 500 Con-

235 521 431 564 gregationis
448 522 517 555 iura
536 521 618 554 tueri
631 548 638 560 ‚
660 526 792 553 annatas
811 519 965 562 quinden

235 575 378 614 niorum,
405 579 549 618 quartam
573 578 698 616 partem
731 572 907 610 fructuum,
934 577 965 604 et

233 627 474 670 contingentem
499 631 622 669 partem
646 625 780 657 subsidii
805 624 959 667 quadrin—

232 686 403 724 gentorum
426 679 562 713 millium
587 683 750 711 scutorum
775 682 806 711 et
826 677 962 710 aliorum

231 733 394 773 omnium,
421 737 475 766 aut
499 732 577 765 alias
602 730 825 774 impositorum
850 736 904 763 aut
928 731 960 762 in

229 791 398 830 posterum
427 785 722 829 imponendorum,
755 788 787 817 et
817 794 958 816 annuum

228 850 362 874 censum
385 838 481 871 unius
498 838 567 871 auri
584 837 735 871 Gamerae
754 836 957 879 Apostolicae

227 893 260 926 in
284 893 365 926 sesto
389 892 434 926 Ss.
455 893 678 935 apostolorum
703 890 786 923 Petri
805 895 836 922 et
856 890 954 929 Pauli,

226 946 259 979 in
283 946 413 989 signum
436 949 612 988 perpetuae
640 943 798 977 libertatis
822 947 855 975 et
879 953 955 976 con-

225 997 416 1031 firmationis
461 997 706 1040 privilegiorum
742 1000 927 1028 nostrorum
945 1023 952 1035 ,

225 1051 397 1095 quotannis
428 1051 553 1084 solvere
578 1061 615 1083 ex
639 1049 787 1092 pecuniis
812 1049 873 1081 sibi
897 1059 955 1092 per

223 1103 422 1137 monasteria
453 1107 509 1136 aut
536 1112 596 1145 per
621 1106 826 1145 quaestorem
850 1106 954 1133 trans-

223 1156 338 1190 missis.

266 1220 309 1243 vt.
335 1209 380 1243 De
405 1209 522 1253 quibus
551 1208 600 1241 bis
631 1209 664 1241 in
690 1217 773 1241 anno
798 1207 954 1240 rationem

222 1262 360 1296 reddere
386 1267 534 1295 teneatur
558 1261 727 1294 abbatibus
750 1260 781 1293 S.
808 1260 896 1293 Pauli
914 1261 953 1293 de

222 1315 307 1348 Urbe
332 1320 363 1348 et
386 1315 417 1348 S.
445 1314 562 1347 Mariae
588 1314 627 1347 de
651 1313 751 1354 Farsa,
766 1323 837 1346 cum
861 1314 954 1346 assis-

221 1366 321 1400 tentia
344 1366 479 1399 alicuius
505 1365 715 1410 computistae
734 1376 751 1397 a
767 1365 952 1398 definitorio

221 1419 260 1452 ad
284 1419 366 1452 haec
390 1418 574 1461 specialiter
599 1417 789 1461 deputandi;
808 1418 950 1461 sciatque

219 1481 265 1512 se,
291 1471 317 1505 si
340 1471 374 1504 in
399 1471 460 1504 hoc
485 1481 626 1514 unquam
652 1470 814 1508 defecerit,
832 1481 849 1502 a
866 1471 950 1513 capi-

220 1526 288 1558 tulo
307 1524 462 1568 generali,
477 1525 528 1557 vel
546 1523 641 1556 etiam
659 1534 675 1556 a
692 1523 786 1561 dieta,
808 1523 950 1565 gravissi-

219 1587 270 1611 me
288 1577 488 1620 puniendum
502 1586 583 1609 esse.
602 1575 826 1608 visitatoribus
841 1576 947 1617 etiam,

219 1630 296 1663 dum
320 1629 553 1662 monasterium
577 1628 608 1661 S.
627 1628 717 1660 Pauli
743 1628 948 1669 visitaverint,

219 1683 304 1716 idem
328 1687 521 1725 procurator
538 1681 699 1723 generalis
724 1681 874 1713 ostendat
895 1692 950 1713 an-

217 1745 283 1770 nua
307 1744 384 1767 suae
408 1733 695 1766 administrationis
721 1739 885 1776 computa,
912 1735 949 1767 li-

217 1788 360 1830 brosque
386 1792 607 1830 computorum
632 1796 739 1818 secum
765 1786 887 1819 deseret
910 1787 948 1820 ad

218 1840 392 1884 capitulum
416 1840 565 1882 generale
591 1848 608 1870 a
633 1838 815 1871 definitorio
836 1845 949 1872 exacte

217 1892 499 1935 recognoscendos
524 1896 555 1924 et
580 1890 844 1936 subscribendo&

259 1956 316 1979 vn.
342 1945 473 1978 Interim
503 1954 579 1977 vero
614 1954 711 1986 capsa
739 1946 947 1987 procurariae

217 1999 376 2042 generalis
399 1999 488 2031 nullo
515 1997 611 2030 modo
637 1997 677 2029 sit
712 1998 795 2040 apud
820 2008 947 2042 compu-

216 2052 324 2085 tistam
347 2050 632 2094 Congregationis‚
657 2050 712 2083 sed
738 2051 823 2093 apud
853 2052 946 2085 aliam

215 2114 388 2148 personam
411 2103 475 2136 fide
498 2102 627 2145 dignam
652 2113 669 2134 a
693 2102 878 2137 definitorio
896 2105 948 2137 eli·

216 2157 375 2200 gendam;
401 2167 419 2189 a
443 2166 505 2199 qua
525 2157 622 2198 capsa
646 2157 839 2199 computista
856 2168 946 2200 prae-

216 2209 318 2242 dictus
350 2219 417 2242 non
450 2208 596 2241 extrahet
626 2218 783 2241 summam
807 2210 946 2253 aliquam

215 2261 327 2306 quovis
348 2261 440 2295 titulo
457 2261 642 2294 solvendam
659 2261 779 2304 absque
797 2263 946 2296 mandato

216 2324 234 2348 a
265 2319 357 2358 patre
388 2319 599 2357 procuratore
630 2315 774 2356 generali
805 2315 947 2349 subscri-

215 2373 286 2411 pto:
304 2367 337 2400 in
353 2377 427 2400 casu
444 2372 551 2401 autem
569 2367 765 2400 reductionis
781 2369 831 2401 vel
850 2369 946 2402 extin-

217 2420 332 2454 ctionis
349 2431 513 2461 censuum,
531 2420 713 2453 debitorum
738 2421 786 2454 vel
811 2421 945 2455 aliotum

214 2474 460 2517 particularium
484 2478 721 2517 computorum,
753 2475 945 2518 computista

216 2535 277 2569 pro
296 2533 450 2567 tempore,
475 2527 533 2560 sub
557 2529 662 2570 poena
687 2527 896 2570 depositionis
915 2535 945 2562 et

221 2578 437 2611 inhabilitatis
477 2578 515 2611 ad
556 2587 778 2621 quoscumque
820 2577 948 2620 gradus

817 210 1028 235 isacar-,was
1051 212 1078 235 xi
1105 198 1152 236 pis.

1011 259 1138 293 mittere
1163 265 1310 294 teneatur
1333 271 1446 295 eorum
1465 262 1659 305 exscriptum
1677 271 1745 295 mo-

1010 313 1167 353 nasteriis,
1197 315 1234 347 ad
1261 325 1342 357 quae
1368 314 1545 357 respective
1577 320 1744 358 spectave-

1011 365 1093 405 rint,
1120 367 1223 408 spatio
1248 367 1343 400 unius
1369 367 1499 400 mensis.

1053 428 1121 451 vtit.
1149 418 1260 451 Modus
1277 425 1382 451 autem
1404 419 1572 452 electionis
1594 420 1739 453 eiusdem

1008 471 1226 511 procuratoris
1251 473 1430 513 generalis,
1455 478 1553 515 prout
1581 472 1741 506 firmatum

1008 522 1065 554 suit
1084 523 1275 556 auctoritate
1293 526 1470 567 apostolica
1486 536 1545 568 per
1561 527 1660 559 Breve
1677 527 1740 560 Cle-

1007 575 1124 608 meutis
1149 576 1173 608 X
1199 577 1257 608 sub
1293 578 1400 610 datum
1438 579 1490 611 die
1525 589 1587 612 xxn
1611 581 1738 622 augusti

1005 637 1144 670 trinetxx,
1175 629 1235 661 erit
1255 629 1328 662 iste.
1354 630 1500 673 Eligatur
1525 632 1563 664 ab
1588 633 1738 667 universo

1005 680 1146 722 capitulo
1171 682 1316 723 generali
1334 692 1371 714 ex
1396 684 1545 716 omnibus
1570 686 1738 719 abbatibus

1004 732 1043 765 ad
1061 732 1093 765 id
1110 733 1265 772 muneris,
1283 738 1317 766 ut
1334 745 1430 777 supra
1448 736 1565 768 dictum
1586 742 1646 777 est,
1668 738 1738 771 ido-

1002 785 1081 826 neis,
1107 786 1161 828 qui
1187 796 1300 819 omnes
1326 787 1605 822 indiscriminatim
1630 790 1737 823 suffra-

1001 839 1060 881 giis
1086 839 1232 872 eiusdem
1247 839 1380 883 capituli
1400 842 1558 882 generalis
1579 843 1735 877 committi

1000 891 1129 924 debent.
1152 891 1207 925 Ille
1232 902 1307 926 vero
1326 903 1363 925 ex
1384 893 1564 933 abbatibus,
1587 894 1619 926 in
1637 905 1735 937 quem

996 945 1090 987 plvura
1109 950 1180 977 vota
1205 946 1439 985 consenserint,
1461 952 1630 979 censeatur
1649 948 1736 990 legi-;

998 998 1071 1030 time
1086 999 1207 1031 electus
1221 999 1253 1030 in
1268 1004 1521 1041 procuratorem
1540 994 1727 1041 generalem

997 1051 1130 1093 paribus
1156 1056 1261 1084 autem
1292 1052 1526 1095 apparentibus
1558 1051 1730 1095 suffragiis,

998 1104 1052 1146 qui
1069 1104 1252 1146 provectior
1265 1104 1297 1136 in
1311 1104 1471 1147 religione
1486 1105 1593 1145 suerit,
1614 1105 1640 1137 is
1656 1116 1732 1148 pro-

998 1162 1127 1189 curator
1141 1157 1201 1190 erit
1213 1157 1394 1189 habendus.
1410 1157 1520 1198 Porro,
1534 1158 1730 1202 quicumque

997 1209 1051 1241 ille
1069 1209 1116 1249 sit,
1138 1209 1271 1251 singulis
1292 1209 1324 1241 in
1349 1208 1497 1252 capitulis
1523 1210 1729 1252 generalibus

997 1262 1139 1294 omnium
1164 1266 1291 1305 patrum
1315 1262 1466 1295 scrutinio
1498 1262 1726 1303 submittatur,

996 1314 1109 1347 iterum
1133 1314 1167 1346 in
1192 1314 1277 1347 dicto
1295 1314 1400 1347 officio
1425 1325 1485 1358 per
1501 1315 1657 1348 maiorem
1674 1325 1727 1348 su-

995 1378 1051 1410 pra
1082 1367 1247 1400 dimidiam
1281 1377 1393 1400 vocum
1417 1372 1563 1410 partem,
1590 1367 1614 1400 si
1636 1373 1727 1411 aptus

996 1425 1145 1463 repertus
1171 1420 1277 1459 suerit,
1295 1420 1547 1452 confirmandus.

1038 1484 1079 1506 ix.
1108 1473 1296 1505 Advertatur
1319 1477 1497 1515 praetcrea,
1517 1473 1614 1515 quod,
1641 1474 1727 1507 iuxta

994 1526 1090 1558 Breve
1115 1525 1203 1558 Pauli
1227 1525 1262 1564 V,
1285 1535 1448 1567 nunquam
1470 1525 1568 1557 abbas
1585 1525 1616 1558 S.
1637 1525 1726 1559 Pauli

994 1579 1032 1611 de
1058 1579 1141 1611 Urbe
1164 1584 1192 1610 et
1218 1578 1386 1620 eligendus
1415 1578 1446 1610 in
1478 1583 1723 1620 procuratorem

993 1632 1058 1663 sint
1082 1642 1117 1664 ex
1152 1630 1359 1663 monasteriis
1387 1631 1573 1663 earumdem
1598 1631 1726 1673 provin-

993 1683 1122 1722 ciarum,
1141 1683 1196 1716 sed
1216 1683 1414 1716 diversarum
1440 1682 1613 1725 eligantur,
1635 1688 1680 1723 ut,
1699 1685 1723 1716 si

993 1736 1166 1778 contigerit
1201 1740 1445 1779 procuratorem
1482 1736 1619 1768 eloctum
1655 1747 1724 1770 esse

992 1790 1171 1831 professum
1197 1799 1232 1821 ex
1260 1788 1464 1821 monasteriis
1486 1789 1723 1831 provinciarum

993 1841 1216 1881 Lombardiae,
1243 1841 1380 1873 Venetae
1406 1842 1453 1873 vel
1478 1841 1622 1883 Ligurao,
1648 1847 1725 1875 tunc

992 1894 1088 1926 abbas
1124 1894 1155 1927 S.
1191 1894 1280 1926 Pauli
1313 1904 1348 1926 ex
1385 1894 1493 1936 aliquo
1527 1895 1722 1928 monasterio

992 1947 1177 1986 Romanae,
1214 1945 1472 1989 Neapolitanae,
1508 1945 1634 1979 Siculae
1674 1949 1722 1981 vel

991 2000 1139 2032 Etruscae
1158 1999 1339 2042 deputetur,
1361 2003 1393 2031 et
1408 1998 1474 2031 vice
1497 2001 1600 2031 versa:
1622 2001 1721 2033 multo

990 2053 1094 2084 minus
1127 2052 1265 2094 eligatur
1296 2052 1328 2083 in
1353 2056 1597 2094 procuratorem
1622 2052 1721 2087 abbas

990 2106 1020 2138 S.
1048 2106 1157 2145 Pauli,
1190 2105 1245 2138 sed
1277 2109 1467 2148 procurator
1490 2104 1658 2147 eligendus
1682 2106 1722 2139 sit

990 2159 1145 2201 regimine
1172 2163 1203 2191 et
1228 2159 1369 2201 persona
1392 2157 1522 2200 penitus
1547 2158 1586 2190 ab
1611 2168 1650 2191 eo
1675 2158 1722 2191 di-

990 2211 1143 2250 stinctus,
1170 2210 1233 2243 imo
1260 2221 1319 2243 nec
1347 2210 1414 2253 ipse
1445 2210 1567 2250 abbas,
1595 2211 1647 2254 qui
1673 2217 1722 2245 est

990 2269 1179 2307 procurator
1196 2263 1368 2306 generalis,
1381 2263 1471 2295 finito
1485 2268 1632 2306 tempore
1645 2275 1721 2298 suae

989 2316 1288 2355 administrationis,
1316 2315 1461 2358 deputari
1486 2316 1588 2359 possit
1610 2317 1722 2350 imme-

990 2370 1073 2402 diate
1106 2369 1144 2402 ad
1173 2369 1318 2410 regimen
1343 2367 1373 2401 S.
1400 2367 1510 2409 Pauli3
1537 2378 1596 2402 nec
1622 2369 1720 2403 abbas

988 2422 1019 2455 S.
1040 2422 1138 2460 Pauli,
1160 2421 1345 2454 immediate
1369 2425 1444 2464 post
1467 2421 1611 2463 regimen
1637 2422 1721 2455 eius-

989 2475 1072 2514 dem,
1090 2474 1165 2516 eligi
1187 2478 1282 2518 queat
1300 2474 1331 2506 in
1353 2479 1598 2517 procuratorem
1623 2485 1721 2518 genc-

988 2530 1101 2568 ralem;
1120 2528 1203 2561 sicut
1222 2527 1253 2560 in
1271 2533 1513 2570 procuratorem
1535 2530 1722 2571 generalem

988 2581 1066 2626 eligi
1091 2581 1172 2614 duos
1203 2581 1335 2614 abbates
1361 2581 1507 2614 eiusdem
1533 2581 1719 2614 monasterii

1642 203 1707 238 367
1753 213 1804 241 An.
1820 213 1849 243 c.
1872 214 1940 243 isso
