2111 3157
13 244 61 269 An.
75 240 103 266 C.
126 236 192 264 1686

202 286 312 325 ‘essia
341 285 535 320 confirmatis
560 292 591 318 et
613 284 790 326 innovatis,
816 284 931 327 quibus

202 339 350 371 omnibus
387 343 419 371 et
454 338 604 380 singulis,
639 337 769 370 illorum
805 342 931 369 tenores

201 391 427 434 praesentibus
456 400 515 434 pro
546 391 642 433 plene
673 395 703 423 et
734 389 932 422 sufficienter

202 443 362 485 expressis
387 453 424 475 ac
441 444 480 475 ad
497 443 630 475 verbum
655 442 784 475 insertis
807 442 931 474 haben-

201 499 258 535 tes,
271 494 334 528 illis
347 495 424 528 alias
442 495 474 527 in
491 505 549 528 suo
566 496 683 528 robore
701 492 930 537 permansuris,

201 547 239 579 ad
253 548 501 590 praemissorum
517 547 672 587 effectum,
686 547 747 580 hae
763 546 830 579 vice
845 546 932 578 dum-

200 603 295 639 taxat,
312 599 498 642 specialiter
514 605 545 632 et
559 609 709 643 expresse
727 599 929 640 derogamus;

200 652 379 695 ceterisque
404 652 576 685 contrariis
600 652 869 695 quibuscumque.

243 705 258 747 ς
291 704 321 737 5,
359 705 511 740 Volumus
544 709 650 737 autem
681 709 716 736 ut
747 703 929 736 earumdem

198 757 415 799 praesentium
439 757 618 790 litterarum
640 755 861 798 transumptis,
874 765 928 787 seu

199 809 364 852 exemplis,
378 809 475 842 etiam
492 809 667 852 impressis,
680 817 777 840 manu
794 808 929 840 alicuius

198 861 317 894 notarii
352 861 475 904 publici
511 860 719 904 subscriptis,
756 865 788 893 et
823 859 929 902 sigillo

197 922 354 956 personae
379 913 412 945 in
437 913 653 946 ecclesiastiea
677 913 832 955 dignitate
856 923 932 945 con-

197 965 328 998 stitutae
363 965 505 1005 munitis,
536 965 649 998 eadem
683 974 815 1008 prorsus
850 963 929 998 fides

197 1018 319 1061 ubique
355 1019 498 1052 locorum
530 1023 593 1051 tam
629 1018 661 1051 in
693 1018 810 1051 iudicio
836 1028 930 1060 quam

198 1076 286 1104 extra
309 1071 390 1104 illud
416 1071 581 1111 habeatur,
614 1081 697 1114 quae
720 1071 801 1114 ipsis
833 1081 927 1114 prae-

197 1124 343 1157 sentibus
369 1125 545 1158 haberetur
572 1124 597 1157 si
625 1125 732 1158 forent
768 1124 930 1157 exhibitae

197 1177 248 1209 vel
271 1182 436 1210 ostensae.

241 1229 354 1263 Datum
378 1229 508 1270 Romae,
534 1229 619 1273 apud
642 1229 673 1262 S.
693 1229 821 1262 Mariam
835 1229 931 1262 Maio-

196 1292 278 1323 rem,
294 1282 352 1315 sub
370 1284 488 1316 annulo
506 1282 687 1322 piscatoris,
705 1283 755 1314 die
772 1292 824 1316 xv1
843 1287 930 1315 octo-

197 1335 265 1369 bris
300 1345 490 1376 nnctxxxvr,
515 1335 719 1379 pontificatus
744 1336 843 1368 nostri
867 1346 929 1368 an-

195 1398 239 1422 no
261 1398 308 1422 xi.

229 1449 288 1478 Dat.
307 1450 352 1477 die
369 1451 401 1478 16
416 1450 533 1479 octobnis
551 1450 628 1484 1686,
647 1451 748 1485 pontii.
771 1457 842 1478 anno
857 1456 893 1477 xl.

48 719 110 740 rides
133 720 189 740 tran·

10 748 135 767 nummorum

485 1592 651 1626 CLXXVII.

197 1669 390 1707 Conceditur
413 1676 449 1705 ut
465 1672 673 1715 indulgentia
688 1672 840 1716 plenaria
857 1684 929 1717 per-

239 1731 346 1768 petua,
375 1725 514 1757 ecclesiis
545 1725 679 1759 Ordinis
703 1726 734 1759 S.
762 1727 930 1760 Francisci

239 1777 278 1810 de
305 1777 517 1811 Obseruantia
540 1783 569 1811 et
592 1779 852 1821 Reformalorum
878 1779 929 1813 (lie

239 1840 262 1864 11
286 1832 418 1873 auqusei
447 1841 610 1871 concessa,
637 1832 802 1875 applicari
828 1834 929 1877 possit

237 1893 296 1926 per
320 1883 449 1917 modum
473 1884 627 1927 suffrayz'z'
639 1877 658 1917 ¹⁸.

384 1963 578 1991 Innocentius
599 1964 676 1997 Papa
695 1964 744 1995 xl,

308 2008 344 2035 ad
363 2012 540 2042 perpetuam
563 2008 608 2035 roi
632 2010 815 2037 memoriam.

9 2082 142 2130 denedicta
157 2083 187 2104 in·
239 2077 298 2120 51.
319 2077 404 2110 Alias
428 2077 530 2110 felicis
553 2078 786 2112 recordationis
809 2079 931 2123 Grego-

24 2110 112 2135 ulgenua
121 2109 186 2131 36η-

10 2137 65 2162 sorio
83 2136 118 2156 XV
138 2142 187 2166 εφη·
197 2130 262 2164 rius
276 2131 360 2174 Papa
373 2130 434 2169 XV,
450 2131 685 2173 praedecessor
696 2138 816 2173 noster,
827 2134 931 2167 omni-

10 2167 68 2182 πεπυ
87 2163 123 2182 fuit
140 2169 186 2182 visi-

9 2188 109 2237 :fflffi
122 2184 258 2217 dicmbus
277 2189 308 2217 et
325 2184 462 2226 singulis
480 2184 647 2227 utriusque
665 2195 756 2218 sexus
785 2186 931 2220 christifi-

199 2236 325 2270 delibus
341 2246 416 2269 vere
433 2236 672 2279 poenitentibus
686 2242 717 2270 et
729 2239 882 2272 confessis
896 2250 930 2272 ae

198 2290 290 2323 sacra
307 2288 534 2323 communione
552 2290 694 2331 refectis,
713 2290 766 2334 qui
788 2291 928 2335 aliquam

253 2396 263 2421 1
289 2394 361 2422 Haec
382 2394 548 2429 indulgentia
570 2402 697 2422 concessa
721 2395 771 2422 fuit
793 2404 808 2423 a
832 2396 931 2433 Grego-

200 2435 241 2466 rio
255 2438 308 2473 XV,
326 2439 431 2465 constit.
448 2440 491 2465 ed.
508 2446 626 2473 uncxxu,
649 2440 691 2466 die
706 2440 722 2465 5
736 2440 804 2466 iulii.
820 2441 858 2468 De
872 2442 930 2469 aliis

201 2490 265 2509 vero
286 2482 363 2509 buius
384 2482 491 2509 Ordinis
505 2483 678 2517 indulgentiis
693 2483 746 2510 vid.
764 2483 842 2511 huius
857 2486 929 2512 Pon-

202 2525 282 2553 tificis
301 2530 385 2553 const.
409 2526 452 2552 ed.
475 2532 634 2558 sinctxxxu,
659 2527 702 2553 die
722 2527 738 2553 5
757 2528 928 2563 septembris,

202 2569 296 2605 pontif.
314 2577 340 2603 x,
360 2575 387 2597 et
403 2570 551 2597 innocentii
576 2570 620 2598 XII
641 2575 717 2599 const
749 2572 790 2599 ed.
820 2579 928 2609 noenu,

202 2613 245 2642 die
263 2615 294 2641 24
310 2614 468 2649 decembris,
484 2614 577 2650 pontif·
592 2621 611 2642 1.

776 236 988 262 tNNocmsTlt's
1011 238 1041 260 Χῖ
1067 237 1114 261 PP-

1602 224 1665 258 725

973 294 1010 316 ex
1046 283 1191 316 eeclesiis
1222 283 1355 316 fratrum
1385 282 1512 316 Ordinis
1543 282 1701 316 Minoi-um

973 337 1073 369 saneti
1101 336 1262 370 Francisci
1287 337 1325 370 de
1356 336 1563 370 observantia
1588 341 1619 369 et
1642 336 1702 370 Re-

972 388 1182 422 formatorum
1206 389 1377 431 Minorum,
1407 389 1527 432 ubique
1563 389 1702 422 existen-

973 440 1078 479 tibus,
1107 441 1158 474 die
1184 452 1207 475 11
1232 442 1352 475 mensis
1383 442 1509 484 augusti
1540 451 1557 474 a
1588 441 1701 485 primis

971 493 1112 536 vesperis
1127 504 1228 537 usque
1246 494 1283 527 ad
1299 505 1445 527 occasum
1463 494 1541 527 solis
1560 494 1623 527 diei
1641 494 1702 527 hu-

972 544 1109 578 iusmodi
1134 547 1225 579 annis
1248 547 1383 589 singulis
1409 547 1522 580 devote
1549 547 1704 580 visitavis-

973 604 1053 638 sent,
1079 604 1110 631 et
1142 599 1185 631 ibi
1218 610 1275 642 pro
1307 600 1558 633 christianorum
1582 600 1704 643 princi-

973 660 1047 692 pum
1072 653 1255 691 concordia,
1281 653 1454 686 haeresum
1480 653 1702 696 extirpatione,

973 713 1008 735 ac
1033 709 1162 736 sanctae
1186 704 1295 737 matris
1326 705 1486 739 Ecclesiae
1511 706 1702 739 exaltatione

972 755 1042 797 pias
1067 756 1104 788 ad
1130 756 1231 789 Deum
1264 767 1379 799 preces
1409 757 1608 799 effudissent,
1634 760 1703 802 ple—

972 808 1095 841 nariam
1121 809 1264 842 omnium
1282 816 1485 852 pcccatorum
1502 822 1632 844 suorum
1657 811 1704 844 in-

973 860 1171 902 dulgentiam
1196 866 1228 893 et
1259 862 1488 896 remissionem
1520 864 1703 896 misericor-

973 913 1056 945 diter
1074 913 1106 945 in
1122 913 1257 947 Domino
1275 915 1447 955 concessit,
1467 921 1499 948 et
1515 913 1591 948 alias
1609 921 1706 958 prout

972 964 1004 997 in
1028 965 1129 1007 ipsius
1145 965 1290 1008 Gregorii
1310 967 1570 1009 praedecessoris
1588 968 1704 1001 litteris

974 1018 1110 1062 desuper
1144 1019 1176 1050 in
1209 1019 1304 1052 simili
1338 1020 1439 1052 forma
1464 1020 1570 1053 Brevis
1597 1021 1648 1053 die
1675 1031 1705 1054 iv

973 1071 1041 1103 iulii
1066 1081 1198 1104 iuncxxu
1235 1072 1401 1115 expeditis,
1436 1083 1515 1116 quas
1540 1074 1706 1117 perpetuis

973 1123 1089 1156 futuris
1106 1124 1305 1166 temporibus
1322 1126 1428 1158 valere
1445 1126 1554 1167 voluit,
1573 1127 1705 1159 uberius

973 1177 1168 1209 continetur.

1017 1230 1031 1273 5
1052 1229 1082 1262 ⁶2.
1109 1229 1184 1263 Cum
1211 1236 1325 1271 autem,
1351 1232 1433 1264 sicut
1458 1232 1595 1265 dilectus
1621 1232 1704 1265 filius
1740 1240 1899 1271 ‚eoncessum-

971 1282 1146 1316 modernus
1190 1290 1383 1326 procurator
1425 1286 1587 1328 generalis
1630 1268 1899 1325 diciigiffe²¹¹irii¹iiuggiss

972 1335 1098 1369 Ordinis
1120 1336 1214 1369 nobis
1238 1347 1344 1380 nuper
1360 1338 1477 1380 exponi
1497 1338 1582 1378 fecit,
1600 1323 1758 1371 indul-²¹³⁰
1774 1321 1885 1343 demum&

972 1388 1113 1431 gentiam
1151 1389 1328 1431 plenariam
1353 1394 1386 1421 et
1416 1396 1620 1432 peccatorum
1656 1401 1705 1424 re-

971 1440 1169 1481 missionem,
1189 1452 1247 1484 per
1265 1442 1387 1475 dietum
1404 1442 1595 1485 Gregorium
1613 1454 1707 1487 prae-

972 1494 1176 1527 decessorem
1194 1505 1299 1538 nuper
1314 1505 1510 1537 concessam,
1528 1496 1624 1529 etiam
1643 1497 1706 1529 ani-

970 1548 1082 1580 mabus
1111 1548 1369 1581 christifidelium
1394 1549 1621 1583 defunctorum
1646 1561 1706 1594 per

970 1601 1102 1633 modum
1135 1600 1274 1644 sum-agii
1306 1602 1461 1645 applicari
1493 1613 1589 1645 posse
1615 1614 1705 1636 sum-

970 1664 1103 1697 mopere
1140 1654 1330 1687 desideret:
1356 1665 1435 1696 nos,
1461 1655 1523 1698 piis
1558 1656 1705 1690 eiusdem

970 1706 1192 1750 procuratoris
1217 1707 1377 1749 generalis
1409 1709 1491 1741 votis
1523 1708 1583 1742 hac
1613 1710 1645 1742 in
1669 1721 1704 1743 re

971 1765 1126 1802 quantum
1158 1770 1230 1792 cum
1253 1759 1389 1793 Domino
1422 1771 1593 1803 possumus
1621 1762 1706 1795 favo-

970 1812 1119 1845 rabiliter
1154 1823 1297 1846 annuere
1329 1815 1483 1855 volentes,
1515 1815 1705 1848 auctoritate

971 1864 1062 1897 nobis
1080 1876 1097 1897 a
1114 1864 1247 1898 Domino
1265 1866 1381 1899 tradita
1405 1872 1436 1899 et
1460 1870 1613 1901 concessa
1630 1878 1706 1901 con·-

971 1917 1031 1957 sisi,
1058 1918 1290 1960 indulgentiam
1318 1919 1497 1962 plenariam
1529 1926 1561 1954 et
1594 1932 1706 1965 pecca-

972 1977 1075 2003 torum
1088 1971 1323 2013 remissionem,
1334 1973 1598 2007 christifidelibus
1611 1985 1706 2018 prae⁴

972 2024 1042 2056 fatis
1068 2025 1269 2067 supradictas
1291 2026 1442 2059 ecclesias
1462 2027 1595 2060 fratrum
1613 2027 1705 2061 Ordi-

972 2077 1021 2110 nis
1046 2078 1150 2110 sancti
1174 2077 1335 2111 Francisci
1374 2079 1412 2112 dc
1438 2079 1649 2113 Observantiri
1673 2084 1705 2113 et

973 2130 1231 2163 Reformatorum
1263 2131 1344 2163 dicta
1376 2131 1426 2165 die
1452 2142 1474 2165 11
1504 2132 1625 2166 mensis
1649 2142 1705 2165 au·

972 2184 1065 2227 gusti,
1084 2188 1120 2215 ut
1137 2194 1242 2226 supra,
1260 2184 1463 2218 visitantibus
1478 2191 1508 2218 et
1525 2186 1705 2229 praemissa

972 2237 1202 2280 peragentibus
1228 2247 1430 2279 concessam,
1457 2239 1552 2272 etiam
1577 2239 1706 2272 christi⁶

973 2290 1115 2324 fidelium
1139 2290 1321 2332 animabus,
1347 2301 1429 2335 quae
1454 2292 1518 2325 Deo
1544 2293 1575 2324 in
1600 2292 1705 2325 chari·

972 2350 1033 2378 tate
1052 2345 1239 2378 coniunctae
1258 2345 1296 2377 ab
1314 2345 1375 2378 hac
1393 2346 1464 2379 luce
1482 2346 1703 2389 migraverint,

971 2408 1030 2441 per
1065 2398 1195 2431 modum
1229 2397 1372 2441 suffragii
1408 2399 1565 2443 applicari
1598 2410 1704 2443 posse,

972 2451 1067 2484 etiam
1091 2456 1248 2494 perpetuo
1268 2451 1474 2485 concedimus
1500 2457 1531 2486 et
1555 2452 1704 2496 indulge-

971 2514 1053 2536 mus.
1080 2503 1115 2536 ln
1140 2504 1336 2537 contrarium
1358 2504 1550 2539 facientibus
1567 2516 1630 2540 non
1648 2506 1705 2540 ob-

971 2557 1131 2590 stantibus
1157 2557 1427 2601 quibuscumque.

1015 2609 1084 2644 83.
1118 2608 1270 2645 Volumus
1308 2617 1414 2646 autem
1445 2617 1480 2645 ut
1517 2613 1704 2659 earumdem

1710 234 1758 260 An.
1775 233 1803 259 C.
1827 233 1892 261 1687

1742 2613 1872 2649 Clausulass
