2111 3157
151 241 200 268 Aa.
222 241 249 269 C.
271 243 338 271 1680
383 235 448 267 ῗζΓι-ἰι

219 2360 244 2379 Γ
250 2366 266 2379 ei
268 2366 286 2379 τ
302 2357 352 2378 XIII.

221 2388 248 2405 tiz.-
271 2386 346 2431 (Ῑιιιιιι
351 2389 375 2403 iie

193 2420 239 2462 «gs-rm
257 2420 297 2457 ιαμ
289 2409 593 2461 ieiffhstiiatouim
612 2403 750 2444 eligatur
774 2412 855 2434 unus
881 2412 918 2434 ex
943 2401 1022 2444 ipsis
1045 2400 1121 2433 deli-

351 293 407 325 sed
433 293 477 324 uti
505 292 636 333 regulae
663 294 692 321 et
719 286 987 320 constitutionum
1012 295 1089 317 eon-

353 351 547 378 servatores.
582 344 618 375 Et
650 342 676 373 si
710 341 810 383 quid,
838 339 871 371 in
904 337 1089 370 huiusmodi

349 398 490 438 actibus,
506 403 568 430 tam
587 405 644 439 per
662 394 826 438 praefatos
840 391 1090 436 praesidentem,

354 452 536 484 visitatores
560 454 592 482 et
616 447 761 490 regimen
787 445 819 478 in
845 445 931 478 dieta
960 443 1091 476 triennii

354 505 451 538 modo
468 501 646 547 praeteriti,
665 510 759 543 quam
780 509 839 542 per
855 497 1042 530 definitores
1059 495 1091 528 in

357 557 508 600 capitulo,
518 554 604 598 quod
619 559 695 586 tunc
709 549 1093 590 celebratur‚editis‚con-

358 617 406 643 tra
424 609 598 652 diplomata
616 605 789 650 pontificia,
807 605 951 647 regulam
970 607 1002 635 ct
1018 612 1094 635 con-

358 663 541 695 stitutiones
560 661 680 694 factum
699 669 768 692 esse
785 657 983 701 repererint,
1002 655 1093 694 illud,

360 717 480 758 absque
498 715 564 747 ulla
580 712 790 755 indulgentia,
809 715 842 743 et
858 709 945 743 omni
965 707 1094 752 penitus

359 770 481 811 rigore,
509 766 685 808 corrigant,
720 767 882 803 revocent,
911 761 1096 795 rescindant
1140 773 1179 796 ne

362 828 394 855 et
408 823 532 854 nullum
547 820 723 858 declarent,
733 822 848 850 etcum
862 814 977 848 effectu
988 814 1097 856 (prout

362 875 487 908 iustitia
517 872 666 913 dictabit)
700 869 814 913 exequi
839 868 1012 901 mandent:
1038 876 1098 899 nee

363 929 431 961 ullo
451 927 560 965 modo,
577 925 637 958 nisi
656 924 820 968 praedicta
837 922 944 955 omnia
962 921 1001 953 ab
1021 920 1099 963 ipsis

365 979 648 1014 conservatoribus
673 976 841 1019 recognita
866 979 897 1008 et
921 974 1100 1017 approbata

366 1033 495 1072 suerint,
522 1043 538 1064 a
563 1030 788 1064 definitoribus
812 1028 1019 1072 publicentur
1050 1026 1099 1058 vel

367 1084 548 1117 executioni
574 1083 785 1120 mandentur,
811 1079 957 1123 alioquin
981 1078 1101 1111 nullius

368 1137 592 1180 intelligantur
617 1145 685 1168 esse
710 1133 837 1167 roboris
862 1137 891 1165 et
915 1131 1100 1165 validitatis.

368 1191 406 1223 Et
430 1190 490 1233 ipsi
515 1193 762 1222 conservatores
787 1190 899 1219 contra
916 1184 1104 1217 inobedien-

369 1250 431 1283 tes,
459 1242 554 1275 etiam
581 1239 781 1279 definitores,
799 1240 888 1272 nulla
905 1238 1014 1271 habita
1032 1247 1103 1280 pei·-

371 1307 525 1331 sonaruni
541 1296 589 1328 vel
608 1294 801 1337 dignitatum
818 1292 1020 1335 ratione,per
1033 1302 1106 1325 cen-

372 1360 461 1382 suras
487 1353 519 1381 et
544 1356 664 1390 poenas
689 1344 934 1384 ecclesiasticas,
953 1344 1041 1376 iuxta
1063 1343 1106 1376 sa-

372 1404 524 1436 cultatem
556 1400 616 1433 sibi
640 1410 699 1443 per
724 1399 822 1431 Breve
846 1398 936 1430 Pauli
960 1397 983 1429 V
1008 1396 1107 1430 tradi-

375 1462 448 1495 tam,
472 1454 604 1488 omnino
629 1452 820 1496 procedant.

418 1519 453 1541 ii.
481 1506 638 1545 Quoniam
663 1510 768 1538 autem
792 1508 897 1548 potest
920 1503 1107 1545 contingere

375 1566 409 1593 ut
433 1561 562 1593 decreta
584 1558 691 1591 omnia
716 1563 748 1590 et
771 1562 840 1590 acta
865 1556 998 1599 capituli
1022 1556 1108 1589 illius

376 1613 452 1646 anni
477 1623 541 1645 non
560 1607 686 1655 possint
710 1610 742 1643 in
769 1616 831 1643 tam
847 1610 936 1643 brevi
963 1615 1109 1652 tempore

377 1679 393 1700 a
411 1665 607 1699 cancellario
628 1664 802 1706 registrari,
832 1668 1004 1706 propterea
1025 1662 1111 1696 ordi-

378 1730 493 1753 namus
517 1724 552 1750 ut
582 1729 598 1750 a
627 1716 906 1749 conservatoribus
938 1716 1035 1748 futuri
1060 1726 1111 1749 ca-

377 1772 472 1816 pituli
489 1775 636 1804 accurate
662 1769 849 1812 inspiciatur
866 1774 897 1801 et
913 1769 1113 1802 examinetur

378 1836 417 1858 an
443 1823 584 1857 fideliter
609 1828 640 1855 et
664 1821 848 1864 diligenter,
879 1827 976 1865 prout
1006 1822 1111 1861 decet,

379 1878 500 1911 fuerint
523 1876 555 1908 in
581 1880 724 1917 regestro
746 1879 873 1915 notata,
896 1885 966 1907 cuin
995 1874 1112 1907 ceteris

380 1930 519 1964 decretis
550 1940 586 1962 ac
618 1928 855 1971 provisionibus
890 1928 980 1961 factis
1011 1934 1072 1961 tam
1097 1939 1114 1960 a

380 1990 471 2028 patre
496 1982 646 2026 praeside
671 1987 703 2015 et
726 1982 945 2015 visitatoribus
977 1992 1073 2025 quam
1097 1992 1114 2014 a

381 2035 616 2074 definitoribus,
637 2038 733 2078 prout
749 2044 845 2077 supra
862 2034 894 2066 in
912 2033 1114 2066 antecedenti

382 2099 530 2122 numero.
559 2088 595 2120 Et
620 2087 644 2120 si
670 2086 872 2129 negligentia
894 2086 1048 2119 notabilis
1073 2087 1116 2118 in-

383 2147 476 2174 venta
494 2141 601 2180 fuerit,
616 2139 811 2172 instantibus
824 2138 1116 2177 conservatoribus,

383 2205 400 2226 a
425 2193 610 2226 definitorio
636 2192 831 2235 procedatur
855 2196 968 2224 contra
992 2192 1118 2223 cancel-

384 2246 509 2285 larium,
529 2246 624 2277 etiam
645 2255 746 2287 usque
771 2244 810 2276 ad
836 2244 1049 2286 privationem
1074 2243 1119 2275 os-

385 2299 458 2338 sicii,
485 2298 509 2330 si
536 2298 603 2330 eius
629 2298 723 2340 eulpa
748 2297 780 2329 id
805 2296 970 2329 acciderit.

430 2362 451 2384 i.
473 2352 547 2383 Post
567 2350 758 2382 electionem
778 2348 983 2381 definitoium
998 2354 1030 2381 et
1049 2358 1120 2380 eon-

195 2447 275 2484 ···=1i's·1=·
268 2469 316 2509 [52
320 2469 358 2488 sun
348 2468 375 2481 ιι-ι
388 2456 548 2490 nitoribus
575 2466 605 2487 in
625 2454 760 2487 scribam
779 2453 911 2497 capituli
931 2453 993 2486 boc
1011 2454 1118 2492 modo,

196 2498 225 2536 ιιΙΙ
241 2517 310 2535 ιιιιιιιιι
332 2494 554 2543 ¹a1videlicet:
575 2508 800 2550 Unusquisque
816 2507 1023 2540 definitorum
1040 2506 1121 2549 patii

197 2521 378 2564 viii,1u{tttlt.01'um.

391 2560 588 2605 piaesidenti
613 2571 627 2591 ι
631 2559 743 2602 apitiili
769 2559 917 2592 nominet
941 2569 1036 2601 quem
1054 2558 1124 2590 ido-

361 2656 369 2666 ι
391 2624 488 2648 neum
511 2611 717 2654 iudicaverit,
736 2611 789 2656 qui
806 2610 996 2655 praesidens
1012 2620 1124 2644 omnes

936 237 1115 261 BULLARIUM
1139 235 1290 260 ROMANUM

1133 284 1316 317 nominatos
1348 281 1474 325 redigat
1505 282 1536 314 in
1570 282 1723 326 scriptis,
1758 287 1872 326 postea

1132 337 1214 370 votis
1240 342 1459 379 exponantur,
1490 340 1522 368 et
1551 336 1674 369 electus
1705 342 1872 370 remaneat

1135 390 1190 434 qui
1210 389 1362 422 habuerit
1382 389 1491 432 plures
1510 398 1603 421 voces
1622 399 1629 428 3
1657 393 1688 420 at
1711 389 1736 421 si
1761 391 1872 432 plures

1134 443 1359 476 invenirentur
1390 452 1485 485 pares
1519 441 1551 474 in
1581 441 1723 482 vocibus,
1758 441 1872 476 iterum

1135 496 1297 539 suffragiis
1322 495 1515 534 subdantur,
1542 495 1647 527 donec
1671 505 1753 528 unus
1776 505 1874 528 rema-

1136 556 1223 589 neat,
1239 559 1302 592 quo
1316 550 1430 587 electo,
1445 548 1634 591 praesidens
1646 549 1788 592 capituli,
1803 559 1874 592 pro-

1138 602 1209 646 pria
1229 612 1344 641 manu,
1370 601 1403 634 in
1428 606 1577 643 regestro
1599 606 1744 634 actorum
1771 601 1873 644 ipsius

1138 655 1268 698 capituli
1293 654 1415 687 scribat
1440 655 1502 687 liae
1525 654 1639 694 forma,
1665 653 1840 687 videlicet:

1188 721 1201 739 <i
1227 710 1319 741 Anno
1343 707 1470 741 Domini
1495 716 1601 741 rinc...
1624 712 1701 746 etc.‚
1725 707 1877 741 indictio-

1225 789 1243 802 .,
1271 761 1374 794 die
1396 761 1515 794 mensis
1533 786 1583 800 ...,
1607 760 1659 793 SS.
1688 761 1722 793 D.
1749 760 1786 794 N.
1814 760 1872 794 PP.

1140 816 1175 849 N.
1204 814 1409 858 pontificatus
1435 824 1584 853 anno...‚
1605 814 1802 846 celebratum
1820 813 1878 846 fuit

1142 869 1319 912 capitulum
1346 867 1500 909 generale
1533 866 1766 899 monachorum
1798 866 1879 899 Con-

1143 920 1341 964 gregationis
1377 919 1575 952 Cassinensis
1610 918 1645 951 inv
1679 919 1878 951 monasterio

1143 975 1174 1007 S.
1193 974 1228 1006 N.
1251 974 1289 1006 de
1308 972 1343 1005 N.
1365 971 1524 1004 dioecesis
1540 971 1588 1011 N.,
1607 971 1640 1003 in
1656 982 1719 1014 quo
1739 971 1796 1003 suit
1814 971 1880 1004 ele-

1144 1032 1214 1059 ctus
1240 1026 1272 1058 in
1298 1025 1435 1057 scribam
1460 1024 1591 1067 capituli
1616 1024 1651 1056 D.
1679 1023 1714 1056 N.
1735 1024 1774 1057 de
1800 1028 1878 1065 etc.‚

1146 1081 1185 1113 ab
1207 1077 1420 1121 infrascriptis
1434 1076 1657 1110 definitoribus
1677 1076 1819 1110 eiusdem
1834 1086 1882 1109 ca·

1147 1133 1257 1176 pituli:
1277 1131 1315 1164 ad
1336 1131 1426 1163 cuius
1446 1130 1492 1163 rei
1514 1129 1611 1163 fidem
1630 1140 1690 1172 ego
1713 1130 1748 1162 D.
1771 1129 1807 1161 N.
1828 1129 1881 1162 de-

1147 1186 1258 1218 finitor
1286 1189 1318 1217 et
1345 1183 1535 1227 praesidens
1563 1182 1697 1227 praefati
1727 1182 1880 1226 capituli,

1150 1239 1230 1272 liaec
1258 1248 1354 1270 manu
1382 1235 1514 1280 propria
1543 1236 1655 1280 scripsi
1683 1248 1713 1269 D.

1163 1292 1438 1339 AConsequenter
1473 1290 1538 1323 duo
1571 1300 1607 1322 ex
1647 1289 1884 1333 antiquioribus

1151 1344 1378 1378 definitoribus
1395 1353 1428 1375 se
1447 1342 1662 1375 subscribant.
1684 1342 1798 1374 Postea
1814 1341 1884 1385 ipse

1151 1398 1257 1431 sei-ilia
1281 1396 1349 1440 (qui
1375 1407 1413 1429 eo
1439 1395 1521 1439 ipso,
1546 1394 1740 1427 auctoritate
1757 1399 1887 1436 aposto-

1151 1451 1223 1490 liea,
1249 1455 1283 1482 ut
1303 1454 1393 1493 patet
1418 1459 1476 1492 per
1501 1447 1660 1480 indultum
1686 1446 1733 1479 Pii
1757 1446 1782 1479 ll
1802 1456 1887 1479 sum-

1152 1505 1194 1537 mi
1219 1502 1381 1536 Pontificis
1406 1511 1596 1534 concessum
1615 1510 1700 1533 anno
1721 1509 1888 1540 iicccctxi,

1153 1557 1259 1600 quoad
1291 1560 1360 1588 acta
1395 1554 1524 1597 capituli
1561 1553 1705 1586 notarius
1740 1553 1888 1596 publicus

1154 1609 1322 1651 censetur)
1355 1607 1387 1639 in
1425 1611 1567 1648 regestro
1602 1605 1722 1638 scribat
1755 1604 1890 1638 nomina

1154 1661 1369 1707 praesidentis
1394 1665 1424 1693 et
1447 1660 1582 1692 aliorum
1604 1658 1810 1692 definitorum
1834 1669 1889 1691 an-

1156 1716 1187 1748 iii
1213 1715 1309 1753 illius,
1330 1719 1362 1746 et
1393 1713 1630 1756 subsequenter
1661 1721 1772 1745 omnes
1807 1711 1888 1744 alios

1156 1768 1319 1807 officiales,
1342 1772 1373 1799 et
1397 1765 1560 1809 quaelibet
1583 1769 1651 1797 acta
1676 1764 1809 1809 capituli
1834 1774 1890 1797 an-

1158 1821 1321 1855 notatione
1347 1819 1455 1861 digna.

1201 1885 1234 1907 ii.
1264 1873 1309 1905 Ad
1328 1871 1468 1904 officium
1485 1871 1580 1904 etiam
1604 1871 1728 1904 scribae
1749 1871 1892 1914 pertinet

1156 1927 1279 1960 litteras
1298 1934 1411 1958 omnes
1428 1924 1569 1967 capitulo
1593 1929 1815 1967 praesentatas
1839 1934 1893 1957 co-

1158 1990 1225 2012 ram
1247 1978 1316 2011 aliis
1331 1976 1554 2010 definitoribus
1568 1977 1687 2019 legere,
1702 1981 1734 2009 et
1749 1987 1797 2017 ea,
1809 1987 1891 2020 quae

1159 2032 1292 2066 alicuius
1318 2030 1472 2074 ponderis
1497 2030 1593 2072 digna
1617 2030 1835 2073 conspexerit,
1860 2030 1892 2063 in

1160 2096 1222 2118 uno
1248 2084 1322 2117 folio
1347 2084 1379 2115 in
1404 2083 1535 2115 modum
1553 2083 1749 2116 memorialis
1769 2088 1892 2124 notare,

1161 2148 1219 2182 per
1243 2135 1433 2169 definitores
1459 2140 1571 2179 postea
1597 2135 1818 2170 examinanda.
1847 2137 1894 2170 Ad

1162 2191 1230 2223 eius
1262 2190 1357 2222 etiam
1390 2189 1530 2221 officium
1564 2189 1707 2231 pertinet
1730 2189 1895 2232 publicare

1163 2241 1312 2275 vicarium
1327 2241 1526 2282 monasterii,
1541 2241 1703 2274 auditores
1718 2251 1897 2283 causarum,

1163 2295 1401 2334 cancellarium,
1428 2295 1671 2338 depositarium,
1690 2296 1842 2329 ostiarios
1866 2301 1900 2329 et

1164 2348 1245 2380 alios
1273 2347 1426 2380 officiales
1454 2358 1471 2379 a
1499 2347 1643 2391 patribus
1672 2347 1896 2381 definitoribus

1164 2400 1366 2439 constitutos,
1388 2400 1640 2442 schedulamque
1666 2399 1825 2433 dictorum
1854 2400 1900 2434 of-

1165 2452 1316 2485 ficialium
1342 2452 1461 2485 vicario
1486 2452 1684 2495 relinquere.

1211 2515 1258 2538 111.
1275 2505 1321 2538 Sit
1338 2505 1433 2538 etiam
1447 2504 1604 2538 sollicitus
1620 2505 1737 2546 scriba,
1751 2506 1902 2540 termina-

1168 2563 1199 2590 to
1220 2568 1280 2601 per
1305 2558 1489 2591 definitores
1508 2568 1591 2591 anno
1612 2558 1800 2601 praeterito,
1818 2569 1901 2602 quae

1167 2615 1316 2644 revocata
1332 2621 1396 2645 non
1413 2610 1542 2652 suerint,
1562 2611 1594 2643 in
1612 2616 1757 2654 regestro
1783 2611 1903 2645 deseri-

1879 234 1929 261 An.
1951 235 1979 262 C.
1997 234 2069 263 {1780
