2111 3157
170 219 217 245 An.
237 217 264 244 C.
288 217 354 246 lQhS

402 209 465 241 ‹0stss
943 218 1122 242 armamur!

363 268 567 301 abstinentiis
586 273 617 301 et
637 267 707 301 aliis
728 267 941 300 observantiis
962 266 1099 306 Ordinis,

363 322 388 354 si
422 321 567 354 ordinata
600 320 732 364 capituli
765 320 884 352 saciant
908 319 1099 360 observari,

363 385 423 417 per
446 374 533 417 ipsos
560 374 646 406 enim
671 373 757 415 viget
792 374 842 405 vel
876 372 985 405 delicit
1015 371 1100 404 Ordo

365 427 395 459 in
422 427 593 466 domibus,
622 426 648 458 si
674 426 836 458 ferventer
855 425 1101 468 reprehendunt

365 490 401 512 ea
426 490 506 523 quae
536 479 618 511 fiunt
650 479 853 518 inordinate,
880 479 930 511 vel
955 478 980 510 si
1006 477 1100 510 nimis

365 533 517 575 equitant,
538 538 570 565 et
589 533 657 565 sine
676 543 888 575 personarum
910 531 1099 574 acceptione

363 585 579 627 negligentias
604 591 636 619 et
668 596 818 618 excessus
851 596 934 628 quos
969 585 1100 617 invene-

363 638 426 670 rint
450 639 609 681 puniant,
637 644 668 672 et
693 639 725 671 in
750 640 837 671 carta
862 641 920 672 sua
955 638 1099 671 inserant

363 702 446 734 quae
471 692 592 724 iudicio
613 702 672 724 suo
692 692 869 725 inserenda
888 692 1096 725 videbuntur.

407 755 490 778 xxlv.
518 745 630 778 Postea
651 746 870 788 interrogetur
891 745 931 778 de
948 755 1026 788 pace
1045 745 1100 778 do-

362 807 431 830 mus
457 804 489 830 et
513 797 630 840 prioris
654 803 686 831 et
709 798 944 831 monachorum
969 803 1000 830 et
1023 808 1099 831 con-

362 860 547 889 versorum,
570 860 631 883 nec
656 861 721 884 non
746 862 859 884 eorum
883 851 923 884 ad
948 851 1096 883 invicem.

362 902 392 935 Si
419 903 558 936 dixerint
584 914 649 937 non
674 913 745 937 esse
770 914 894 947 pacem,
915 915 1008 937 causa
1026 915 1098 937 cum

363 957 449 988 omni
475 957 581 989 studio
607 956 798 1000 inquiratur,
824 959 925 1000 eaque
951 957 1096 999 cognita,

362 1009 414 1052 qui
440 1010 598 1053 puniendi
625 998 763 1050 stierint,
791 1010 934 1052 legitime
959 1011 1098 1054 punian-

362 1068 424 1095 tur.

404 1127 474 1150 xxv.
494 1117 614 1150 Exinde
632 1117 851 1160 interrogetur
871 1117 1012 1161 qualiter
1034 1122 1096 1150 tam

360 1170 510 1203 monachi
537 1182 631 1213 quam
657 1171 805 1204 conversi
831 1182 863 1204 se
889 1171 1034 1204 habeant
1065 1171 1096 1203 in

361 1223 573 1256 observantiis
599 1223 741 1264 Ordinis,
761 1224 884 1258 scilicet
905 1224 938 1256 in
959 1235 1025 1257 non
1044 1224 1098 1256 ha-

361 1277 468 1309 bendo
495 1277 675 1320 proprium,
700 1277 733 1310 in
757 1278 898 1310 tenendo
931 1277 1096 1312 silentium

361 1335 392 1362 et
416 1331 513 1363 cellas
538 1330 570 1362 in
595 1331 813 1370 continentia,
841 1331 872 1363 in
898 1331 1021 1374 proprii
1043 1342 1098 1375 pa-

361 1383 458 1415 storis
489 1383 694 1423 obedientia,
730 1384 763 1416 in
799 1384 945 1417 eiusdem
975 1387 1095 1428 suaque

361 1437 400 1468 ad
426 1436 564 1468 invicem
589 1437 790 1477 reverentia,
816 1437 847 1469 in
872 1438 1032 1470 veniendo
1058 1438 1095 1470 ad

362 1490 542 1529 ecclesiam,
568 1490 599 1521 in
625 1490 823 1522 celebrando
853 1490 993 1523 divinum
1030 1491 1098 1524 ossi-

363 1542 455 1581 cium,
482 1542 513 1574 in
539 1542 753 1582 abstinentiis,
780 1543 804 1575 si
831 1554 911 1585 quae
939 1543 1098 1577 debentur

363 1607 398 1629 ex
425 1595 539 1628 ordine
563 1595 632 1628 sine
656 1597 915 1629 murmuratione
937 1597 1099 1640 accipiant

363 1650 408 1682 eis
432 1650 586 1688 contenti,
611 1650 636 1682 si
663 1650 695 1682 in
720 1650 893 1693 colloquiis
917 1651 1049 1684 claustri
1068 1658 1099 1684 et

363 1703 526 1746 hospitum
552 1713 617 1735 non
634 1708 747 1746 petant
766 1703 983 1736 inordinatam
1003 1704 1099 1737 licen-

363 1757 452 1795 tiam,
480 1756 504 1788 si
530 1765 601 1787 cum
627 1756 860 1797 saecularibus,
893 1768 963 1790 cum
990 1758 1098 1797 sociis,

362 1821 432 1843 cum
458 1810 658 1853 coquinario,
685 1820 741 1842 seu
760 1810 998 1853 dispensatore,
1026 1823 1097 1844 cum

362 1864 537 1902 conversis,
564 1874 619 1896 seu
652 1863 722 1896 aliis
759 1864 1018 1908 quibuscumque
1044 1865 1099 1898 de-

362 1917 462 1949 bitam
487 1916 636 1959 religioni
655 1922 786 1949 servent
804 1917 1018 1950 honestatem.
1040 1918 1100 1951 De-

363 1980 446 2002 mum
472 1970 496 2002 si
522 1969 745 2002 curiositatem
771 1970 881 2009 vitent,
907 1970 933 2002 si
959 1971 1100 2003 laudabi-

363 2023 437 2055 liter
462 2023 492 2055 in
519 2022 660 2066 capitulo
686 2024 798 2065 culpas
835 2033 909 2055 suas
943 2034 1100 2066 recogno-

364 2081 463 2115 scant,
489 2076 514 2108 si
540 2076 573 2108 in
597 2075 856 2119 reprehensione
875 2076 938 2108 sint
958 2077 1098 2109 humiles

365 2135 395 2161 et
420 2130 451 2162 in
478 2129 706 2162 emendatione
732 2129 926 2170 tractabiles,
961 2135 1009 2163 est
1038 2131 1101 2163 sol-

365 2183 451 2216 licite
473 2183 713 2226 inquirendum.

409 2247 490 2270 xxvi.
518 2236 578 2269 Pro
605 2236 834 2280 temporalium
865 2247 994 2281 quoque
1019 2242 1099 2270 statu

366 2291 601 2333 cognoscendo,
620 2290 796 2333 diligenter
813 2291 981 2335 inquirant
995 2302 1035 2323 an
1050 2291 1102 2323 do-

367 2354 434 2376 mus
455 2349 583 2385 gravata
601 2344 642 2376 sit
668 2344 785 2377 debitis
805 2345 864 2387 (a),
885 2350 916 2377 et
934 2350 1101 2388 quantun1;
1123 2365 1126 2400 Ι

368 2403 566 2429 nontamen
602 2396 653 2429 cui
679 2398 729 2429 vel
766 2397 882 2440 quibus
918 2397 1104 2441 specialiter

369 2449 500 2488 debeat,
527 2459 586 2482 nee
616 2450 642 2482 si
669 2450 746 2493 quid
771 2455 968 2493 quantumve
993 2450 1027 2483 in
1051 2451 1105 2483 de-

403 2536 429 2556 a„
451 2526 497 2553 llic
526 2527 613 2557 agitur
640 2527 672 2554 de
701 2527 799 2554 debitis
829 2537 876 2563 pro
905 2528 1003 2563 quibus
1031 2528 1105 2555 nulla

369 2572 462 2606 pensio
482 2572 603 2604 solvitur,
625 2572 657 2598 dc
678 2573 720 2598 his
740 2577 830 2599 autem
858 2581 904 2608 pro
931 2573 1031 2609 quibus
1051 2573 1105 2600 sol-

370 2616 448 2650 vitur,
469 2616 556 2652 agitur
577 2625 634 2652 cap.
657 2624 710 2651 xix,
733 2626 804 2644 uum,
828 2624 901 2646 xviii.

1148 217 1299 244 nomam!

1144 266 1259 309 positis
1295 267 1428 307 habeat,
1463 274 1515 301 aut
1547 279 1564 301 a
1588 269 1705 312 quibus
1731 270 1879 314 deposita

1144 320 1294 363 suscepit,
1320 326 1370 353 est
1395 321 1638 364 inquirendum.
1665 322 1754 360 Quod
1779 324 1805 356 si
1823 324 1879 357 do-

1144 382 1213 404 mus
1238 372 1421 405 inveniatur
1440 373 1558 406 debitis
1580 380 1718 417 gravata,
1735 380 1770 408 et
1786 376 1879 419 prior

1144 426 1266 458 nullam
1281 426 1394 458 reddat
1411 437 1539 464 causam
1555 428 1781 461 rationabilem
1795 439 1877 472 quae

1144 478 1250 521 ipsum
1262 484 1409 519 excuset,
1426 480 1459 512 in
1477 480 1582 523 ipsum
1596 482 1692 524 culpa
1705 481 1875 516 redundat.

1187 542 1284 565 xxv11.
1311 531 1479 575 inquirant
1503 534 1598 566 etiam
1623 539 1655 566 et
1674 534 1879 568 considerent

1144 583 1333 626 visitatores,
1357 585 1381 617 si
1407 586 1551 619 aedilicia
1569 586 1682 620 domus
1703 588 1789 621 bene
1806 598 1878 621 con-

1142 643 1321 678 servantur,
1339 638 1365 671 si
1387 639 1476 671 nulla
1496 639 1624 672 curiosa
1644 641 1693 673 vel
1714 642 1878 684 superflua

1143 690 1181 723 de
1206 701 1287 724 novo
1319 691 1552 733 aedificantur,
1584 693 1611 726 si
1637 699 1788 737 computa
1811 695 1877 727 sin-

1142 744 1224 785 gulis
1255 745 1347 778 annis
1383 757 1443 789 per
1476 753 1722 789 procuratorem
1759 747 1877 781 suerint

1143 797 1288 839 reddita;
1315 809 1398 842 quae
1434 799 1531 832 etiam
1556 806 1707 844 computa
1741 807 1877 844 possunt

1142 861 1200 893 per
1225 862 1258 884 se
1293 852 1499 894 examinare,
1526 853 1552 886 si
1578 854 1732 897 expedire
1757 865 1794 888 ex
1819 854 1876 887 ali-

1142 906 1204 947 qua
1228 907 1325 938 causa
1354 905 1584 947 iudicaverint,
1610 906 1710 942 immo
1744 907 1876 951 exigere

1141 968 1159 990 a
1193 958 1304 1001 priore
1343 963 1375 992 et
1412 959 1623 1000 officialibus,
1649 965 1683 992 ut
1718 967 1875 1004 quantum

1140 1011 1297 1052 pecuniae
1323 1016 1385 1043 tam
1422 1011 1454 1043 in
1480 1014 1553 1044 arca
1585 1013 1748 1046 communi
1779 1024 1875 1057 quam

1140 1063 1224 1106 apud
1250 1073 1284 1096 se
1310 1064 1452 1097 habeant
1480 1064 1541 1097 sibi
1566 1065 1751 1106 declarent,
1777 1077 1875 1109 quam

1141 1116 1396 1150 declarationem
1421 1117 1545 1160 absque
1570 1118 1636 1150 ulla
1663 1117 1877 1162 ambiguitate

1140 1175 1192 1202 aut
1216 1171 1430 1211 restrictione,
1449 1171 1503 1203 sed
1530 1171 1664 1214 integre,
1686 1177 1717 1205 et
1736 1173 1826 1216 prior
1845 1179 1877 1206 et

1140 1224 1292 1256 officiales
1315 1229 1390 1256 tunc
1415 1224 1521 1257 facere
1545 1230 1726 1266 teneantur,
1745 1231 1777 1259 et
1796 1237 1877 1270 quos

1139 1277 1172 1309 in
1209 1277 1395 1320 praemissis
1430 1277 1634 1320 negligentes
1669 1278 1876 1320 invenerint,

1141 1330 1284 1363 districte
1317 1331 1472 1374 puniant,
1506 1336 1538 1363 et
1568 1331 1627 1364 sub
1662 1331 1748 1364 bona
1773 1334 1879 1376 poena

1140 1384 1312 1427 iniungant
1336 1388 1371 1416 ut
1398 1383 1432 1416 in
1464 1383 1514 1417 his
1539 1394 1572 1417 se
1603 1385 1780 1418 emendare
1811 1396 1878 1419 non

1141 1437 1302 1470 differant.

1183 1501 1292 1524 xxviii.
1318 1490 1421 1535 Super
1446 1491 1596 1526 omnihus
1615 1491 1800 1536 praemissis
1817 1492 1879 1525 sin-

1141 1544 1277 1586 gillatim
1301 1545 1341 1576 ab
1364 1544 1515 1577 omnibus
1546 1545 1716 1579 monachis
1747 1551 1778 1579 et
1802 1556 1879 1579 con-

1141 1597 1242 1630 versis
1269 1602 1301 1630 et
1325 1597 1454 1630 donatis
1478 1598 1647 1642 inquisitio
1667 1604 1729 1632 tam
1750 1599 1790 1632 de
1818 1599 1880 1642 pri·

1141 1661 1196 1684 ore
1222 1661 1318 1694 quam
1344 1651 1383 1684 de
1409 1662 1442 1684 se
1467 1652 1546 1694 ipsis
1571 1652 1611 1684 ad
1635 1651 1775 1685 invicem
1803 1662 1879 1685 cum

1141 1704 1228 1737 omni
1254 1704 1361 1737 studio
1386 1709 1436 1737 est
1455 1704 1613 1738 facienda.

1185 1767 1268 1790 xxix.
1291 1757 1352 1790 Sed
1374 1762 1406 1790 et
1434 1758 1460 1790 si
1480 1758 1551 1801 quis
1571 1759 1806 1792 monachorum
1824 1769 1879 1792 seu

1142 1810 1298 1843 laicorum
1333 1810 1365 1843 in
1402 1810 1509 1854 priore
1543 1812 1590 1844 vel
1620 1811 1652 1844 in
1678 1811 1740 1845 alio
1770 1811 1879 1855 aliquo

1143 1863 1182 1896 de
1218 1862 1472 1906 congregatione
1511 1864 1634 1896 crimen
1669 1866 1719 1898 vel
1756 1864 1879 1907 aliquid

1142 1917 1238 1956 aliud,
1260 1916 1345 1960 quod
1360 1917 1566 1950 accusatione
1585 1918 1632 1951 vel
1650 1917 1880 1951 emendatione

1143 1971 1277 2012 dignum
1304 1970 1359 2010 sit,
1384 1970 1592 2012 cognoverit,
1619 1971 1717 2004 etiam
1742 1981 1807 2004 non
1832 1971 1880 2004 in-

1144 2029 1325 2066 terrogatus
1350 2023 1429 2056 illud
1463 2023 1682 2057 visitatoribus
1714 2024 1880 2058 insinuare

1145 2081 1271 2109 tenetur
1294 2076 1327 2109 in
1351 2082 1490 2110 secreto.
1519 2077 1619 2111 Porro
1636 2077 1826 2118 visitatores,
1843 2088 1881 2110 ea

1144 2139 1225 2172 quae
1250 2128 1311 2161 sibi
1340 2128 1553 2170 insinuantur,
1579 2139 1640 2163 nec
1657 2130 1788 2174 probari
1807 2140 1881 2173 pos-

1144 2187 1219 2214 sunt
1244 2181 1441 2224 diligenter,
1473 2182 1644 2226 requirant
1674 2193 1691 2216 a
1722 2183 1878 2222 remotis,

1145 2245 1208 2267 non
1245 2234 1409 2268 nominata
1446 2237 1605 2278 persona,
1641 2236 1699 2270 sed
1732 2236 1771 2270 de
1803 2236 1880 2270 vitio

1145 2287 1359 2331 inquirendo,
1387 2288 1412 2321 si
1439 2288 1521 2321 sorte
1546 2294 1651 2332 queat,
1670 2289 1756 2332 quod
1774 2289 1881 2323 occul-

1146 2346 1211 2373 tuin
1233 2346 1290 2381 est,
1314 2341 1345 2374 in
1366 2341 1532 2385 publicum
1554 2342 1773 2386 comprobari.

1189 2405 1260 2428 xxx.
1288 2395 1499 2438 Inquisitione
1525 2401 1631 2429 autem
1649 2396 1741 2436 sacta,
1758 2396 1783 2430 si
1803 2396 1882 2440 quid

1147 2458 1241 2490 grave
1267 2448 1306 2480 de
1332 2448 1452 2491 priore,
1480 2449 1518 2482 de
1544 2449 1654 2492 aliquo
1673 2449 1736 2482 alio
1761 2450 1883 2483 denun-

1147 2501 1263 2533 ciatum
1287 2507 1342 2541 est,
1358 2502 1446 2544 quod
1464 2501 1602 2544 graviori
1620 2504 1723 2545 poena
1749 2503 1882 2545 dignum

1148 2555 1198 2595 sit,
1222 2555 1405 2588 visitatores
1429 2559 1502 2589 aute
1528 2555 1752 2588 recitationem
1768 2555 1884 2588 scruti-

1149 2608 1191 2641 nii
1218 2608 1339 2642 debent
1372 2607 1576 2653 interrogare
1610 2614 1641 2643 et
1665 2608 1776 2643 audire
1810 2619 1884 2643 eum

1887 221 1937 250 An.
1953 221 1982 250 G.
2001 222 2067 254 1688
