2111 3157
147 196 196 222 An.
218 195 247 222 C.
273 195 338 222 ¹680

166 570 274 589 luuruanx
287 569 331 587 ulu-

150 602 189 620 ηιμ*
199 597 279 615 ‘vitulas
290 602 332 614 wr-

171 1091 198 1110 Ex
208 1090 284 1115 quilius
292 1090 331 1110 sibi

152 1123 161 1135 a
167 1124 247 1135 1111111111
252 1119 258 1135 t
286 1123 333 1141 pat·-

152 1144 210 1161 vtil-1<
225 1144 250 1161 ad
270 1146 332 1162 ιιι-ΑΗΔ

151 1195 175 1214 sut
183 1202 227 1214 nmu
234 1197 275 1216 ἀῡε.

192 1717 334 1737 parochianos

151 1750 234 1763 <ine->ra
265 1744 335 1762 Μιλτι-

153 1774 194 1787 ι,.ιν
207 1776 333 1795 prosequun-

385 187 448 220 *248

341 242 573 282 instituendos,
607 242 742 284 singulis
773 241 944 273 dominicis
969 240 1001 271 in
1026 250 1077 271 ec-

341 297 446 330 clesiis
461 296 701 339 parochialibus
719 293 925 326 uniformiter
937 303 973 325 ex
987 303 1077 335 prae-

341 350 460 392 scripto
487 349 682 387 instituatur,
699 352 733 379 ut
749 347 794 379 sic
815 357 852 379 ex
874 346 1075 379 naturalibus

341 401 543 443 ignorantiae
570 399 710 432 tenebris
736 399 774 431 ad
800 399 909 430 lumen
934 398 1077 430 veritatis

342 454 415 485 {idei
442 460 472 485 et
497 453 528 484 in
553 452 635 483 viam
666 456 795 483 sanctae
821 450 1076 483 conversationis

343 507 561 538 traducantur.

386 567 446 590 xm.
468 557 513 588 Ad
530 557 591 589 hoc
606 555 781 597 plurimum
802 555 923 588 iuvabit
940 556 964 588 si
983 555 1078 588 scho-

343 611 388 642 las
413 610 599 642 vernaculas
630 609 726 651 (quae
751 619 921 651 magnum,
947 614 1079 651 praeter

343 662 405 693 alia
430 662 599 693 commoda
624 671 689 693 non
710 671 823 703 pauca,
842 661 1009 693 doctrinae
1028 672 1079 693 ca-

343 713 520 746 techeticae
532 724 603 745 cum
620 713 721 745 fructu
733 714 980 756 prosequendae
991 724 1077 756 prae-

343 766 458 798 sidium
475 766 659 807 conserunt)
676 766 741 797 ruri
763 776 827 797 non
854 766 960 798 minus
984 777 1078 808 quam

342 819 375 850 in
400 818 581 850 civitatibus
615 818 701 850 omni
728 818 834 851 studio
861 823 892 850 et
923 818 1079 850 sollicitu—

343 870 416 903 dine
443 871 654 903 instituendas
672 875 796 909 curent,
818 871 1016 913 frequentius
1036 871 1079 903 vi-

343 923 447 962 sitent,
466 928 498 954 et
522 933 568 963 ea,
587 933 668 965 quae
694 923 725 954 in
745 923 906 954 catechesi
927 922 1011 954 dicta
1028 923 1078 954 vel

344 975 481 1007 dicenda
513 981 609 1015 sunt,
638 975 894 1017 ludimagistrum
928 976 1079 1017 parvulos

344 1038 419 1060 suos
446 1028 563 1060 docere
588 1027 732 1059 iubeant.

387 1090 461 1113 xm.
482 1080 524 1112 Ex
539 1080 719 1113 vernaculis
738 1080 826 1112 hisce
844 1081 965 1113 scholis
981 1080 1079 1123 aliqui

343 1133 447 1165 bonae
478 1132 596 1164 indolis
628 1132 752 1174 parvuli
789 1132 828 1164 ad
861 1133 956 1164 aedes
985 1142 1081 1174 paro-

345 1184 468 1217 chiales
486 1190 705 1224 assumantur;
730 1185 782 1227 qui
801 1185 1023 1217 sacerdotibus
1043 1186 1080 1218 ad

346 1239 445 1270 altare
470 1237 658 1276 inserviant,
684 1248 812 1270 mensae
832 1238 1027 1277 ministrent,
1043 1238 1080 1269 ad
1101 1274 1102 1278 Ἰ

346 1300 481 1332 eamque
507 1289 704 1332 Scripturam
728 1289 857 1321 Sacram
883 1291 1003 1332 legant,
1030 1281 1103 1326 ca-l

345 1352 424 1374 nere
450 1348 480 1375 et
506 1342 604 1375 latine
622 1341 712 1384 loqui
731 1342 884 1384 paulatim
902 1342 1080 1381 addiscant,

345 1394 377 1426 in
392 1394 553 1438 mysteriis
571 1404 701 1436 quoque
723 1394 919 1426 christianae
937 1394 1024 1433 fidei,
1045 1395 1081 1426 ti-

345 1457 436 1478 more
462 1446 600 1485 Domini,
628 1446 778 1488 ingenuis
802 1446 960 1486 moribus,
986 1447 1080 1479 bonis

346 1499 464 1531 litteris
479 1504 510 1531 et
524 1498 593 1531 aliis
610 1499 704 1530 huius
720 1498 802 1530 vitae
820 1499 979 1531 clericalis
994 1500 1081 1541 prin-

346 1552 438 1595 cipIis
458 1552 666 1589 instruantur,
684 1551 795 1594 sicque
813 1551 852 1583 ad
872 1562 1000 1583 omnem
1018 1551 1081 1594 pie-

345 1610 442 1636 tatem
468 1610 499 1637 et
523 1614 648 1636 morum
668 1604 871 1636 honestatem
890 1604 929 1636 ab
950 1604 1080 1637 ineunte

345 1663 448 1690 aetate
474 1656 613 1689 sollicite
639 1657 827 1688 educentur.

389 1720 477 1742 xum.
512 1709 698 1741 Animarum
733 1709 870 1741 fructum
907 1709 1079 1751 plurimum

346 1762 531 1805 promoveri
558 1762 661 1794 sciant
688 1761 712 1793 si
739 1762 928 1804 parochiani
955 1762 1081 1794 sincera

346 1815 503 1846 charitate
530 1814 707 1846 foveantur.
736 1814 816 1846 llinc
842 1819 994 1856 aegrotos
1020 1815 1081 1847 fre-

346 1867 499 1909 quentius
518 1866 667 1905 invisant,
689 1866 808 1908 eisque,
823 1877 894 1898 cum
913 1877 993 1909 opus
1009 1867 1079 1906 erit,

345 1920 384 1951 ad
405 1919 549 1952 ultimam
571 1920 688 1951 luctam
707 1929 741 1950 ex
762 1919 871 1951 debito
890 1919 1081 1952 salutaribus

344 1972 475 2004 monitis
499 1972 652 2004 assistant
675 1977 706 2004 et
730 1973 934 2011 confortent,
963 1983 1081 2015 paupe-

344 2036 415 2056 rum
440 2035 516 2057 vero
548 2025 766 2067 pupillorum,
792 2025 979 2064 viduarum,
1006 2025 1082 2057 alia-

346 2087 480 2119 rumque
502 2076 735 2110 miserabilium
756 2082 789 2109 et
809 2078 996 2109 afflictarum
1014 2088 1083 2119 per-

346 2139 494 2161 sonarum
535 2129 734 2171 singularem
775 2131 946 2172 quamdam
973 2140 1082 2162 curam

347 2181 496 2221 habeant,
522 2182 706 2214 earumdem
736 2182 944 2214 necessitates
970 2188 1001 2215 et
1025 2182 1083 2214 mi-

922 192 1101 216 BULLARIUM
1126 192 1278 216 ROMANUM

1858 192 1904 217 Αη.
1925 190 1955 217 C.
1979 191 2044 218 1880

1119 239 1365 281 magistratibus,
1381 249 1414 271 se
1428 239 1651 278 intromittant,
1669 239 1729 272 nisi
1743 239 1852 282 requi·

1120 291 1181 324 sito
1206 291 1295 334 prius
1319 291 1525 334 superiorum
1546 291 1683 324 consilio
1704 298 1736 324 et
1753 292 1854 334 impe-

1120 349 1201 376 trato
1229 354 1401 377 consensu.

1162 406 1230 429 va.
1258 397 1345 429 Hanc
1370 396 1560 429 clericorum
1578 397 1788 430 saecularium
1811 397 1854 429 vi-
1897 412 1940 432 noc
1963 411 2048 431 insum-

1121 454 1182 482 tam
1196 450 1341 492 diligant,
1361 449 1545 488 defendant,
1564 455 1755 492 propagent,
1774 456 1805 482 et
1821 450 1854 482 in
1866 441 1906 484 ‘Sim
1922 439 2048 490 qll'ssffiflilss

1121 502 1288 535 vocatione
1306 503 1372 540 sua,
1389 507 1549 544 tamquam
1567 502 1717 544 generosi
1735 502 1853 534 milites
1866 491 1939 536 iiiiii*
1969 494 2049 545 ,33:333

1121 555 1151 586 in
1177 555 1328 593 statione,
1351 554 1605 597 quibuscumque
1626 554 1768 586 adversis
1789 545 2034 586 non⁰⁰¹¹*²'¹¹¹²¹⁰”⁶‘·

1121 608 1331 646 ObsltllttilJuS,
1358 612 1543 639 constanter
1573 612 1792 650 perseverent,
1819 617 1855 639 ac

1122 671 1180 703 pro
1206 660 1346 692 [iri'niore
1373 660 1489 692 harum
1514 659 1780 692 constitutionum
1800 660 1857 692 ob-

1122 712 1302 745 servatione
1329 718 1361 744 et,
1392 713 1537 745 custodia
1569 713 1766 755 quandoque
1792 713 1858 745 col-

1122 765 1228 808 loquia
1253 765 1432 803 instituant,
1451 765 1570 807 quibus
1595 764 1627 797 id
1653 764 1801 803 efficiant,
1816 775 1857 797 ne

1123 828 1174 850 res
1198 828 1274 850 suae
1290 844 1297 857 ,
1323 817 1386 849 sive
1412 817 1615 860 spirituales,
1643 817 1707 849 sive
1732 822 1857 860 tempo-

1123 871 1215 909 rales,
1231 870 1351 912 aliquid
1370 870 1499 912 capiant
1516 869 1712 909 detrimenti,
1731 874 1762 902 et
1781 879 1856 901 casu

1123 932 1186 964 quo
1223 921 1426 964 disciplinam
1467 922 1598 954 dissolvi
1633 922 1682 954 vel
1717 931 1857 954 oecono-

1123 974 1218 1005 miam
1249 973 1425 1016 periclitari
1463 973 1757 1016 deprehenderint,
1784 984 1858 1016 pro-

1123 1018 1195 1058 vido
1210 1031 1401 1068 maturoque
1420 1026 1556 1058 consilio
1574 1031 1753 1064 occurrant,
1769 1025 1857 1068 quod

1125 1078 1230 1120 ipsum
1255 1082 1470 1120 assequentur
1489 1077 1621 1117 facilius,
1642 1078 1667 1109 si
1693 1077 1796 1120 quivis
1823 1078 1856 1110 in

1124 1131 1269 1163 examine
1301 1130 1443 1173 privato.
1469 1130 1554 1162 iuxta
1583 1135 1700 1162 statum
1724 1135 1756 1162 et
1783 1140 1858 1162 con-

1124 1184 1279 1216 ditionem
1306 1194 1406 1219 suam,
1425 1193 1522 1226 super
1546 1183 1596 1215 his
1622 1182 1859 1215 constitutioni-

1124 1238 1192 1276 bus,
1219 1246 1288 1268 cum
1313 1236 1480 1278 proposito
1507 1235 1758 1276 emendationis,
1786 1235 1859 1267 dili-

1125 1296 1239 1331 genter
1263 1300 1297 1321 se
1322 1288 1561 1321 examinaverit.

1166 1352 1249 1374 xtw.
1276 1341 1421 1384 Denique
1448 1341 1508 1373 hae
1531 1340 1776 1373 constitutiones
1797 1341 1858 1373 sub
1908 1352 1966 1375 Quae
1983 1353 2051 1371 namen

1124 1399 1265 1437 peccato,
1292 1404 1351 1436 per
1368 1404 1401 1425 se
1420 1394 1592 1436 loquendo,
1614 1404 1678 1426 non
1701 1384 1908 1436 obligan1,¹338
1923 1378 2053 1430 pcc‘ssi'gfmi

1124 1447 1184 1479 etsi
1210 1446 1282 1489 quis
1308 1447 1346 1479 ad
1369 1447 1452 1478 hanc
1482 1446 1577 1478 vitam
1594 1446 1775 1479 clericalem
1791 1456 1859 1478 ser-

1124 1500 1258 1532 vandam
1284 1510 1343 1542 per
1368 1499 1582 1531 iuramentum
1608 1509 1641 1531 se
1662 1499 1855 1541 adstringat;

1125 1553 1210 1584 solus
1228 1557 1334 1584 autem
1352 1552 1406 1585 ille
1424 1551 1574 1595 periurus
1590 1551 1786 1590 censebitur,
1803 1551 1857 1593 qui

1124 1604 1258 1647 proprio
1274 1611 1360 1637 motu
1379 1616 1411 1637 se
1431 1605 1469 1636 ab
1488 1604 1583 1636 liuius
1600 1604 1758 1637 clericalis
1774 1603 1858 1636 vitae

1125 1663 1156 1690 et
1181 1657 1369 1700 disciplinae
1394 1662 1476 1690 statu
1501 1656 1711 1700 separaverit.

1126 1737 1375 1770 Comissationes
1405 1736 1583 1768 iuventutis
1615 1735 1657 1767 ad
1680 1735 1782 1767 vitam
1805 1746 1858 1767 sa-

1167 1790 1354 1821 cerdotalem
1381 1789 1569 1820 clericorum
1593 1788 1859 1820 saeculariumin

1168 1852 1333 1873 commuue
1359 1842 1532 1872 viventium
1557 1840 1751 1872 educandae.

1401 1919 1580 1940 PROOEMIUM.

1167 1973 1254 2005 Finis
1275 1973 1368 2004 huius
1392 1972 1473 2004 vitae
1492 1972 1649 2004 clericalis
1671 1977 1719 2005 est
1743 1978 1774 2006 et
1798 1974 1872 2010 cle·v
1895 1981 1977 2017 scarus
1989 1980 2050 2001 huius

1126 2025 1208 2057 ricos
1224 2026 1404 2057 saeculares
1423 2025 1453 2056 in
1472 2035 1641 2057 commune
1660 2025 1802 2058 viventes
1823 2026 1856 2058 in
1866 2009 1955 2054 manua
1964 2008 2050 2027 ''wma-

1126 2078 1294 2110 honestate
1320 2082 1350 2109 et
1374 2077 1544 2119 disciplina
1569 2077 1708 2110 clericali
1727 2088 1858 2111 conser-

1125 2140 1197 2162 vare
1226 2135 1257 2161 et
1277 2130 1433 2171 ingenuos
1458 2130 1682 2163 adolescentes
1708 2131 1746 2163 ad
1772 2142 1858 2164 eam-

1102 2209 1104 2215 .
1125 2183 1198 2214 dem
1224 2183 1373 2214 educare.
1398 2182 1486 2214 Unde
1513 2183 1565 2225 qui
1587 2183 1640 2215 hte
1658 2184 1789 2216 aluntur
1807 2184 1859 2216 fir-

347 2234 465 2272 serias,
493 2240 646 2276 quantum
673 2234 742 2267 lieri
771 2234 897 2277 poterit,
924 2235 1080 2276 consilio,
1125 2235 1219 2267 miter
1244 2234 1306 2266 sibi
1332 2245 1518 2277 proponere
1544 2236 1676 2275 debent,
1703 2237 1859 2279 quod,sa-

349 2288 457 2328 opera,
482 2286 598 2318 solatio
624 2287 834 2319 sublevando.
1054 2315 1058 2320 .
1102 2254 1107 2327 i
1125 2287 1271 2319 cerdotes
1296 2287 1379 2326 sacti,
1398 2287 1455 2318 sub
1477 2287 1649 2330 disciplina
1666 2289 1760 2321 huius
1776 2290 1857 2322 vitae

391 2348 474 2370 xtiv.
502 2338 534 2369 ln
561 2339 723 2380 parochiis
749 2340 814 2371 suis
840 2339 921 2371 nihil
947 2339 1019 2372 novi
1039 2339 1084 2371 in-
1102 2330 1105 2373 Ι
1125 2340 1409 2372 adincrcmentum
1424 2340 1586 2372 Ecclesiae
1603 2340 1788 2374 Catholicae
1805 2342 1859 2374 mi-

348 2389 481 2432 cipiant,
509 2390 589 2421 nihil
616 2396 733 2422 mutent
751 2403 757 2430 ;
779 2401 885 2423 verum
911 2397 1083 2423 consuetu·
1125 2392 1225 2431 litare,
1245 2398 1285 2431 et,
1300 2392 1386 2424 iuxta
1407 2393 1582 2435 propriam,
1601 2393 1696 2425 etiarn
1721 2394 1857 2426 aliorum

349 2442 479 2473 dinibus
501 2442 707 2475 laudabiliter
732 2443 887 2475 hactenus
908 2443 1081 2475 observatis
1125 2445 1259 2476 salutem
1288 2455 1325 2476 ex
1356 2445 1499 2486 professo
1532 2455 1706 2487 procurare
1742 2446 1855 2478 velint.

349 2495 514 2526 insistant:
548 2495 684 2526 maxime
711 2506 784 2527 vero
810 2501 960 2534 caveant,
986 2506 1025 2528 ne
1050 2496 1081 2528 in
1124 2495 1237 2535 Quare,
1259 2495 1312 2538 qui
1338 2496 1376 2527 ad
1404 2496 1497 2527 huius
1522 2496 1711 2538 disciplinae
1731 2496 1859 2530 institu-

348 2548 444 2583 15'lam
482 2547 759 2587 controversiam,
787 2548 979 2590 praesertim
1011 2558 1082 2581 cum
1126 2548 1244 2580 tionem
1271 2549 1444 2587 accedunt,
1472 2548 1533 2580 sibi
1563 2549 1796 2590 persuadeant,
1822 2559 1858 2583 se

168 2344 222 2363 thtl
233 2345 338 2367 intiment,

156 2374 174 2389 ‘l
184 2378 187 2386 ι
197 2375 246 2388 nutri
260 2377 338 2390 wrstas

155 2397 267 2415 elz-‹liuentl
