2111 3157
5 261 51 288 ΑΒ.
67 256 95 285 C.
115 256 185 284 ¹683

189 314 207 337 a
230 303 337 345 nobis,
369 304 537 348 ipsamque
562 305 725 338 emitteret
749 304 781 338 in
806 310 919 348 gentes

189 362 220 390 et
243 367 342 400 regna
371 368 452 401 quae
478 368 597 391 nomen
622 369 714 391 suum
739 368 806 391 non
830 358 920 391 invo-

187 416 352 444 caverunt.
372 411 537 445 Exaudivit
560 411 715 445 Dominus
738 421 849 455 preces
867 422 920 455 po·

186 462 254 506 puli
266 463 326 503 sui,
339 463 517 496 exsurrexit
533 469 564 497 et
580 463 747 506 dissipavit
764 463 918 503 inimicos,

186 515 247 559 piis
283 516 533 559 fortissimisque
559 516 806 550 christianorum
831 516 920 559 prin-

186 567 290 610 cipum
313 568 415 611 copiis
432 567 464 601 in
486 569 599 601 virtute
622 568 690 601 eius
713 573 844 601 strenue
862 579 920 611 pu-

187 619 373 661 gnantibus.
393 619 458 658 Qua
476 630 550 653 sane
568 620 749 653 admirabili
775 620 917 660 victoria,

186 671 219 705 in
243 682 306 715 qua
331 672 525 705 christianus
550 673 690 716 populus
715 672 753 705 ab
781 672 919 705 acerbis-

185 724 265 758 sima
289 724 440 757 servitute
458 735 540 768 pene
558 724 743 767 redemptus
767 735 918 768 praesen-

185 782 248 810 tem
274 776 329 809 Dei
355 776 517 810 dexteram
555 776 585 809 in
621 777 787 810 attritione
812 778 918 811 cordis

185 830 322 872 agnovit,
344 830 388 862 uti
409 830 526 873 potius,
548 840 644 873 quam
670 829 728 862 frui
748 840 828 873 opus
850 836 916 871 est;

184 882 313 926 publica
339 883 481 916 nondum
517 882 689 916 securitate
714 883 858 923 firmata,
886 890 919 917 et

184 934 319 969 'rureieo
350 936 485 979 imperio
518 936 648 969 immani
681 937 765 970 mole
790 938 845 970 sua
870 937 917 969 iu-

184 992 266 1022 stum
286 988 392 1022 adhuc
407 988 554 1022 omnibus
570 988 716 1022 timorem
731 989 915 1030 incutiente;

184 1051 243 1075 nec
267 1041 353 1075 enim
378 1041 590 1075 dubitandum
613 1041 747 1082 videtur,
776 1043 851 1086 quin
877 1043 916 1076 ab

182 1093 296 1127 immiti
333 1094 427 1128 hoste
463 1094 621 1128 vindictae
658 1095 776 1138 cupido
811 1101 843 1129 et
875 1096 916 1129 ob

160 1145 163 1147 ’
183 1151 349 1190 acceptam
374 1147 497 1181 cladem
517 1147 627 1182 furore
644 1148 768 1192 percito
792 1149 915 1182 bellum

183 1199 397 1246 redintegrari
430 1201 665 1244 quamprimum
696 1200 823 1234 debeat.
854 1201 916 1235 Nos

183 1251 314 1296 quidem
339 1255 473 1296 paterna
497 1253 650 1286 charitate
675 1256 783 1287 nostra
811 1254 916 1297 publi-

183 1314 252 1338 cam
277 1315 416 1345 causam,
449 1311 481 1339 et
504 1307 688 1348 praeclaros
711 1306 917 1340 christianae-

183 1367 245 1401 que
281 1358 433 1401 religioni
473 1359 630 1391 salutares
667 1359 914 1392 fortissimorum

181 1410 365 1454 principum
390 1416 524 1444 conatus
550 1411 666 1451 iuvare,
685 1417 721 1444 ut
738 1422 797 1455 par
809 1418 867 1451 est,
884 1418 916 1445 et

181 1462 332 1506 prosequi
357 1463 532 1506 cupientes,
559 1462 591 1495 in
616 1463 712 1496 tantis
743 1465 914 1507 apostolici

182 1515 298 1548 aerarii
323 1515 364 1548 ob
388 1516 540 1559 praestita
563 1515 625 1548 iam
649 1526 665 1548 a
691 1517 784 1550 nobis
809 1517 914 1551 eidem

182 1566 346 1610 Leopoldo
371 1574 402 1601 et
427 1567 536 1602 loanni
562 1568 629 1612 regi
655 1569 796 1602 subsidia
814 1580 914 1613 angu—

182 1619 261 1660 stiis,
280 1619 317 1653 ad
343 1620 420 1653 cleri
445 1620 543 1654 Italici
570 1626 601 1654 et
624 1621 840 1655 adiacentium
869 1623 914 1655 in-

182 1673 325 1706 sularum
349 1673 510 1713 reddituS‚
536 1674 822 1717 praedecessorum
849 1685 910 1708 no-

181 1729 321 1758 strorum
353 1724 497 1768 vestigiis
524 1726 750 1767 inhaerentes,
775 1727 913 1761 animum

778 258 987 282 lNNOCENTlL'S
1010 258 1039 282 Xl
1064 258 1111 282 ΓΡ.

961 305 1191 345 triarchalium,
1216 305 1554 348 metropolitanarum,
1585 307 1695 339 cathe-

962 358 1107 397 dralium,
1122 358 1375 400 collegiatarum,
1395 370 1430 391 ac
1447 359 1692 402 parochialium,

961 410 1161 453 aliarumque
1197 410 1430 450 eeclesiarum,
1458 421 1585 443 necnon
1621 422 1693 444 mo·-

961 462 1180 497 nasteriorum
1213 468 1245 495 et
1269 468 1494 503 conventuum,
1526 474 1562 496 ac
1597 464 1693 497 etiam

960 524 1139 548 mensarum
1164 516 1450 558 patriarchalium,
1476 517 1694 560 archiepisco-

960 568 1094 610 palium,
1111 569 1354 612 episcopalium,
1374 570 1591 610 abbatialium,
1609 571 1694 614 capi-

961 620 1111 654 tularium
1137 627 1169 654 et
1193 622 1464 662 conventualium,
1491 623 1691 667 prioratuum

960 683 1101 716 quoque,
1128 674 1439 717 praepositurarum,
1459 677 1692 720 praeceptoria-

960 734 1050 764 rum,
1080 726 1327 759 canonicatuum
1351 732 1383 759 et
1406 728 1666 770 praebendarum
1682 756 1690 768 ,

960 776 1162 819 dignitatum,
1183 784 1426 821 personatuum,
1446 779 1694 814 administratio-

959 839 1034 861 num
1061 834 1092 861 et
1115 830 1305 870 officiorum,
1330 832 1613 874 cappellaniarum,
1640 844 1692 866 ce-

960 879 1168 925 terorumque
1204 883 1436 917 beneficiorum
1469 890 1502 917 et
1530 885 1691 919 bonorum

959 935 1261 976 ecclesiasticorum,
1272 937 1367 969 etiam
1383 937 1691 980 iurispatronatuum

959 987 1114 1020 laicorum
1133 994 1197 1021 tam
1216 1000 1251 1022 ex
1271 990 1440 1032 privilegio
1457 1000 1550 1033 quam
1569 1001 1604 1023 ex
1628 991 1692 1023 sun‹

959 1039 1088 1072 datione
1113 1046 1143 1073 et
1169 1042 1344 1082 dotatione,
1372 1043 1420 1075 vel
1445 1043 1508 1076 alio
1532 1054 1687 1086 quocum-

959 1102 1021 1135 que
1048 1093 1150 1134 titulo,
1176 1104 1248 1126 cum
1270 1097 1345 1126 cura
1370 1100 1401 1127 et
1424 1095 1494 1127 sine
1519 1098 1605 1136 cura,
1623 1106 1691 1129 sae·

958 1145 1127 1185 colai-ium,
1159 1152 1191 1178 et
1215 1148 1398 1189 quorumvis
1422 1146 1576 1181 Ordinum
1602 1159 1691 1191 regu·

958 1198 1088 1237 larium,
1108 1199 1139 1230 in
1166 1199 1307 1239 titulum,
1327 1201 1568 1240 commendam,
1591 1202 1690 1235 admi-

958 1250 1189 1290 nistrationem,
1209 1257 1261 1284 aut
1278 1252 1355 1284 alias
1373 1253 1617 1295 quomodolibet
1634 1254 1691 1287 ob-

958 1308 1120 1336 tentorum
1139 1309 1170 1336 et
1188 1304 1219 1336 in
1245 1310 1408 1347 posterum
1428 1305 1688 1345 obtinendorum,

957 1355 1056 1387 sancti
1083 1366 1212 1399 quoque
1238 1357 1414 1396 Benedicti,
1440 1357 1470 1389 S.
1499 1358 1688 1400 Augustini,

957 1407 1188 1448 Cluniacensis,
1205 1408 1437 1449 Cisterciensis‚
1452 1409 1691 1443 praemonstra-

957 1461 1076 1500 tensis,
1094 1460 1123 1493 S.
1146 1461 1275 1501 Basilii,
1296 1467 1345 1501 et,
1369 1462 1424 1505 qui
1448 1463 1686 1505 proprietates,

956 1512 1165 1556 redditusque
1179 1519 1284 1546 certos
1305 1525 1340 1546 ex
1360 1514 1529 1557 privilegio
1547 1516 1594 1548 vel
1613 1515 1689 1548 alias

956 1565 1124 1608 possident
1138 1566 1397 1608 Mendicantium,
1413 1578 1448 1600 ac
1468 1578 1689 1611 quorumcum-

956 1628 1016 1660 que
1041 1619 1176 1651 aliorum
1201 1618 1369 1659 Ordinum,
1390 1620 1556 1663 utriusque
1582 1632 1686 1661 sexus,

956 1681 1081 1704 necnon
1106 1671 1323 1712 Cassinensis‚
1347 1672 1423 1705 alias
1440 1673 1470 1705 S.
1490 1673 1628 1706 Iustinae
1650 1675 1688 1706 de

956 1724 1073 1763 Padua‚
1092 1724 1337 1765 Cartliusiensis,
1351 1725 1586 1767 Lateranensis,
1608 1726 1690 1759 Mon-

956 1776 995 1808 tis
1018 1776 1143 1816 Oliveti,
1161 1777 1423 1817 Camaldulensis,
1449 1777 1480 1810 S.
1507 1778 1687 1819 Salvatcris,

1600 249 1664 282 509
1710 259 1756 285 An.
1775 259 1802 285 c.
1822 260 1886 289 ¹083

182 1776 322 1810 adiicere
346 1777 504 1821 cogimur.

0 1832 174 1880 rut-‚ngffjssgireg'g
226 1829 240 1872 ἓ
264 1828 295 1862 2.
321 1829 442 1863 Matura
462 1831 560 1873 igitur
580 1842 680 1875 super
696 1832 758 1865 hoc
775 1843 847 1865 cum
863 1843 915 1865 vc-

0 1882 380 1932 '¹2;:J‚,‘,';¹,“,¹20'⁴,2¹⁸”erabilibus
396 1883 547 1916 fratribus
560 1884 680 1917 nostris
696 1884 727 1917 S.
743 1885 779 1917 R.
796 1885 831 1917 E.
851 1895 913 1918 car·

0 1939 60 1986 {3³:⁰3¹-
73 1938 121 1959 cleri
133 1934 343 1968 1¹³·dinalibus
369 1935 603 1969 deliberatione
629 1937 760 1977 habita,
792 1938 830 1970 de
862 1948 916 1971 eo-

184 1987 329 2020 rumdem
353 1988 489 2021 consilio
514 1993 546 2021 et
570 1999 718 2029 assensu,
743 1989 914 2023 indicimus

185 2044 217 2071 et
236 2039 431 2083 imponimus
447 2046 510 2074 tres
522 2041 663 2083 integras
678 2042 817 2075 decimas
834 2043 916 2076 infra

185 2084 463 2135 quinquennium,
489 2098 524 2125 ut
548 2093 631 2126 infra
662 2096 914 2137 persolvendas,

185 2145 327 2177 omnium
363 2151 394 2178 et
429 2156 707 2189 quorumcumque
744 2147 914 2188 fructuum,

184 2197 378 2237 reddituum,
404 2203 626 2241 proventuum,
648 2198 772 2239 iurium,
799 2201 916 2233 obven-

186 2249 319 2290 tionum,
345 2250 609 2284 distributionum
635 2252 912 2294 quotidianarum,

187 2308 219 2334 et
242 2303 535 2336 emolumentorum
561 2304 798 2337 ordinariorum
816 2310 847 2338 et
864 2316 916 2338 ex-

187 2355 489 2399 traordinariorum,
508 2356 537 2388 in
557 2367 757 2400 quacumque
781 2368 815 2390 re
840 2369 917 2391 con-

188 2408 381 2449 sistentium,
398 2410 643 2452 undecumque,
664 2411 917 2453 quomodocum-

189 2470 248 2503 que
274 2466 305 2493 et
329 2462 622 2505 qualitercumque,
649 2462 742 2495 etiam
768 2474 804 2496 ex
833 2464 915 2506 pede

189 2513 312 2554 altaris,
333 2519 386 2546 aut
409 2514 486 2547 alias
512 2515 759 2556 quomodolibet
779 2520 811 2548 et
841 2527 918 2559 quo-

189 2564 235 2597 vis
269 2566 365 2598 modo
400 2566 723 2609 provenientium-et
747 2572 917 2609 proventu—

189 2625 317 2657 rorum,
343 2617 486 2650 omnium
511 2622 542 2652 et
565 2628 836 2663 quarumcumque
861 2630 916 2663 pa-

958 1829 1053 1861 Vallis
1071 1828 1259 1871 umbrosae,
1285 1830 1558 1870 Silvestrinorum,
1582 1830 1690 1864 Caele—

956 1881 1134 1923 stinorum,
1159 1882 1421 1916 Cisterciensium
1446 1883 1478 1915 in
1503 1884 1689 1926 Longobar-

957 1935 1019 1975 dia,
1036 1946 1071 1968 ac
1091 1936 1281 1969 clericorum
1307 1936 1503 1979 regularium
1520 1937 1689 1970 Societatis

957 1987 1039 2027 lesu,
1059 1988 1257 2031 aliarumque
1279 1989 1576 2031 congregationum,
1592 1989 1690 2022 socie-

958 2045 1055 2072 tatum
1081 2046 1112 2073 et
1136 2041 1354 2073 institutorum
1375 2042 1571 2084 regularium
1587 2053 1689 2075 exem-

958 2098 1083 2136 ptorum
1102 2098 1133 2126 et
1149 2103 1213 2125 non
1240 2099 1479 2136 excmptorum·‚
1506 2100 1537 2128 et
1556 2094 1690 2138 insuper

958 2146 1165 2188 hospitalium
1189 2146 1284 2178 etiam
1309 2156 1488 2189 pauperum
1521 2147 1690 2190 hospitali-

958 2204 1053 2232 tatem
1090 2209 1154 2232 non
1187 2200 1425 2239 exercentium,
1450 2210 1506 2232 seu
1538 2201 1623 2233 bona
1658 2206 1690 2233 ot

957 2253 1102 2285 redditus
1132 2253 1215 2285 ultra
1250 2251 1447 2286 intirmorum
1480 2254 1689 2287 necessitates

957 2311 988 2338 et
1022 2306 1084 2338 alia
1114 2315 1172 2348 pro
1206 2305 1324 2348 quibus
1357 2306 1502 2339 instituta
1535 2312 1609 2338 sunt
1638 2308 1691 2350 pia

958 2358 1061 2391 officia
1086 2359 1267 2391 exercenda
1290 2358 1538 2401 possidentium,
1564 2370 1690 2393 necnon

958 2411 992 2443 B.
1019 2410 1133 2442 Mariae
1171 2410 1469 2451 Theutonicorum‚
1507 2411 1539 2444 S.
1581 2412 1690 2444 Lazari

958 2465 996 2497 de
1024 2465 1210 2507 Altopasstl,
1235 2469 1265 2497 et
1289 2464 1423 2496 aliarum
1447 2464 1633 2498 militiarum
1658 2465 1691 2497 in

958 2517 1107 2549 universa
1130 2516 1220 2549 Italia
1253 2521 1284 2548 et
1317 2516 1430 2550 insulis
1463 2517 1572 2550 ltaliae
1604 2518 1692 2550 adia-

958 2568 1104 2600 centibus
1141 2568 1383 2601 consistentium
1400 2596 1408 2609 ,
1434 2569 1611 2602 secundum
1637 2579 1692 2601 ve-

958 2631 1026 2653 rum
1051 2631 1190 2653 annuum
1216 2622 1359 2654 valorem
1384 2622 1556 2662 fructuum,
1582 2621 1691 2654 reddi-
