2111 3157
164 230 212 256 An.
235 230 264 256 e.
289 229 354 255 ress
401 220 464 255 87ss

358 280 503 312 scribunt
516 280 655 323 capitulo
674 278 829 321 generali,
848 279 898 310 vel
916 277 1095 310 reverendo

357 332 462 376 patri,
492 334 540 365 vel
572 332 792 364 visitatoribus
823 329 1033 373 provinciae,
1065 334 1096 362 et

358 396 437 429 quas
458 386 497 418 ab
520 386 641 417 eisdem
662 384 834 426 recipiunt.

404 449 478 472 xvn.
506 438 598 470 Nulla
624 438 736 470 domus
762 436 890 469 Ordinis
908 447 968 479 pro
989 435 1095 468 missis

357 491 596 529 anniversariis,
625 490 817 529 tricenariis,
845 495 898 522 aut
922 489 992 521 aliis
1017 488 1095 521 divi-

357 545 406 577 nis
431 543 542 577 officiis
559 549 590 576 et
615 543 744 575 Ordinis
769 542 935 575 beneficiis
956 542 994 574 ad
1021 547 1095 573 tem-

357 608 415 640 pus
438 598 486 629 vel
512 596 543 628 in
576 601 769 639 perpetuum
802 595 1015 633 celebrandis,
1042 605 1096 637 pe-

356 650 489 689 cunias,
516 654 571 681 ant
606 648 728 690 aliquid
765 648 851 680 aliud
891 647 1091 690 temporale,

355 701 590 734 interveniente
612 706 714 744 pacto,
735 701 880 743 recipere
899 704 1094 742 praesumat,

356 760 411 786 ant
435 764 494 797 pro
520 753 567 786 eis
593 764 625 786 se
653 758 685 786 et
710 753 841 786 domum
859 762 947 785 snam
973 752 1095 795 aliqua-

355 807 429 839 liter
447 807 603 849 obligare,
624 807 746 850 absque
772 806 904 839 licentia
926 804 1092 838 reverendi

354 860 469 903 patris.

398 923 485 948 xvin.
499 912 595 947 Nulla
610 914 704 946 etiam
722 923 863 956 persona
875 912 1015 946 Ordinis
1034 921 1094 954 per

355 977 389 999 se
416 972 469 999 aut
501 966 644 1009 quamvis
663 966 758 998 aliam
777 965 1002 1009 interpositam
1024 975 1094 1007 per-

354 1029 476 1057 sonam,
499 1029 557 1061 pro
577 1018 682 1051 missis
704 1024 736 1051 et
753 1018 823 1050 aliis
849 1017 1023 1061 praedictis
1048 1016 1094 1048 os-

355 1073 434 1105 ticiis
460 1078 490 1105 et
514 1072 695 1111 beneficus,
722 1072 889 1115 pecunias,
907 1071 1003 1103 etiam
1022 1080 1094 1112 gra-

354 1126 393 1158 tis
419 1127 557 1165 oblatas,
584 1127 633 1158 vel
659 1125 781 1168 aliquid
817 1124 905 1157 alind
942 1124 979 1156 ad
1017 1133 1092 1155 suos

353 1189 430 1211 usus
455 1178 717 1216 convertendum,
744 1178 805 1210 sub
824 1179 928 1220 poena
954 1175 1094 1218 discipli-

353 1242 413 1264 nae
440 1230 612 1273 generalis,
638 1230 793 1273 recipiat,
822 1230 877 1262 sed
904 1229 929 1261 si
948 1228 1023 1272 qnid
1042 1228 1092 1271 pia

355 1284 496 1317 fidelium
523 1284 695 1316 devotione
721 1283 892 1323 offeratur,
918 1282 998 1315 illud
1020 1292 1091 1313 cnm

354 1338 528 1379 gratiarnm
555 1336 691 1376 actione,
709 1341 857 1369 cessante
880 1335 966 1368 omni
985 1340 1090 1377 pacto,

354 1389 550 1432 recipiatur,
587 1394 618 1421 et
650 1389 688 1421 ad
715 1399 808 1421 usum
834 1394 865 1420 et
889 1387 1092 1420 commodum

353 1452 419 1475 non
446 1442 529 1474 illius
556 1441 605 1474 cni
632 1441 779 1480 offertur,
808 1441 863 1473 sed
887 1439 983 1473 totius
1008 1450 1093 1471 com-

354 1494 521 1528 munitatis
547 1499 768 1533 convertatur,
799 1494 837 1526 ad
865 1492 982 1536 prioris
1009 1492 1093 1524 arbi-

355 1548 466 1580 trium.
493 1547 582 1584 Qnod
610 1547 634 1578 si
661 1547 752 1590 prior
770 1546 801 1578 in
821 1547 883 1579 hoe
907 1545 1091 1584 excesserit,

354 1601 554 1632 visitatorum
574 1599 707 1631 arbitrio
725 1600 892 1642 puniatur.

399 1664 460 1686 xrx.
495 1653 601 1686 Ludos
633 1654 798 1685 manuales
825 1658 856 1684 et
879 1652 1094 1684 instrumenta

355 1706 475 1738 musica
523 1705 687 1748 librosque
725 1705 895 1737 universos
920 1705 1094 1743 discantus,

355 1769 411 1791 seu
431 1764 542 1790 cantus
565 1758 705 1800 figurati,
731 1758 951 1790 interdicimus
973 1757 1096 1789 nniver-

356 1812 418 1848 sis,
444 1817 475 1844 et
499 1811 523 1843 si
551 1822 630 1853 quae
668 1811 850 1843 huiusmodi
878 1821 1018 1853 unquam
1049 1810 1097 1842 in-

356 1865 526 1897 veniantur
550 1864 582 1896 in
609 1864 771 1907 aliquibus
792 1864 952 1904 domibus,
970 1864 1096 1907 priores

358 1917 491 1950 omnino
514 1928 550 1950 ea
572 1917 732 1950 auferant.

400 1982 446 2004 xx.
472 1970 589 2003 Omnes
614 1981 772 2014 personae
797 1970 927 2003 Ordinis
947 1970 1046 2003 vitent
1067 1974 1098 2002 et

358 2024 482 2066 fugiant
506 2029 677 2066 parentum
694 2024 904 2063 visitationes,
928 2034 1099 2057 conversa-

359 2078 463 2110 tiones
489 2082 519 2109 et
544 2078 691 2109 carnales
717 2077 925 2109 affectiones:
952 2075 1097 2119 alioquin

359 2141 418 2173 pro
435 2130 531 2162 modo
550 2131 664 2172 culpae
686 2129 873 2173 puniantur.

404 2193 466 2216 xxi.
494 2183 531 2214 Et
555 2182 706 2225 quoniam
733 2188 805 2215 sunt
830 2183 992 2216 interdum
1029 2183 1099 2225 qui—

362 2237 444 2276 dam,
472 2236 524 2278 qni
552 2236 641 2268 nulla
678 2246 711 2267 re
738 2235 839 2277 magis
872 2236 1022 2268 ridentur
1047 2236 1100 2268 de-

362 2288 483 2327 lectari,
510 2299 604 2331 qnam
631 2288 804 2331 colloquiis
829 2293 858 2321 et
883 2288 1100 2321 conversatio-

363 2352 403 2374 ne
430 2342 641 2374 saecularinm
668 2347 699 2374 et
724 2342 858 2374 aliorum
885 2342 938 2385 qni
970 2342 1009 2374 de
1043 2341 1101 2374 Or-

364 2394 439 2426 dine
466 2400 578 2427 nostro
604 2405 668 2427 non
695 2400 788 2434 sunt,
826 2400 880 2427 ant.
904 2395 1000 2428 etiam
1027 2405 1101 2428 con-

364 2457 528 2480 vfflgomm
566 2453 597 2479 et
622 2448 825 2487 ssumllomffl'
853 2459 909 2481 5⁰¹¹
936 2459 1102 2481 mercena-
1144 2475 1296 2509 mit-ilium,
1315 2475 1364 2503 sed
1388 2478 1499 2504 tantum
1523 2475 1593 2504 illuc
1615 2476 1763 2513 accedant,
1784 2476 1884 2516 ibique

365 2500 486 2532 riorum
513 2501 640 2541 domus,
669 2502 864 2541 ordinamus,
891 2507 941 2541 nt,
968 2502 993 2534 si
1022 2502 1101 2534 tales

365 2554 415 2586 bis
439 2555 488 2586 vel
515 2559 563 2586 tor
588 2554 619 2586 in
646 2555 780 2597 privato,
806 2561 836 2588 et
861 2556 959 2588 semel
985 2561 1037 2588 aut
1055 2555 1102 2588 bis

365 2606 493 2650 publice
520 2617 536 2638 a
560 2607 668 2649 priore
694 2607 724 2639 in
751 2608 893 2652 capitulo
918 2609 1042 2649 moniti,
1068 2615 1102 2641 nt

939 230 1119 254 nUmeUM
1144 229 1225 253 nom
1232 230 1294 253 NUM

1139 288 1174 309 se
1200 278 1385 317 emendent,
1413 287 1447 310 se
1473 278 1568 320 plene
1593 286 1658 310 non
1684 277 1876 310 emendave-

1138 330 1223 369 rint,
1247 330 1273 363 si
1299 329 1453 363 officiales
1479 336 1566 370 sunt,
1593 330 1804 362 absolvantur
1835 329 1875 361 ab

1139 383 1261 423 officiis,
1287 382 1340 415 alii
1365 393 1441 415 vero
1467 382 1632 425 colloquio
1657 381 1873 421 conventuali,

1140 436 1377 469 minationibus
1396 441 1426 468 et
1451 435 1674 479 spatiamentis
1689 434 1875 478 priventur;

1139 495 1170 522 et
1196 489 1220 521 si
1246 500 1307 522 nec
1331 489 1376 521 sic
1402 489 1532 532 quidem
1560 499 1592 521 se
1619 488 1874 528 emendaverint,

1139 542 1267 584 quoties
1304 542 1334 574 in
1362 542 1424 574 hoc
1457 541 1664 584 deliquerint,
1696 540 1791 573 toties
1811 540 1878 584 pri-

1138 601 1252 628 ventur
1276 596 1349 628 vino
1374 600 1429 628 ant
1452 595 1594 638 pitantia,
1617 600 1670 627 ant
1690 594 1786 627 etiam
1805 605 1878 637 gra-

1138 649 1206 681 vins
1231 649 1364 682 arbitrio
1390 649 1507 692 prioris
1532 648 1719 692 puniantur.
1752 648 1820 681 ‘Nec
1843 648 1876 681 in

1140 701 1202 734 hoc
1228 702 1353 744 priores
1378 701 1444 734 sint
1477 701 1602 735 remissi
1633 703 1683 734 vel
1712 701 1880 744 pusillani-

1138 764 1214 793 mes,
1241 754 1392 798 quoniam
1420 755 1500 787 tales
1535 753 1594 786 sibi
1621 759 1652 786 et
1675 754 1747 786 aliis
1774 753 1878 796 gravi-

1139 811 1187 839 ter
1212 812 1337 845 nocent,
1355 812 1386 839 et
1412 813 1509 840 totam
1530 807 1661 840 domum
1686 806 1878 850 perturbant

1138 865 1170 891 et
1194 860 1425 893 scandalizant.

1182 923 1257 946 xxti.
1281 913 1438 955 Monachi,
1466 916 1563 947 causa
1588 913 1784 954 devotionis,
1807 912 1877 956 pie-

1139 965 1221 1005 tatis,
1241 967 1462 1006 recreationis,
1481 966 1673 1000 visitationis
1695 971 1874 1009 parentum,

1138 1024 1192 1050 aut
1216 1019 1327 1061 quavis
1358 1020 1420 1051 alia
1455 1022 1576 1060 causa,
1613 1019 1769 1052 terminos
1801 1028 1875 1051 snos

1138 1072 1322 1104 nullatenus
1340 1078 1467 1105 exeant.

1180 1122 1348 1163 xx111.Qui
1376 1125 1460 1157 inter
1488 1135 1522 1157 se
1552 1133 1665 1168 pacem
1693 1129 1725 1157 et
1740 1134 1877 1157 concor-

1138 1177 1221 1209 diam
1253 1181 1312 1220 per
1337 1178 1567 1211 contentiones
1593 1183 1625 1210 et
1651 1178 1734 1210 rixas
1757 1178 1878 1210 violare

1137 1230 1427 1273 praesumpserint,
1441 1236 1472 1263 et
1489 1230 1620 1274 saepius
1640 1230 1796 1263 admoniti
1811 1240 1879 1262 ces-

1137 1294 1209 1315 sare
1226 1283 1404 1323 noluerint,
1422 1294 1481 1326 per
1494 1284 1609 1316 domos
1623 1282 1761 1322 Ordinis,
1776 1282 1880 1316 visita·

1139 1342 1241 1369 torum
1261 1337 1394 1376 iudicio,
1416 1337 1611 1369 dividantur.
1638 1336 1728 1375 Quod
1747 1336 1771 1369 si
1795 1346 1878 1369 unus

1137 1391 1223 1422 solus
1242 1390 1338 1422 nimis
1358 1390 1454 1422 suerit.
1470 1388 1781 1429 seditiosus,indici0
1795 1388 1880 1432 prio-

1138 1443 1179 1474 ris
1197 1448 1251 1475 ant
1269 1443 1473 1475 visitatorum
1491 1443 1610 1476 ibidem
1630 1442 1794 1486 puniatur.
1819 1441 1878 1480 Qui

1138 1495 1224 1528 enim
1250 1495 1335 1527 inter
1360 1506 1394 1528 se
1421 1495 1630 1528 concordiam
1653 1505 1718 1527 non
1741 1494 1877 1532 habent,

1138 1548 1236 1581 Deum
1256 1554 1406 1591 pacatum
1425 1549 1548 1581 habere
1568 1559 1632 1581 non
1650 1553 1816 1591 poterunt.
1841 1548 1880 1581 Et.

1138 1601 1224 1633 invta
1238 1601 1358 1633 dictum
1374 1601 1458 1634 beati
1474 1601 1633 1645 Cypriani,
1647 1602 1737 1641 tales,
1751 1601 1878 1634 etiamsi

1138 1654 1234 1688 occisi
1253 1654 1285 1687 in
1304 1655 1507 1688 consessione
1526 1655 1664 1687 nominis
1679 1654 1798 1688 Christi
1818 1655 1879 1688 sne-

1139 1709 1222 1747 rint,
1249 1709 1377 1742 macula
1406 1719 1518 1741 eornm
1548 1719 1608 1741 nec
1638 1709 1796 1751 sangnine
1823 1709 1879 1742 ab·

1140 1762 1250 1794 luitur.

1182 1825 1270 1848 xxiv.
1307 1814 1365 1853 Qui
1403 1815 1533 1847 fratrem
1572 1825 1662 1847 snum
1697 1816 1746 1848 vel
1781 1816 1879 1850 etiam

1140 1878 1331 1902 conversum
1357 1873 1413 1900 ant
1437 1868 1636 1900 saecularem
1669 1868 1799 1901 mentiri
1832 1869 1881 1902 di-

1141 1922 1232 1961 xerit,
1259 1927 1314 1954 ant
1338 1921 1366 1953 ei
1392 1922 1511 1954 malum
1531 1921 1664 1964 aliquod
1684 1921 1879 1964 imprecatus

1142 1975 1247 2017 suerit,
1260 1976 1309 2007 vel
1335 1974 1429 2007 etiam
1455 1975 1686 2007 contumeliam
1717 1974 1881 2018 irrogave-

1141 2028 1194 2068 rit,
1222 2028 1309 2061 inxta
1334 2028 1466 2060 modum
1492 2029 1605 2070 cnlpae
1631 2028 1762 2060 modum
1788 2028 1882 2062 susti-

1142 2087 1216 2114 neat
1240 2081 1445 2124 disciplinae.

1183 2134 1326 2163 Ordinatio
1347 2134 1415 2163 anni
1436 2144 1627 2164 uncnxan:
1658 2145 1671 2163 «
1689 2134 1880 2175 Insequenles

1141 2182 1265 2222 speciale
1288 2182 1458 2212 mandatnm
1480 2182 1529 2212 SS.
1547 2183 1578 2212 D.
1596 2182 1630 2212 N.
1647 2183 1808 2214 innocentii
1827 2184 1881 2214 Pa-

1143 2242 1193 2270 pae
1209 2231 1247 2268 X,
1271 2231 1430 2261 reverendo
1453 2233 1526 2270 patri
1549 2231 1716 2261 Cartlinsiae
1738 2232 1791 2262 sub
1814 2233 1882 2263 data,

1142 2281 1248 2310 Romae
1271 2291 1312 2309 xx
1334 2280 1499 2310 decembris
1520 2281 1588 2309 anni
1608 2291 1705 2310 noenu
1723 2280 1879 2319 directum,

1142 2328 1330 2367 prohibemns
1353 2329 1485 2366 omnino,
1508 2338 1544 2358 ne
1566 2329 1706 2358 officiales
1728 2330 1880 2360 domorum

1142 2377 1259 2407 Ordinis
1277 2378 1365 2406 fixum
1387 2377 1416 2406 in
1433 2377 1665 2417 quibuscumque
1686 2379 1816 2417 grangiis
1832 2382 1882 2409 aut

1143 2426 1317 2455 obedientiis
1339 2430 1422 2455 extra
1447 2426 1656 2455 monasterinm
1687 2426 1812 2457 babeant
1833 2428 1883 2457 do-

1144 2526 1314 2550 rcinaneant
1337 2525 1479 2560 qnantum
1502 2522 1615 2559 negotia
1638 2522 1745 2552 ibidem
1761 2522 1797 2551 ab
1813 2522 1884 2561 ipsis

1145 2568 1335 2607 personaliter
1347 2568 1473 2605 gerenda
1490 2573 1538 2597 ant
1554 2568 1702 2606 dirigenda
1717 2569 1883 2608 requirunt,

1144 2618 1171 2643 ot
1195 2623 1251 2643 non
1271 2614 1412 2653 amplins3
1432 2614 1667 2644 commendantes
1684 2614 1885 2644 visitatoribus

1876 228 1923 254 An.
1943 228 1973 254 C.
1996 228 2064 258 1088
