2111 3157
210 231 258 257 An.
279 231 308 256 C.
327 229 395 257 1680

439 221 504 255 348

403 290 474 313 rum
499 281 592 324 culpa
621 279 790 320 evenerit,
819 288 878 322 pro
902 277 998 311 modo
1024 278 1137 320 culpae

404 345 515 367 severe
541 334 728 377 puniantur.

448 399 489 421 lv.
524 387 570 419 Ad
607 386 747 419 officium
783 384 880 418 etiam
918 384 1138 428 praelatorum

404 446 530 484 spectet
562 445 674 483 petere
710 439 859 472 licentias
894 448 953 481 pro
986 436 1051 470 illis
1083 435 1138 479 qui

403 493 614 536 promovendi
640 498 714 524 sunt
731 497 793 523 tam
814 492 853 524 ad
871 490 1003 523 ordines
1031 499 1139 521 sacros

404 557 499 588 quani
517 546 556 577 ad
574 545 708 587 gradum
724 543 968 586 superioritatis,
989 554 1025 574 ae
1043 542 1138 574 etiam

403 589 526 631 litteras
546 596 702 640 gratiosas
719 608 778 640 pro
795 595 1056 629 benefactoribus
1076 605 1140 626 mo-

403 651 537 684 nasterii
563 651 620 689 sui,
648 660 728 692 quae
755 649 849 681 trium
878 658 1047 681 numerum
1073 656 1139 678 non

403 704 572 736 excedant.

447 767 476 789 v.
504 756 542 788 Et
572 757 647 799 quia
678 755 877 799 parentibus
915 753 1066 786 fratribus
1104 761 1140 783 ac

403 810 569 843 sororibus
584 810 714 842 fratrum
733 807 998 851 Congregationis
1011 811 1138 838 nostrae

403 874 462 906 per
486 868 596 906 patres
632 862 734 895 dietae
770 861 929 904 gratiosae
966 868 1138 892 concessae

404 921 481 949 sunt
504 916 713 958 generaliter,
747 914 861 948 amodo
897 923 956 957 pro
993 912 1038 945 eis
1074 920 1140 943 non

403 970 612 1012 requirantur
635 968 830 1012 specialiter.

447 1032 490 1055 v1.
518 1022 595 1054 Item
621 1022 660 1054 ab
685 1021 772 1064 ipsos
799 1023 924 1063 spectet
955 1023 1065 1061 petere
1097 1016 1140 1048 sa-

405 1075 558 1107 eultatem
595 1073 825 1117 proficiscendi
859 1073 897 1105 ad
929 1071 1047 1103 balnea
1080 1079 1139 1112 pro

405 1127 543 1159 infirmis
569 1126 702 1166 nostris,
730 1125 860 1159 servatis
886 1130 991 1157 tamen
1016 1132 1142 1155 servan-

406 1180 466 1219 dis,
491 1185 589 1222 prout
612 1179 643 1211 in
669 1177 884 1211 declaratorio
909 1177 1041 1219 regulae
1067 1186 1139 1218 cap.

404 1243 496 1266 xxxvi
521 1233 567 1266 De
589 1232 731 1274 infirmis
753 1231 923 1274 fratribus.

451 1296 472 1318 1.
499 1286 701 1318 Declaramus
726 1284 850 1328 pariter
886 1288 919 1316 et
953 1282 1142 1316 ordinamus

341 1351 361 1363 m
393 1338 647 1382 :praesidentem
673 1337 858 1380 regiminis,
882 1336 1080 1374 visitatores,
1106 1345 1141 1366 ac

392 1393 570 1435 ‘praelatos
594 1391 752 1424 babentes
784 1390 911 1423 titulum
936 1395 968 1421 et
991 1388 1143 1421 adminis-

409 1446 599 1484 trationem,
626 1445 675 1476 vel
702 1443 914 1486 principalem
940 1447 1063 1474 tantum
1088 1441 1143 1473 ad-

408 1497 680 1530 ministrationem
705 1495 975 1528 monasteriorum
1012 1500 1140 1527 nostrae

409 1550 686 1593 Congregationis‚
709 1551 771 1582 una
798 1560 869 1581 cum
894 1549 1087 1581 cancellario
1113 1553 1144 1580 et

410 1605 568 1647 capsario,
588 1610 688 1637 totum
707 1603 883 1646 capitulum
898 1603 1050 1645 generale
1069 1612 1144 1634 con·
1164 1616 1166 1636 ι

411 1658 556 1699 stituere,
572 1668 653 1700 quos
671 1656 882 1698 intelligimus
900 1660 1143 1698 repraesentare

411 1717 510 1744 totam
535 1710 828 1753 Congregationem
853 1710 922 1752 ipso
940 1709 1075 1741 durante
1096 1719 1146 1740 ca-

410 1765 524 1807 pitulo.
552 1764 705 1796 Volentes
741 1763 826 1806 quod
864 1772 975 1794 omnes
1008 1761 1144 1804 praelati

409 1828 520 1850 vocem
546 1822 609 1849 tam
635 1817 766 1850 activam
793 1826 887 1858 quam
920 1814 1078 1857 passivam
1112 1814 1143 1846 in

411 1871 556 1914 capitulo
590 1869 636 1911 (si
663 1874 768 1901 tamen
806 1874 996 1911 praesentes
1033 1867 1145 1900 extite-

410 1924 493 1967 rint)
519 1923 678 1961 habeant·,
706 1922 854 1954 absentes
888 1926 994 1954 autem
1021 1932 1037 1952 a
1062 1921 1144 1963 capi-

411 1977 479 2009 tulo
504 1976 627 2008 nullam
648 1985 758 2008 vocem
775 1974 895 2007 habere
912 1974 1049 2017 possint.
1071 1973 1145 2006 Can-

410 2029 565 2062 cellarius
590 2038 669 2061 vero
695 2033 727 2060 et
751 2027 916 2070 capsarius
941 2036 1051 2059 vocem
1079 2031 1146 2058 tan-

411 2084 478 2114 tum
496 2081 628 2114 activam
648 2080 770 2113 habent
790 2090 848 2122 per
862 2079 961 2111 Breve
977 2079 1078 2111 felicis
1096 2089 1146 2110 re-

413 2134 609 2168 cordationis
633 2133 753 2166 Urbani
770 2133 832 2165 Vlll
858 2133 920 2165 illis
945 2143 1143 2165 concessam.

459 2199 494 2221 11.
513 2188 651 2220 Sabbato
670 2187 768 2229 igitur
782 2191 854 2218 ante
874 2186 999 2218 tertiam
1011 2186 1145 2218 domini-

414 2252 482 2273 eam
507 2246 582 2283 post
606 2240 735 2279 Pascha,
762 2238 815 2271 siat
835 2239 866 2270 in
892 2238 988 2271 missa
1012 2248 1149 2271 comine-

412 2293 550 2325 moratio
575 2293 614 2325 de
640 2292 761 2335 Spiritu
786 2292 912 2331 Sancto,
941 2296 972 2324 ct
996 2296 1068 2334 post
1087 2290 1148 2323 No-

413 2356 488 2378 nam
513 2351 604 2389 pater
628 2345 818 2388 praesidens
851 2344 883 2376 in
909 2343 1057 2377 eubiculo
1090 2354 1146 2376 suo

414 2398 615 2441 expedienda
639 2399 782 2430 absolvat
807 2400 870 2430 11113
895 2408 967 2429 011111
1005 2397 1148 2429 visitato-

413 2452 513 2491 ribus,
538 2453 595 2490 vel,
622 2452 730 2494 aliquo
763 2461 874 2484 eorum
908 2451 1052 2489 absente,
1078 2461 1147 2483 eum

414 2504 485 2537 aliis
510 2504 674 2547 praelatis,
702 2503 755 2546 qui
781 2514 949 2535 numerum
967 2509 1090 2546 septem
1109 2503 1147 2534 vi-

415 2568 524 2590 rorum
549 2557 586 2589 ad
613 2557 774 2599 integrum
796 2557 939 2598 regimen
958 2555 1147 2599 requisitum

415 2611 483 2644 vice
502 2609 682 2643 absentium
702 2610 853 2652 supplere
872 2609 1004 2642 debent.

981 227 1162 252 nmiLAnit'M
1185 227 1336 252 ROMANUM

1226 287 1274 309 111.
1301 276 1335 309 In
1368 276 1441 310 loeo
1477 281 1589 320 postea
1625 277 1664 311 ad
1689 277 1720 311 id
1750 277 1915 322 deputato,

1181 330 1363 362 convocatis
1388 329 1536 363 omnibus
1557 331 1595 363 de
1613 331 1762 374 capitulo,
1781 331 1917 374 ipsemet

1182 383 1370 426 praesidens
1380 384 1654 427 praemissaprius
1669 385 1814 418 oratione
1827 396 1918 418 men-

1183 436 1245 476 tali,
1258 436 1478 469 dicatversus:
1489 437 1520 477 pli.
1533 437 1644 470 Salvos
1657 438 1707 480 sao
1718 448 1821 470 servos
1834 443 1913 478 tuos,

1182 493 1214 531 lj'.
1242 489 1325 521 Deus
1349 500 1448 529 1110113,
1469 494 1631 532 sperantes
1657 490 1692 522 in
1718 494 1754 522 te.
1783 490 1814 531 ph.
1841 490 1917 523 Esto

1182 541 1281 581 nobis,
1298 542 1440 581 Domine,
1461 542 1562 574 turris
1586 542 1799 584 fortitudini&
1826 547 1858 585 ΒΚ
1886 543 1914 577 Α

1181 594 1261 636 faeie
1286 594 1425 627 inimici.
1454 595 1485 635 pt.
1513 594 1610 627 [vilest
1633 595 1781 638 proficiat
1804 596 1918 628 inimi—

1182 656 1235 678 cus
1260 647 1295 678 in
1326 647 1439 686 nohis,
1467 652 1498 689 13¹.
1532 647 1573 680 Et
1607 647 1696 689 fitius
1727 648 1917 691 iniquitatis

1182 709 1246 731 non
1271 704 1412 742 apponat
1437 710 1548 732 nocere
1572 701 1674 733 nobis.
1707 702 1738 742 Ji.
1766 701 1914 741 Domine,

1182 762 1246 784 non
1271 752 1445 785 secundum
1467 758 1597 796 peccata
1622 758 1732 787 nostra
1748 755 1850 797 facias
1866 764 1918 788 no-

1182 803 1237 844 bis,
1258 809 1289 847 n'.
1316 805 1429 848 Neque
1451 806 1622 839 secundum
1639 807 1832 851 iniquitates
1849 817 1919 840 nos-

1184 862 1250 889 tros
1283 858 1444 891 retribuas
1480 859 1579 892 nobis.
1620 860 1651 900 11.
1688 861 1781 893 Mitte
1813 860 1916 901 nobis,

1185 910 1331 951 Domine,
1357 912 1523 945 azcoeilium
1549 913 1586 946 de
1610 913 1735 954 Sancto,
1762 918 1794 956 13'.
1822 914 1862 947 Et
1881 913 1919 947 de

1183 963 1261 996 Sion
1287 967 1373 996 tuere
1396 966 1462 997 1103.
1487 966 1518 1006 μί’.
1547 966 1683 999 Domine
1707 966 1827 999 amandi
1847 976 1920 999 ora-

1185 1014 1301 1046 tionem
1327 1025 1443 1055 meam,
1469 1020 1501 1058 15¹.
1529 1017 1569 1049 Et
1603 1017 1723 1049 elamor
1752 1027 1841 1050 meus
1877 1016 1920 1050 ad

1185 1071 1211 1099 te
1235 1067 1351 1100 veniat.
1380 1069 1411 1109 7⁶⁹.
1439 1069 1599 1102 Dominus
1624 1070 1796 1103 vobiscum.
1824 1074 1856 1113 ¹5)-
1879 1070 1920 1103 Et

1184 1130 1257 1152 011111
1281 1121 1401 1163 spiritu
1427 1126 1491 1156 tito.

1483 1185 1618 1210 onEMUS.

1229 1227 1379 1260 Actiones
1396 1233 1531 1269 nostras,
1547 1241 1757 1273 quaesumus,
1773 1231 1919 1272 Domine,

1185 1281 1362 1323 aspirando
1384 1283 1550 1325 praeveni,
1577 1287 1605 1316 et
1630 1283 1817 1316 adiuvando
1845 1295 1921 1327 pro-

1185 1343 1323 1376 sequere,
1349 1338 1386 1367 111
1410 1340 1523 1368 cuneta
1547 1340 1658 1368 nostra
1682 1337 1785 1370 oratio
1805 1341 1832 1370 et
1849 1348 1920 1381 ope-

1185 1387 1270 1419 ratio
1295 1399 1314 1420 α
1340 1392 1368 1421 te
1401 1399 1524 1432 semper
1553 1390 1702 1433 incipiat,
1741 1395 1770 1423 et
1798 1401 1857 1434 per
1892 1395 1920 1424 te

1184 1446 1291 1483 coepta
1313 1441 1460 1482 finiatur.

1230 1493 1445 1526 Faninlornm
1471 1499 1611 1537 luorum,
1635 1497 1921 1539 qn(1esumus,Do-

1186 1545 1285 1585 mine,
1313 1546 1437 1579 delictis
1457 1548 1599 1590 ignosce,
1627 1554 1662 1581 ut
1686 1551 1745 1593 qui
1769 1550 1829 1583 tibi
1851 1551 1922 1594 pla-

1187 1609 1253 1630 cere
1285 1599 1321 1631 cte
1351 1599 1473 1632 actibus
1507 1602 1626 1634 nostris
1657 1613 1721 1635 non
1752 1603 1919 1645 valemus,

1191 1651 1364 1685 Genitricis
1381 1653 1466 1685 Filii
1484 1654 1532 1686 tui
1548 1654 1682 1687 Domini
1701 1656 1805 1689 nostri
1823 1657 1922 1690 inter-

1188 1705 1324 1737 cessione
1343 1705 1515 1738 salvemur.

1231 1758 1418 1790 Intercessio
1443 1770 1511 1799 nos,
1537 1770 1743 1803 quaesumus,
1770 1761 1918 1803 Domine,

1188 1811 1226 1843 B.
1254 1811 1292 1844 P.
1322 1812 1425 1844 nostri
1445 1813 1611 1845 Benedicti
1627 1814 1752 1846 abbatis
1769 1821 1924 1848 com-men-

1187 1864 1247 1902 det,
1272 1868 1307 1895 ut
1331 1864 1416 1906 quod
1439 1865 1558 1897 nostris
1581 1866 1708 1898 meritis
1741 1876 1806 1900 non
1837 1867 1924 1900 vale-

1188 1928 1270 1956 mus,
1299 1918 1367 1949 eins
1396 1918 1578 1960 patrocinio
1610 1930 1830 1963 assequamur.
1857 1921 1924 1954 Per

1190 1970 1354 2004 Christum
1371 1970 1549 2004 Dominum
1566 1977 1724 2005 nostrum.
1744 1977 1778 2015 ¹5¹·
1796 1973 1910 2007 Amen.

1232 2023 1327 2056 Facta
1351 2034 1426 2056 vero
1458 2034 1516 2067 per
1550 2025 1790 2068 praesidentem
1823 2025 1924 2059 moni-

1189 2077 1276 2110 tione
1302 2076 1387 2110 circa
1408 2087 1445 2110 ea
1469 2088 1549 2120 quae
1575 2078 1758 2112 necessario
1786 2089 1845 2122 pro
1869 2090 1925 2112 au-

1190 2135 1320 2173 gmento
1337 2130 1493 2173 regularis
1508 2130 1731 2165 observantiae
1749 2142 1924 2174 suggeren-

1191 2185 1230 2217 da
1254 2183 1407 2227 praelatis
1432 2184 1598 2225 iudicabit,
1625 2185 1711 2218 idem
1735 2185 1924 2228 praesidens

1192 2242 1223 2269 et
1242 2236 1419 2269 visitatores
1435 2242 1551 2270 vocent
1567 2247 1673 2270 coram
1689 2237 1837 2270 omnibus
1860 2238 1926 2271 sin-

1191 2290 1283 2332 gulos
1315 2289 1347 2321 in
1379 2290 1526 2332 catalogo
1563 2290 1743 2334 descriptos
1775 2301 1793 2323 a
1829 2300 1927 2334 quae-

1191 2348 1298 2383 store,
1335 2348 1366 2375 et
1391 2342 1458 2386 ipse
1485 2348 1638 2387 quaestor
1672 2342 1770 2376 fidem
1804 2343 1926 2387 scripto

1193 2397 1286 2429 saciat
1311 2397 1348 2429 de
1373 2396 1520 2430 omnibus
1545 2397 1599 2440 qui
1624 2396 1748 2439 integre
1766 2396 1929 2430 satisfece-

1191 2450 1264 2489 rint,
1286 2455 1430 2483 autnon.

1235 2503 1357 2536 Deinde
1382 2504 1492 2546 legere
1518 2503 1613 2536 saciat
1637 2513 1697 2547 per
1712 2508 1838 2547 patrem
1859 2513 1929 2537 can·

1191 2555 1358 2589 cellarium
1383 2556 1524 2599 publice,
1542 2556 1750 2591 audientibus
1769 2556 1930 2598 omnibus,

1193 2619 1334 2651 sequens
1358 2609 1545 2653 capitulum.

1923 228 1974 256 An.
1996 229 2026 257 C.
2045 230 2111 258 10υο
