2111 3157
15 203 65 233 An.
85 200 115 230 c.
130 199 198 229 1688

61 262 192 285 Confirmatio

13 290 72 313 relati
87 290 174 311 decreti.

38 1530 152 1551 clausulae.

244 248 260 292 ἓ
285 248 316 282 ⁶2.
335 247 412 282 Cum
437 252 552 287 autem,
567 246 651 280 sicut
673 244 858 289 praedictus
875 244 934 277 Be-

201 302 350 336 nedictus
369 301 463 335 nobis
487 301 593 334 denuo
618 299 735 343 exponi
760 298 844 338 fecit,
863 297 933 340 ipse

202 355 367 389 decretum
394 354 577 387 huiusmodi
602 363 660 396 pro
685 351 820 385 firmiori
844 350 932 384 illius

201 408 409 441 subsistentia
434 412 466 441 et
489 406 717 440 observatione
735 403 932 448 apostolicae

201 461 456 494 confirmationis
480 465 612 492 nostrae
641 459 760 491 robor-e
791 466 934 490 commu-

200 513 264 546 niri
289 522 493 556 summopere
518 512 704 545 desideret:
738 520 809 549 nos,
828 510 933 552 ipsum

200 566 406 599 Benedictum
423 565 616 608 specialibus
632 563 793 596 favoribus
811 567 842 594 et
866 572 933 604 gra-

201 618 253 651 tiis
289 618 445 661 prosequi
478 618 636 655 volentes,
661 620 693 648 et
719 625 736 647 a
768 613 932 658 quibusvis

201 670 552 710 excommunicationis,
578 667 802 712 suspensionis
834 671 865 701 et
888 667 933 700 in-

200 723 339 763 terdicti,
356 723 489 766 aliisque
508 721 735 755 ecclesiasticis
751 720 931 760 sententiis,

200 775 346 809 censuris
372 781 404 808 et
427 775 551 818 poenis,
566 785 583 807 a
606 774 677 806 iure
702 773 752 806 vel
777 772 816 806 ab
834 773 934 805 homi-

200 838 249 868 ne,
276 827 384 871 quavis
408 827 577 861 occasione
599 827 650 859 vel
675 827 769 859 causa
792 825 880 865 latis,
907 825 932 858 si

200 882 317 925 quibus
343 880 589 925 quomodolibet
611 879 783 913 innodatus
815 878 931 918 existit,

200 935 238 968 ad
264 934 412 968 effectum
432 934 650 977 praesentium
675 933 839 965 dumtaxat
864 941 934 964 con-

200 988 410 1032 sequendum,
429 986 543 1020 harum
569 985 654 1019 serie
679 986 883 1019 absolventes
905 990 936 1018 et

200 1041 384 1075 absolutum
410 1040 479 1073 sore
504 1038 936 1082 censentes,supplicationi-

199 1094 261 1127 bus
287 1095 356 1127 eius
380 1094 511 1127 nomine
538 1093 633 1126 nobis
665 1102 764 1136 super
789 1092 851 1125 lioc
876 1091 935 1124 hu-

199 1148 322 1181 militer
360 1147 520 1191 porrectis
559 1146 726 1185 inclinati,
767 1145 935 1179 decretum
968 1151 969 1154 ’

199 1201 451 1246 praeinsertum,
469 1199 658 1232 auctoritate
684 1198 871 1242 apostolica,
891 1204 937 1231 te-

200 1261 279 1287 nore
311 1253 545 1297 praesentium,
570 1252 796 1285 confirmamus
829 1256 860 1283 et
885 1260 936 1293 ap-

200 1306 389 1350 probamus,
422 1306 534 1350 illique
567 1305 763 1338 inviolabilis
788 1304 936 1347 apostoli-

200 1370 255 1393 cae
268 1359 427 1393 firmitatis
444 1360 544 1392 robur
560 1358 741 1398 adiicimus3
757 1358 841 1390 salvii
858 1367 937 1390 sem-

200 1423 259 1457 per
283 1414 316 1446 in
333 1412 516 1456 praemissis
534 1411 724 1445 auctoritate
743 1415 935 1444 memoratae

200 1465 467 1509 Congregationis
492 1464 715 1498 cardinalium.

245 1519 260 1562 5
283 1517 316 1552 3.
343 1517 559 1551 Decernentes
585 1517 713 1550 easdem
747 1520 936 1559 praesentes

201 1573 325 1606 litteras
354 1581 483 1614 semper
514 1569 640 1610 firmas,
671 1570 791 1602 validas
816 1574 847 1602 et
872 1568 938 1601 effi-

203 1635 293 1659 caces
310 1624 448 1657 existere
467 1628 499 1656 et
516 1623 595 1663 sore,
610 1632 752 1665 suosque
771 1621 936 1665 plenarios

204 1684 236 1712 et
258 1679 403 1721 integros
427 1675 558 1709 effectus
583 1675 691 1709 sortiri
722 1680 754 1707 et
778 1675 937 1714 obtinere,

203 1741 239 1764 ac
258 1730 333 1770 illis,
347 1730 386 1763 ad
411 1739 489 1772 quos
514 1732 639 1771 spectat
663 1733 693 1760 et
714 1737 772 1770 pro
791 1732 937 1770 tempore

202 1783 421 1828 spectabit,in
442 1781 590 1814 omnibus
615 1786 647 1813 et
671 1791 728 1824 per
753 1780 939 1823 omniaplo

204 1837 336 1870 nissime
362 1834 543 1877 suffragari,
569 1839 600 1867 et
624 1834 664 1867 ab
690 1834 735 1866 eis
761 1833 938 1876 respective

204 1889 434 1923 inviolabiliter
457 1887 618 1921 observari
636 1915 642 1927 ,
670 1887 779 1930 sicque
798 1887 829 1919 iu
847 1897 940 1930 prae-

204 1943 309 1976 missis
340 1951 400 1985 per
425 1950 647 1984 quoscumque
672 1940 794 1982 iudices
814 1940 942 1972 ordina-

204 1997 269 2030 rios
288 2001 320 2028 et
337 1996 516 2037 delegatos,
543 1994 638 2026 etiam
665 2004 832 2026 causarum
857 1994 942 2036 pala-

207 2048 241 2081 tii
267 2047 436 2091 apostolici
462 2046 634 2086 auditores,
661 2046 795 2079 iudicari
821 2050 853 2078 et
870 2045 942 2078 defi-

206 2101 269 2135 niri
295 2100 427 2139 debere,
448 2110 485 2132 ac
509 2099 638 2131 irritum
664 2104 695 2131 et
719 2099 816 2131 inane
845 2099 869 2131 si
895 2109 942 2131 se-

207 2164 262 2187 cus
282 2163 380 2196 super
398 2152 448 2185 his
474 2162 491 2184 a
516 2162 688 2195 quoquam,
707 2151 818 2195 quavis
838 2158 943 2184 aucto-

209 2207 314 2246 ritate,
333 2206 472 2239 scienter
495 2205 545 2238 vel
570 2205 773 2247 ignoranter,
800 2205 944 2247 contige-

209 2261 252 2293 rit
272 2259 435 2293 attentari.

89 2317 202 2343 verozano
255 2313 269 2356 ἓ
293 2313 325 2346 4.
345 2312 412 2345 Non
437 2311 643 2344 obstantibus
659 2311 945 2345 constitutionibus

23 2344 180 2366 contrariorum.

212 2370 244 2398 et
267 2364 532 2398 ordinationibus
557 2364 751 2406 apostolicis,
770 2375 814 2403 ac,
837 2370 947 2407 quate-

215 2429 272 2451 nus
296 2429 378 2462 opus
403 2418 455 2457 sit,
482 2417 669 2460 provinciae
694 2417 890 2460 praedictae,
917 2422 948 2449 ct

214 2471 285 2504 aliis
303 2470 479 2514 quibusvis,
499 2470 595 2502 etiarn
621 2469 817 2509 iuramento,
836 2469 949 2502 confir-

214 2523 356 2556 matione
381 2522 570 2565 apostolica,
589 2523 638 2554 vel
664 2522 775 2565 quavis
799 2521 948 2554 firmitate

788 192 1000 221 mnocswrms
1021 193 1053 218 XI
1078 192 1126 217 ΡΡ.

974 239 1234 285 bus,privilegiis
1249 234 1537 282 quoque,indultis
1550 238 1582 267 et
1595 234 1711 267 litteris

975 294 1161 339 apostolicis
1193 293 1225 326 in
1244 290 1440 326 contrarium
1458 287 1710 333 praemissorum

975 348 1220 393 quomodolibet
1250 345 1425 385 concessis,
1457 341 1655 377 confirmatis
1680 345 1712 374 et

975 402 1154 442 innovatis;
1181 401 1298 445 quibus
1332 398 1482 432 omnibus
1507 401 1539 430 et
1560 395 1709 438 singulis,

974 457 1103 490 illorum
1128 461 1258 489 tenores
1281 452 1508 498 praesentibus
1532 461 1590 494 pro
1614 451 1710 492 plene

975 515 1007 542 et
1029 509 1227 542 sufficienter
1251 506 1413 551 expressis
1446 516 1483 538 ac
1515 503 1554 536 ad
1577 502 1710 535 verbum

974 561 1106 595 insertis
1131 561 1300 600 habentes,
1328 559 1391 592 illis
1415 554 1493 591 alias
1517 556 1549 588 in
1570 565 1628 589 suo
1659 565 1713 588 ro-

974 615 1054 648 bore
1080 613 1310 658 permansuris,
1325 612 1364 645 ad
1389 610 1645 654 praemissorum
1671 607 1712 642 es-

975 668 1103 708 scctum,
1117 668 1178 701 bac
1203 668 1270 700 vice
1285 667 1458 704 dumtaxat,
1477 662 1664 707 specialiter
1680 666 1713 695 et

975 731 1124 763 expresse
1141 721 1355 762 derogamus,
1381 717 1563 759 ceterisque
1589 720 1712 749 contra-

974 772 1029 805 riis
1054 773 1325 815 quibuscumque.

1018 825 1130 857 Datum
1156 824 1293 864 Romae,
1321 824 1406 867 apud
1438 823 1470 856 S.
1488 823 1621 856 Mariam
1649 821 1714 854 Ma-

976 878 1094 918 iorem,
1121 878 1181 910 sub
1210 877 1332 910 annulo
1357 875 1543 915 Piscatoris,
1575 875 1625 908 die
1654 883 1713 907 xm

977 931 1082 964 martii
1117 939 1341 970 iunctxxxvm,
1369 927 1577 972 pontificatus
1607 926 1714 961 nostri

978 995 1064 1018 anno
1084 994 1141 1018 ΧΠ.
1157 986 1170 1026 ’χ

1014 1046 1071 1073 Dat.
1087 1045 1131 1073 die
1148 1045 1180 1073 13
1199 1044 1288 1072 martii
1309 1043 1388 1078 1688,
1409 1043 1505 1078 pontif.
1527 1050 1597 1070 anno
1614 1048 1662 1070 ΧΠ.

1287 1187 1397 1221 CXCV.

980 1267 1199 1309 Confirmalur
1232 1278 1314 1301 nova
1348 1266 1489 1300 colleclio
1519 1270 1717 1300 statutorum

1024 1321 1159 1355 Ordinis
1177 1321 1419 1355 Cartlmsiensz‘s
1442 1319 1462 1352 ¹.

1169 1401 1364 1429 Innocentius
1385 1401 1461 1434 Papa
1481 1400 1530 1431 XI,

1099 1446 1135 1473 ad
1152 1449 1327 1480 perpetuam
1347 1445 1393 1472 rei
1414 1444 1595 1472 memoriam.

1022 1516 1203 1550 Iniunctum
1224 1516 1319 1550 nobis
1344 1516 1497 1550 divinitus
1516 1515 1716 1559 apostolicae
1754 1516 1875 1538 Effldlssm-

980 1570 1142 1603 servitutis
1166 1570 1318 1610 officium,
1345 1570 1468 1602 meritis
1493 1569 1571 1602 licet
1595 1573 1627 1601 et
1649 1567 1718 1600 viri-

980 1624 1038 1656 bus
1059 1624 1155 1666 longe
1182 1623 1329 1666 impares,
1355 1623 1394 1655 ad
1418 1622 1580 1655 Ecclesiae
1604 1621 1719 1655 Catho-

981 1677 1059 1709 licae
1094 1687 1155 1720 per
1190 1677 1374 1709 universum
1411 1680 1569 1708 terrarum
1606 1674 1717 1707 orbem

982 1728 1113 1762 difl'usae
1139 1728 1406 1767 aedificationem,
1431 1728 1658 1770 bonorumque
1687 1732 1720 1759 ct

982 1782 1107 1825 piorum
1129 1791 1265 1824 operum
1283 1781 1519 1814 incrementum
1547 1785 1578 1813 et
1599 1780 1719 1812 anima-

983 1846 1052 1867 rum
1078 1836 1213 1868 salutem
1240 1833 1381 1867 fideliter
1405 1834 1531 1876 exequi,
1546 1832 1719 1866 adiuvante

982 1889 1128 1928 Domino,
1148 1893 1341 1929 satagentes,
1360 1887 1525 1928 regulares
1537 1885 1672 1918 Ordines
1687 1885 1718 1917 in

983 1942 1123 1974 Ecclesia
1138 1940 1192 1973 Dei
1218 1940 1269 1983 pie
1293 1945 1464 1981 sancteque
1490 1938 1664 1978 institutos,
1683 1948 1720 1970 ac

983 1993 1153 2037 multiplici
1178 1992 1456 2035 celeberrimaque
1481 1991 1631 2024 virtutum
1654 1991 1721 2022 lau-

984 2048 1023 2080 de
1049 2047 1218 2088 sulgentes,
1244 2045 1276 2077 in
1301 2044 1430 2077 salutari
1457 2053 1568 2076 eorum
1593 2042 1720 2075 vivendi

984 2101 1096 2133 norm-81
1126 2098 1307 2141 veterisque
1329 2096 1520 2140 disciplinae
1546 2096 1722 2129 observan-

986 2153 1026 2184 tia
1059 2151 1230 2184 confovere
1270 2156 1366 2192 atque
1403 2159 1595 2182 conservare
1632 2147 1734 2181 omni⁴

984 2205 1088 2239 studio
1115 2203 1335 2243 connitimur,
1363 2213 1399 2235 ac
1415 2202 1552 2246 proinde
1574 2212 1620 2242 ea,
1639 2211 1721 2244 quac

985 2269 1043 2302 pru
1062 2255 1148 2291 felici
1181 2266 1406 2300 prosperoque
1430 2255 1661 2297 religiosorum
1682 2254 1722 2286 vi-

986 2322 1105 2351 rorum,
1119 2319 1295 2352 eorumque
1307 2308 1506 2352 praesertim,
1519 2318 1606 2351 quos,
1627 2318 1721 2340 suave

987 2363 1102 2396 Clu-isti
1129 2362 1235 2405 iugum
1261 2362 1322 2394 sub
1348 2360 1533 2394 austerioris
1562 2360 1646 2394 vitae
1673 2371 1723 2393 re-

1022 2452 1034 2478 1
1059 2451 1136 2477 Extat
1154 2453 1292 2477 decretum
1309 2449 1443 2484 quoddam
1459 2448 1568 2484 capituli
1587 2448 1724 2483 generalis

988 2496 1110 2522 inconst.
1123 2494 1166 2521 ed.
1177 2501 1333 2528 moctxxxu,
1348 2493 1391 2521 die
1406 2494 1435 2520 31
1453 2493 1522 2526 iulii,
1539 2493 1634 2528 pontis.
1649 2499 1684 2526 vi,
1697 2497 1725 2519 et

989 2538 1060 2566 aliud
1071 2538 1288 2574 congregationis
1298 2537 1468 2573 particularis
1484 2536 1510 2564 in
1523 2536 1668 2564 innocentii
1678 2535 1723 2563 ΧΠ

214 2575 277 2627 alia
300 2575 475 2617 roboratis,
501 2575 627 2607 statutis
653 2579 684 2607 et
708 2574 949 2608 consuetudini·
991 2586 1075 2611 const.
1093 2581 1135 2611 ed.
1152 2588 1267 2617 momen,
1285 2582 1327 2610 ‹uo
1347 2582 1371 2609 ιι
1391 2581 1494 2618 aprilis,
1511 2581 1606 2617 ponus.
1622 2587 1640 2609 ι.

1598 174 1662 210 787
1709 183 1760 211 An.
1776 181 1807 210 c.
1831 180 1901 209 ¹688
