2111 3157
131 186 184 215 An.
201 185 230 214 c.
254 185 322 213 1679
369 175 432 210 v148

201 774 272 793 ssuaml

205 793 212 797 ,
276 780 308 794 Hm

126 807 181 828 prae>
192 806 247 826 ιῚιῑ-ι.

146 1511 293 1532 Sari-amenta.

368 245 410 268 LI.
437 234 609 273 Famulus,
638 232 691 276 qui
721 231 889 265 submissis
915 231 1059 264 humeris

325 288 466 320 scienter
489 287 615 319 adiuvat
634 286 747 319 herum
772 295 866 318 suum
884 284 1058 318 ascendere

324 352 381 383 per
407 341 561 373 fenestras
593 340 630 371 ad
657 339 863 381 stuprandum
888 337 1057 380 virginem,

323 399 351 426 et
378 393 542 426 multoties
568 392 673 425 eidem
698 391 861 423 subservit
881 391 1057 423 deferendo

321 448 449 484 scalam,
468 445 644 487 aperiendo
670 445 810 481 ianuam,
835 448 889 475 aut
913 443 988 485 quid
1021 442 1058 475 si-

320 499 395 531 mile
414 498 635 540 cooperando,
652 508 716 529 non
735 501 845 539 peccat
863 496 1054 535 mortaliter,

321 551 346 582 si
370 551 400 583 id
429 550 522 582 faciat
547 556 634 582 metu
670 549 821 581 notabilis
847 548 1053 587 detrimenti,

320 609 396 646 puta
421 614 461 635 ne
488 614 504 635 a
530 603 663 635 domino
690 603 772 634 male
798 607 986 642 tracteetur,
1017 611 1055 633 ne

319 656 416 688 torvis
442 656 544 688 oculis
569 655 750 698 aspiciatur,
770 665 809 687 ne
828 655 921 687 domo
947 655 1056 696 expel-

319 711 416 742 latur.

364 772 419 794 Lu.
453 761 667 804 Praeceptum
697 759 846 793 servandi
880 760 960 792 festa
990 770 1054 792 non

320 814 443 853 obligat
463 814 522 845 sub
548 813 687 852 mortali,
717 812 857 856 seposito
884 812 1052 852 scandalo,

319 867 344 899 si
371 867 453 899 absit
478 872 694 909 contemptus.

363 929 432 952 tul.
461 919 621 951 Satisfacit
642 923 816 961 praecepto
834 918 998 950 Ecclesiae
1017 918 1055 950 de

318 972 483 1004 audiendo
509 982 614 1010 sacro,
645 971 699 1014 qui
725 971 802 1003 duas
829 971 898 1002 eius
924 975 1052 1012 partes,

318 1026 414 1057 immo
430 1031 581 1067 quatuor,
599 1025 694 1057 simul
710 1035 726 1056 a
744 1024 878 1056 diversis
892 1023 1055 1056 celebran-

316 1078 402 1109 tibus
428 1078 526 1109 audit.

360 1140 421 1162 tiv.
449 1129 506 1167 Oui
534 1140 597 1162 non
623 1133 730 1171 potest
765 1128 901 1161 recitare
926 1128 1054 1160 matuti-

315 1193 391 1214 num
419 1189 449 1215 et
475 1183 606 1222 laudes,
632 1188 740 1225 potest
773 1187 878 1214 autem
910 1181 1052 1224 reliquas

315 1236 424 1269 horas.
443 1236 480 1269 ad
503 1236 582 1268 nihil
606 1241 742 1274 tenetur,
761 1234 837 1277 quia
857 1233 960 1267 maior
977 1245 1051 1277 pars

316 1290 411 1321 trani
439 1291 477 1322 ad
504 1299 536 1321 se
562 1289 734 1321 minorem.

357 1353 408 1374 iv.
440 1343 617 1384 Praecepto
651 1339 890 1374 communionis
926 1350 1052 1372 annuae

314 1394 425 1427 satisfit
452 1405 510 1437 per
534 1395 726 1436 sacrilegam
761 1392 887 1425 Domini
918 1393 1053 1425 mandu-

314 1448 487 1480 cationem.
928 1436 932 1441 ,

358 1510 420 1532 Lvii
439 1500 604 1542 Frequens
622 1499 784 1532 confessio
806 1503 837 1531 et
854 1498 1050 1537 communio,

315 1553 409 1586 etiam
436 1555 466 1585 in
495 1553 544 1584 his
581 1552 635 1595 qui
661 1551 827 1593 gentiliter
852 1551 973 1591 vivunt,
1003 1557 1052 1583 est

314 1613 388 1639 nota
415 1605 737 1649 praedestinationis.

358 1670 434 1693 Lvii.
464 1658 634 1691 Probabile
660 1663 709 1691 est
740 1657 891 1690 sufficere
916 1656 1053 1689 attritio:

315 1723 388 1745 nem
416 1713 605 1750 naturalem,
622 1711 720 1743 modo
747 1711 928 1743 honestam.

360 1776 448 1799 Lvut.
475 1765 543 1797 tlon
571 1770 720 1797 tenemur
736 1763 932 1796 confessario
953 1763 1054 1795 inter-

314 1819 443 1861 roganti
469 1818 562 1850 fateri
587 1817 710 1861 peccati
731 1816 867 1849 alicuius
885 1821 1054 1849 consuetu-

316 1873 437 1906 dinem.

360 1936 422 1959 iix.
450 1925 539 1958 Licet
573 1923 852 1957 sacramentaliter
884 1922 1053 1955 absolvere

317 1979 483 2012 dimidiato
511 1983 633 2010 tantum
654 1977 820 2010 confessos
845 1976 971 2008 ratione
988 1986 1054 2007 rna-

316 2033 368 2074 gni
388 2041 564 2064 concursus
578 2029 820 2073 poenitentium,
836 2029 947 2071 qualis,
965 2027 1052 2060 verbi

318 2086 429 2126 gratia,
448 2089 555 2127 potest
579 2083 767 2125 contingere
792 2082 824 2113 in
850 2081 901 2114 die
920 2090 1054 2122 magnae

318 2138 452 2170 alicuius
479 2136 657 2169 festivitatis
679 2142 734 2167 aut
758 2134 993 2176 indulgentiae.

363 2190 622 2229 1⁴X.Poenitenti,
640 2189 770 2221 habenti
789 2187 1054 2221 consuetudinem

319 2243 474 2287 peccandi
500 2248 611 2275 contra
631 2243 734 2284 legem
754 2241 818 2279 Dei,
841 2245 976 2272 naturae
1002 2244 1056 2271 aut

319 2296 501 2335 Ecclesiae,
538 2305 598 2327 nec
623 2300 672 2327 est
705 2293 853 2336 neganda
884 2303 943 2325 nec
968 2291 1057 2324 diffe-

320 2350 422 2382 renda
447 2347 628 2387 absolutio,
661 2346 837 2379 dummodo
872 2355 927 2377 ore
951 2344 1056 2387 profe-

320 2407 369 2435 rat
404 2412 437 2434 se
463 2401 575 2434 dolere
611 2405 642 2432 ct
666 2409 832 2442 poponere
857 2397 1056 2431 emendatio-

321 2466 410 2489 nem.

367 2518 429 2540 ml.
457 2507 565 2539 Potest
590 2505 767 2548 aliquando
793 2503 926 2541 absolvi,
949 2503 1003 2546 qui
1025 2502 1056 2534 in

322 2560 469 2606 proxima
502 2559 672 2593 occasione
707 2557 861 2601 peccandi
894 2562 1056 2597 versatur,

897 182 1077 207 BULLARH'M
1102 181 1253 206 ROMANUM

1104 241 1197 272 quam
1216 236 1324 273 potest
1341 235 1373 263 et
1389 240 1455 263 non
1472 231 1541 264 vult
1561 230 1724 271 omittere,
1744 231 1836 276 quin-

1101 283 1197 317 immo
1215 284 1337 316 directe
1354 289 1386 317 et
1401 294 1437 316 ex
1454 284 1623 328 proposito
1640 285 1766 328 quaerit
1782 291 1836 319 aut

1101 337 1129 369 ei
1154 347 1187 369 se
1212 336 1340 378 ingerit.

1144 400 1218 423 an.
1246 390 1394 423 Proxima
1426 390 1555 424 occasio
1585 391 1742 434 peccandi
1768 403 1835 427 non

1100 448 1148 476 est
1171 443 1333 485 fugienda,
1353 445 1482 487 quando
1508 455 1605 477 causa
1622 445 1732 488 aliqua
1747 446 1835 479 utilis

1100 501 1153 527 aut
1179 497 1316 529 honesta
1340 507 1405 528 non
1424 496 1567 539 fugiendi
1593 497 1744 531 occurrit.

1143 558 1230 581 anl.
1250 549 1386 581 Licitum
1405 554 1451 582 est
1473 560 1630 593 quaerere
1649 551 1770 584 directe
1787 562 1836 585 oc-

1099 601 1261 634 casionem
1287 602 1466 644 proximam
1486 604 1641 645 peccandi
1662 614 1721 647 pro
1746 604 1833 638 bono

1098 653 1256 696 spirituali
1283 656 1331 688 vel
1359 655 1530 698 temporali
1554 661 1668 689 nostro
1688 658 1737 691 vel
1762 668 1835 701 pro-

1098 717 1186 739 xuni.

1141 769 1223 792 [λιν.
1263 760 1487 794 Absolutionis
1525 772 1623 805 capax
1650 767 1698 795 est
1723 763 1832 806 homo,

1098 813 1300 854 quantumvis
1332 814 1460 847 laboret
1491 814 1676 857 ignorantia
1707 822 1834 859 myste-

1099 866 1220 898 riorum
1246 866 1330 906 fidei,
1362 872 1393 899 et
1423 867 1550 900 etiamsi
1575 879 1634 911 per
1658 869 1830 911 negligen-

1100 918 1183 957 tiam,
1210 919 1304 951 etiam
1334 920 1544 962 culpabilem,
1571 922 1696 954 nesciat
1719 927 1834 966 myste-

1099 971 1178 1002 rium
1203 971 1256 1004 SS.
1283 971 1445 1005 Trinitatis
1471 978 1502 1005 et
1522 973 1756 1008 incarnationis
1778 976 1834 1009 do-

1098 1024 1175 1056 mini
1200 1025 1301 1057 nostri
1329 1025 1397 1057 lesu
1424 1025 1554 1058 Christi.

1140 1086 1208 1108 va.
1236 1076 1359 1109 Sufficit
1382 1077 1437 1109 illa
1463 1078 1615 1121 mysteria
1635 1080 1738 1112 semel
1763 1091 1833 1114 cre-

1097 1128 1215 1161 didisse
1241 1141 1271 1161 n.

1140 1180 1336 1224 Quicumque
1364 1187 1483 1222 autem,
1508 1182 1645 1218 cuiusvis
1672 1185 1830 1219 conditio-

1097 1234 1153 1273 nis,
1169 1239 1269 1266 status
1287 1240 1317 1267 et
1344 1235 1517 1277 dignitatis,
1536 1236 1608 1269 illas
1631 1237 1682 1270 vei
1699 1238 1828 1271 illarum

1095 1286 1246 1329 aliquam,
1257 1287 1452 1320 coniunctim
1469 1289 1515 1321 vel
1531 1288 1666 1327 divisim,
1683 1290 1832 1324 defende-

1097 1339 1137 1370 rit
1158 1340 1207 1372 vel
1233 1339 1385 1379 ediderit,
1411 1341 1461 1373 vel
1488 1341 1526 1373 de
1553 1341 1599 1374 eis
1625 1342 1829 1385 disputative,

1096 1392 1224 1434 publice
1238 1397 1293 1424 aut
1310 1392 1458 1434 privatim
1483 1394 1663 1426 tractaverit
1677 1396 1727 1427 vcl
1742 1406 1831 1439 prae-

1095 1444 1259 1483 dicaverit,
1276 1444 1336 1476 nisi
1363 1444 1472 1477 forsan
1498 1446 1731 1488 impugnando,
1761 1448 1832 1492 ipso

1095 1498 1176 1530 facto
1202 1497 1321 1530 incidat
1338 1498 1370 1530 in
1396 1499 1761 1533 excommunicationem
1786 1502 1832 1535 la-

1095 1556 1144 1583 tae
1170 1550 1358 1589 sententiae,
1379 1562 1395 1583 a
1412 1562 1474 1594 qua
1499 1562 1563 1584 non
1589 1553 1691 1594 possit
1715 1553 1832 1596 (prae-

1095 1610 1239 1646 terquam
1257 1603 1288 1635 in
1306 1603 1441 1636 articulo
1459 1605 1584 1647 mortis)
1603 1605 1643 1637 ab
1664 1605 1738 1645 alio,
1756 1617 1832 1649 qua-

1095 1667 1231 1699 cumque
1257 1656 1353 1689 etiam
1385 1657 1543 1699 dignitate
1576 1658 1740 1700 fulgente,
1768 1659 1831 1692 nisi

1096 1720 1152 1752 pro
1169 1714 1315 1751 tempore
1333 1709 1491 1741 existente
1513 1710 1657 1742 Romano
1675 1710 1834 1744 Pontiflce

1096 1762 1228 1794 absolvi.
1257 1762 1392 1803 lnsupcr
1411 1762 1553 1794 districte
1574 1763 1605 1794 in
1623 1763 1740 1796 virtute
1759 1774 1833 1796 san-

1096 1820 1163 1847 ctae
1192 1814 1396 1847 obedientiae
1421 1820 1452 1847 et
1480 1815 1541 1847 sub
1566 1815 1832 1849 interminatione

1097 1867 1193 1900 divini
1220 1866 1328 1899 iudicii
1354 1867 1510 1909 prohibet
1534 1867 1686 1900 omnibus
1704 1869 1834 1902 christi-

1097 1919 1245 1952 fidelibus
1264 1919 1491 1962 cuiuscumque
1510 1920 1719 1961 conditionis,
1734 1921 1834 1964 digni-

1097 1972 1169 2004 tatis
1194 1977 1225 2005 et
1249 1977 1359 2011 status,
1379 1973 1473 2004 etiam
1500 1973 1633 2015 speciali
1660 1978 1693 2006 et
1709 1973 1835 2017 specia-

1097 2025 1221 2059 lissima
1246 2028 1320 2057 nota
1346 2025 1462 2067 dignis,
1493 2036 1532 2058 ne
1558 2026 1739 2069 praedictas
1766 2027 1835 2071 opi-

1097 2079 1212 2111 niones
1238 2084 1291 2111 aut
1316 2079 1455 2121 aliquam
1475 2079 1618 2122 ipsarum
1651 2080 1688 2112 ad
1710 2081 1833 2123 praxim

1098 2133 1270 2165 deducant.
1294 2131 1444 2170 Tandem,
1463 2137 1497 2171 ut
1515 2132 1554 2165 ab
1576 2133 1743 2166 iniuriosis
1761 2144 1835 2167 con-

1098 2185 1296 2218 tentionibus
1321 2185 1470 2219 doctores
1495 2196 1552 2218 seu
1574 2186 1761 2220 scholastici
1780 2191 1835 2220 aut

1098 2237 1151 2270 alii
1178 2237 1375 2280 quicumque
1411 2237 1443 2269 in
1480 2243 1645 2280 posterum
1679 2248 1711 2270 se
1736 2238 1835 2271 absti-

1099 2295 1205 2329 neant,
1225 2295 1256 2322 et
1276 2294 1311 2321 ut
1325 2289 1395 2332 paci
1419 2295 1450 2322 et
1471 2290 1619 2323 charitati
1637 2291 1833 2331 consulatur,

1099 2343 1183 2375 idem
1202 2343 1423 2375 sanctissimus
1438 2343 1468 2375 in
1483 2343 1600 2377 virtute
1618 2349 1746 2376 sanctae
1762 2344 1835 2377 obe·

1099 2396 1241 2429 (lientiae
1267 2395 1313 2428 eis
1339 2396 1508 2439 praecipit,
1535 2402 1569 2428 ut
1594 2401 1657 2429 tam
1684 2396 1716 2428 in
1744 2396 1834 2430 libris

1099 2448 1322 2491 imprimendis
1341 2459 1376 2482 ac
1402 2448 1652 2491 manuscriptis,
1682 2459 1776 2492 quam
1801 2448 1835 2482 in

1100 2501 1267 2540 thesibus,
1304 2501 1578 2543 disputationibus
1605 2512 1641 2534 ac
1666 2502 1835 2544 praedica-

1100 2554 1242 2588 tionibus
1277 2559 1411 2587 eaveant
1444 2555 1482 2587 ab
1517 2554 1604 2587 omni
1638 2556 1775 2588 censura
1804 2560 1838 2590 et

1839 181 1890 211 An.
1907 182 1935 211 C.
1959 181 2024 213 1679

1898 1187 2024 1209 Prohineiur

1839 1220 1866 1235 ne
1881 1216 1928 1241 quis
1945 1217 2024 1236 retatus

1853 1241 2011 1267 propositi-mus

1840 1270 1953 1294 utcumque
1987 1267 2024 1289 de-

1841 1294 1921 1315 feudat.
