2111 3157
0 213 36 239 ln.
52 210 80 240 C.
103 209 169 238 1688

175 259 246 302 plat·
269 269 287 292 a
310 260 489 293 reverendo
513 264 604 303 patre
633 266 812 293 correctum
838 266 870 293 et
893 271 910 292 a

175 311 320 354 capitulo
340 313 488 355 generali
510 313 619 352 visum,
639 313 853 346 examinatum
878 318 910 345 et

176 365 399 408 approbatum,
425 365 457 397 in
477 375 539 408 quo
564 365 644 399 locis
669 366 908 399 obscurioribus

176 423 272 451 notae
288 419 452 461 appositae
469 424 555 458 sunt,
576 424 607 452 et
626 419 840 462 capitulorum
858 429 910 461 gc-

175 471 332 504 neralium
347 471 577 511 ordinationes,
590 472 628 504 ad
641 477 742 504 totum
755 470 906 504 Ordinem

175 523 382 556 e't'materias
418 523 449 555 in
486 523 536 555 his
573 524 748 556 maioribus
781 523 907 555 statutis

174 580 342 608 contentas
367 581 562 618 spectantes,
581 586 598 608 a
622 576 787 618 postrema
809 580 906 607 statu-

173 633 281 661 torum
306 628 499 661 collectione
523 628 648 667 editae,
674 638 732 660 suo
758 638 905 670 quaeque

173 680 244 714 loco
269 681 301 713 in
319 681 380 713 tine
406 681 592 723 paginarum
621 685 675 712 aut
692 680 904 722 capitulorum

172 738 382 776 reponuntur.
415 733 456 765 Ex
494 732 611 775 quibus
646 731 904 765 ordinationibus

172 785 283 819 revisis
305 791 336 819 et
359 784 555 824 examinatis,
576 795 658 828 quae
682 785 784 827 magis
809 784 905 817 utiles

172 843 226 871 aut
251 837 453 871 necessariae
478 838 563 870 visae
589 838 733 877 suerunt,
764 837 904 869 selectae

170 895 256 931 sunt,
282 891 441 934 quaedam
466 891 561 923 etiarn
586 890 728 929 additae,
755 894 787 922 et
810 889 903 922 simul

170 944 210 977 ad
230 944 366 977 sormam
392 949 423 976 et
447 954 632 981 numerum,
667 953 749 986 quae
774 942 806 974 in
831 943 904 975 aula

169 997 350 1040 praesentis
374 996 503 1039 capituli
529 997 792 1039 publicabuntur,
813 995 904 1028 reda-

169 1053 250 1089 ctae,
274 1049 486 1092 imposterum
501 1049 565 1081 vim
583 1049 693 1081 statuti
715 1048 902 1080 habiturae:

167 1102 307 1141 ceteris,
333 1112 415 1145 quae
441 1102 478 1134 ad
503 1101 656 1134 Ordinem
685 1102 846 1144 integrum
872 1106 903 1133 et

165 1154 226 1188 has
251 1160 444 1188 statutorum
468 1160 575 1198 partes
601 1160 760 1197 spectant,
784 1154 816 1186 in
842 1153 903 1186 ista

167 1208 389 1252 publicatione
426 1218 491 1241 non
515 1209 676 1241 contentis
691 1235 698 1248 ,
724 1207 900 1247 resecatis;

169 1261 240 1295 aliis
257 1271 344 1301 vero,
364 1272 445 1304 quae
464 1261 502 1294 ad
520 1261 702 1304 singulares
719 1260 902 1303 provincias

169 1320 202 1348 et
221 1315 336 1348 domos
360 1314 536 1357 pertinent,
553 1314 586 1346 in
607 1324 664 1347 suo
685 1314 802 1347 robore
822 1323 903 1346 sem-

167 1377 229 1412 per
255 1367 495 1401 remanentibus
520 1379 550 1399 n.

169 1428 312 1460 Ordinatio
342 1428 457 1468 capituli
487 1428 624 1467 generalis
656 1429 724 1458 αηηί
759 1439 902 1458 unehxxx

208 1478 404 1507 ordinationem
425 1477 613 1516 praecedenlis
627 1477 753 1516 capituli,
771 1487 839 1515 qaae
861 1477 903 1506 ἰη-

207 1526 275 1564 cipit
288 1535 297 1553 .·
324 1525 401 1558 Quia
427 1525 534 1562 ubique
554 1525 697 1553 maiorum
718 1528 904 1561 statutorum,
923 1541 924 1544 =

207 1576 272 1609 ete,
284 1573 457 1612 confirmans.

218 1641 230 1659 α
245 1629 356 1661 Frater
368 1628 581 1669 Innocentius,
594 1629 726 1662 humilis
739 1629 905 1672 priorCar-

170 1682 308 1721 thusiae,
322 1682 485 1724 ceterique
497 1681 682 1715 definitores
693 1682 904 1725 capitulorum

170 1734 371 1778 generalium
397 1734 488 1766 annis
517 1744 671 1767 nnetxxr(
706 1740 737 1767 et
761 1742 926 1769 arnetxxx'

170 1787 203 1820 in
230 1786 343 1820 maiori
369 1786 538 1819 Carthusia
562 1788 810 1827 celebratorum,
836 1788 906 1820 uni-

170 1840 269 1873 versis
297 1839 535 1873 Carthasiensis
560 1840 688 1873 Ordinis
713 1841 852 1873 alumnis
875 1847 906 1873 et

169 1892 486 1936 p1·osessis‚salutem
514 1897 545 1924 ct
570 1892 727 1935 propositi
752 1893 903 1926 certami-

169 1945 221 1978 nis
257 1944 384 1977 felicem
409 1954 546 1976 cursum.
573 1945 648 1977 Cum
673 1944 755 1977 nihil
788 1945 880 1978 nobis
896 1971 903 1985 ‚

171 2003 247 2042 post
274 2002 384 2030 sancta
414 1997 531 2029 Christi
560 1997 733 2039 Evangelia
772 2008 907 2030 sacram-

172 2059 235 2093 que
259 2049 470 2093 scripturam,
483 2050 523 2082 sit
548 2050 649 2092 magis
673 2050 905 2091 necessarium,

173 2112 267 2147 'quam
293 2108 409 2135 statuta
432 2102 570 2142 Ordinis,
607 2103 644 2135 ad
671 2113 809 2146 quorum
835 2114 907 2136 nor—

173 2165 258 2189 mam
280 2155 409 2188 Christo
440 2155 579 2187 militare
610 2155 747 2197 professi
778 2166 904 2195 sumus,

174 2214 207 2241 et
226 2208 259 2240 in
283 2207 401 2250 quibus
436 2207 543 2239 media
575 2207 613 2239 ad
646 2217 811 2240 sermones
837 2208 906 2240 eius

174 2260 346 2294 servandos
360 2259 455 2292 nobis
469 2258 607 2301 praelixa
622 2260 819 2302 reperimus:
832 2260 906 2294 idco

176 2312 263 2346 omni
288 2322 349 2355 qua
374 2311 538 2354 potuimus
565 2311 730 2353 diligentia
753 2313 908 2346 laboravi-

175 2374 258 2405 mus,
276 2371 310 2397 ut
326 2365 357 2397 in
378 2365 438 2396 hac
463 2367 544 2396 nova
561 2364 703 2397 editione
721 2365 803 2397 nihil
819 2366 909 2398 amit-

176 2417 328 2456 teretur&
350 2417 435 2460 quod
460 2417 590 2449 illorum
616 2422 701 2449 recte
726 2417 909 2460 intelligen-

177 2470 241 2504 tiae
265 2476 360 2513 atque
392 2469 625 2509 observantiae,
646 2469 757 2501 habita
786 2470 908 2504 ratione

213 2584 225 2612 ί
246 2583 339 2611 Potius
358 2583 417 2619 lege
436 2583 618 2612 omitteretur
636 2584 676 2618 (a.
690 2583 741 2619 Τ.).

764 212 975 237 INNOCENTIUS
999 213 1029 236 xt
1054 213 1104 236 PP-

951 261 1126 292 multorum
1152 268 1233 302 quac
1258 258 1463 291 saeculorum
1481 257 1684 301 experientia

951 312 1070 344 sensim
1095 311 1243 351 edocuit,
1270 316 1380 355 posset
1405 310 1584 344 desiderari
1605 310 1684 353 (qua

951 366 989 398 dc
1015 367 1110 398 causa
1134 365 1356 398 ordinationes
1385 364 1601 408 capitulorum
1627 374 1682 406 ge—

950 417 1108 450 neralium
1133 418 1199 450 suis
1234 418 1312 451 locis
1342 417 1572 460 attexuimus);
1598 418 1681 452 nihil

949 470 1045 502 etiam
1082 470 1327 513 relinqueretur
1361 470 1615 511 inemendatum,
1644 482 1682 505 ex

950 522 1011 561 his,
1030 528 1319 566 quae,ternp0.rum
1343 523 1467 556 ratione
1493 529 1524 556 et
1548 524 1608 557 sori
1634 534 1682 557 ec·

947 574 1117 606 clesiastici
1152 575 1307 607 moderna
1341 575 1430 618 praxi
1467 576 1679 618 exigentibus,

948 632 1052 658 sancta
1067 627 1165 659 Sedes
1180 628 1374 670 Apostolica,
1393 629 1442 661 cui
1461 629 1680 662 omnimodam

947 678 1181 712 subiectionem
1196 686 1226 712 et
1239 680 1456 713 obedientiam
1471 682 1678 722 devovemus,

946 733 1224 765 conunendaverat
1244 734 1500 776 exprimendum.
1520 735 1610 767 tlunc
1631 746 1680 768 er-

946 793 986 825 go
1012 784 1127 816 librum
1147 785 1333 827 diligentius
1357 787 1511 820 revolvite
1530 793 1561 820 ct
1578 788 1679 821 veluti

946 846 1059 878 panem
1085 836 1309 879 quotidianum
1336 838 1506 872 masticare
1529 840 1675 882 satagite.

946 889 992 920 Ast
1010 889 1071 921 hoc
1090 889 1175 921 enim
1194 890 1348 932 singulari
1367 891 1572 924 ordinatione
1591 903 1681 934 prac-

946 941 1081 983 cipimus
1111 947 1144 973 ut
1167 942 1284 985 singuli
1303 944 1453 976 monachi
1471 944 1562 977 illum
1580 955 1680 987 penes

946 1005 979 1027 se
994 994 1152 1035 habeant,
1166 1006 1226 1028 nec
1242 996 1338 1029 etiam
1353 997 1491 1030 deerunt
1504 998 1679 1041 aliquando

945 1048 1109 1080 conversis
1134 1053 1165 1081 et
1189 1048 1386 1082 monialibus
1404 1051 1600 1093 exemplaria
1617 1056 1680 1083 ter-

947 1099 1006 1132 tiae
1033 1100 1131 1142 partis
1155 1100 1187 1133 in
1213 1100 1357 1143 linguam
1381 1104 1584 1135 vernaculam
1604 1113 1680 1135 con-

944 1163 1047 1184 versa.
1074 1151 1164 1190 Quod
1190 1158 1294 1186 autem
1320 1154 1419 1187 verba
1443 1155 1679 1188 exhortationis

923 1227 924 1236 1
945 1205 983 1238 de
1010 1206 1226 1244 correctione,
1254 1206 1350 1248 paulo
1375 1207 1487 1240 durius
1512 1208 1602 1250 prius
1627 1219 1680 1241 ex-

944 1268 1062 1301 pressa,
1097 1259 1203 1291 verbis
1235 1259 1425 1300 lenioribus,
1450 1261 1536 1294 salva
1571 1267 1680 1294 tamen

945 1321 1054 1343 rerum
1079 1312 1268 1352 substantia,
1294 1323 1378 1345 nunc
1402 1313 1624 1356 prose1·antur;
1647 1314 1679 1347 id

946 1370 1009 1396 tuni
1036 1364 1157 1396 iustitia
1193 1370 1261 1397 tum
1297 1365 1492 1400 discretione
1525 1367 1681 1409 exigenti—

944 1418 1003 1449 bus
1025 1417 1141 1449 sat-tum
1167 1423 1232 1449 est:
1252 1417 1384 1457 iustitia,
1401 1419 1478 1461 quia
1499 1430 1613 1453 revera
1638 1421 1682 1454 ul-

944 1470 1073 1503 ceribus
1100 1470 1138 1502 de
1164 1469 1247 1502 sacto
1273 1480 1338 1502 non
1364 1473 1608 1514 apparentibus,
1627 1479 1683 1506 aut

945 1522 1106 1555 rarissime
1142 1522 1174 1554 in
1209 1523 1321 1564 paucis
1358 1524 1581 1566 existentibus,
1614 1537 1681 1559 non

946 1576 1044 1608 debet
1068 1575 1235 1617 publicum
1260 1579 1314 1609 aut
1338 1586 1509 1609 commune
1530 1579 1681 1611 omnibus

947 1629 1125 1661 remedium
1162 1638 1248 1660 nunc
1278 1629 1454 1672 applicati,
1485 1630 1681 1664 discretione

946 1687 1062 1720 autem,
1081 1681 1156 1724 quia
1173 1681 1317 1713 iuniores
1343 1682 1508 1715 auditores
1530 1689 1680 1726 putantes

947 1735 1085 1767 existere
1104 1739 1135 1767 ct
1151 1745 1260 1767 verum
1279 1745 1349 1767 esse
1368 1735 1406 1767 ad
1425 1735 1575 1776 litteram,
1595 1738 1681 1780 quod

947 1797 982 1819 cx
1009 1797 1163 1819 succenso
1190 1788 1260 1819 zelo
1295 1787 1445 1829 procedit
1469 1794 1587 1822 inatres
1612 1789 1682 1822 imi-

949 1845 1035 1871 tante
1067 1848 1147 1882 quae
1173 1850 1209 1871 ex
1235 1841 1326 1882 pueri
1352 1850 1425 1872 casu
1451 1841 1558 1873 statim
1583 1841 1682 1875 flium

948 1904 1037 1924 suuni
1055 1893 1195 1924 clamant
1212 1903 1280 1925 esse
1297 1898 1469 1933 mortuum,
1488 1895 1562 1927 inde
1583 1905 1683 1938 quan-

949 1946 1064 1988 doque,
1095 1951 1129 1977 ut
1160 1945 1358 1988 experientia
1383 1947 1502 1987 (locuit,
1529 1949 1684 1982 scandali-

949 2004 1072 2030 zantur.
1092 1998 1190 2030 Porro
1217 1998 1255 2031 dc
1282 2000 1351 2031 sola
1369 2000 1594 2033 exhortatione
1616 2002 1683 2044 agi-

949 2056 1054 2089 tur,et
1074 2061 1139 2083 non
1165 2051 1204 2083 de
1229 2051 1431 2085 observantia
1455 2050 1562 2096 aliqua
1587 2064 1683 2096 regu-

949 2103 1018 2136 lari.
1038 2104 1082 2136 De
1108 2103 1225 2146 quibus
1250 2104 1399 2137 omnihus
1423 2115 1478 2137 vos
1504 2105 1599 2138 etiam
1614 2117 1684 2139 mo-

948 2157 1034 2189 nitos
1059 2166 1129 2188 csse
1154 2156 1314 2188 voluimus
1339 2158 1503 2199 praesenti
1528 2159 1681 2200 serie,ut,

949 2209 1068 2242 nullius
1086 2208 1270 2242 offendiculi
1289 2210 1458 2243 occasione
1479 2211 1599 2251 relicta,
1620 2212 1683 2245 hoc

949 2273 1030 2306 opus
1067 2262 1221 2295 libentius
1256 2262 1451 2305 suscipiatis,
1478 2265 1682 2299 reverentius

949 2314 1135 2354 observetis,
1157 2319 1188 2346 et
1224 2314 1298 2347 inde
1334 2315 1437 2348 forma
1471 2316 1683 2351 Carthusiane

949 2367 1074 2399 vivendi
1101 2368 1276 2409 assumpta,
1304 2367 1522 2411 religioseque
1545 2372 1681 2410 servata,

950 2420 988 2451 ad
1009 2418 1155 2451 bravium
1180 2429 1339 2461 supernae
1370 2420 1546 2454 vocationis
1570 2432 1684 2464 pervc—

950 2471 1055 2510 niatis,
1088 2470 1120 2502 in
1157 2470 1282 2503 Christo
1308 2471 1376 2504 lesu
1402 2472 1531 2506 domino
1557 2481 1681 2515 nostro,

951 2523 1000 2555 cui
1022 2528 1068 2555 est
1094 2523 1200 2556 honor
1225 2529 1256 2555 et
1280 2525 1383 2566 gloria
1407 2525 1440 2557 in
1465 2528 1594 2560 saecula
1618 2537 1685 2559 sae-

951 2577 1109 2609 culorum.
1132 2577 1231 2609 Amen
1258 2589 1289 2611 ».

1578 200 1642 234 789
1688 209 1737 236 Αη.
1758 210 1787 237 c.
1806 211 1873 238 mss
