2111 3157
134 173 182 200 An.
206 169 233 198 C.
259 169 325 199 1086
372 159 435 193 CGG

328 218 487 262 imperio,
514 228 549 250 ac
583 215 681 257 gladii
713 217 744 247 et
768 211 856 246 necis
881 216 1038 255 potestate
1054 237 1061 250 ,

331 272 440 311 titulis,
466 269 633 311 insigniis,
658 266 851 304 honoribus
876 264 1062 307 regalibus,

330 325 465 367 aliisque
490 321 613 354 iuribus
638 324 669 352 et
700 316 907 361 pertinentiis
932 316 1065 359 quibus-

331 387 476 421 cumque,
487 371 812 408 memoratoVictorio
827 369 970 403 Amadeo
981 368 1064 410 duci,

330 432 380 464 vel
404 429 456 463 alii
484 428 673 470 cuicumque
691 434 866 469 personae,
889 434 906 456 a
921 422 1065 467 praefato

330 484 442 517 Carolo
461 480 570 514 Bessio
591 478 750 523 principe,
768 478 817 511 vel
835 476 898 510 alio
917 475 1067 520 quolibet

331 537 398 569 eius
430 534 582 572 nomine,
606 532 728 575 absque
763 531 875 563 nostra
900 533 931 562 et
963 529 1066 562 dictae

330 588 422 621 Sedis
442 585 585 626 licentia,
606 583 810 628 beneplacito
834 583 884 616 vel
908 591 1066 616 consensu

331 643 439 678 saetas,
458 645 493 673 ut.
513 639 705 684 praefertur,
721 648 757 671 ac
775 636 981 670 traditionem
999 645 1068 679 pos-

332 694 498 733 sessionis,
525 703 580 726 seu
606 692 697 736 quasi
722 689 952 735 possessionis,
983 693 1068 722 cete-

332 758 451 791 rosque
467 753 565 787 actus,
579 751 610 780 et
624 745 685 779 alia
698 753 918 789 quaecumque
933 742 964 775 in
978 752 1069 787 prae-

331 801 447 841 missis,
473 811 527 833 seu
554 810 663 833 corum
689 797 863 832 occasione
889 796 1069 839 quomodo-

332 856 413 889 libet
437 859 504 887 acta
523 859 553 886 et
575 857 675 895 gesta,
693 862 763 885 cum
784 849 934 883 omnibus
953 853 984 882 et
1003 848 1069 881 sin-

334 908 418 951 gulis
448 907 523 939 inde
555 905 695 944 secutis,
729 909 760 937 et
795 902 1068 947 quandocumque

333 959 502 999 secuturis,
529 958 659 1003 penitus
684 962 714 991 et
740 956 872 990 omnino
897 956 998 995 nulla,
1028 954 1069 987 ir-

333 1014 404 1054 rita,
426 1012 575 1051 invalida,
601 1011 717 1049 inania,
748 1013 779 1042 et
804 1008 842 1042 de
868 1008 950 1041 sacto
976 1018 1069 1051 prae-

334 1071 460 1110 sumpta
486 1070 516 1098 et
540 1069 705 1104 attentata,
720 1063 906 1106 nulliusque
926 1061 1066 1102 roboris,

334 1119 489 1153 momenti
515 1124 546 1152 et
570 1117 730 1152 efficaciae
751 1127 819 1150 esse
845 1121 877 1149 et
903 1116 980 1155 sore,
998 1116 1070 1148 nul-

333 1174 464 1216 lumque
490 1171 639 1215 cuiquam
666 1170 802 1210 titulum,
827 1169 923 1202 etiam
948 1169 1070 1202 eolora-

333 1232 419 1266 tum,
451 1231 507 1259 aut
537 1224 724 1269 possidendi
760 1233 890 1257 causam
926 1222 1068 1256 tribuere

333 1290 440 1324 posse,
458 1289 518 1312 nec
542 1289 601 1323 per
617 1289 654 1313 ea
671 1277 745 1311 Sedi
764 1282 795 1311 et
811 1276 964 1310 Gamerae
982 1286 1071 1320 prae-

335 1333 427 1366 dictis
451 1333 554 1365 ullum
580 1332 676 1366 etiam
711 1330 881 1363 minimum
906 1329 1070 1374 praeiudi-

334 1386 418 1418 cium
444 1386 566 1419 illatum
582 1411 590 1425 ,
615 1389 668 1417 aut
692 1383 805 1418 inferri
838 1382 1070 1427 quoquomodo

335 1439 487 1483 potuisse,
513 1439 562 1471 vel
589 1436 858 1481 quandocumque
883 1446 999 1480 posse,
1025 1440 1071 1468 te-

335 1503 413 1525 nore
439 1491 659 1536 praesentium
685 1490 887 1523 declaramus
911 1494 943 1522 et
959 1488 1072 1521 decer-

335 1546 450 1578 nimus.
476 1545 606 1589 Nosque
632 1543 806 1583 licentiam,
833 1541 1071 1586 beneplacitum

335 1604 366 1632 et
390 1608 585 1632 eonsensum
604 1603 752 1631 nostrum
770 1607 867 1640 super
883 1595 1070 1640 praemissis

335 1652 465 1684 minime
483 1651 695 1691 concessisse,
710 1660 769 1684 nec
786 1650 998 1695 praestitisse,
1012 1660 1072 1683 nec

335 1705 367 1737 in
396 1705 533 1737 futurum
559 1709 726 1748 praestare
753 1704 845 1744 velle,
870 1702 992 1747 pariter
1017 1703 1072 1736 de-

336 1758 505 1797 claramus,
524 1758 600 1791 etin
620 1758 717 1790 verbo
743 1757 881 1790 Romani
908 1755 1070 1789 Pontificis

337 1817 533 1844 attestamur.
562 1810 598 1843 Et
618 1811 833 1844 nibilominus
852 1809 1072 1843 venditionem

338 1870 368 1898 et
386 1864 613 1897 alienationem
629 1863 827 1903 huiusmodi,
840 1863 967 1907 aliaque
981 1873 1073 1906 prae-

337 1918 433 1950 missa
459 1917 565 1950 omnia
591 1921 622 1950 et
645 1916 783 1959 singula,
806 1922 901 1960 prout
925 1915 963 1948 de
990 1916 1073 1949 sacto

338 1975 574 2014 processerunt,
602 1970 639 2002 ad
673 1969 827 2002 maiorem
854 1974 886 2002 et
909 1968 1073 2001 abundan-

340 2024 454 2056 tiorem
480 2025 649 2063 cautelam,
672 2028 704 2056 et
731 2027 890 2066 quatenus
920 2033 1001 2066 opus
1025 2022 1072 2061 sit,

341 2083 436 2116 motu,
452 2077 593 2116 scientia,
606 2071 844 2109 deliberatione
858 2081 890 2109 et
902 2075 1073 2119 potestatis

340 2130 542 2174 plenitudine
561 2130 705 2173 paribus,
727 2129 842 2162 harum
863 2129 948 2162 serie
970 2138 1075 2161 cassa-

340 2194 419 2223 mus,
438 2183 596 2216 irritamus
615 2189 647 2215 et
660 2184 872 2222 annullamus,
889 2181 1074 2225 viribusque

341 2242 371 2269 et
389 2237 500 2269 etl'ectu
527 2237 655 2280 penitus
674 2241 706 2269 et
731 2235 861 2269 omnino
886 2246 1073 2276 vacuamus,

342 2300 465 2322 nornen
491 2289 604 2322 Sedem
623 2295 654 2322 et
672 2289 818 2323 Cameras
845 2289 1003 2333 praefatas
1021 2289 1076 2322 ad-

342 2352 451 2374 versus
467 2342 576 2374 eadem
592 2342 767 2386 praemissa
784 2347 815 2375 et
833 2342 1075 2386 praeiudicialia

344 2405 574 2439 quaecumque,
593 2407 673 2440 quae
699 2397 743 2429 eis
763 2396 879 2430 exinde
904 2396 1077 2440 quomodo-

344 2448 423 2481 libet
448 2454 540 2481 enata
567 2460 647 2489 esse,
675 2455 727 2483 aut
752 2450 783 2483 in
810 2450 951 2483 futurum
976 2460 1077 2494 quan-

913 162 1092 188 nummum
1116 161 1266 187 nomam!

1107 220 1199 254 grum
1225 215 1257 243 et
1279 209 1463 254 pristinum,
1481 220 1518 244 ac
1543 201 1629 251 eum,
1647 209 1680 244 in
1706 219 1769 255 quo
1787 219 1843 244 an-

1109 269 1159 297 tea
1179 263 1425 307 quomodolibet
1441 268 1545 304 erant,
1567 269 1683 298 statum
1700 264 1835 298 restitui·

1108 328 1195 359 mus,
1223 317 1414 362 reponimus
1437 322 1468 351 et
1491 318 1638 361 plenarie
1663 317 1836 361 reintegra·

1108 382 1189 413 mus,
1219 372 1355 415 illasque
1379 382 1397 404 a
1420 370 1706 414 praeiudicialibus
1732 371 1845 404 huius-

1109 424 1195 458 modi
1219 433 1463 468 praeservamus
1482 433 1517 457 ac
1534 428 1754 467 praeservatas
1772 435 1844 458 esse

1110 483 1142 511 et
1168 478 1237 511 sore
1263 476 1469 511 decernimus
1500 477 1651 512 similiter
1675 482 1707 512 et
1731 477 1842 512 decla-

1110 542 1228 565 ramus.

1154 587 1168 630 g
1185 584 1216 619 2.
1235 585 1450 619 Decernentes
1465 585 1589 628 pariter
1605 584 1736 618 easdem
1752 595 1847 629 prae-

1111 644 1216 673 sentes
1241 638 1366 673 litteras
1392 642 1424 672 et
1448 638 1481 673 in
1506 637 1552 671 eis
1576 641 1729 672 contenta
1752 649 1849 682 quae-

1111 691 1371 735 cumque,etiam
1397 702 1435 724 ex
1460 701 1498 725 eo
1524 691 1613 736 quod
1638 691 1773 735 praefati
1797 691 1850 725 vi-

1111 746 1231 780 ctorius
1257 745 1417 778 Amadeus
1443 745 1504 778 dux
1523 750 1556 778 et
1574 745 1706 779 Carolus
1732 745 1850 779 Bessus

1111 800 1273 844 princeps,
1293 799 1412 842 aliique
1435 798 1585 842 quilibet,
1611 797 1642 831 in
1660 797 1849 841 praemissis

1111 864 1167 886 seu
1192 863 1306 886 eorum
1331 852 1442 896 aliquo
1468 851 1516 884 ius
1541 851 1591 884 vel
1615 851 1774 885 interesse
1792 851 1849 884 ha-

1111 907 1224 940 hentes
1236 916 1291 939 seu
1307 906 1430 939 habere
1443 904 1687 949 quomodolibet
1700 909 1851 948 praeten-

1113 960 1236 1000 dentes,
1254 958 1350 992 etiam
1364 957 1517 1002 specifica
1529 962 1561 991 et
1574 956 1739 991 individua
1763 967 1851 991 men-

1113 1012 1201 1045 tione
1219 1011 1320 1054 digni,
1338 1010 1568 1054 cuiuscumque
1586 1014 1699 1050 status,
1719 1010 1849 1054 gradus,

1114 1065 1245 1105 ordinis,
1261 1063 1539 1108 praeeminentiae
1548 1064 1598 1096 vel
1610 1062 1775 1106 dignitatis
1789 1063 1851 1097 exi-

1113 1123 1206 1159 stant,
1232 1117 1297 1151 illis
1323 1127 1388 1151 non
1413 1117 1652 1158 consenserint,
1679 1127 1739 1150 nec
1756 1117 1796 1150 ad
1814 1127 1851 1150 ea

1114 1170 1225 1212 vocati,
1239 1170 1327 1204 citati
1343 1175 1374 1204 et
1388 1170 1500 1210 auditi,
1514 1180 1619 1214 neque
1633 1179 1762 1210 causae,
1775 1180 1851 1214 pro-

1114 1231 1186 1270 pter
1203 1235 1279 1270 quas
1297 1224 1430 1257 eaedem
1448 1229 1639 1268 praesentes
1657 1223 1850 1266 emanarint,

1114 1276 1312 1312 sufficienter
1336 1277 1506 1318 adductae,
1534 1277 1717 1311 verificatae
1737 1277 1787 1311 vel
1804 1277 1853 1310 iu-

1114 1331 1267 1365 stiticatae
1283 1330 1413 1371 suerint,
1431 1335 1485 1362 aut
1501 1340 1536 1363 ex
1556 1330 1617 1363 alia
1635 1340 1852 1374 quacumque,

1115 1385 1209 1419 etiam
1227 1383 1431 1428 quantumvis
1448 1382 1585 1416 iuridica
1603 1388 1635 1416 et
1650 1383 1853 1426 privilegiata

1114 1441 1218 1478 causa,
1241 1439 1360 1477 colore,
1380 1441 1548 1481 praetextu
1573 1441 1604 1470 et
1624 1436 1737 1480 capite,
1756 1435 1852 1470 etiam

1115 1492 1147 1525 in
1168 1501 1306 1535 corpore
1332 1490 1412 1524 iuris
1437 1491 1558 1529 clauso,
1575 1489 1669 1523 etiam
1695 1489 1851 1530 enormis,

1116 1544 1364 1579 enormissimae
1389 1548 1421 1576 et
1446 1543 1553 1577 totalis
1574 1542 1741 1582 laesionis,
1761 1543 1852 1576 nullo

1115 1608 1256 1642 unquam
1290 1602 1436 1640 tempore
1473 1596 1512 1630 de
1549 1595 1769 1640 subreptionis
1802 1597 1852 1629 vel

1115 1650 1318 1694 obreptionis
1343 1654 1396 1682 aut
1421 1648 1577 1683 nullitatis
1603 1648 1698 1689 vitio,
1724 1658 1779 1681 seu
1805 1648 1852 1681 in-

1117 1703 1272 1737 tentionis
1298 1707 1428 1736 nostrae
1456 1707 1511 1735 aut
1542 1702 1703 1735 interesse
1728 1701 1852 1735 habeu-

1117 1757 1195 1790 tium
1222 1766 1413 1796 consensus,
1443 1755 1546 1789 aliove
1573 1755 1729 1798 quolibet,
1756 1754 1853 1787 etiam

1116 1809 1319 1854 quantumvis
1345 1818 1462 1851 magno
1483 1812 1515 1841 et
1534 1806 1749 1846 substantiali,
1767 1806 1854 1839 inco-

1116 1864 1216 1907 gitato
1242 1872 1278 1895 ac
1301 1860 1563 1904 inexcogitabili,
1588 1859 1853 1903 individuamque

1117 1916 1361 1960 expressionem
1378 1914 1566 1958 requirente
1592 1913 1717 1947 defectu
1735 1913 1851 1953 notari,

1118 1969 1320 2013 impugnari,
1346 1968 1500 2010 infringi,
1525 1966 1701 2006 retractari,
1728 1965 1854 1999 modifi-

1117 2023 1202 2063 cari,
1237 2022 1270 2055 in
1295 2020 1549 2056 controversiam
1581 2020 1685 2054 vocari
1702 2047 1709 2059 ,
1736 2024 1790 2053 aut
1813 2019 1853 2052 ad

1119 2076 1274 2109 terminos
1293 2075 1370 2108 iuris
1393 2074 1515 2115 reduci,
1535 2083 1591 2107 seu
1614 2073 1765 2106 adversus
1782 2072 1853 2106 illas

1117 2129 1307 2173 aperitionis
1322 2128 1395 2168 oris,
1408 2127 1619 2161 restitutionis
1632 2126 1665 2160 in
1681 2126 1852 2169 integrum,

1117 2184 1244 2217 aliudve
1277 2183 1504 2227 quodcumque
1536 2181 1615 2214 iuris
1649 2185 1680 2214 et
1703 2180 1777 2213 sacti
1802 2180 1852 2213 vel

1118 2237 1239 2280 gratiae
1272 2236 1451 2269 remedium
1486 2234 1639 2268 intentari
1673 2234 1723 2267 vel
1753 2233 1853 2277 impe-

1119 2290 1210 2329 trari,
1238 2300 1297 2323 seu
1318 2289 1512 2333 impetrato,
1537 2293 1590 2322 aut
1619 2287 1713 2321 etiam
1742 2292 1828 2321 motu
1843 2281 1859 2326 ,¹

1119 2343 1253 2377 seientia
1271 2348 1302 2378 et
1318 2342 1486 2387 potestatis
1501 2341 1704 2387 plenitudine
1721 2340 1860 2389 paribus

1850 145 1902 191 AB.
1922 146 1951 193 c'.
1965 146 2035 193 '1686

1883 596 2004 620 clausulam·

1119 2408 1275 2431 concesso
1300 2398 1350 2430 vel
1375 2402 1523 2431 emanato
1549 2395 1731 2440 quempiam
1756 2394 1789 2427 in
1807 2394 1861 2427 iu-'

1120 2451 1202 2484 dicio
1227 2452 1276 2485 vel
1302 2456 1391 2484 extra
1422 2451 1503 2484 illud
1534 2450 1578 2483 uti
1604 2459 1659 2483 seu
1685 2459 1718 2482 se
1744 2447 1852 2481 iuvare

345 2502 525 2544 florumque
551 2503 654 2535 enasci
681 2514 798 2547 posse,
824 2504 906 2544 dici,
931 2502 1075 2541 censeri,
1120 2506 1185 2538 ullo
1210 2505 1306 2538 modo
1331 2515 1447 2548 posse;
1469 2504 1525 2538 sed
1551 2504 1636 2547 ipsas
1662 2507 1852 2546 praesentes

345 2556 512 2600 praetendi
538 2556 585 2589 rel
612 2556 747 2601 intelligi
773 2562 918 2602 possent,
940 2557 972 2591 in
997 2557 1077 2592 inte·
1121 2558 1243 2592 litteras
1268 2568 1397 2596 semper
1423 2557 1538 2596 firmas,
1557 2556 1676 2590 validas
1698 2561 1729 2590 et
1753 2555 1847 2590 efficit
