2111 3157
48 222 95 250 An.
115 221 144 249 C.
162 218 227 247 1081

67 1796 175 1820 Quaoaeta
185 1796 212 1817 tur

49 1825 95 1843 runt
119 1824 155 1843 suti
179 1823 202 1843 C!

49 1852 116 1870 mento
138 1849 156 1870 Χ
176 1850 218 1870 ποῶ

49 1878 129 1897 runtur.

813 220 1027 245 INNOCENTIUS
1051 220 1083 244 xt
1107 219 1156 243 1³1⁸.

235 267 419 301 stifidelium
443 268 622 301 commodis
642 267 760 311 iugiter
783 268 967 310 invigilans,

234 321 266 353 in
292 331 362 354 eam
388 322 562 365 praecipue
586 331 695 354 curam
719 321 870 354 omnibus
894 320 970 353 viri-

233 372 293 406 bus
319 374 472 417 omnique
497 373 593 406 animi
619 373 829 406 contentione
850 373 968 405 incum-

233 426 290 465 bit,
326 432 361 459 ut
397 427 593 460 christianae
629 426 798 468 religionis
833 425 968 469 puritas,

234 479 477 523 catholicaeque
513 479 586 512 fidei
622 478 791 521 integritas
823 478 967 511 illibatae

234 537 465 565 conserventur
488 544 495 572 ;
536 531 712 574 apostatica
748 540 825 563 vero
871 535 967 573 atque

234 584 397 617 haeretica
420 583 558 627 pravitas
576 582 769 626 opportunis
789 582 967 615 rationibus

233 637 355 680 ubique
372 637 530 676 locorum,
546 640 699 678 quantum
713 635 820 668 divina
838 635 968 668 bonitas

235 688 377 729 dederit,
403 694 549 728 sanetur,
574 688 623 720 vei
647 688 761 721 saltem
786 687 967 730 apostolico

233 741 345 784 vigore
362 745 594 783 compescatur,
621 744 660 779 et,
681 750 722 772 ne
738 739 771 772 in
788 740 966 782 perniciem

234 793 410 826 animarum
428 792 573 836 pretioso
591 791 710 825 Christi
736 792 893 835 sanguine
917 802 966 825 re—

234 845 435 888 demptarum
452 845 547 877 iatius
565 849 684 887 serpat,
701 844 857 877 radicitus
873 845 968 877 extir—

232 902 341 941 petur.
367 898 453 930 llaec
477 902 582 930 autem
606 902 641 929 ut
661 902 747 930 recte
769 901 864 940 atque
881 897 968 929 ordi-

232 961 273 983 ne
298 949 383 989 fiant,
408 961 469 983 nec
493 951 559 983 ulla
591 950 743 993 cuiquam
774 950 859 983 iuste
892 961 968 983 con-

234 1003 393 1046 querendi
426 1003 631 1046 relinquatur
662 1003 797 1043 occasio,
821 1003 969 1036 salutari-

233 1057 309 1095 bus,
335 1061 367 1089 et
391 1066 429 1089 ex
454 1056 651 1099 apostolicae
668 1056 846 1099 sapientiae
872 1061 968 1099 atque

233 1109 403 1152 aequitatis
427 1109 516 1141 sonte
541 1109 740 1152 depromptis
760 1108 896 1151 legibus,
916 1119 969 1142 ex-

234 1166 322 1194 ortas
337 1162 572 1194 controversias
585 1160 744 1201 dirimere,
759 1161 968 1194 tribunalium

234 1214 274 1246 ab
303 1214 489 1256 Apostolica
513 1213 596 1246 Sede
632 1213 687 1256 pie
723 1214 967 1257 prudenterque

234 1265 457 1298 institutorum
494 1265 643 1308 dignitati
680 1267 863 1305 consulere,
891 1266 968 1298 iuris

233 1317 377 1360 rigorem
400 1318 648 1351 mansuetudine
680 1323 874 1360 temperare,
900 1328 969 1351 eer-

235 1376 364 1413 tamque
379 1376 410 1403 et
422 1370 617 1404 christianae
631 1371 779 1403 charitati
792 1381 969 1413 congruen-

236 1429 298 1456 tem
336 1424 434 1456 rebus
468 1424 618 1466 gerendis
655 1433 803 1456 normam
838 1424 967 1456 tradere

235 1476 349 1515 studet,
369 1476 460 1515 sicut,
486 1477 639 1509 omnihus
655 1478 781 1509 matura
800 1476 968 1509 discussio-

234 1538 275 1561 ne
300 1528 522 1567 consideratis,
540 1529 579 1561 ad
605 1528 741 1571 gloriam
765 1529 969 1571 omnipoten-

235 1580 275 1613 tis
289 1581 357 1620 Dei,
371 1581 409 1613 ad
423 1579 582 1614 Ecclesiae
601 1582 698 1615 decus
717 1588 749 1615 et
761 1582 968 1625 praesidium,

235 1643 274 1665 ac
291 1633 329 1665 ad
348 1633 607 1666 christifidelium
624 1634 881 1668 aedificationem
907 1635 970 1668 ani-

236 1695 425 1727 marumque
450 1687 585 1720 salutem
611 1688 763 1730 expedire
780 1688 813 1720 in
832 1688 969 1721 Domino

235 1735 425 1784 arbitratur.

282 1792 296 1834 ἓ
316 1791 347 1824 1.
366 1790 490 1824 Dudum
506 1792 677 1835 siquidem,
696 1803 768 1825 cum
786 1793 896 1826 dilecti
914 1793 969 1826 iiiii

241 1843 416 1877 Christiani
440 1844 517 1878 Novi
543 1847 730 1889 nuncupati,
756 1847 821 1879 sive
846 1848 885 1880 ab
910 1848 972 1880 Ile-

237 1896 343 1928 braeis
368 1896 618 1937 descendentes,
644 1898 676 1929 in
701 1898 916 1941 Portugalliae
942 1905 972 1932 et

238 1948 465 1990 Aigarbiorum
502 1950 611 1991 regnis
649 1950 814 1992 degentes,
852 1952 905 1994 qui
939 1952 971 1984 in

238 2001 424 2033 carceribus
450 2001 658 2034 tribunalium
674 2002 897 2045 inquisitionis
919 2005 973 2036 ad-

237 2062 346 2085 versus
372 2054 566 2086 haereticam
591 2055 782 2097 pravitatem
807 2056 840 2088 in
856 2055 974 2099 Ulyssi—

238 2104 392 2147 ponensi‚
417 2105 589 2138 Etborensi
615 2111 646 2138 et
670 2106 896 2140 Colimbriensi
923 2109 970 2140 ci-

238 2156 389 2190 vitatibus
413 2158 607 2191 auctoritate
634 2160 813 2202 apostolica
846 2161 975 2193 institu-

240 2213 345 2241 torum
369 2216 507 2252 propter
530 2210 684 2253 imputata
709 2213 754 2245 eis
778 2214 914 2246 crimina
936 2214 973 2246 ad

240 2261 383 2294 Officium
397 2263 618 2305 inquisitionis
634 2264 819 2298 huiusmodi
833 2272 976 2308 spectan-

242 2315 297 2354 tia,
324 2315 363 2348 de
389 2316 505 2358 quibus
530 2318 669 2350 accusati
687 2328 743 2350 seu
761 2319 905 2362 inquisiti
926 2330 977 2353 re—

243 2368 385 2409 spective
411 2369 603 2409 existebant,
622 2371 857 2411 detinebantur,
877 2373 915 2405 ad
934 2374 978 2405 se-

243 2419 314 2452 Ueis
339 2421 572 2454 recordationis
596 2421 792 2456 Clementem
817 2424 933 2467 Papam
951 2425 977 2457 X

243 2473 525 2513 praedecessorem
551 2479 700 2507 nostrum
737 2480 768 2508 et
792 2477 876 2509 hanc
901 2477 978 2509 San-

246 2528 329 2556 ctam
353 2525 466 2558 Sedem
493 2527 716 2567 recurrissent,
742 2535 977 2571 conquerentes

1010 267 1191 307 Sidensem,
1226 265 1281 309 qui
1318 269 1395 298 tune
1426 263 1635 296 inhumanis
1671 273 1744 296 esse

1010 321 1213 360 credebatur,
1228 319 1412 362 generalem
1429 322 1461 351 et
1477 317 1622 360 reliquos
1638 316 1746 360 inqui-

1010 372 1126 405 sitores
1152 372 1309 405 adversus
1334 370 1529 404 haereticam
1551 369 1745 412 pravitatem

1009 424 1042 457 in
1067 425 1160 457 dictis
1194 424 1304 466 regnis
1341 423 1533 457 auctoritate
1564 421 1745 465 apostoliea

1010 477 1192 519 deputatos,
1213 486 1270 509 seu
1285 486 1396 509 eorum
1414 476 1549 518 aliquos,
1567 475 1606 507 ad
1623 484 1745 507 novum

1009 534 1116 561 actum
1134 529 1182 571 (ut
1196 530 1323 571 vocant)
1340 528 1415 560 fidei
1434 533 1547 560 contra
1564 527 1660 570 ipsos,
1678 526 1744 559 sive

1010 581 1049 613 ad
1075 591 1187 614 eorum
1204 581 1517 620 condemnationem,
1535 581 1744 623 ipsorumque

1009 634 1048 666 ad
1074 634 1203 676 publice
1228 633 1439 666 abiurandum
1466 633 1677 673 coactionem,
1713 637 1746 665 et

1010 685 1042 717 in
1067 686 1164 718 huius
1189 686 1350 718 desectum
1375 686 1415 718 ad
1440 686 1641 718 diversarum
1665 695 1745 727 poe—

1010 748 1122 770 narum
1146 738 1358 770 inflictionem
1390 743 1484 781 atque
1519 738 1743 771 executionem

1010 790 1107 822 nimia
1131 790 1412 833 praecipitatione,
1431 800 1512 832 quae
1532 789 1670 822 iustitiae
1688 800 1746 822 no-

1008 854 1101 876 verca
1125 853 1196 876 esse
1221 843 1317 883 solet,
1343 852 1405 875 nec
1429 842 1565 875 servatis
1589 843 1635 881 iis,
1663 853 1744 884 quae

1009 907 1068 940 per
1079 906 1243 930 sacrorum
1258 905 1417 929 canonum
1434 901 1465 928 et
1478 895 1744 928 constitutionum

1010 950 1261 993 apostolicarum
1304 949 1497 992 aequitatem
1544 949 1745 991 praescripta

1010 1008 1094 1043 sunt,
1119 1002 1272 1035 devenire
1296 1003 1392 1041 velle,
1419 1012 1484 1034 non
1508 1001 1576 1033 sine
1602 1000 1745 1033 iustitiae

1010 1055 1232 1095 subversione,
1257 1066 1293 1088 ac
1317 1055 1464 1098 ipsorum
1500 1054 1663 1097 totiusque
1695 1064 1745 1087 co-

1011 1118 1079 1140 rum
1094 1107 1234 1141 nationis
1247 1108 1338 1140 ruina
1353 1111 1385 1139 et
1398 1107 1639 1140 destructione:
1657 1107 1745 1139 idem

1011 1160 1159 1193 Clemens
1185 1160 1429 1204 praedecessor,
1455 1159 1517 1202 qui,
1540 1159 1572 1191 in
1590 1169 1744 1201 supremo

1011 1213 1149 1245 iustitiae
1180 1212 1300 1245 throno
1333 1223 1347 1244 a
1372 1212 1510 1245 Domino
1541 1212 1746 1251 constitutus,

1011 1265 1164 1297 iustitiam
1189 1264 1337 1297 omnibus
1366 1266 1467 1306 aequa
1492 1265 1583 1297 lance
1609 1264 1746 1297 admini-

1011 1323 1113 1350 strare
1140 1317 1322 1357 tenebatur,
1340 1317 1528 1349 corumdem
1546 1317 1747 1350 Christiano-

1010 1381 1080 1402 rum
1106 1369 1267 1403 Novorum
1292 1379 1459 1402 recursum
1484 1369 1671 1403 huiusmodi
1692 1370 1747 1402 ad—

1010 1423 1151 1463 mittens,
1176 1424 1210 1454 in
1234 1432 1362 1454 causam
1388 1427 1419 1454 ct
1443 1432 1555 1455 causas
1579 1433 1746 1465 quascum-

1011 1485 1073 1518 que
1098 1479 1211 1508 contra
1236 1485 1291 1507 cos
1317 1480 1348 1507 et
1373 1485 1484 1508 eorum
1503 1476 1681 1517 quemlibet
1699 1485 1748 1507 su-

1011 1539 1070 1571 per
1100 1528 1291 1561 criminibus
1324 1532 1355 1560 et
1388 1528 1514 1561 delictis
1537 1528 1576 1560 ad
1601 1528 1746 1560 Officium

1010 1580 1232 1624 inquisitionis
1273 1580 1459 1612 huiusmodi
1503 1580 1749 1622 quomodolibet

1012 1634 1234 1676 spectantibus
1254 1633 1286 1665 in
1311 1634 1464 1676 praefatis
1490 1634 1628 1676 aliisque
1650 1633 1749 1666 tribu—

1012 1686 1139 1719 nalibus
1164 1687 1419 1729 quibuscumque
1455 1686 1609 1718 adversus
1635 1686 1749 1718 haere-

1013 1740 1106 1772 ticam
1132 1744 1164 1771 et
1180 1738 1391 1782 apostaticam
1411 1739 1602 1781 pravitatem
1624 1738 1749 1781 praedi-

1013 1796 1096 1824 ctam
1121 1792 1153 1823 in
1179 1791 1373 1833 supradictis
1395 1791 1503 1832 regnis
1533 1790 1616 1823 dicta
1640 1795 1750 1823 aucto-

1014 1845 1108 1877 ritate
1132 1843 1298 1883 institutis,
1318 1853 1375 1876 seu
1396 1853 1507 1876 eorum
1528 1843 1646 1886 aliquo,
1662 1848 1750 1876 eate-

1013 1907 1072 1928 nus
1095 1896 1208 1938 quovis
1225 1895 1322 1928 modo
1339 1901 1441 1928 motas
1459 1901 1490 1928 et
1506 1896 1696 1938 pendentes,
1715 1896 1749 1930 in

1014 1954 1096 1981 statu
1123 1953 1155 1981 ct
1178 1948 1325 1981 terminis
1351 1948 1384 1981 in
1409 1949 1524 1991 quibus
1554 1955 1629 1981 tunc
1664 1959 1748 1991 quo-

1014 2001 1194 2034 modolibet
1209 2001 1467 2044 reperiebantur,
1482 2002 1520 2034 ad
1537 2012 1571 2034 se
1589 2007 1620 2034 et
1633 2002 1750 2034 Sedem

1015 2054 1215 2097 praedictam
1241 2065 1400 2094 avocans,
1438 2054 1589 2097 ipsasque
1616 2064 1750 2093 causas,

1016 2117 1088 2139 cum
1113 2107 1261 2139 omnibus
1287 2112 1318 2138 et
1342 2107 1477 2148 singulis
1513 2107 1640 2139 illarum
1666 2106 1749 2138 inci-

1017 2159 1178 2198 dentibus,
1203 2159 1455 2201 emcrgentibus,
1481 2159 1613 2192 annexis
1632 2165 1663 2192 et
1680 2169 1751 2192 con·

1016 2213 1120 2252 nexis,
1157 2217 1290 2255 totoque
1315 2212 1446 2254 negotio
1478 2212 1668 2255 principali,
1695 2223 1753 2256 per

1017 2265 1310 2307 Congregationcm
1345 2266 1580 2298 venerabiiium
1617 2266 1754 2297 fratrum

1017 2324 1210 2357 nostrorum,
1237 2323 1311 2350 tunc
1331 2328 1471 2358 suorum,
1490 2318 1520 2350 S.
1538 2318 1574 2350 R.
1595 2318 1628 2351 E.
1652 2319 1756 2351 cardi-

1018 2372 1139 2404 nalium
1165 2371 1194 2402 in
1223 2373 1286 2403 tota
1310 2371 1475 2413 republica
1500 2371 1674 2403 christiana
1701 2382 1757 2413 gc-

1019 2425 1178 2458 neralium
1204 2424 1431 2466 inquisitorum
1466 2424 1615 2457 adversus
1647 2425 1758 2457 hacre-

1020 2478 1112 2509 ticam
1138 2482 1169 2509 et
1194 2477 1404 2519 apostaticam
1430 2477 1621 2519 pravitatem
1646 2477 1758 2509 huius-

1021 2531 1106 2563 modi
1128 2541 1144 2562 a
1161 2530 1242 2562 Sede
1267 2530 1435 2573 praedicta
1453 2530 1641 2572 specialiter
1658 2531 1758 2572 depu-

246 2575 349 2610 bonae
364 2579 537 2612 memoriae
552 2580 680 2612 Petrum
695 2581 976 2624 archiepiscoptun
1023 2589 1169 2621 uirorum,
1191 2583 1238 2615 eui
1266 2584 1392 2615 easdem
1420 2594 1532 2616 causas
1552 2583 1759 2615 commiserat

1643 205 1707 239 2103
1756 206 1806 235 An·
1823 201 1852 236 C·
1872 214 1934 242 1681
