2111 3157
219 222 268 244 An.
288 219 315 244 C.
338 218 403 244 iffi&
449 204 491 241 70

222 1703 327 1727 praedict}
344 1706 379 1727 de·

195 1734 248 1751 crull
270 1734 378 1754 coufirma-

412 271 526 311 posset
549 270 674 298 mutare
699 263 870 306 religiosos
894 261 1149 294 conventualita-

412 320 496 353 tibus
514 325 546 352 et
561 318 673 351 officiis
690 316 856 360 perpetuis
877 313 1062 346 huiusmodi
1087 314 1148 346 suf-

411 373 520 412 fultos,
548 372 574 404 si
601 381 656 403 eos
682 369 869 402 scandalum
896 368 1063 410 praebere,
1093 372 1147 399 aut

410 426 484 459 illos
504 426 536 458 in
555 425 641 458 dicto
660 421 905 467 L'lyssiponensi
923 420 1026 453 aliove
1043 421 1146 464 quoli-

407 479 464 512 bet
486 478 670 522 provinciae
697 476 862 520 praefatae
888 479 1048 507 conventu
1073 485 1146 517 per-

407 538 504 575 petuo
529 542 593 564 non
618 531 749 572 degere,
771 528 828 561 Dei
850 527 980 560 servitio
1003 532 1035 559 et
1057 527 1144 560 bono

406 584 572 627 religionis
605 583 780 615 convenire
812 581 1026 624 reperiisset:
1061 592 1144 614 ema-

405 638 490 671 navit
521 649 538 670 a
570 637 713 680 praefata
748 634 1007 677 congregatione
1038 634 1142 666 cardi-

403 692 525 724 nalium
551 692 716 724 decretum
742 689 875 728 tenoris,
902 687 955 731 qui
981 687 1139 731 sequitur,

401 744 554 777 videlicet
570 755 576 775 ;

452 810 465 828 α
491 797 587 830 Sacra
611 795 825 838 Congregatio
851 794 881 827 S.
912 793 950 826 R.
976 793 1011 825 E.
1038 793 1139 826 cardi-

290 840 365 859 ⁰⁰⁰'⁰³⁷
384 844 524 883 'nalium
550 849 689 892 negotiis
707 854 738 881 et
760 846 1055 880 consultationibus
1072 846 1139 889 epi-

401 914 573 947 scoporum
599 907 630 934 et
654 899 847 943 regularium
873 897 1071 942 praeposita,
1097 899 1136 931 ad

402 968 497 999 quam
521 956 574 989 SS.
600 955 635 987 D.
662 954 697 986 N.
725 953 906 996 supplicem
933 952 1019 984 hunc
1043 952 1136 985 libel-

399 1011 466 1043 lum
491 1009 633 1051 benigne
658 1007 799 1045 remisit,
827 1007 948 1038 attenta
975 1004 1134 1037 relatione

398 1063 500 1106 patris
532 1060 754 1104 procuratoris
787 1060 949 1102 generalis
981 1058 1132 1100 Ordinis,

398 1115 523 1148 censuit
553 1115 739 1146 facultatem
759 1112 893 1145 concedi
911 1123 1016 1155 posse,
1034 1118 1134 1156 prout

395 1167 576 1212 praesentis
594 1165 714 1199 decreti
734 1170 846 1197 tenore
864 1165 1023 1204 concedit,
1040 1176 1133 1208 supe—

394 1221 534 1254 rioribus
551 1219 736 1263 praedictae
754 1217 952 1261 provinciae,
965 1222 1008 1257 ut,
1025 1218 1133 1251 habita

394 1274 565 1318 aequitatis
583 1272 719 1311 ratione,
733 1271 859 1303 casibus
873 1271 1066 1314 praesertim
1081 1283 1133 1305 ne-

394 1326 561 1366 cessitatis,
576 1325 760 1369 praedictos
774 1323 946 1366 religiosos
961 1324 1000 1356 ab
1014 1335 1078 1358 uno
1093 1326 1131 1358 ad

393 1383 532 1414 alterum
554 1384 760 1419 conventum,
780 1382 877 1421 prout
897 1378 998 1420 magis
1017 1379 1063 1411 eis
1081 1389 1131 1411 ex-

393 1436 507 1480 pedire
531 1433 711 1473 videbitur,
738 1431 915 1465 transferre
950 1438 981 1465 et
1004 1438 1130 1465 mutare

391 1489 543 1532 possint,
570 1497 637 1520 non
673 1485 875 1518 obstantibus
907 1486 1128 1527 praenarratis

392 1541 700 1575 conventualitatum
725 1539 865 1579 indultis,
891 1540 955 1572 illis
978 1550 1127 1582 expresse

391 1596 591 1638 derogando.
612 1594 742 1632 Romae,
757 1604 765 1626 1
783 1593 927 1626 octobris
944 1603 1125 1626 moctxxvu.

653 1646 832 1679 Cardinalis
857 1645 1045 1679 anmxsscs.
1066 1658 1078 1677 n

434 1700 493 1744 {2
509 1701 585 1734 Cum
599 1706 714 1740 autem,
728 1700 813 1733 sicut
826 1704 1025 1742 exponentes
1038 1709 1129 1742 prae-

389 1756 444 1788 fati
470 1761 502 1788 et
522 1754 712 1798 pracsertim
738 1753 842 1786 dictus
874 1752 964 1795 prior
997 1752 1127 1795 provin-

389 1809 479 1841 cialis
505 1808 636 1841 nomine
661 1806 845 1851 provinciae
865 1804 1051 1838 huiusmodi
1073 1815 1128 1837 no-

388 1862 437 1894 bis
461 1872 565 1904 nuper
589 1862 707 1904 exponi
733 1861 890 1899 fecerunt,
924 1861 985 1904 ipsi
1010 1860 1123 1894 decre-

387 1922 455 1948 tum
490 1915 664 1953 hiusmodi,
702 1926 766 1958 quo
802 1914 928 1947 firmius
963 1914 1124 1956 subsistat,

388 1967 586 2010 apostolicae
604 1966 857 1999 confirmationis
875 1972 1005 1999 nostrae
1023 1972 1127 2009 patro-

388 2021 473 2053 cinio
490 2020 684 2053 communiri
703 2030 908 2062 summopere
927 2019 1123 2052 desiderent:

387 2084 454 2112 nos,
468 2072 644 2116 specialem
659 2072 718 2115 ipsi
736 2072 975 2114 exponentibus
990 2071 1125 2113 gratiam

387 2128 491 2160 facere
506 2129 662 2165 volentes,
679 2131 837 2158 eteorum
855 2124 1036 2166 singulares
1054 2134 1126 2167 per-

386 2191 484 2212 sonas
510 2192 527 2212 a
563 2179 730 2223 quibusvis
760 2176 1123 2218 excommunicationis,

386 2233 609 2275 suspensionis
630 2238 661 2265 et
678 2231 852 2271 interdicti,
870 2230 1006 2273 aliisque
1025 2232 1126 2263 eccle-

385 2286 522 2318 siasticis
549 2286 726 2325 sententiis,
749 2285 894 2318 censuris
912 2291 944 2318 et
964 2287 1086 2329 poenis,
1108 2297 1125 2319 a

384 2338 454 2371 iure
473 2340 523 2372 vel
541 2340 581 2371 ab
598 2339 742 2379 homine,
761 2340 870 2382 quavis
885 2339 1055 2372 occasione
1073 2340 1124 2372 vel

385 2392 480 2423 causa
505 2392 587 2431 latis,
613 2392 638 2424 si
661 2392 775 2434 quibus
797 2392 1045 2435 quomodolibet
1076 2392 1124 2424 in-

384 2445 523 2477 nodatae
538 2445 729 2485 existunt,ad
744 2445 892 2478 etl'ectun‘i
904 2446 1122 2489 praesentium

385 2497 547 2530 dumtaxat
579 2500 862 2541 consequendtmi,
889 2499 1003 2532 harum
1036 2499 1120 2532 serie

384 2551 589 2584 absolventes
612 2557 644 2584 et
667 2552 832 2584 absolutas
850 2552 919 2585 sore
937 2558 1118 2593 censentes,

384 2605 673 2649 supplicationibus
710 2617 822 2639 corum
860 2608 991 2639 nomin(¹
1026 2607 1118 2640 nobis

991 213 1168 237 mmmmm!
1193 214 1256 237 ROM
1266 217 1343 238 th'M

1192 271 1291 305 super
1316 265 1378 296 hoc
1401 263 1567 298 humiliter
1589 266 1749 309 porrectis
1766 267 1923 308 inclinati,

1191 314 1354 349 decretum
1376 318 1623 360 praeinsertum,
1639 320 1829 354 auctoritate
1847 333 1924 365 apo-

1190 370 1326 410 stolica,
1354 376 1467 404 tenore
1492 373 1736 414 praesentium,
1763 375 1924 417 approba-

1189 432 1260 454 mus
1274 428 1306 455 et
1323 423 1563 464 confirmamus,
1582 424 1706 468 illique*
1725 426 1922 460 inviolabilis

1189 477 1385 517 apostolicae
1410 476 1570 509 firmitatis
1594 477 1694 510 robur
1724 479 1920 521 adiicimus;

1188 529 1275 560 salva
1299 534 1405 562 tamen
1431 540 1560 572 semper
1584 530 1616 562 in
1648 530 1835 573 praemissis
1866 542 1906 564 au

1187 581 1333 614 ctoritate
1351 583 1513 626 praefatae
1536 583 1801 626 Congregationis
1817 585 1921 618 cardi-

1186 634 1318 667 ualium.

1228 687 1242 729 5
1267 687 1298 720 3.
1335 687 1552 721 Decernentes
1577 689 1705 721 easdem
1731 694 1918 732 praesentes

1184 739 1307 772 litteras
1331 740 1449 780 tirmas,
1472 742 1593 775 validas
1619 746 1650 774 et
1674 742 1820 775 efficaces
1853 743 1918 776 exi-

1183 798 1269 825 stere
1295 798 1327 825 et
1351 793 1428 834 sore,
1462 805 1600 837 suosque
1624 795 1789 837 plenarios
1814 801 1846 827 et
1869 796 1918 828 in-

1183 851 1290 888 tegros
1320 846 1451 880 effectus
1488 848 1597 880 sortiri
1629 853 1660 880 et
1691 848 1854 889 obtinere,
1880 860 1917 883 ac

1181 898 1271 937 illis²‚
1290 899 1328 932 ad
1347 910 1427 943 quos
1447 906 1569 943 spectat
1589 906 1619 933 et
1641 901 1797 944 spectabit
1814 902 1846 935 in
1868 903 1916 935 su-

1181 956 1308 990 turnm,
1334 952 1567 986 inviolabiliter
1591 954 1776 995 observari,
1802 955 1913 998 sicque

1179 1005 1210 1037 in
1242 1006 1425 1048 praemissis
1453 1017 1511 1049 per
1536 1017 1756 1051 quoscumque
1791 1008 1914 1043 iudices

1178 1059 1360 1092 ordinarios
1381 1064 1414 1092 et
1439 1060 1613 1102 delegatos,
1633 1061 1729 1094 etiam
1747 1072 1913 1096 causarum

1177 1112 1286 1153 palatii
1312 1112 1481 1155 apostolici
1511 1113 1688 1154 auditores,
1717 1114 1851 1148 iudicari
1881 1121 1914 1149 et

1177 1164 1304 1197 definiri
1330 1166 1471 1207 debere,
1499 1176 1532 1198 ac
1559 1166 1682 1199 irritum
1708 1172 1739 1200 et
1766 1167 1861 1201 inane
1886 1169 1912 1201 si

1176 1227 1269 1250 secus
1291 1229 1388 1261 super
1411 1219 1463 1251 his
1490 1230 1506 1252 a
1527 1229 1698 1262 quoquam,
1725 1220 1836 1264 quavis
1860 1232 1914 1254 au-

1176 1272 1333 1311 ctoritate,
1351 1272 1491 1305 scienter
1513 1274 1561 1306 vel
1587 1273 1787 1316 ignoranter,
1810 1275 1913 1308 conti-

1176 1325 1259 1368 gerit
1283 1325 1445 1358 attentari.

1218 1379 1232 1421 ξ
1257 1378 1288 1411 4.
1323 1378 1392 1411 Non
1424 1379 1628 1413 obstantibus
1651 1381 1848 1423 praemissis,
1874 1392 1910 1414 ac
1947 1386 2099 1414 Contrariorum

1922 1412 1998 1441 deroga
2003 1417 2038 1436 tio.

1174 1432 1461 1465 constitutionibus
1482 1437 1513 1465 et
1537 1433 1797 1467 ordinationibus
1834 1445 1911 1478 apo—

1173 1485 1306 1525 stolicis,
1332 1496 1470 1524 necnon,
1490 1492 1649 1529 quatenus
1666 1497 1747 1530 opus
1766 1488 1817 1528 sit,
1837 1498 1908 1531 pro-

1172 1539 1306 1578 vinciae,
1330 1539 1464 1582 eiusque
1486 1546 1702 1573 conventuum
1724 1546 1756 1573 et
1777 1540 1906 1574 Ordinis

1173 1592 1370 1632 huiusmodi,
1397 1592 1492 1624 etiam
1517 1592 1708 1633 iuramento,
1740 1593 1908 1627 confirma-

1172 1646 1260 1678 tione
1278 1644 1462 1687 apostolica‚
1481 1647 1530 1679 vel
1548 1646 1658 1688 quavis
1677 1646 1827 1679 firmitate
1844 1647 1906 1680 alia

1172 1698 1341 1738 roboratis,
1366 1698 1493 1730 statutis
1529 1704 1561 1731 et
1597 1699 1905 1742 consuetudinibus,

1170 1751 1348 1794 privilegiis
1373 1761 1527 1794 quoque,
1562 1751 1696 1784 indultis
1727 1757 1759 1785 et
1790 1752 1906 1786 litteris

1171 1804 1353 1847 apostolicis
1378 1804 1411 1836 in
1432 1805 1629 1836 contrarium
1654 1806 1905 1848 praemissorum

1171 1857 1417 1901 quomodolibet
1440 1857 1620 1898 concessis,
1646 1857 1843 1892 confirmatis
1875 1865 1907 1892 et

1170 1910 1350 1950 innovatis;
1377 1910 1493 1953 quibus
1520 1910 1668 1943 omnibus
1694 1916 1725 1943 et
1748 1911 1903 1954 singulis,

1169 1963 1302 1996 illorum
1327 1970 1456 1996 tenores
1481 1963 1708 2006 praesentibus
1733 1974 1792 2007 pro
1808 1964 1904 2006 plene

1169 2023 1201 2050 et
1225 2016 1424 2049 sufficienter
1448 2016 1609 2059 expressis
1633 2027 1669 2049 ac
1693 2017 1825 2050 insertis
1849 2017 1906 2050 ha-

1167 2070 1294 2111 benteS,
1312 2069 1376 2102 illis
1392 2069 1471 2101 alias
1492 2069 1525 2101 in
1543 2079 1601 2102 suo
1621 2070 1742 2102 robore
1760 2080 1905 2112 perman-

1169 2123 1270 2163 suris,
1296 2122 1335 2154 ad
1364 2122 1615 2165 praemissorum
1649 2121 1817 2163 effectum,
1843 2122 1905 2155 hac

1167 2177 1235 2209 vice
1262 2177 1447 2215 dumtaxat,
1473 2175 1657 2218 specialiter
1689 2181 1721 2208 et
1751 2186 1904 2219 expresse

1169 2230 1384 2272 derogamus;
1417 2228 1601 2271 ceterisque
1634 2228 1804 2261 contrariis
1835 2227 1905 2272 qui-

1168 2284 1381 2326 buscumque.

1212 2337 1325 2369 Datum
1340 2337 1471 2373 Romae,
1488 2335 1569 2378 apud
1584 2335 1615 2368 S.
1630 2335 1768 2375 Petrum,
1782 2335 1841 2368 sub
1852 2345 1905 2368 an-

1169 2391 1246 2422 nulo
1257 2389 1440 2428 piscatoris,
1457 2389 1507 2421 die
1522 2399 1539 2421 v
1554 2388 1688 2420 ianuarii
1703 2397 1900 2429 nnctxxvm,

1166 2442 1372 2486 pontificatus
1396 2442 1499 2474 nostri
1524 2451 1609 2473 anno
1635 2451 1669 2474 ιι.

1199 2495 1258 2522 Dat.
1281 2495 1325 2521 die
1345 2495 1360 2522 5
1380 2494 1497 2521 ianuarii
1520 2494 1597 2528 1678,
1620 2492 1715 2529 pontif.
1737 2500 1808 2520 anno
1827 2499 1859 2521 Π.

1200 2569 1209 2593 1
1235 2567 1304 2594 Edit.
1327 2567 1404 2594 Main.
1427 2566 1490 2602 legit
1509 2566 1624 2600 illisque
1644 2567 1683 2601 (n.
1705 2565 1755 2601 Τ.).

1187 2614 1203 2640 2
1224 2613 1316 2640 Potius
1337 2612 1394 2648 lege
1413 2612 1448 2639 ab
1476 2611 1535 2639 illis
1551 2617 1586 2642 (R.
1604 2611 1651 2643 Τ.).

1928 215 1979 244 An.
2000 214 2030 244 C.
2048 215 2111 248 1678

1955 697 2072 722 clausulae.
