<?xml version="1.0" encoding="UTF-8"?>
<!DOCTYPE html PUBLIC "-//W3C//DTD XHTML 1.0 Transitional//EN"
    "http://www.w3.org/TR/xhtml1/DTD/xhtml1-transitional.dtd">
<html xmlns="http://www.w3.org/1999/xhtml" xml:lang="en" lang="en">
 <head>
  <title>
</title>
<meta http-equiv="Content-Type" content="text/html;charset=utf-8" />
  <meta name='ocr-system' content='tesseract 3.04.00' />
  <meta name='ocr-capabilities' content='ocr_page ocr_carea ocr_par ocr_line ocrx_word'/>
</head>
<body>
  <div class='ocr_page' id='page_1' title='image "./bullarumdiplomat19cath_0811.png"; bbox 0 0 2111 3157; ppageno 0'>
   <div class='ocr_carea' id='block_1_1' title="bbox 18 183 198 214">
    <p class='ocr_par' dir='ltr' id='par_1_1' title="bbox 18 183 198 214">
     <span class='ocr_line' id='line_1_1' title="bbox 18 183 198 214; baseline -0.017 -1"><span class='ocrx_word' id='word_1_1' title='bbox 18 187 65 214; x_wconf 79' lang='grc' dir='ltr'>Αιι.</span> <span class='ocrx_word' id='word_1_2' title='bbox 86 183 116 212; x_wconf 86' lang='lat' dir='ltr'>C.</span> <span class='ocrx_word' id='word_1_3' title='bbox 133 183 198 211; x_wconf 80' lang='grc'><strong>1687</strong></span> 
     </span>
    </p>
   </div>
   <div class='ocr_carea' id='block_1_2' title="bbox 39 403 158 426">
    <p class='ocr_par' dir='ltr' id='par_1_2' title="bbox 39 403 158 426">
     <span class='ocr_line' id='line_1_2' title="bbox 39 403 158 426; baseline 0.008 -1"><span class='ocrx_word' id='word_1_4' title='bbox 39 403 158 426; x_wconf 56' lang='lat' dir='ltr'>isi-‚nuum-</span> 
     </span>
    </p>
   </div>
   <div class='ocr_carea' id='block_1_3' title="bbox 798 184 1134 210">
    <p class='ocr_par' dir='ltr' id='par_1_3' title="bbox 798 184 1134 210">
     <span class='ocr_line' id='line_1_3' title="bbox 798 184 1134 210; baseline -0.003 0"><span class='ocrx_word' id='word_1_5' title='bbox 798 184 1008 210; x_wconf 70' lang='lat' dir='ltr'>INNOCENTIUS</span> <span class='ocrx_word' id='word_1_6' title='bbox 1030 186 1058 209; x_wconf 72' lang='lat' dir='ltr'>Xl</span> <span class='ocrx_word' id='word_1_7' title='bbox 1086 186 1134 209; x_wconf 69' lang='lat' dir='ltr'>FP.</span> 
     </span>
    </p>
   </div>
   <div class='ocr_carea' id='block_1_4' title="bbox 258 232 888 356">
    <p class='ocr_par' dir='ltr' id='par_1_4' title="bbox 258 232 888 356">
     <span class='ocr_line' id='line_1_4' title="bbox 258 232 888 268; baseline 0.003 -9"><span class='ocrx_word' id='word_1_8' title='bbox 258 232 450 261; x_wconf 77' lang='lat' dir='ltr'>Innocentius</span> <span class='ocrx_word' id='word_1_9' title='bbox 471 233 628 268; x_wconf 77' lang='lat' dir='ltr'>episcopus</span> <span class='ocrx_word' id='word_1_10' title='bbox 649 234 854 268; x_wconf 79' lang='lat' dir='ltr'>episcoporum</span> <span class='ocrx_word' id='word_1_11' title='bbox 869 235 888 266; x_wconf 84' lang='lat'>⁴,</span> 
     </span>
     <span class='ocr_line' id='line_1_5' title="bbox 392 279 766 311; baseline 0.003 -7"><span class='ocrx_word' id='word_1_12' title='bbox 392 285 498 305; x_wconf 81' lang='lat' dir='ltr'>servus</span> <span class='ocrx_word' id='word_1_13' title='bbox 522 285 675 306; x_wconf 83' lang='lat' dir='ltr'>servorum</span> <span class='ocrx_word' id='word_1_14' title='bbox 696 279 766 311; x_wconf 86' lang='lat' dir='ltr'>Dei,</span> 
     </span>
     <span class='ocr_line' id='line_1_6' title="bbox 325 322 816 356; baseline 0.002 -8"><span class='ocrx_word' id='word_1_15' title='bbox 325 323 359 348; x_wconf 82' lang='lat' dir='ltr'>ad</span> <span class='ocrx_word' id='word_1_16' title='bbox 380 325 553 356; x_wconf 77' lang='lat' dir='ltr'>perpetuam</span> <span class='ocrx_word' id='word_1_17' title='bbox 573 322 618 349; x_wconf 83' lang='lat' dir='ltr'>rei</span> <span class='ocrx_word' id='word_1_18' title='bbox 639 323 816 349; x_wconf 85' lang='lat' dir='ltr'>memoriam.</span> 
     </span>
    </p>
   </div>
   <div class='ocr_carea' id='block_1_5' title="bbox 196 390 941 1545">
    <p class='ocr_par' dir='ltr' id='par_1_5' title="bbox 196 390 941 1545">
     <span class='ocr_line' id='line_1_7' title="bbox 249 390 941 435; baseline 0.001 -11"><span class='ocrx_word' id='word_1_19' title='bbox 249 390 403 425; x_wconf 87' lang='lat' dir='ltr'>Caelestis</span> <span class='ocrx_word' id='word_1_20' title='bbox 427 397 538 435; x_wconf 89' lang='lat' dir='ltr'>pastor</span> <span class='ocrx_word' id='word_1_21' title='bbox 561 391 707 425; x_wconf 87' lang='lat' dir='ltr'>Christus</span> <span class='ocrx_word' id='word_1_22' title='bbox 733 393 888 432; x_wconf 83' lang='lat' dir='ltr'>dominus,</span> <span class='ocrx_word' id='word_1_23' title='bbox 909 399 941 425; x_wconf 94' lang='lat' dir='ltr'>ut</span> 
     </span>
     <span class='ocr_line' id='line_1_8' title="bbox 204 442 940 488; baseline 0.003 -13"><span class='ocrx_word' id='word_1_24' title='bbox 204 442 360 476; x_wconf 76' lang='lat' dir='ltr'>iacentem</span> <span class='ocrx_word' id='word_1_25' title='bbox 384 444 416 476; x_wconf 91' lang='lat' dir='ltr'>in</span> <span class='ocrx_word' id='word_1_26' title='bbox 435 444 574 477; x_wconf 86' lang='lat' dir='ltr'>tenebris</span> <span class='ocrx_word' id='word_1_27' title='bbox 592 445 757 484; x_wconf 83' lang='lat' dir='ltr'>mundum,</span> <span class='ocrx_word' id='word_1_28' title='bbox 780 445 940 488; x_wconf 70' lang='lat' dir='ltr'>variisque</span> 
     </span>
     <span class='ocr_line' id='line_1_9' title="bbox 203 496 940 539; baseline 0.004 -11"><span class='ocrx_word' id='word_1_29' title='bbox 203 496 348 538; x_wconf 75' lang='lat' dir='ltr'>gentium</span> <span class='ocrx_word' id='word_1_30' title='bbox 368 497 530 529; x_wconf 86' lang='lat' dir='ltr'>erroribus</span> <span class='ocrx_word' id='word_1_31' title='bbox 548 496 734 535; x_wconf 78' lang='lat' dir='ltr'>involutum,</span> <span class='ocrx_word' id='word_1_32' title='bbox 752 508 767 529; x_wconf 88' lang='lat' dir='ltr'>a</span> <span class='ocrx_word' id='word_1_33' title='bbox 783 502 940 539; x_wconf 76' lang='lat' dir='ltr'>potestate</span> 
     </span>
     <span class='ocr_line' id='line_1_10' title="bbox 204 547 938 592; baseline 0.001 -12"><span class='ocrx_word' id='word_1_34' title='bbox 204 547 342 588; x_wconf 87' lang='lat' dir='ltr'>diaboli,</span> <span class='ocrx_word' id='word_1_35' title='bbox 373 549 434 581; x_wconf 90' lang='lat' dir='ltr'>sub</span> <span class='ocrx_word' id='word_1_36' title='bbox 470 559 534 592; x_wconf 83' lang='lat' dir='ltr'>qua</span> <span class='ocrx_word' id='word_1_37' title='bbox 568 549 683 582; x_wconf 86' lang='lat' dir='ltr'>misere</span> <span class='ocrx_word' id='word_1_38' title='bbox 717 554 788 591; x_wconf 78' lang='lat' dir='ltr'>post</span> <span class='ocrx_word' id='word_1_39' title='bbox 813 550 938 591; x_wconf 74' lang='lat' dir='ltr'>lapsum</span> 
     </span>
     <span class='ocr_line' id='line_1_11' title="bbox 203 600 940 646; baseline 0.001 -13"><span class='ocrx_word' id='word_1_40' title='bbox 203 600 299 644; x_wconf 89' lang='lat' dir='ltr'>primi</span> <span class='ocrx_word' id='word_1_41' title='bbox 316 601 415 634; x_wconf 80' lang='lat' dir='ltr'>nostri</span> <span class='ocrx_word' id='word_1_42' title='bbox 436 601 580 646; x_wconf 84' lang='lat' dir='ltr'>parentis</span> <span class='ocrx_word' id='word_1_43' title='bbox 597 602 775 641; x_wconf 85' lang='lat' dir='ltr'>tenebatur,</span> <span class='ocrx_word' id='word_1_44' title='bbox 795 603 850 633; x_wconf 73' lang='lat' dir='ltr'>sua</span> <span class='ocrx_word' id='word_1_45' title='bbox 864 602 940 634; x_wconf 80' lang='lat' dir='ltr'>inef-</span> 
     </span>
     <span class='ocr_line' id='line_1_12' title="bbox 203 653 938 693; baseline 0 -7"><span class='ocrx_word' id='word_1_46' title='bbox 203 653 292 687; x_wconf 73' lang='lat' dir='ltr'>rabili</span> <span class='ocrx_word' id='word_1_47' title='bbox 316 654 522 687; x_wconf 86' lang='lat' dir='ltr'>miseratione</span> <span class='ocrx_word' id='word_1_48' title='bbox 548 654 709 693; x_wconf 84' lang='lat' dir='ltr'>liberaret,</span> <span class='ocrx_word' id='word_1_49' title='bbox 735 664 864 686; x_wconf 82' lang='lat' dir='ltr'>earnem</span> <span class='ocrx_word' id='word_1_50' title='bbox 889 665 938 686; x_wconf 85' lang='lat' dir='ltr'>su-</span> 
     </span>
     <span class='ocr_line' id='line_1_13' title="bbox 201 706 938 749; baseline 0.001 -10"><span class='ocrx_word' id='word_1_51' title='bbox 201 716 289 740; x_wconf 86' lang='lat' dir='ltr'>mere</span> <span class='ocrx_word' id='word_1_52' title='bbox 305 733 312 747; x_wconf 93' lang='lat'><em>‚</em></span> <span class='ocrx_word' id='word_1_53' title='bbox 340 712 371 739; x_wconf 87' lang='lat' dir='ltr'>et</span> <span class='ocrx_word' id='word_1_54' title='bbox 402 707 434 739; x_wconf 92' lang='lat' dir='ltr'>in</span> <span class='ocrx_word' id='word_1_55' title='bbox 458 706 547 749; x_wconf 80' lang='lat' dir='ltr'>ligno</span> <span class='ocrx_word' id='word_1_56' title='bbox 581 706 692 739; x_wconf 84' lang='lat' dir='ltr'>Crucis</span> <span class='ocrx_word' id='word_1_57' title='bbox 718 707 938 749; x_wconf 82' lang='lat' dir='ltr'>chirographo</span> 
     </span>
     <span class='ocr_line' id='line_1_14' title="bbox 202 759 939 802; baseline 0.001 -11"><span class='ocrx_word' id='word_1_58' title='bbox 202 759 424 802; x_wconf 87' lang='lat' dir='ltr'>redempionis</span> <span class='ocrx_word' id='word_1_59' title='bbox 452 763 582 792; x_wconf 89' lang='lat' dir='ltr'>nostrae</span> <span class='ocrx_word' id='word_1_60' title='bbox 609 760 702 792; x_wconf 73' lang='lat' dir='ltr'>affixo</span> <span class='ocrx_word' id='word_1_61' title='bbox 731 760 761 791; x_wconf 93' lang='lat' dir='ltr'>in</span> <span class='ocrx_word' id='word_1_62' title='bbox 795 760 939 792; x_wconf 85' lang='lat' dir='ltr'>testimo-</span> 
     </span>
     <span class='ocr_line' id='line_1_15' title="bbox 200 812 936 846; baseline 0 -1"><span class='ocrx_word' id='word_1_63' title='bbox 200 812 288 845; x_wconf 90' lang='lat' dir='ltr'>nium</span> <span class='ocrx_word' id='word_1_64' title='bbox 303 823 378 845; x_wconf 87' lang='lat' dir='ltr'>suae</span> <span class='ocrx_word' id='word_1_65' title='bbox 395 812 427 844; x_wconf 89' lang='lat' dir='ltr'>in</span> <span class='ocrx_word' id='word_1_66' title='bbox 442 823 498 845; x_wconf 84' lang='lat' dir='ltr'>nos</span> <span class='ocrx_word' id='word_1_67' title='bbox 514 813 681 846; x_wconf 86' lang='lat' dir='ltr'>charitatis</span> <span class='ocrx_word' id='word_1_68' title='bbox 704 823 773 845; x_wconf 79' lang='lat' dir='ltr'>sese</span> <span class='ocrx_word' id='word_1_69' title='bbox 798 813 936 846; x_wconf 87' lang='lat' dir='ltr'>hostiam</span> 
     </span>
     <span class='ocr_line' id='line_1_16' title="bbox 201 865 936 908; baseline 0 -10"><span class='ocrx_word' id='word_1_70' title='bbox 201 865 360 898; x_wconf 78' lang='lat' dir='ltr'>viventem</span> <span class='ocrx_word' id='word_1_71' title='bbox 381 865 446 898; x_wconf 89' lang='lat' dir='ltr'>Deo</span> <span class='ocrx_word' id='word_1_72' title='bbox 472 876 531 908; x_wconf 90' lang='lat' dir='ltr'>pro</span> <span class='ocrx_word' id='word_1_73' title='bbox 550 866 641 898; x_wconf 91' lang='lat' dir='ltr'>nobis</span> <span class='ocrx_word' id='word_1_74' title='bbox 656 866 773 898; x_wconf 63' lang='lat' dir='ltr'>offerre</span> <span class='ocrx_word' id='word_1_75' title='bbox 788 867 936 908; x_wconf 84' lang='lat' dir='ltr'>dignatus</span> 
     </span>
     <span class='ocr_line' id='line_1_17' title="bbox 201 918 937 959; baseline 0.001 -9"><span class='ocrx_word' id='word_1_76' title='bbox 201 922 265 957; x_wconf 87' lang='lat' dir='ltr'>est;</span> <span class='ocrx_word' id='word_1_77' title='bbox 285 927 369 957; x_wconf 81' lang='lat' dir='ltr'>mox,</span> <span class='ocrx_word' id='word_1_78' title='bbox 382 918 546 951; x_wconf 88' lang='lat' dir='ltr'>rediturus</span> <span class='ocrx_word' id='word_1_79' title='bbox 562 918 593 950; x_wconf 91' lang='lat' dir='ltr'>in</span> <span class='ocrx_word' id='word_1_80' title='bbox 612 920 747 959; x_wconf 76' lang='lat' dir='ltr'>caeluni,</span> <span class='ocrx_word' id='word_1_81' title='bbox 761 918 937 951; x_wconf 76' lang='lat' dir='ltr'>Ecclesiam</span> 
     </span>
     <span class='ocr_line' id='line_1_18' title="bbox 200 970 938 1015; baseline 0 -11"><span class='ocrx_word' id='word_1_82' title='bbox 200 970 395 1004; x_wconf 78' lang='lat' dir='ltr'>catholicam</span> <span class='ocrx_word' id='word_1_83' title='bbox 416 981 568 1014; x_wconf 87' lang='lat' dir='ltr'>sponsam</span> <span class='ocrx_word' id='word_1_84' title='bbox 584 982 683 1009; x_wconf 88' lang='lat' dir='ltr'>suam,</span> <span class='ocrx_word' id='word_1_85' title='bbox 699 978 861 1015; x_wconf 84' lang='lat' dir='ltr'>tamquam</span> <span class='ocrx_word' id='word_1_86' title='bbox 880 983 938 1005; x_wconf 87' lang='lat' dir='ltr'>no·</span> 
     </span>
     <span class='ocr_line' id='line_1_19' title="bbox 201 1023 937 1058; baseline 0.004 -3"><span class='ocrx_word' id='word_1_87' title='bbox 201 1033 271 1057; x_wconf 81' lang='lat' dir='ltr'>vam</span> <span class='ocrx_word' id='word_1_88' title='bbox 302 1023 464 1056; x_wconf 84' lang='lat' dir='ltr'>civitatem</span> <span class='ocrx_word' id='word_1_89' title='bbox 490 1029 630 1056; x_wconf 88' lang='lat' dir='ltr'>sanctam</span> <span class='ocrx_word' id='word_1_90' title='bbox 656 1024 857 1058; x_wconf 75' lang='lat' dir='ltr'>Hierusalem</span> <span class='ocrx_word' id='word_1_91' title='bbox 883 1025 937 1058; x_wconf 88' lang='lat' dir='ltr'>de-</span> 
     </span>
     <span class='ocr_line' id='line_1_20' title="bbox 200 1076 937 1116; baseline 0.003 -8"><span class='ocrx_word' id='word_1_92' title='bbox 200 1076 412 1110; x_wconf 88' lang='lat' dir='ltr'>scendentem</span> <span class='ocrx_word' id='word_1_93' title='bbox 431 1077 470 1109; x_wconf 91' lang='lat' dir='ltr'>de</span> <span class='ocrx_word' id='word_1_94' title='bbox 489 1078 585 1116; x_wconf 86' lang='lat' dir='ltr'>caelo,</span> <span class='ocrx_word' id='word_1_95' title='bbox 609 1087 674 1110; x_wconf 87' lang='lat' dir='ltr'>non</span> <span class='ocrx_word' id='word_1_96' title='bbox 693 1078 867 1112; x_wconf 79' lang='lat' dir='ltr'>habentem</span> <span class='ocrx_word' id='word_1_97' title='bbox 886 1088 937 1110; x_wconf 92' lang='lat' dir='ltr'>ru-</span> 
     </span>
     <span class='ocr_line' id='line_1_21' title="bbox 199 1131 935 1173; baseline 0.001 -11"><span class='ocrx_word' id='word_1_98' title='bbox 199 1139 272 1173; x_wconf 82' lang='lat' dir='ltr'>gam</span> <span class='ocrx_word' id='word_1_99' title='bbox 296 1139 401 1173; x_wconf 87' lang='lat' dir='ltr'>neque</span> <span class='ocrx_word' id='word_1_100' title='bbox 426 1131 593 1170; x_wconf 86' lang='lat' dir='ltr'>maculam,</span> <span class='ocrx_word' id='word_1_101' title='bbox 616 1140 722 1170; x_wconf 85' lang='lat' dir='ltr'>unam,</span> <span class='ocrx_word' id='word_1_102' title='bbox 737 1136 876 1163; x_wconf 77' lang='lat' dir='ltr'>sanctam</span> <span class='ocrx_word' id='word_1_103' title='bbox 903 1131 935 1163; x_wconf 90' lang='lat' dir='ltr'>in</span> 
     </span>
     <span class='ocr_line' id='line_1_22' title="bbox 199 1182 934 1226; baseline 0.003 -11"><span class='ocrx_word' id='word_1_104' title='bbox 199 1182 294 1215; x_wconf 87' lang='lat' dir='ltr'>terris</span> <span class='ocrx_word' id='word_1_105' title='bbox 320 1182 522 1226; x_wconf 85' lang='lat' dir='ltr'>relinquens,</span> <span class='ocrx_word' id='word_1_106' title='bbox 548 1182 643 1215; x_wconf 87' lang='lat' dir='ltr'>armis</span> <span class='ocrx_word' id='word_1_107' title='bbox 667 1183 832 1226; x_wconf 87' lang='lat' dir='ltr'>potentiae</span> <span class='ocrx_word' id='word_1_108' title='bbox 859 1194 934 1217; x_wconf 82' lang='lat' dir='ltr'>suae</span> 
     </span>
     <span class='ocr_line' id='line_1_23' title="bbox 199 1235 936 1278; baseline 0.001 -10"><span class='ocrx_word' id='word_1_109' title='bbox 199 1240 312 1268; x_wconf 84' lang='lat' dir='ltr'>contra</span> <span class='ocrx_word' id='word_1_110' title='bbox 336 1240 444 1278; x_wconf 85' lang='lat' dir='ltr'>portas</span> <span class='ocrx_word' id='word_1_111' title='bbox 470 1235 566 1267; x_wconf 86' lang='lat' dir='ltr'>inseri</span> <span class='ocrx_word' id='word_1_112' title='bbox 584 1235 864 1275; x_wconf 75' lang='lat' dir='ltr'>circumvallatam,</span> <span class='ocrx_word' id='word_1_113' title='bbox 881 1236 936 1269; x_wconf 87' lang='lat' dir='ltr'>Pe-</span> 
     </span>
     <span class='ocr_line' id='line_1_24' title="bbox 198 1288 934 1331; baseline 0.004 -12"><span class='ocrx_word' id='word_1_114' title='bbox 198 1292 249 1321; x_wconf 85' lang='lat' dir='ltr'>tro</span> <span class='ocrx_word' id='word_1_115' title='bbox 286 1289 504 1331; x_wconf 85' lang='lat' dir='ltr'>apostolorum</span> <span class='ocrx_word' id='word_1_116' title='bbox 536 1288 675 1331; x_wconf 72' lang='lat' dir='ltr'>principi</span> <span class='ocrx_word' id='word_1_117' title='bbox 710 1295 740 1321; x_wconf 87' lang='lat' dir='ltr'>et</span> <span class='ocrx_word' id='word_1_118' title='bbox 771 1299 934 1322; x_wconf 86' lang='lat' dir='ltr'>successo-</span> 
     </span>
     <span class='ocr_line' id='line_1_25' title="bbox 199 1340 933 1383; baseline 0.004 -11"><span class='ocrx_word' id='word_1_119' title='bbox 199 1340 286 1373; x_wconf 88' lang='lat' dir='ltr'>ribus</span> <span class='ocrx_word' id='word_1_120' title='bbox 311 1341 380 1373; x_wconf 88' lang='lat' dir='ltr'>eius</span> <span class='ocrx_word' id='word_1_121' title='bbox 405 1341 578 1383; x_wconf 78' lang='lat' dir='ltr'>regendam</span> <span class='ocrx_word' id='word_1_122' title='bbox 606 1341 747 1381; x_wconf 84' lang='lat' dir='ltr'>tradidit,</span> <span class='ocrx_word' id='word_1_123' title='bbox 765 1347 799 1373; x_wconf 91' lang='lat' dir='ltr'>ut</span> <span class='ocrx_word' id='word_1_124' title='bbox 815 1342 933 1375; x_wconf 83' lang='lat' dir='ltr'>doctri—</span> 
     </span>
     <span class='ocr_line' id='line_1_26' title="bbox 197 1393 932 1436; baseline 0.003 -10"><span class='ocrx_word' id='word_1_125' title='bbox 197 1403 295 1433; x_wconf 86' lang='lat' dir='ltr'>nam,</span> <span class='ocrx_word' id='word_1_126' title='bbox 321 1393 361 1426; x_wconf 88' lang='lat' dir='ltr'>ab</span> <span class='ocrx_word' id='word_1_127' title='bbox 396 1393 498 1436; x_wconf 82' lang='lat' dir='ltr'>ipsius</span> <span class='ocrx_word' id='word_1_128' title='bbox 533 1404 588 1426; x_wconf 92' lang='lat' dir='ltr'>ore</span> <span class='ocrx_word' id='word_1_129' title='bbox 622 1394 789 1435; x_wconf 76' lang='lat' dir='ltr'>haustam,</span> <span class='ocrx_word' id='word_1_130' title='bbox 816 1401 932 1428; x_wconf 84' lang='lat' dir='ltr'>sartam</span> 
     </span>
     <span class='ocr_line' id='line_1_27' title="bbox 196 1447 931 1491; baseline 0.004 -12"><span class='ocrx_word' id='word_1_131' title='bbox 196 1452 378 1490; x_wconf 87' lang='lat' dir='ltr'>tectamque</span> <span class='ocrx_word' id='word_1_132' title='bbox 400 1447 610 1487; x_wconf 84' lang='lat' dir='ltr'>custodirent,</span> <span class='ocrx_word' id='word_1_133' title='bbox 628 1458 667 1480; x_wconf 85' lang='lat' dir='ltr'>ne</span> <span class='ocrx_word' id='word_1_134' title='bbox 686 1459 768 1488; x_wconf 82' lang='lat' dir='ltr'>oves,</span> <span class='ocrx_word' id='word_1_135' title='bbox 791 1449 931 1491; x_wconf 87' lang='lat' dir='ltr'>pretioso</span> 
     </span>
     <span class='ocr_line' id='line_1_28' title="bbox 196 1500 932 1545; baseline 0.003 -12"><span class='ocrx_word' id='word_1_136' title='bbox 196 1509 256 1533; x_wconf 87' lang='lat' dir='ltr'>suo</span> <span class='ocrx_word' id='word_1_137' title='bbox 282 1500 437 1543; x_wconf 78' lang='lat' dir='ltr'>sanguine</span> <span class='ocrx_word' id='word_1_138' title='bbox 463 1501 661 1544; x_wconf 79' lang='lat' dir='ltr'>redemptae,</span> <span class='ocrx_word' id='word_1_139' title='bbox 676 1512 845 1544; x_wconf 85' lang='lat' dir='ltr'>pravarum</span> <span class='ocrx_word' id='word_1_140' title='bbox 863 1503 932 1545; x_wconf 86' lang='lat' dir='ltr'>opi-</span> 
     </span>
    </p>
   </div>
   <div class='ocr_carea' id='block_1_6' title="bbox 195 1553 953 1597">
    <p class='ocr_par' dir='ltr' id='par_1_6' title="bbox 195 1553 953 1597">
     <span class='ocr_line' id='line_1_29' title="bbox 195 1553 953 1597; baseline 0.004 -12"><span class='ocrx_word' id='word_1_141' title='bbox 195 1553 330 1586; x_wconf 91' lang='lat' dir='ltr'>nionum</span> <span class='ocrx_word' id='word_1_142' title='bbox 354 1553 473 1596; x_wconf 85' lang='lat' dir='ltr'>pabulo</span> <span class='ocrx_word' id='word_1_143' title='bbox 498 1553 531 1585; x_wconf 89' lang='lat' dir='ltr'>in</span> <span class='ocrx_word' id='word_1_144' title='bbox 556 1554 705 1597; x_wconf 77' lang='lat' dir='ltr'>antiquos</span> <span class='ocrx_word' id='word_1_145' title='bbox 731 1565 859 1588; x_wconf 86' lang='lat' dir='ltr'>errores</span> <span class='ocrx_word' id='word_1_146' title='bbox 885 1566 953 1595; x_wconf 71' lang='lat' dir='ltr'>re-i</span> 
     </span>
    </p>
   </div>
   <div class='ocr_carea' id='block_1_7' title="bbox 194 1606 930 1860">
    <p class='ocr_par' dir='ltr' id='par_1_7' title="bbox 194 1606 930 1860">
     <span class='ocr_line' id='line_1_30' title="bbox 195 1606 930 1650; baseline 0.004 -11"><span class='ocrx_word' id='word_1_147' title='bbox 195 1606 355 1639; x_wconf 86' lang='lat' dir='ltr'>ciderent.</span> <span class='ocrx_word' id='word_1_148' title='bbox 389 1606 481 1644; x_wconf 86' lang='lat' dir='ltr'>Quod</span> <span class='ocrx_word' id='word_1_149' title='bbox 513 1608 684 1650; x_wconf 75' lang='lat' dir='ltr'>praecipue</span> <span class='ocrx_word' id='word_1_150' title='bbox 717 1609 811 1641; x_wconf 89' lang='lat' dir='ltr'>beato</span> <span class='ocrx_word' id='word_1_151' title='bbox 837 1609 930 1643; x_wconf 84' lang='lat' dir='ltr'>Petro</span> 
     </span>
     <span class='ocr_line' id='line_1_31' title="bbox 195 1659 930 1694; baseline 0.005 -4"><span class='ocrx_word' id='word_1_152' title='bbox 195 1659 365 1692; x_wconf 79' lang='lat' dir='ltr'>mandasse</span> <span class='ocrx_word' id='word_1_153' title='bbox 384 1669 443 1691; x_wconf 90' lang='lat' dir='ltr'>nos</span> <span class='ocrx_word' id='word_1_154' title='bbox 462 1669 569 1692; x_wconf 83' lang='lat' dir='ltr'>sacrae</span> <span class='ocrx_word' id='word_1_155' title='bbox 589 1659 712 1692; x_wconf 81' lang='lat' dir='ltr'>litterae</span> <span class='ocrx_word' id='word_1_156' title='bbox 728 1661 855 1693; x_wconf 88' lang='lat' dir='ltr'>docent.</span> <span class='ocrx_word' id='word_1_157' title='bbox 875 1662 930 1694; x_wconf 91' lang='lat' dir='ltr'>Cui</span> 
     </span>
     <span class='ocr_line' id='line_1_32' title="bbox 196 1710 929 1754; baseline 0.004 -10"><span class='ocrx_word' id='word_1_158' title='bbox 196 1711 283 1744; x_wconf 91' lang='lat' dir='ltr'>enim</span> <span class='ocrx_word' id='word_1_159' title='bbox 297 1710 529 1754; x_wconf 70' lang='lat' dir='ltr'>apostolorum,</span> <span class='ocrx_word' id='word_1_160' title='bbox 545 1712 605 1744; x_wconf 87' lang='lat' dir='ltr'>nisi</span> <span class='ocrx_word' id='word_1_161' title='bbox 625 1713 728 1753; x_wconf 86' lang='lat' dir='ltr'>Petro,</span> <span class='ocrx_word' id='word_1_162' title='bbox 747 1714 843 1746; x_wconf 81' lang='lat' dir='ltr'>dixit:</span> <span class='ocrx_word' id='word_1_163' title='bbox 866 1715 929 1747; x_wconf 92' lang='lat' dir='ltr'>Pa-</span> 
     </span>
     <span class='ocr_line' id='line_1_33' title="bbox 194 1765 930 1810; baseline 0.003 -12"><span class='ocrx_word' id='word_1_164' title='bbox 194 1775 244 1798; x_wconf 83' lang='lat' dir='ltr'>sce</span> <span class='ocrx_word' id='word_1_165' title='bbox 262 1775 330 1798; x_wconf 86' lang='lat' dir='ltr'>oves</span> <span class='ocrx_word' id='word_1_166' title='bbox 350 1765 454 1797; x_wconf 72' lang='lat' dir='ltr'>meas?</span> <span class='ocrx_word' id='word_1_167' title='bbox 470 1770 503 1798; x_wconf 85' lang='lat' dir='ltr'>et</span> <span class='ocrx_word' id='word_1_168' title='bbox 521 1776 642 1797; x_wconf 84' lang='lat' dir='ltr'>rursus:</span> <span class='ocrx_word' id='word_1_169' title='bbox 664 1766 729 1808; x_wconf 67' lang='lat'>1390</span> <span class='ocrx_word' id='word_1_170' title='bbox 746 1768 858 1809; x_wconf 70' lang='lat' dir='ltr'>rossavi</span> <span class='ocrx_word' id='word_1_171' title='bbox 873 1778 930 1810; x_wconf 74' lang='lat' dir='ltr'>pro</span> 
     </span>
     <span class='ocr_line' id='line_1_34' title="bbox 197 1818 930 1860; baseline 0.003 -9"><span class='ocrx_word' id='word_1_172' title='bbox 197 1822 224 1851; x_wconf 83' lang='lat' dir='ltr'>le</span> <span class='ocrx_word' id='word_1_173' title='bbox 247 1822 283 1851; x_wconf 78' lang='lat' dir='ltr'>ul</span> <span class='ocrx_word' id='word_1_174' title='bbox 307 1828 371 1851; x_wconf 82' lang='lat' dir='ltr'>non</span> <span class='ocrx_word' id='word_1_175' title='bbox 395 1818 523 1860; x_wconf 63' lang='lat' dir='ltr'>deficiat</span> <span class='ocrx_word' id='word_1_176' title='bbox 544 1818 621 1860; x_wconf 79' lang='lat' dir='ltr'>sides</span> <span class='ocrx_word' id='word_1_177' title='bbox 643 1823 717 1859; x_wconf 77' lang='lat' dir='ltr'>tua,</span> <span class='ocrx_word' id='word_1_178' title='bbox 745 1824 773 1852; x_wconf 83' lang='lat' dir='ltr'>et</span> <span class='ocrx_word' id='word_1_179' title='bbox 803 1825 837 1853; x_wconf 76' lang='grc' dir='ltr'>ιιι</span> <span class='ocrx_word' id='word_1_180' title='bbox 868 1821 930 1853; x_wconf 74' lang='lat' dir='ltr'>ali-</span> 
     </span>
    </p>
   </div>
   <div class='ocr_carea' id='block_1_8' title="bbox 195 1870 952 1914">
    <p class='ocr_par' dir='ltr' id='par_1_8' title="bbox 195 1870 952 1914">
     <span class='ocr_line' id='line_1_35' title="bbox 195 1870 952 1914; baseline 0.004 -11"><span class='ocrx_word' id='word_1_181' title='bbox 195 1870 325 1914; x_wconf 77' lang='lat' dir='ltr'>quando</span> <span class='ocrx_word' id='word_1_182' title='bbox 349 1881 515 1903; x_wconf 76' lang='lat' dir='ltr'>conversus</span> <span class='ocrx_word' id='word_1_183' title='bbox 538 1871 694 1913; x_wconf 77' lang='lat' dir='ltr'>confirma</span> <span class='ocrx_word' id='word_1_184' title='bbox 713 1873 830 1914; x_wconf 75' lang='lat' dir='ltr'>fratres</span> <span class='ocrx_word' id='word_1_185' title='bbox 845 1874 930 1906; x_wconf 59' lang='lat' dir='ltr'>tuos?</span> <span class='ocrx_word' id='word_1_186' title='bbox 950 1890 952 1897; x_wconf 56' lang='lat'>.</span> 
     </span>
    </p>
   </div>
   <div class='ocr_carea' id='block_1_9' title="bbox 195 1922 928 1966">
    <p class='ocr_par' dir='ltr' id='par_1_9' title="bbox 195 1922 928 1966">
     <span class='ocr_line' id='line_1_36' title="bbox 195 1922 928 1966; baseline 0.005 -11"><span class='ocrx_word' id='word_1_187' title='bbox 195 1922 298 1962; x_wconf 82' lang='lat' dir='ltr'>Quare</span> <span class='ocrx_word' id='word_1_188' title='bbox 310 1923 412 1963; x_wconf 86' lang='lat' dir='ltr'>nobis,</span> <span class='ocrx_word' id='word_1_189' title='bbox 429 1923 492 1966; x_wconf 89' lang='lat' dir='ltr'>qui,</span> <span class='ocrx_word' id='word_1_190' title='bbox 507 1933 569 1956; x_wconf 90' lang='lat' dir='ltr'>non</span> <span class='ocrx_word' id='word_1_191' title='bbox 588 1925 706 1957; x_wconf 84' lang='lat' dir='ltr'>nostris</span> <span class='ocrx_word' id='word_1_192' title='bbox 724 1926 857 1966; x_wconf 87' lang='lat' dir='ltr'>meritis,</span> <span class='ocrx_word' id='word_1_193' title='bbox 874 1928 928 1960; x_wconf 85' lang='lat' dir='ltr'>sed</span> 
     </span>
    </p>
   </div>
   <div class='ocr_carea' id='block_1_10' title="bbox 195 1976 951 2020">
    <p class='ocr_par' dir='ltr' id='par_1_10' title="bbox 195 1976 951 2020">
     <span class='ocr_line' id='line_1_37' title="bbox 195 1976 951 2020; baseline 0.004 -10"><span class='ocrx_word' id='word_1_194' title='bbox 195 1976 393 2010; x_wconf 83' lang='lat' dir='ltr'>inscrutabili</span> <span class='ocrx_word' id='word_1_195' title='bbox 418 1976 473 2009; x_wconf 93' lang='lat' dir='ltr'>Dei</span> <span class='ocrx_word' id='word_1_196' title='bbox 498 1976 728 2020; x_wconf 90' lang='lat' dir='ltr'>omnipotentis</span> <span class='ocrx_word' id='word_1_197' title='bbox 747 1979 880 2012; x_wconf 88' lang='lat' dir='ltr'>consilio</span> <span class='ocrx_word' id='word_1_198' title='bbox 898 1980 929 2012; x_wconf 88' lang='lat' dir='ltr'>in</span> <span class='ocrx_word' id='word_1_199' title='bbox 950 2008 951 2014; x_wconf 71' lang='grc'>,</span> 
     </span>
    </p>
   </div>
   <div class='ocr_carea' id='block_1_11' title="bbox 195 2029 929 2074">
    <p class='ocr_par' dir='ltr' id='par_1_11' title="bbox 195 2029 929 2074">
     <span class='ocr_line' id='line_1_38' title="bbox 195 2029 929 2074; baseline 0.004 -12"><span class='ocrx_word' id='word_1_200' title='bbox 195 2029 341 2063; x_wconf 88' lang='lat' dir='ltr'>ciusdem</span> <span class='ocrx_word' id='word_1_201' title='bbox 371 2029 454 2062; x_wconf 85' lang='lat' dir='ltr'>Petri</span> <span class='ocrx_word' id='word_1_202' title='bbox 487 2029 639 2063; x_wconf 74' lang='lat' dir='ltr'>cathedra</span> <span class='ocrx_word' id='word_1_203' title='bbox 671 2030 740 2073; x_wconf 89' lang='lat' dir='ltr'>pari</span> <span class='ocrx_word' id='word_1_204' title='bbox 771 2037 929 2074; x_wconf 73' lang='lat' dir='ltr'>potestate</span> 
     </span>
    </p>
   </div>
   <div class='ocr_carea' id='block_1_12' title="bbox 195 2081 951 2125">
    <p class='ocr_par' dir='ltr' id='par_1_12' title="bbox 195 2081 951 2125">
     <span class='ocr_line' id='line_1_39' title="bbox 195 2081 951 2125; baseline 0.003 -10"><span class='ocrx_word' id='word_1_205' title='bbox 195 2082 355 2122; x_wconf 84' lang='lat' dir='ltr'>sedemus,</span> <span class='ocrx_word' id='word_1_206' title='bbox 377 2092 506 2125; x_wconf 84' lang='lat' dir='ltr'>semper</span> <span class='ocrx_word' id='word_1_207' title='bbox 529 2081 658 2115; x_wconf 81' lang='lat' dir='ltr'>firmum</span> <span class='ocrx_word' id='word_1_208' title='bbox 683 2083 714 2115; x_wconf 89' lang='lat' dir='ltr'>in</span> <span class='ocrx_word' id='word_1_209' title='bbox 740 2083 846 2117; x_wconf 89' lang='lat' dir='ltr'>animo</span> <span class='ocrx_word' id='word_1_210' title='bbox 873 2086 930 2118; x_wconf 83' lang='lat' dir='ltr'>suit</span> <span class='ocrx_word' id='word_1_211' title='bbox 950 2099 951 2117; x_wconf 65' lang='lat' dir='ltr'>t</span> 
     </span>
    </p>
   </div>
   <div class='ocr_carea' id='block_1_13' title="bbox 195 2134 931 2444">
    <p class='ocr_par' dir='ltr' id='par_1_13' title="bbox 195 2134 931 2444">
     <span class='ocr_line' id='line_1_40' title="bbox 195 2134 931 2179; baseline 0.003 -11"><span class='ocrx_word' id='word_1_212' title='bbox 195 2142 229 2168; x_wconf 87' lang='lat' dir='ltr'>ut</span> <span class='ocrx_word' id='word_1_213' title='bbox 252 2135 395 2179; x_wconf 88' lang='lat' dir='ltr'>populus</span> <span class='ocrx_word' id='word_1_214' title='bbox 432 2134 626 2167; x_wconf 89' lang='lat' dir='ltr'>christianus</span> <span class='ocrx_word' id='word_1_215' title='bbox 661 2145 730 2168; x_wconf 90' lang='lat' dir='ltr'>eam</span> <span class='ocrx_word' id='word_1_216' title='bbox 755 2142 931 2170; x_wconf 75' lang='lat' dir='ltr'>sectaretur</span> 
     </span>
     <span class='ocr_line' id='line_1_41' title="bbox 196 2187 931 2233; baseline 0.003 -12"><span class='ocrx_word' id='word_1_217' title='bbox 196 2187 301 2227; x_wconf 82' lang='lat' dir='ltr'>fidem,</span> <span class='ocrx_word' id='word_1_218' title='bbox 326 2198 406 2231; x_wconf 86' lang='lat' dir='ltr'>quae</span> <span class='ocrx_word' id='word_1_219' title='bbox 431 2199 449 2220; x_wconf 82' lang='lat' dir='ltr'>a</span> <span class='ocrx_word' id='word_1_220' title='bbox 472 2187 599 2220; x_wconf 86' lang='lat' dir='ltr'>Christo</span> <span class='ocrx_word' id='word_1_221' title='bbox 624 2188 753 2221; x_wconf 91' lang='lat' dir='ltr'>domino</span> <span class='ocrx_word' id='word_1_222' title='bbox 778 2200 838 2232; x_wconf 87' lang='lat' dir='ltr'>per</span> <span class='ocrx_word' id='word_1_223' title='bbox 853 2201 931 2233; x_wconf 90' lang='lat' dir='ltr'>apo-</span> 
     </span>
     <span class='ocr_line' id='line_1_42' title="bbox 196 2241 929 2284; baseline 0.003 -10"><span class='ocrx_word' id='word_1_224' title='bbox 196 2241 297 2274; x_wconf 83' lang='lat' dir='ltr'>stolos</span> <span class='ocrx_word' id='word_1_225' title='bbox 320 2251 395 2274; x_wconf 89' lang='lat' dir='ltr'>suos</span> <span class='ocrx_word' id='word_1_226' title='bbox 419 2242 579 2284; x_wconf 78' lang='lat' dir='ltr'>perpetua</span> <span class='ocrx_word' id='word_1_227' title='bbox 605 2245 637 2272; x_wconf 89' lang='lat' dir='ltr'>et</span> <span class='ocrx_word' id='word_1_228' title='bbox 652 2250 818 2284; x_wconf 80' lang='lat' dir='ltr'>nunquam</span> <span class='ocrx_word' id='word_1_229' title='bbox 836 2242 929 2276; x_wconf 90' lang='lat' dir='ltr'>inter-</span> 
     </span>
     <span class='ocr_line' id='line_1_43' title="bbox 196 2292 929 2339; baseline 0.003 -12"><span class='ocrx_word' id='word_1_230' title='bbox 196 2294 289 2338; x_wconf 75' lang='lat' dir='ltr'>rupta</span> <span class='ocrx_word' id='word_1_231' title='bbox 306 2292 477 2326; x_wconf 85' lang='lat' dir='ltr'>traditione</span> <span class='ocrx_word' id='word_1_232' title='bbox 491 2293 676 2336; x_wconf 90' lang='lat' dir='ltr'>praedicata</span> <span class='ocrx_word' id='word_1_233' title='bbox 690 2293 756 2334; x_wconf 83' lang='lat' dir='ltr'>suit,</span> <span class='ocrx_word' id='word_1_234' title='bbox 771 2305 929 2339; x_wconf 83' lang='lat' dir='ltr'>quamque</span> 
     </span>
     <span class='ocr_line' id='line_1_44' title="bbox 196 2346 928 2390; baseline 0.004 -11"><span class='ocrx_word' id='word_1_235' title='bbox 196 2346 267 2390; x_wconf 88' lang='lat' dir='ltr'>ipse</span> <span class='ocrx_word' id='word_1_236' title='bbox 291 2356 393 2390; x_wconf 86' lang='lat' dir='ltr'>usque</span> <span class='ocrx_word' id='word_1_237' title='bbox 414 2346 453 2379; x_wconf 86' lang='lat' dir='ltr'>ad</span> <span class='ocrx_word' id='word_1_238' title='bbox 477 2346 595 2379; x_wconf 86' lang='lat' dir='ltr'>saeculi</span> <span class='ocrx_word' id='word_1_239' title='bbox 620 2347 928 2383; x_wconf 87' lang='lat' dir='ltr'>consummationem</span> 
     </span>
     <span class='ocr_line' id='line_1_45' title="bbox 195 2399 721 2444; baseline -0.002 -11"><span class='ocrx_word' id='word_1_240' title='bbox 195 2409 441 2444; x_wconf 84' lang='lat' dir='ltr'>permansuram</span> <span class='ocrx_word' id='word_1_241' title='bbox 466 2409 536 2433; x_wconf 87' lang='lat' dir='ltr'>esse</span> <span class='ocrx_word' id='word_1_242' title='bbox 560 2399 721 2442; x_wconf 89' lang='lat' dir='ltr'>promisit.</span> 
     </span>
    </p>
   </div>
   <div class='ocr_carea' id='block_1_14' title="bbox 197 2478 928 2605">
    <p class='ocr_par' dir='ltr' id='par_1_14' title="bbox 197 2478 928 2605">
     <span class='ocr_line' id='line_1_46' title="bbox 197 2478 928 2513; baseline 0.004 -7"><span class='ocrx_word' id='word_1_243' title='bbox 197 2478 238 2506; x_wconf 79' lang='lat' dir='ltr'>tif.</span> <span class='ocrx_word' id='word_1_244' title='bbox 249 2484 288 2511; x_wconf 90' lang='grc' dir='ltr'>ιιι,</span> <span class='ocrx_word' id='word_1_245' title='bbox 304 2482 329 2505; x_wconf 82' lang='lat' dir='ltr'>et</span> <span class='ocrx_word' id='word_1_246' title='bbox 345 2479 370 2505; x_wconf 89' lang='lat' dir='ltr'>in</span> <span class='ocrx_word' id='word_1_247' title='bbox 383 2479 474 2506; x_wconf 87' lang='lat' dir='ltr'>innoc.</span> <span class='ocrx_word' id='word_1_248' title='bbox 486 2479 531 2506; x_wconf 75' lang='lat' dir='ltr'>Xll</span> <span class='ocrx_word' id='word_1_249' title='bbox 547 2483 632 2506; x_wconf 84' lang='lat' dir='ltr'>const.</span> <span class='ocrx_word' id='word_1_250' title='bbox 644 2479 687 2506; x_wconf 84' lang='lat' dir='ltr'>ed.</span> <span class='ocrx_word' id='word_1_251' title='bbox 704 2486 826 2513; x_wconf 62' lang='lat' dir='ltr'>nomeu,</span> <span class='ocrx_word' id='word_1_252' title='bbox 842 2482 885 2509; x_wconf 86' lang='lat' dir='ltr'>die</span> <span class='ocrx_word' id='word_1_253' title='bbox 898 2483 928 2509; x_wconf 68' lang='lat' dir='ltr'>te</span> 
     </span>
     <span class='ocr_line' id='line_1_47' title="bbox 197 2522 909 2559; baseline 0.001 -9"><span class='ocrx_word' id='word_1_254' title='bbox 197 2523 296 2553; x_wconf 80' lang='lat' dir='ltr'>martii,</span> <span class='ocrx_word' id='word_1_255' title='bbox 313 2522 406 2556; x_wconf 76' lang='lat' dir='ltr'>pontif.</span> <span class='ocrx_word' id='word_1_256' title='bbox 423 2529 482 2554; x_wconf 79' lang='grc' dir='ltr'>νιιι,</span> <span class='ocrx_word' id='word_1_257' title='bbox 500 2526 572 2549; x_wconf 87' lang='lat' dir='ltr'>extat</span> <span class='ocrx_word' id='word_1_258' title='bbox 587 2523 720 2551; x_wconf 86' lang='lat' dir='ltr'>damnatio</span> <span class='ocrx_word' id='word_1_259' title='bbox 737 2524 797 2550; x_wconf 84' lang='lat' dir='ltr'>libri</span> <span class='ocrx_word' id='word_1_260' title='bbox 811 2525 909 2559; x_wconf 81' lang='lat' dir='ltr'>gallici.</span> 
     </span>
     <span class='ocr_line' id='line_1_48' title="bbox 233 2566 926 2605; baseline 0.004 -12"><span class='ocrx_word' id='word_1_261' title='bbox 233 2566 246 2593; x_wconf 79' lang='lat'>1</span> <span class='ocrx_word' id='word_1_262' title='bbox 264 2566 336 2592; x_wconf 77' lang='lat' dir='ltr'>Aliae</span> <span class='ocrx_word' id='word_1_263' title='bbox 352 2566 415 2593; x_wconf 86' lang='lat' dir='ltr'>edit.</span> <span class='ocrx_word' id='word_1_264' title='bbox 432 2574 484 2595; x_wconf 84' lang='lat' dir='ltr'>non</span> <span class='ocrx_word' id='word_1_265' title='bbox 499 2566 598 2594; x_wconf 84' lang='lat' dir='ltr'>liabent</span> <span class='ocrx_word' id='word_1_266' title='bbox 613 2568 808 2603; x_wconf 79' lang='lat' dir='ltr'>episcoporum</span> <span class='ocrx_word' id='word_1_267' title='bbox 823 2569 861 2604; x_wconf 83' lang='lat' dir='ltr'>(n.</span> <span class='ocrx_word' id='word_1_268' title='bbox 878 2570 926 2605; x_wconf 82' lang='lat' dir='ltr'>T.).</span> 
     </span>
    </p>
   </div>
   <div class='ocr_carea' id='block_1_15' title="bbox 949 235 964 2380">
    <p class='ocr_par' dir='ltr' id='par_1_15' title="bbox 949 235 964 2380">
     <span class='ocr_line' id='line_1_49' title="bbox 949 235 964 2380; baseline 0 0"><span class='ocrx_word' id='word_1_269' title='bbox 949 235 964 2380; x_wconf 95' lang='lat' dir='ltr'> </span> 
     </span>
    </p>
   </div>
   <div class='ocr_carea' id='block_1_16' title="bbox 983 178 1720 532">
    <p class='ocr_par' dir='ltr' id='par_1_16' title="bbox 983 178 1720 532">
     <span class='ocr_line' id='line_1_50' title="bbox 1620 178 1682 211; baseline -0.032 0"><span class='ocrx_word' id='word_1_270' title='bbox 1620 178 1682 211; x_wconf 72' lang='lat'>775</span> 
     </span>
     <span class='ocr_line' id='line_1_51' title="bbox 1027 233 1718 278; baseline 0.001 -12"><span class='ocrx_word' id='word_1_271' title='bbox 1027 234 1041 276; x_wconf 62' lang='grc' dir='ltr'><strong>ἓ</strong></span> <span class='ocrx_word' id='word_1_272' title='bbox 1066 233 1096 266; x_wconf 83' lang='lat'>1.</span> <span class='ocrx_word' id='word_1_273' title='bbox 1125 234 1200 267; x_wconf 89' lang='lat' dir='ltr'>Cum</span> <span class='ocrx_word' id='word_1_274' title='bbox 1226 234 1324 277; x_wconf 77' lang='lat' dir='ltr'>igitur</span> <span class='ocrx_word' id='word_1_275' title='bbox 1348 235 1386 267; x_wconf 89' lang='lat' dir='ltr'>ad</span> <span class='ocrx_word' id='word_1_276' title='bbox 1418 235 1635 278; x_wconf 86' lang='lat' dir='ltr'>apostolatum</span> <span class='ocrx_word' id='word_1_277' title='bbox 1661 246 1718 268; x_wconf 91' lang='lat' dir='ltr'>no-</span> 
     </span>
     <span class='ocr_line' id='line_1_52' title="bbox 984 287 1720 331; baseline 0.003 -13"><span class='ocrx_word' id='word_1_278' title='bbox 984 292 1084 318; x_wconf 89' lang='lat' dir='ltr'>strum</span> <span class='ocrx_word' id='word_1_279' title='bbox 1111 288 1247 320; x_wconf 82' lang='lat' dir='ltr'>relatum</span> <span class='ocrx_word' id='word_1_280' title='bbox 1269 288 1381 320; x_wconf 87' lang='lat' dir='ltr'>suisset</span> <span class='ocrx_word' id='word_1_281' title='bbox 1397 288 1568 331; x_wconf 84' lang='lat' dir='ltr'>quemdam</span> <span class='ocrx_word' id='word_1_282' title='bbox 1585 287 1720 321; x_wconf 69' lang='lat' dir='ltr'>Michae-</span> 
     </span>
     <span class='ocr_line' id='line_1_53' title="bbox 985 339 1718 385; baseline 0.003 -14"><span class='ocrx_word' id='word_1_283' title='bbox 985 339 1044 371; x_wconf 89' lang='lat' dir='ltr'>lem</span> <span class='ocrx_word' id='word_1_284' title='bbox 1061 339 1099 372; x_wconf 88' lang='lat' dir='ltr'>de</span> <span class='ocrx_word' id='word_1_285' title='bbox 1117 340 1250 373; x_wconf 83' lang='lat' dir='ltr'>Molinos</span> <span class='ocrx_word' id='word_1_286' title='bbox 1265 350 1359 383; x_wconf 80' lang='lat' dir='ltr'>prava</span> <span class='ocrx_word' id='word_1_287' title='bbox 1376 341 1525 385; x_wconf 80' lang='lat' dir='ltr'>dogmata</span> <span class='ocrx_word' id='word_1_288' title='bbox 1538 345 1603 373; x_wconf 87' lang='lat' dir='ltr'>tum</span> <span class='ocrx_word' id='word_1_289' title='bbox 1619 341 1718 373; x_wconf 81' lang='lat' dir='ltr'>verbo</span> 
     </span>
     <span class='ocr_line' id='line_1_54' title="bbox 985 392 1719 436; baseline 0.005 -14"><span class='ocrx_word' id='word_1_290' title='bbox 985 397 1049 423; x_wconf 84' lang='lat' dir='ltr'>tum</span> <span class='ocrx_word' id='word_1_291' title='bbox 1075 392 1196 435; x_wconf 75' lang='lat' dir='ltr'>scripto</span> <span class='ocrx_word' id='word_1_292' title='bbox 1222 393 1370 426; x_wconf 81' lang='lat' dir='ltr'>docuisse</span> <span class='ocrx_word' id='word_1_293' title='bbox 1401 399 1432 426; x_wconf 86' lang='lat' dir='ltr'>et</span> <span class='ocrx_word' id='word_1_294' title='bbox 1457 393 1488 425; x_wconf 92' lang='lat' dir='ltr'>in</span> <span class='ocrx_word' id='word_1_295' title='bbox 1514 394 1639 436; x_wconf 82' lang='lat' dir='ltr'>praxim</span> <span class='ocrx_word' id='word_1_296' title='bbox 1664 394 1719 427; x_wconf 89' lang='lat' dir='ltr'>de-</span> 
     </span>
     <span class='ocr_line' id='line_1_55' title="bbox 984 444 1717 489; baseline 0.005 -14"><span class='ocrx_word' id='word_1_297' title='bbox 984 444 1122 479; x_wconf 73' lang='lat' dir='ltr'>duxisse,</span> <span class='ocrx_word' id='word_1_298' title='bbox 1137 455 1228 487; x_wconf 71' lang='lat' dir='ltr'>(piac,</span> <span class='ocrx_word' id='word_1_299' title='bbox 1243 451 1408 488; x_wconf 79' lang='lat' dir='ltr'>praetextu</span> <span class='ocrx_word' id='word_1_300' title='bbox 1423 446 1578 479; x_wconf 87' lang='lat' dir='ltr'>orationis</span> <span class='ocrx_word' id='word_1_301' title='bbox 1592 446 1717 489; x_wconf 75' lang='lat' dir='ltr'>quietis,</span> 
     </span>
     <span class='ocr_line' id='line_1_56' title="bbox 983 498 1720 532; baseline 0.007 -5"><span class='ocrx_word' id='word_1_302' title='bbox 983 502 1091 528; x_wconf 83' lang='lat' dir='ltr'>eontra</span> <span class='ocrx_word' id='word_1_303' title='bbox 1115 498 1295 530; x_wconf 53' lang='lat' dir='ltr'>doctrinam</span> <span class='ocrx_word' id='word_1_304' title='bbox 1321 504 1353 530; x_wconf 92' lang='lat' dir='ltr'>et</span> <span class='ocrx_word' id='word_1_305' title='bbox 1380 509 1469 531; x_wconf 88' lang='lat' dir='ltr'>usum</span> <span class='ocrx_word' id='word_1_306' title='bbox 1497 510 1513 531; x_wconf 87' lang='lat' dir='ltr'>a</span> <span class='ocrx_word' id='word_1_307' title='bbox 1531 499 1648 532; x_wconf 86' lang='lat' dir='ltr'>sanetis</span> <span class='ocrx_word' id='word_1_308' title='bbox 1665 500 1720 532; x_wconf 78' lang='lat' dir='ltr'>Pa-</span> 
     </span>
    </p>
   </div>
   <div class='ocr_carea' id='block_1_17' title="bbox 960 549 1720 596">
    <p class='ocr_par' dir='ltr' id='par_1_17' title="bbox 960 549 1720 596">
     <span class='ocr_line' id='line_1_57' title="bbox 960 549 1720 596; baseline 0.008 -17"><span class='ocrx_word' id='word_1_309' title='bbox 960 549 1083 580; x_wconf 63' lang='lat' dir='ltr'>⁴tribus</span> <span class='ocrx_word' id='word_1_310' title='bbox 1109 551 1147 582; x_wconf 89' lang='lat' dir='ltr'>ab</span> <span class='ocrx_word' id='word_1_311' title='bbox 1174 551 1250 593; x_wconf 86' lang='lat' dir='ltr'>ipsis</span> <span class='ocrx_word' id='word_1_312' title='bbox 1275 552 1434 583; x_wconf 86' lang='lat' dir='ltr'>nascentis</span> <span class='ocrx_word' id='word_1_313' title='bbox 1470 552 1629 585; x_wconf 68' lang='lat' dir='ltr'>Ecclesiae</span> <span class='ocrx_word' id='word_1_314' title='bbox 1655 553 1720 596; x_wconf 78' lang='lat' dir='ltr'>pri-</span> 
     </span>
    </p>
   </div>
   <div class='ocr_carea' id='block_1_18' title="bbox 976 602 1720 1386">
    <p class='ocr_par' dir='ltr' id='par_1_18' title="bbox 976 602 1720 1386">
     <span class='ocr_line' id='line_1_58' title="bbox 982 602 1720 645; baseline 0.008 -13"><span class='ocrx_word' id='word_1_315' title='bbox 982 602 1115 634; x_wconf 86' lang='lat' dir='ltr'>mordiis</span> <span class='ocrx_word' id='word_1_316' title='bbox 1148 609 1331 645; x_wconf 84' lang='lat' dir='ltr'>receptum,</span> <span class='ocrx_word' id='word_1_317' title='bbox 1359 603 1469 636; x_wconf 73' lang='lat' dir='ltr'>fideles</span> <span class='ocrx_word' id='word_1_318' title='bbox 1505 615 1520 636; x_wconf 89' lang='lat' dir='ltr'>a</span> <span class='ocrx_word' id='word_1_319' title='bbox 1547 608 1620 638; x_wconf 76' lang='lat' dir='ltr'>vcra</span> <span class='ocrx_word' id='word_1_320' title='bbox 1645 605 1720 638; x_wconf 84' lang='lat' dir='ltr'>reli-</span> 
     </span>
     <span class='ocr_line' id='line_1_59' title="bbox 982 652 1719 700; baseline 0.005 -15"><span class='ocrx_word' id='word_1_321' title='bbox 982 652 1077 694; x_wconf 72' lang='lat' dir='ltr'>gione</span> <span class='ocrx_word' id='word_1_322' title='bbox 1103 659 1134 687; x_wconf 90' lang='lat' dir='ltr'>et</span> <span class='ocrx_word' id='word_1_323' title='bbox 1157 665 1174 686; x_wconf 84' lang='lat' dir='ltr'>a</span> <span class='ocrx_word' id='word_1_324' title='bbox 1199 655 1395 688; x_wconf 81' lang='lat' dir='ltr'>christianae</span> <span class='ocrx_word' id='word_1_325' title='bbox 1420 656 1549 699; x_wconf 81' lang='lat' dir='ltr'>pietatis</span> <span class='ocrx_word' id='word_1_326' title='bbox 1578 657 1719 700; x_wconf 78' lang='lat' dir='ltr'>puritate</span> 
     </span>
     <span class='ocr_line' id='line_1_60' title="bbox 980 707 1719 753; baseline 0.007 -16"><span class='ocrx_word' id='word_1_327' title='bbox 980 716 1012 737; x_wconf 82' lang='lat' dir='ltr'>in</span> <span class='ocrx_word' id='word_1_328' title='bbox 1038 707 1192 739; x_wconf 80' lang='lat' dir='ltr'>maximos</span> <span class='ocrx_word' id='word_1_329' title='bbox 1217 718 1345 739; x_wconf 86' lang='lat' dir='ltr'>errores</span> <span class='ocrx_word' id='word_1_330' title='bbox 1370 714 1401 740; x_wconf 70' lang='lat' dir='ltr'>et</span> <span class='ocrx_word' id='word_1_331' title='bbox 1427 709 1609 751; x_wconf 82' lang='lat' dir='ltr'>turpissima</span> <span class='ocrx_word' id='word_1_332' title='bbox 1627 721 1719 753; x_wconf 85' lang='lat' dir='ltr'>quae-</span> 
     </span>
     <span class='ocr_line' id='line_1_61' title="bbox 981 759 1719 805; baseline 0.009 -17"><span class='ocrx_word' id='word_1_333' title='bbox 981 768 1041 800; x_wconf 85' lang='lat' dir='ltr'>que</span> <span class='ocrx_word' id='word_1_334' title='bbox 1068 759 1275 791; x_wconf 81' lang='lat' dir='ltr'>inducebant:</span> <span class='ocrx_word' id='word_1_335' title='bbox 1302 771 1367 798; x_wconf 80' lang='lat' dir='ltr'>nos,</span> <span class='ocrx_word' id='word_1_336' title='bbox 1394 761 1444 792; x_wconf 81' lang='lat' dir='ltr'>cui</span> <span class='ocrx_word' id='word_1_337' title='bbox 1477 762 1565 794; x_wconf 91' lang='lat' dir='ltr'>cordi</span> <span class='ocrx_word' id='word_1_338' title='bbox 1591 773 1719 805; x_wconf 84' lang='lat' dir='ltr'>semper</span> 
     </span>
     <span class='ocr_line' id='line_1_62' title="bbox 981 810 1718 847; baseline 0.008 -6"><span class='ocrx_word' id='word_1_339' title='bbox 981 810 1039 842; x_wconf 83' lang='lat' dir='ltr'>suit</span> <span class='ocrx_word' id='word_1_340' title='bbox 1063 816 1096 842; x_wconf 92' lang='lat' dir='ltr'>ut</span> <span class='ocrx_word' id='word_1_341' title='bbox 1127 810 1269 844; x_wconf 81' lang='lat' dir='ltr'>fidelium</span> <span class='ocrx_word' id='word_1_342' title='bbox 1300 814 1425 844; x_wconf 85' lang='lat' dir='ltr'>animae</span> <span class='ocrx_word' id='word_1_343' title='bbox 1461 813 1555 846; x_wconf 86' lang='lat' dir='ltr'>nobis</span> <span class='ocrx_word' id='word_1_344' title='bbox 1591 825 1627 846; x_wconf 82' lang='lat' dir='ltr'>ex</span> <span class='ocrx_word' id='word_1_345' title='bbox 1653 816 1718 847; x_wconf 83' lang='lat' dir='ltr'>alto</span> 
     </span>
     <span class='ocr_line' id='line_1_63' title="bbox 979 864 1717 909; baseline 0.005 -13"><span class='ocrx_word' id='word_1_346' title='bbox 979 864 1167 897; x_wconf 79' lang='lat' dir='ltr'>commissae</span> <span class='ocrx_word' id='word_1_347' title='bbox 1182 865 1326 908; x_wconf 78' lang='lat' dir='ltr'>purgatis</span> <span class='ocrx_word' id='word_1_348' title='bbox 1344 877 1511 909; x_wconf 84' lang='lat' dir='ltr'>pravarum</span> <span class='ocrx_word' id='word_1_349' title='bbox 1525 867 1717 909; x_wconf 87' lang='lat' dir='ltr'>opinionum</span> 
     </span>
     <span class='ocr_line' id='line_1_64' title="bbox 980 917 1717 961; baseline 0.004 -12"><span class='ocrx_word' id='word_1_350' title='bbox 980 917 1144 950; x_wconf 85' lang='lat' dir='ltr'>erroribus</span> <span class='ocrx_word' id='word_1_351' title='bbox 1162 918 1200 950; x_wconf 85' lang='lat' dir='ltr'>ad</span> <span class='ocrx_word' id='word_1_352' title='bbox 1218 924 1361 961; x_wconf 84' lang='lat' dir='ltr'>optatum</span> <span class='ocrx_word' id='word_1_353' title='bbox 1377 919 1489 951; x_wconf 85' lang='lat' dir='ltr'>salutis</span> <span class='ocrx_word' id='word_1_354' title='bbox 1504 924 1631 961; x_wconf 88' lang='lat' dir='ltr'>portum</span> <span class='ocrx_word' id='word_1_355' title='bbox 1649 925 1717 952; x_wconf 89' lang='lat' dir='ltr'>tuto</span> 
     </span>
     <span class='ocr_line' id='line_1_65' title="bbox 979 970 1719 1015; baseline 0.007 -14"><span class='ocrx_word' id='word_1_356' title='bbox 979 971 1150 1013; x_wconf 83' lang='lat' dir='ltr'>pervenire</span> <span class='ocrx_word' id='word_1_357' title='bbox 1175 970 1318 1014; x_wconf 78' lang='lat' dir='ltr'>possint,</span> <span class='ocrx_word' id='word_1_358' title='bbox 1345 971 1495 1014; x_wconf 76' lang='lat' dir='ltr'>legitimis</span> <span class='ocrx_word' id='word_1_359' title='bbox 1521 974 1719 1015; x_wconf 83' lang='lat' dir='ltr'>praeceden-</span> 
     </span>
     <span class='ocr_line' id='line_1_66' title="bbox 981 1023 1716 1066; baseline 0.007 -12"><span class='ocrx_word' id='word_1_360' title='bbox 981 1023 1064 1055; x_wconf 83' lang='lat' dir='ltr'>tibus</span> <span class='ocrx_word' id='word_1_361' title='bbox 1092 1023 1229 1061; x_wconf 78' lang='lat' dir='ltr'>indiciis,</span> <span class='ocrx_word' id='word_1_362' title='bbox 1248 1025 1450 1066; x_wconf 82' lang='lat' dir='ltr'>praedictum</span> <span class='ocrx_word' id='word_1_363' title='bbox 1465 1025 1654 1059; x_wconf 71' lang='lat' dir='ltr'>Michaelem</span> <span class='ocrx_word' id='word_1_364' title='bbox 1677 1027 1716 1059; x_wconf 89' lang='lat' dir='ltr'>dc</span> 
     </span>
     <span class='ocr_line' id='line_1_67' title="bbox 979 1076 1716 1121; baseline 0.005 -13"><span class='ocrx_word' id='word_1_365' title='bbox 979 1076 1113 1109; x_wconf 79' lang='lat' dir='ltr'>Melinos</span> <span class='ocrx_word' id='word_1_366' title='bbox 1136 1076 1319 1110; x_wconf 82' lang='lat' dir='ltr'>carceribus</span> <span class='ocrx_word' id='word_1_367' title='bbox 1350 1077 1526 1121; x_wconf 80' lang='lat' dir='ltr'>mancipari</span> <span class='ocrx_word' id='word_1_368' title='bbox 1552 1079 1716 1112; x_wconf 81' lang='lat' dir='ltr'>mandari-</span> 
     </span>
     <span class='ocr_line' id='line_1_68' title="bbox 978 1130 1715 1169; baseline 0.004 -8"><span class='ocrx_word' id='word_1_369' title='bbox 978 1140 1066 1169; x_wconf 87' lang='lat' dir='ltr'>mus;</span> <span class='ocrx_word' id='word_1_370' title='bbox 1087 1130 1203 1163; x_wconf 87' lang='lat' dir='ltr'>deinde</span> <span class='ocrx_word' id='word_1_371' title='bbox 1225 1140 1331 1162; x_wconf 88' lang='lat' dir='ltr'>coram</span> <span class='ocrx_word' id='word_1_372' title='bbox 1352 1130 1445 1163; x_wconf 91' lang='lat' dir='ltr'>nobis</span> <span class='ocrx_word' id='word_1_373' title='bbox 1472 1136 1502 1163; x_wconf 89' lang='lat' dir='ltr'>et</span> <span class='ocrx_word' id='word_1_374' title='bbox 1520 1132 1715 1164; x_wconf 83' lang='lat' dir='ltr'>venerabili-</span> 
     </span>
     <span class='ocr_line' id='line_1_69' title="bbox 978 1183 1716 1218; baseline 0.003 -3"><span class='ocrx_word' id='word_1_375' title='bbox 978 1183 1036 1215; x_wconf 86' lang='lat' dir='ltr'>bus</span> <span class='ocrx_word' id='word_1_376' title='bbox 1064 1183 1213 1216; x_wconf 85' lang='lat' dir='ltr'>t&#39;ratribus</span> <span class='ocrx_word' id='word_1_377' title='bbox 1238 1183 1357 1216; x_wconf 82' lang='lat' dir='ltr'>nostris</span> <span class='ocrx_word' id='word_1_378' title='bbox 1383 1183 1413 1216; x_wconf 82' lang='lat' dir='ltr'>S.</span> <span class='ocrx_word' id='word_1_379' title='bbox 1433 1184 1468 1216; x_wconf 83' lang='lat' dir='ltr'>R.</span> <span class='ocrx_word' id='word_1_380' title='bbox 1490 1184 1523 1216; x_wconf 84' lang='lat' dir='ltr'>E.</span> <span class='ocrx_word' id='word_1_381' title='bbox 1549 1185 1716 1218; x_wconf 84' lang='lat' dir='ltr'>cardinali-</span> 
     </span>
     <span class='ocr_line' id='line_1_70' title="bbox 978 1236 1716 1279; baseline 0.004 -12"><span class='ocrx_word' id='word_1_382' title='bbox 978 1236 1037 1267; x_wconf 83' lang='lat' dir='ltr'>bus</span> <span class='ocrx_word' id='word_1_383' title='bbox 1063 1236 1094 1268; x_wconf 91' lang='lat' dir='ltr'>iu</span> <span class='ocrx_word' id='word_1_384' title='bbox 1121 1238 1185 1269; x_wconf 72' lang='lat' dir='ltr'>tota</span> <span class='ocrx_word' id='word_1_385' title='bbox 1219 1236 1387 1278; x_wconf 76' lang='lat' dir='ltr'>republica</span> <span class='ocrx_word' id='word_1_386' title='bbox 1417 1237 1594 1269; x_wconf 74' lang='lat' dir='ltr'>christiana</span> <span class='ocrx_word' id='word_1_387' title='bbox 1619 1247 1716 1279; x_wconf 79' lang='lat' dir='ltr'>gene-</span> 
     </span>
     <span class='ocr_line' id='line_1_71' title="bbox 976 1288 1716 1331; baseline 0.003 -11"><span class='ocrx_word' id='word_1_388' title='bbox 976 1288 1097 1321; x_wconf 84' lang='lat' dir='ltr'>ralibus</span> <span class='ocrx_word' id='word_1_389' title='bbox 1122 1288 1365 1331; x_wconf 82' lang='lat' dir='ltr'>inquisitoribus</span> <span class='ocrx_word' id='word_1_390' title='bbox 1384 1289 1559 1331; x_wconf 74' lang='lat' dir='ltr'>apostolica</span> <span class='ocrx_word' id='word_1_391' title='bbox 1576 1290 1716 1323; x_wconf 89' lang='lat' dir='ltr'>auctori-</span> 
     </span>
     <span class='ocr_line' id='line_1_72' title="bbox 978 1342 1715 1386; baseline 0.001 -12"><span class='ocrx_word' id='word_1_392' title='bbox 978 1347 1038 1374; x_wconf 85' lang='lat' dir='ltr'>tate</span> <span class='ocrx_word' id='word_1_393' title='bbox 1050 1342 1235 1384; x_wconf 84' lang='lat' dir='ltr'>specialiter</span> <span class='ocrx_word' id='word_1_394' title='bbox 1249 1342 1421 1384; x_wconf 74' lang='lat' dir='ltr'>deputatis,</span> <span class='ocrx_word' id='word_1_395' title='bbox 1441 1342 1556 1375; x_wconf 86' lang='lat' dir='ltr'>auditis</span> <span class='ocrx_word' id='word_1_396' title='bbox 1570 1343 1715 1386; x_wconf 78' lang='lat' dir='ltr'>pluribus</span> 
     </span>
    </p>
   </div>
   <div class='ocr_carea' id='block_1_19' title="bbox 953 1394 1713 1446">
    <p class='ocr_par' dir='ltr' id='par_1_19' title="bbox 953 1394 1713 1446">
     <span class='ocr_line' id='line_1_73' title="bbox 953 1394 1713 1446; baseline 0.007 -20"><span class='ocrx_word' id='word_1_397' title='bbox 953 1394 1006 1446; x_wconf 64' lang='lat'>{³¹¹</span> <span class='ocrx_word' id='word_1_398' title='bbox 1031 1396 1120 1427; x_wconf 75' lang='lat' dir='ltr'>sacra</span> <span class='ocrx_word' id='word_1_399' title='bbox 1147 1394 1311 1437; x_wconf 77' lang='lat' dir='ltr'>theologia</span> <span class='ocrx_word' id='word_1_400' title='bbox 1335 1395 1508 1437; x_wconf 78' lang='lat' dir='ltr'>magistris,</span> <span class='ocrx_word' id='word_1_401' title='bbox 1534 1406 1713 1439; x_wconf 82' lang='lat' dir='ltr'>eorumque</span> 
     </span>
    </p>
   </div>
   <div class='ocr_carea' id='block_1_20' title="bbox 970 1447 1715 2606">
    <p class='ocr_par' dir='ltr' id='par_1_20' title="bbox 973 1447 1715 2275">
     <span class='ocr_line' id='line_1_74' title="bbox 975 1447 1715 1492; baseline 0 -12"><span class='ocrx_word' id='word_1_402' title='bbox 975 1447 1133 1490; x_wconf 82' lang='lat' dir='ltr'>sutl‘ragiis</span> <span class='ocrx_word' id='word_1_403' title='bbox 1159 1453 1225 1481; x_wconf 87' lang='lat' dir='ltr'>tum</span> <span class='ocrx_word' id='word_1_404' title='bbox 1250 1448 1281 1480; x_wconf 92' lang='lat' dir='ltr'>in</span> <span class='ocrx_word' id='word_1_405' title='bbox 1306 1458 1383 1480; x_wconf 87' lang='lat' dir='ltr'>voce</span> <span class='ocrx_word' id='word_1_406' title='bbox 1409 1453 1474 1480; x_wconf 89' lang='lat' dir='ltr'>tum</span> <span class='ocrx_word' id='word_1_407' title='bbox 1500 1449 1620 1492; x_wconf 88' lang='lat' dir='ltr'>scripto</span> <span class='ocrx_word' id='word_1_408' title='bbox 1646 1460 1715 1481; x_wconf 72' lang='lat' dir='ltr'>sus-</span> 
     </span>
     <span class='ocr_line' id='line_1_75' title="bbox 974 1500 1713 1544; baseline 0.003 -12"><span class='ocrx_word' id='word_1_409' title='bbox 974 1501 1084 1543; x_wconf 85' lang='lat' dir='ltr'>ceptis,</span> <span class='ocrx_word' id='word_1_410' title='bbox 1110 1505 1298 1543; x_wconf 81' lang='lat' dir='ltr'>matureque</span> <span class='ocrx_word' id='word_1_411' title='bbox 1328 1500 1499 1544; x_wconf 85' lang='lat' dir='ltr'>perpensis</span> <span class='ocrx_word' id='word_1_412' title='bbox 1514 1527 1521 1540; x_wconf 87' lang='lat'>,</span> <span class='ocrx_word' id='word_1_413' title='bbox 1543 1501 1713 1544; x_wconf 79' lang='lat' dir='ltr'>implorata</span> 
     </span>
     <span class='ocr_line' id='line_1_76' title="bbox 974 1553 1711 1596; baseline 0.003 -11"><span class='ocrx_word' id='word_1_414' title='bbox 974 1553 1069 1585; x_wconf 86' lang='lat' dir='ltr'>etiam</span> <span class='ocrx_word' id='word_1_415' title='bbox 1095 1553 1202 1586; x_wconf 84' lang='lat' dir='ltr'>Sancti</span> <span class='ocrx_word' id='word_1_416' title='bbox 1235 1553 1375 1596; x_wconf 85' lang='lat' dir='ltr'>Spiritus</span> <span class='ocrx_word' id='word_1_417' title='bbox 1405 1553 1607 1594; x_wconf 74' lang='lat' dir='ltr'>assistentia,</span> <span class='ocrx_word' id='word_1_418' title='bbox 1641 1565 1711 1587; x_wconf 91' lang='lat' dir='ltr'>cum</span> 
     </span>
     <span class='ocr_line' id='line_1_77' title="bbox 974 1606 1713 1648; baseline 0.003 -11"><span class='ocrx_word' id='word_1_419' title='bbox 974 1606 1214 1648; x_wconf 86' lang='lat' dir='ltr'>praedictorum</span> <span class='ocrx_word' id='word_1_420' title='bbox 1240 1606 1373 1638; x_wconf 76' lang='lat' dir='ltr'>fratrum</span> <span class='ocrx_word' id='word_1_421' title='bbox 1398 1611 1584 1639; x_wconf 88' lang='lat' dir='ltr'>nostrorum</span> <span class='ocrx_word' id='word_1_422' title='bbox 1601 1608 1713 1639; x_wconf 88' lang='lat' dir='ltr'>unani-</span> 
     </span>
     <span class='ocr_line' id='line_1_78' title="bbox 973 1659 1711 1702; baseline 0.001 -11"><span class='ocrx_word' id='word_1_423' title='bbox 973 1659 1016 1691; x_wconf 89' lang='lat' dir='ltr'>mi</span> <span class='ocrx_word' id='word_1_424' title='bbox 1031 1664 1112 1698; x_wconf 84' lang='lat' dir='ltr'>voto,</span> <span class='ocrx_word' id='word_1_425' title='bbox 1127 1659 1164 1691; x_wconf 89' lang='lat' dir='ltr'>ad</span> <span class='ocrx_word' id='word_1_426' title='bbox 1180 1659 1418 1692; x_wconf 82' lang='lat' dir='ltr'>damnationem</span> <span class='ocrx_word' id='word_1_427' title='bbox 1433 1659 1711 1702; x_wconf 70' lang='lat' dir='ltr'>inl&#39;rascriptarum</span> 
     </span>
     <span class='ocr_line' id='line_1_79' title="bbox 974 1712 1711 1755; baseline 0.003 -11"><span class='ocrx_word' id='word_1_428' title='bbox 974 1712 1233 1755; x_wconf 87' lang='lat' dir='ltr'>propositionum</span> <span class='ocrx_word' id='word_1_429' title='bbox 1250 1712 1393 1745; x_wconf 86' lang='lat' dir='ltr'>eiusdem</span> <span class='ocrx_word' id='word_1_430' title='bbox 1412 1712 1575 1745; x_wconf 80' lang='lat' dir='ltr'>Michaelis</span> <span class='ocrx_word' id='word_1_431' title='bbox 1594 1713 1632 1745; x_wconf 86' lang='lat' dir='ltr'>de</span> <span class='ocrx_word' id='word_1_432' title='bbox 1647 1713 1711 1746; x_wconf 84' lang='lat' dir='ltr'>Mo-</span> 
     </span>
     <span class='ocr_line' id='line_1_80' title="bbox 974 1765 1710 1808; baseline 0.001 -11"><span class='ocrx_word' id='word_1_433' title='bbox 974 1766 1055 1798; x_wconf 90' lang='lat' dir='ltr'>linos</span> <span class='ocrx_word' id='word_1_434' title='bbox 1082 1765 1112 1807; x_wconf 80' lang='lat' dir='ltr'>(a</span> <span class='ocrx_word' id='word_1_435' title='bbox 1138 1775 1201 1808; x_wconf 88' lang='lat' dir='ltr'>quo</span> <span class='ocrx_word' id='word_1_436' title='bbox 1239 1766 1363 1796; x_wconf 68' lang='lat' dir='ltr'>fucrant</span> <span class='ocrx_word' id='word_1_437' title='bbox 1390 1775 1449 1807; x_wconf 89' lang='lat' dir='ltr'>pro</span> <span class='ocrx_word' id='word_1_438' title='bbox 1468 1765 1534 1797; x_wconf 84' lang='lat' dir='ltr'>suis</span> <span class='ocrx_word' id='word_1_439' title='bbox 1561 1767 1710 1808; x_wconf 77' lang='lat' dir='ltr'>recogni-</span> 
     </span>
     <span class='ocr_line' id='line_1_81' title="bbox 975 1817 1710 1861; baseline 0.001 -11"><span class='ocrx_word' id='word_1_440' title='bbox 975 1824 1021 1850; x_wconf 89' lang='lat' dir='ltr'>tae</span> <span class='ocrx_word' id='word_1_441' title='bbox 1048 1824 1078 1850; x_wconf 88' lang='lat' dir='ltr'>ct</span> <span class='ocrx_word' id='word_1_442' title='bbox 1104 1818 1142 1850; x_wconf 88' lang='lat' dir='ltr'>de</span> <span class='ocrx_word' id='word_1_443' title='bbox 1172 1817 1288 1861; x_wconf 86' lang='lat' dir='ltr'>quibus</span> <span class='ocrx_word' id='word_1_444' title='bbox 1327 1817 1607 1860; x_wconf 86' lang='lat' dir='ltr'>propositionibus</span> <span class='ocrx_word' id='word_1_445' title='bbox 1634 1823 1710 1851; x_wconf 80' lang='lat' dir='ltr'>tarn-</span> 
     </span>
     <span class='ocr_line' id='line_1_82' title="bbox 973 1870 1710 1915; baseline 0 -12"><span class='ocrx_word' id='word_1_446' title='bbox 973 1882 1067 1915; x_wconf 85' lang='lat' dir='ltr'>quam</span> <span class='ocrx_word' id='word_1_447' title='bbox 1094 1882 1110 1903; x_wconf 86' lang='lat' dir='ltr'>a</span> <span class='ocrx_word' id='word_1_448' title='bbox 1135 1882 1167 1904; x_wconf 88' lang='lat' dir='ltr'>se</span> <span class='ocrx_word' id='word_1_449' title='bbox 1188 1871 1326 1910; x_wconf 82' lang='lat' dir='ltr'>dictatis,</span> <span class='ocrx_word' id='word_1_450' title='bbox 1353 1870 1500 1913; x_wconf 88' lang='lat' dir='ltr'>scriptis,</span> <span class='ocrx_word' id='word_1_451' title='bbox 1528 1872 1710 1904; x_wconf 88' lang='lat' dir='ltr'>communi-</span> 
     </span>
     <span class='ocr_line' id='line_1_83' title="bbox 973 1923 1710 1967; baseline 0 -10"><span class='ocrx_word' id='word_1_452' title='bbox 973 1925 1050 1957; x_wconf 80' lang='lat' dir='ltr'>catis</span> <span class='ocrx_word' id='word_1_453' title='bbox 1072 1930 1103 1957; x_wconf 85' lang='lat' dir='ltr'>et</span> <span class='ocrx_word' id='word_1_454' title='bbox 1128 1924 1259 1957; x_wconf 89' lang='lat' dir='ltr'>creditis</span> <span class='ocrx_word' id='word_1_455' title='bbox 1285 1923 1353 1967; x_wconf 89' lang='lat' dir='ltr'>ipse</span> <span class='ocrx_word' id='word_1_456' title='bbox 1372 1923 1535 1956; x_wconf 80' lang='lat' dir='ltr'>convietus</span> <span class='ocrx_word' id='word_1_457' title='bbox 1553 1929 1584 1956; x_wconf 91' lang='lat' dir='ltr'>et</span> <span class='ocrx_word' id='word_1_458' title='bbox 1602 1934 1710 1967; x_wconf 87' lang='lat' dir='ltr'>respe-</span> 
     </span>
     <span class='ocr_line' id='line_1_84' title="bbox 973 1976 1709 2019; baseline -0.001 -9"><span class='ocrx_word' id='word_1_459' title='bbox 973 1978 1054 2010; x_wconf 81' lang='lat' dir='ltr'>ctive</span> <span class='ocrx_word' id='word_1_460' title='bbox 1080 1977 1247 2010; x_wconf 75' lang='lat' dir='ltr'>consessus</span> <span class='ocrx_word' id='word_1_461' title='bbox 1273 1977 1386 2016; x_wconf 86' lang='lat' dir='ltr'>suerat,</span> <span class='ocrx_word' id='word_1_462' title='bbox 1412 1981 1447 2007; x_wconf 92' lang='lat' dir='ltr'>ut</span> <span class='ocrx_word' id='word_1_463' title='bbox 1466 1976 1561 2008; x_wconf 87' lang='lat' dir='ltr'>latius</span> <span class='ocrx_word' id='word_1_464' title='bbox 1587 1976 1619 2008; x_wconf 90' lang='lat' dir='ltr'>in</span> <span class='ocrx_word' id='word_1_465' title='bbox 1638 1987 1709 2019; x_wconf 90' lang='lat' dir='ltr'>pro-</span> 
     </span>
     <span class='ocr_line' id='line_1_85' title="bbox 973 2029 1708 2064; baseline 0.003 -3"><span class='ocrx_word' id='word_1_466' title='bbox 973 2041 1065 2063; x_wconf 77' lang='lat' dir='ltr'>cessu</span> <span class='ocrx_word' id='word_1_467' title='bbox 1105 2035 1137 2063; x_wconf 91' lang='lat' dir='ltr'>et</span> <span class='ocrx_word' id='word_1_468' title='bbox 1172 2030 1301 2063; x_wconf 90' lang='lat' dir='ltr'>decreto</span> <span class='ocrx_word' id='word_1_469' title='bbox 1337 2029 1376 2061; x_wconf 91' lang='lat' dir='ltr'>de</span> <span class='ocrx_word' id='word_1_470' title='bbox 1416 2029 1567 2062; x_wconf 79' lang='lat' dir='ltr'>mandato</span> <span class='ocrx_word' id='word_1_471' title='bbox 1598 2035 1708 2064; x_wconf 90' lang='lat' dir='ltr'>nostro</span> 
     </span>
     <span class='ocr_line' id='line_1_86' title="bbox 973 2081 1707 2126; baseline 0 -10"><span class='ocrx_word' id='word_1_472' title='bbox 973 2085 1036 2117; x_wconf 85' lang='lat' dir='ltr'>lato</span> <span class='ocrx_word' id='word_1_473' title='bbox 1063 2083 1113 2116; x_wconf 88' lang='lat' dir='ltr'>die</span> <span class='ocrx_word' id='word_1_474' title='bbox 1142 2093 1238 2116; x_wconf 79' lang='lat' dir='ltr'>xxvm</span> <span class='ocrx_word' id='word_1_475' title='bbox 1275 2081 1400 2124; x_wconf 83' lang='lat' dir='ltr'>augusti</span> <span class='ocrx_word' id='word_1_476' title='bbox 1429 2083 1608 2126; x_wconf 85' lang='lat' dir='ltr'>praesentis</span> <span class='ocrx_word' id='word_1_477' title='bbox 1632 2084 1707 2116; x_wconf 85' lang='lat' dir='ltr'>anni</span> 
     </span>
     <span class='ocr_line' id='line_1_87' title="bbox 973 2135 1708 2178; baseline -0.001 -8"><span class='ocrx_word' id='word_1_478' title='bbox 973 2136 1179 2178; x_wconf 64' lang='lat' dir='ltr'>mccxxxvii)</span> <span class='ocrx_word' id='word_1_479' title='bbox 1209 2135 1381 2174; x_wconf 87' lang='lat' dir='ltr'>devenire,</span> <span class='ocrx_word' id='word_1_480' title='bbox 1413 2139 1446 2167; x_wconf 88' lang='lat' dir='ltr'>ut</span> <span class='ocrx_word' id='word_1_481' title='bbox 1472 2135 1570 2176; x_wconf 82' lang='lat' dir='ltr'>infra,</span> <span class='ocrx_word' id='word_1_482' title='bbox 1598 2136 1708 2169; x_wconf 87' lang='lat' dir='ltr'>decre-</span> 
     </span>
     <span class='ocr_line' id='line_1_88' title="bbox 974 2190 1086 2222; baseline -0.009 0"><span class='ocrx_word' id='word_1_483' title='bbox 974 2190 1086 2222; x_wconf 74' lang='lat' dir='ltr'>rimus.</span> 
     </span>
     <span class='ocr_line' id='line_1_89' title="bbox 1209 2251 1468 2275; baseline -0.004 0"><span class='ocrx_word' id='word_1_484' title='bbox 1209 2251 1468 2275; x_wconf 64' lang='lat' dir='ltr'><strong>PROPOSHIONES.</strong></span> 
     </span>
    </p>

    <p class='ocr_par' dir='ltr' id='par_1_21' title="bbox 972 2294 1706 2382">
     <span class='ocr_line' id='line_1_90' title="bbox 1016 2294 1706 2339; baseline 0 -10"><span class='ocrx_word' id='word_1_485' title='bbox 1016 2307 1037 2329; x_wconf 90' lang='lat'>1.</span> <span class='ocrx_word' id='word_1_486' title='bbox 1069 2295 1202 2339; x_wconf 85' lang='lat' dir='ltr'>Oportet</span> <span class='ocrx_word' id='word_1_487' title='bbox 1234 2294 1399 2328; x_wconf 89' lang='lat' dir='ltr'>hominem</span> <span class='ocrx_word' id='word_1_488' title='bbox 1429 2294 1514 2327; x_wconf 91' lang='lat' dir='ltr'>sibi¹</span> <span class='ocrx_word' id='word_1_489' title='bbox 1545 2295 1706 2338; x_wconf 82' lang='lat' dir='ltr'>potentias</span> 
     </span>
     <span class='ocr_line' id='line_1_91' title="bbox 972 2348 1633 2382; baseline 0.002 -1"><span class='ocrx_word' id='word_1_490' title='bbox 972 2349 1167 2382; x_wconf 83' lang='lat' dir='ltr'>annihilare.</span> <span class='ocrx_word' id='word_1_491' title='bbox 1193 2348 1230 2380; x_wconf 90' lang='lat' dir='ltr'>Et</span> <span class='ocrx_word' id='word_1_492' title='bbox 1254 2348 1334 2381; x_wconf 85' lang='lat' dir='ltr'>haec</span> <span class='ocrx_word' id='word_1_493' title='bbox 1352 2353 1400 2381; x_wconf 88' lang='lat' dir='ltr'>est</span> <span class='ocrx_word' id='word_1_494' title='bbox 1424 2348 1472 2380; x_wconf 87' lang='lat' dir='ltr'>via</span> <span class='ocrx_word' id='word_1_495' title='bbox 1495 2348 1633 2382; x_wconf 88' lang='lat' dir='ltr'>interna.</span> 
     </span>
    </p>

    <p class='ocr_par' dir='ltr' id='par_1_22' title="bbox 970 2401 1707 2551">
     <span class='ocr_line' id='line_1_92' title="bbox 1016 2401 1707 2444; baseline 0.001 -9"><span class='ocrx_word' id='word_1_496' title='bbox 1016 2413 1050 2435; x_wconf 85' lang='lat'>11.</span> <span class='ocrx_word' id='word_1_497' title='bbox 1077 2402 1166 2434; x_wconf 79' lang='lat' dir='ltr'>Velle</span> <span class='ocrx_word' id='word_1_498' title='bbox 1191 2401 1320 2444; x_wconf 86' lang='lat' dir='ltr'>operari</span> <span class='ocrx_word' id='word_1_499' title='bbox 1342 2401 1454 2441; x_wconf 87' lang='lat' dir='ltr'>active,</span> <span class='ocrx_word' id='word_1_500' title='bbox 1476 2407 1524 2434; x_wconf 89' lang='lat' dir='ltr'>est</span> <span class='ocrx_word' id='word_1_501' title='bbox 1543 2402 1642 2436; x_wconf 89' lang='lat' dir='ltr'>Deum</span> <span class='ocrx_word' id='word_1_502' title='bbox 1659 2403 1707 2436; x_wconf 83' lang='lat' dir='ltr'>of-</span> 
     </span>
     <span class='ocr_line' id='line_1_93' title="bbox 972 2454 1703 2498; baseline 0.003 -11"><span class='ocrx_word' id='word_1_503' title='bbox 972 2455 1110 2493; x_wconf 74' lang='lat' dir='ltr'>fendere,</span> <span class='ocrx_word' id='word_1_504' title='bbox 1137 2454 1191 2497; x_wconf 89' lang='lat' dir='ltr'>qui</span> <span class='ocrx_word' id='word_1_505' title='bbox 1217 2455 1284 2486; x_wconf 89' lang='lat' dir='ltr'>vult</span> <span class='ocrx_word' id='word_1_506' title='bbox 1301 2464 1371 2487; x_wconf 87' lang='lat' dir='ltr'>esse</span> <span class='ocrx_word' id='word_1_507' title='bbox 1391 2454 1458 2497; x_wconf 86' lang='lat' dir='ltr'>ipse</span> <span class='ocrx_word' id='word_1_508' title='bbox 1476 2456 1564 2487; x_wconf 86' lang='lat' dir='ltr'>solus</span> <span class='ocrx_word' id='word_1_509' title='bbox 1586 2466 1703 2498; x_wconf 87' lang='lat' dir='ltr'>agens;</span> 
     </span>
     <span class='ocr_line' id='line_1_94' title="bbox 970 2507 1706 2551; baseline 0.003 -11"><span class='ocrx_word' id='word_1_510' title='bbox 970 2514 1003 2541; x_wconf 86' lang='lat' dir='ltr'>et</span> <span class='ocrx_word' id='word_1_511' title='bbox 1026 2508 1100 2540; x_wconf 86' lang='lat' dir='ltr'>ideo</span> <span class='ocrx_word' id='word_1_512' title='bbox 1126 2517 1205 2550; x_wconf 82' lang='lat' dir='ltr'>opus</span> <span class='ocrx_word' id='word_1_513' title='bbox 1230 2512 1278 2540; x_wconf 83' lang='lat' dir='ltr'>est</span> <span class='ocrx_word' id='word_1_514' title='bbox 1302 2517 1335 2539; x_wconf 90' lang='lat' dir='ltr'>se</span> <span class='ocrx_word' id='word_1_515' title='bbox 1353 2507 1456 2551; x_wconf 88' lang='lat' dir='ltr'>ipsum</span> <span class='ocrx_word' id='word_1_516' title='bbox 1474 2508 1506 2540; x_wconf 93' lang='lat' dir='ltr'>in</span> <span class='ocrx_word' id='word_1_517' title='bbox 1524 2508 1588 2541; x_wconf 89' lang='lat' dir='ltr'>Deo</span> <span class='ocrx_word' id='word_1_518' title='bbox 1606 2514 1706 2542; x_wconf 90' lang='lat' dir='ltr'>totum</span> 
     </span>
    </p>

    <p class='ocr_par' dir='ltr' id='par_1_23' title="bbox 1003 2569 1652 2606">
     <span class='ocr_line' id='line_1_95' title="bbox 1003 2569 1652 2606; baseline 0.005 -10"><span class='ocrx_word' id='word_1_519' title='bbox 1003 2570 1016 2596; x_wconf 87' lang='lat'><strong>1</strong></span> <span class='ocrx_word' id='word_1_520' title='bbox 1040 2569 1111 2597; x_wconf 75' lang='lat' dir='ltr'>Aliae</span> <span class='ocrx_word' id='word_1_521' title='bbox 1127 2569 1191 2596; x_wconf 88' lang='lat' dir='ltr'>edit.</span> <span class='ocrx_word' id='word_1_522' title='bbox 1209 2569 1309 2597; x_wconf 83' lang='lat' dir='ltr'>habent</span> <span class='ocrx_word' id='word_1_523' title='bbox 1327 2578 1394 2597; x_wconf 82' lang='lat' dir='ltr'>suas</span> <span class='ocrx_word' id='word_1_524' title='bbox 1414 2578 1462 2606; x_wconf 87' lang='lat' dir='ltr'>pro</span> <span class='ocrx_word' id='word_1_525' title='bbox 1475 2570 1531 2598; x_wconf 78' lang='lat' dir='ltr'>sibi</span> <span class='ocrx_word' id='word_1_526' title='bbox 1544 2571 1584 2605; x_wconf 83' lang='lat' dir='ltr'>(n.</span> <span class='ocrx_word' id='word_1_527' title='bbox 1600 2571 1652 2604; x_wconf 74' lang='lat' dir='ltr'>T.)-</span> 
     </span>
    </p>
   </div>
   <div class='ocr_carea' id='block_1_21' title="bbox 1729 187 1910 215">
    <p class='ocr_par' dir='ltr' id='par_1_24' title="bbox 1729 187 1910 215">
     <span class='ocr_line' id='line_1_96' title="bbox 1729 187 1910 215; baseline 0.011 -2"><span class='ocrx_word' id='word_1_528' title='bbox 1729 187 1776 213; x_wconf 80' lang='grc' dir='ltr'>Αη.</span> <span class='ocrx_word' id='word_1_529' title='bbox 1799 187 1826 214; x_wconf 88' lang='lat' dir='ltr'>C.</span> <span class='ocrx_word' id='word_1_530' title='bbox 1846 189 1910 215; x_wconf 68' lang='lat' dir='ltr'>um</span> 
     </span>
    </p>
   </div>
   <div class='ocr_carea' id='block_1_22' title="bbox 1755 250 1911 276">
    <p class='ocr_par' dir='ltr' id='par_1_25' title="bbox 1755 250 1911 276">
     <span class='ocr_line' id='line_1_97' title="bbox 1755 250 1911 276; baseline 0.019 -6"><span class='ocrx_word' id='word_1_531' title='bbox 1755 250 1842 276; x_wconf 73' lang='lat' dir='ltr'>Species</span> <span class='ocrx_word' id='word_1_532' title='bbox 1855 251 1911 273; x_wconf 73' lang='lat' dir='ltr'>tacti.</span> 
     </span>
    </p>
   </div>
  </div>
 </body>
</html>
