2111 3157
13 264 61 292 An.
81 264 110 293 C.
128 264 194 292 ¹687

13 1215 123 1241 hernantio
131 1223 180 1240 con·

0 1244 116 1265 natorum.

780 269 990 295 INNOCENTIL‘S
1012 270 1043 294 XI
1068 270 1117 294 1¹1³.

201 324 236 347 ac
256 315 330 355 illis,
344 317 382 350 ad
408 327 486 361 quos
510 323 635 362 spectat
659 323 690 351 et
710 328 768 361 pro
786 322 929 361 tempore

198 370 469 414 quandocumque
495 372 663 414 spectabit,
682 372 713 404 in
731 371 880 404 omnibus
900 376 929 403 et

197 431 259 464 per
283 423 391 456 omnia
415 424 603 466 plenissime
627 424 809 466 suffragari,
836 429 867 456 et
891 424 929 456 ab

198 474 245 507 eis
264 474 492 509 inviolabiliter
510 482 542 509 et
555 477 748 510 inconcusse
767 476 928 509 observari

197 532 229 560 et
253 528 447 571 adimpleri,
475 529 586 572 sicque
619 535 650 562 et
680 540 746 562 non
779 529 872 562 aliter
896 529 927 561 in

195 580 386 622 praemissis
411 592 471 624 per
488 592 710 625 quoscumque
735 582 856 614 iudices
882 592 929 614 or-

196 632 340 665 dinarios
372 638 404 666 et
433 634 608 676 delegatos,
635 635 730 667 etiam
761 644 926 666 causarum

193 684 307 727 palatii
331 686 502 728 apostolici
528 687 703 727 auditores,
730 697 765 719 ac
789 687 820 719 S.
841 687 925 719 R.E.

195 736 388 777 cardinales,
403 738 498 770 ctiam
516 739 555 771 de
573 739 671 771 latere
690 740 822 781 legatos,
836 739 927 771 alios-

193 799 231 822 ··e
255 791 420 832 quoslibet
444 801 647 834 quacumque
672 792 925 834 praeeminentia

195 848 227 875 et
246 847 404 886 potestate
424 843 594 885 fungentes
613 849 643 876 et
660 844 833 883 suncturos‚
852 845 925 877 sub-

193 897 257 930 lata
281 896 327 928 eis
353 901 385 929 et
410 906 518 929 eorum
543 896 677 930 cuilibet
699 898 809 940 quavis
832 898 925 930 aliter

191 949 356 982 iudicandi
387 954 418 981 et
451 950 686 993 interpretandi
719 951 867 983 facultate
893 957 924 984 et

192 1002 396 1041 auctoritate,
415 1002 547 1035 iudicari
573 1008 604 1035 et
629 1003 754 1036 deliniri
787 1004 920 1045 debere,

191 1063 228 1086 ac
251 1054 376 1087 irritum
403 1059 434 1087 et
458 1055 553 1087 inane
580 1056 604 1087 si
624 1066 716 1088 secus
750 1067 847 1100 super
872 1057 921 1089 his

191 1116 209 1138 a
232 1116 406 1150 quoquam,
429 1107 538 1150 quavis
563 1109 766 1149 auctoritate,
785 1110 923 1142 scienter

190 1159 240 1192 vel
265 1159 461 1201 ignoranter,
484 1161 661 1203 contigerit
684 1163 845 1195 attentari.

234 1212 248 1254 ἓ
272 1212 326 1245 11.
346 1212 415 1245 Non
440 1213 643 1246 obstantibus
663 1216 856 1257 praemissis,
876 1227 919 1255 ac,

192 1268 348 1306 quatenus
372 1274 452 1309 opus
477 1266 534 1304 sit,
560 1266 660 1299 seticis
686 1269 918 1302 recordationis

192 1316 278 1350 Pauli
299 1317 323 1350 ll
341 1323 373 1350 et
389 1318 523 1351 aliorum
550 1319 763 1352 Romanorum
790 1321 920 1354 Pontifi-
939 1359 942 1369 Ι

975 317 1109 350 firmatis
1126 322 1158 350 et
1174 316 1353 358 innovatis3
1372 316 1488 361 quihus
1506 317 1655 350 omnibus
1673 323 1705 350 et

974 370 1118 412 singulis,
1144 370 1269 403 etiamsi
1289 381 1348 413 pro
1373 370 1503 403 illorum
1530 369 1702 403 sufficienti

974 423 1181 465 derogatione
1207 424 1246 456 de
1272 423 1335 456 illis
1360 433 1538 466 eorumque
1567 423 1642 456 totis
1658 428 1703 457 te-

973 475 1114 515 noribus,
1139 476 1298 518 specialis,
1316 475 1474 519 specifica,
1492 486 1642 519 expressa
1666 487 1703 510 ac

972 526 1146 567 individua,
1166 533 1197 561 et
1221 528 1260 560 de
1283 528 1382 560 verbo
1409 528 1447 561 ad
1471 529 1614 570 verbum,
1636 540 1702 563 non

971 584 1076 612 autem
1102 591 1160 623 per
1177 582 1336 614 clausulas
1355 583 1524 624 generales
1541 582 1628 616 idem
1644 583 1702 618 im-

970 638 1145 675 portantes,
1167 634 1289 667 mentio
1317 645 1373 667 seu
1403 636 1532 678 quaevis
1560 636 1623 669 alia
1651 648 1702 671 ex-

971 685 1095 726 pressio
1123 686 1272 718 habenda
1300 691 1354 719 aut
1375 688 1482 730 aliqua
1502 688 1564 720 alia
1591 690 1701 733 exqui-

970 736 1028 768 sita
1043 737 1142 770 ronna
1154 739 1192 771 ad
1207 738 1270 771 hoc
1287 741 1447 772 servanda
1462 741 1556 781 soret,
1571 746 1700 775 tenores

970 789 1167 829 huiusmodi,
1193 802 1230 823 ac
1255 791 1279 823 si
1306 792 1345 824 de
1368 792 1464 826 verbo
1488 794 1527 826 ad
1552 795 1698 837 verbum,

969 842 1048 875 nihil
1078 843 1206 885 penitus
1235 845 1362 884 omisso,
1389 850 1420 877 et
1446 846 1548 879 tbrma
1575 847 1608 879 in
1635 848 1698 882 illis

968 895 1081 927 tradita
1099 895 1277 936 observata,
1298 897 1557 940 exprimerentur
1573 905 1604 932 et
1620 900 1701 934 inse-

966 952 1122 988 rerentur,
1148 949 1373 991 praesentibus
1400 960 1458 993 pro
1484 952 1646 994 expressis
1669 959 1700 986 et

966 1000 1004 1032 ad
1029 1001 1162 1033 verbum
1189 1001 1319 1034 insertis
1342 1002 1509 1043 habentes,
1531 1003 1595 1036 illis
1621 1006 1699 1038 alias

966 1053 997 1085 in
1015 1063 1072 1086 suo
1089 1054 1205 1087 robore
1224 1055 1456 1097 permansuris,
1480 1056 1518 1089 ad
1544 1057 1699 1099 praemis-

965 1115 1072 1138 sorum
1090 1107 1247 1147 ellectum,
1265 1107 1325 1140 hac
1340 1108 1407 1140 vice
1426 1108 1599 1150 dumtaxat,
1618 1120 1694 1154 spe-

965 1160 1089 1192 cialiter
1112 1165 1143 1192 et
1166 1170 1317 1203 expresse
1339 1161 1541 1203 derogamus,
1571 1173 1607 1195 ac
1634 1164 1699 1206 ple-

965 1213 1094 1245 nissime
1125 1218 1157 1246 et
1183 1213 1379 1256 amplissime
1410 1215 1597 1257 derogatum
1627 1226 1697 1251 esse

965 1266 1109 1298 volumus
1126 1276 1134 1305 ;
1154 1267 1337 1309 ceterisque
1365 1267 1535 1300 contrariis
1562 1268 1696 1312 quibus-

964 1328 1113 1361 cunique.

1601 260 1666 294 735
1710 269 1761 298 An.
1782 269 1810 297 c.
1829 270 1894 299 2087

1006 1372 1020 1414 g
1045 1371 1098 1404 ¹1⁹2.
1124 1371 1277 1405 Volumus
1305 1378 1412 1406 autem
1443 1379 1479 1406 ut
1510 1376 1696 1409 earumdem
1747 1383 1811 1404 firm
1835 1387 1890 1406 ‹ran-

191 1380 261 1402 cum
275 1371 560 1414 praedecessorum
574 1378 758 1405 nostrorum
772 1374 810 1406 de
824 1376 920 1409 rebus
1707 1413 1836 1437 mmmmm

190 1423 351 1456 Ecclesiae
376 1434 441 1457 non
466 1425 655 1464 alienandis,
677 1426 811 1469 aliisque
837 1438 917 1470 apo-
938 1436 941 1479 Ι
962 1425 1180 1466 praesentium
1199 1425 1381 1458 littei-:irum
1403 1428 1622 1471 transumplis,
1639 1440 1698 1462 seu

188 1476 323 1516 stolicis,
342 1487 378 1509 ac
400 1477 433 1509 in
458 1477 690 1510 universalibus
716 1479 919 1521 provinciali-
937 1480 940 1492 ¹
962 1477 1124 1519 exemplis,
1141 1477 1234 1510 etiam
1253 1478 1430 1521 impressis,
1446 1490 1542 1512 manu
1561 1481 1698 1516 alicuius

189 1530 315 1572 busque
341 1529 486 1562 conciliis
512 1530 617 1569 editis,
647 1532 850 1573 generalibus
869 1535 918 1567 vel
962 1529 1078 1561 ΠΟῑῐῑΓῖῑ
1114 1530 1234 1572 ΡῑὼῙῑῑῖῑ
1271 1531 1479 1574 S¹¹¹³SCT313US>
1518 1538 1548 1565 θῐ
1588 1534 1697 1577 sigillo

189 1582 399 1626 specialibus,
429 1583 712 1617 constitutionibus
737 1591 766 1618 et
794 1583 940 1620 ordina-¹
961 1592 1117 1624 Dssl'ffonssss
1144 1582 1174 1615 ἰΠ
1196 1584 1413 1617 ecclesiastica
1437 1585 1594 1628 dignitate
1622 1597 1698 1620 con-

189 1635 353 1675 tionibus,
377 1646 503 1669 necnon
529 1636 793 1679 congregauonis
820 1640 939 1692 (ἶηςςῑμ.
959 1634 1086 1667 suttune
1114 1635 1267 1675 munitis,
1300 1637 1413 1669 cadem
1448 1647 1582 1680 prorsus
1617 1638 1696 1673 sides

188 1690 297 1723 nensis
322 1695 354 1723 et
377 1690 562 1722 monasterii
588 1690 618 1723 S.
646 1692 732 1725 Pauli
759 1694 920 1736 praefato·
960 1694 1020 1720 lain
1048 1688 1079 1720 in
1106 1688 1224 1722 iudicio
1249 1700 1342 1732 quam
1361 1695 1449 1723 extra
1473 1691 1553 1724 illud
1578 1692 1698 1726 habea-

188 1754 260 1777 rum
279 1744 390 1777 aliisve
409 1745 582 1788 quibusvis,
603 1745 695 1777 etiam
723 1746 916 1788 iuramento,
960 1746 1022 1780 tur,
1050 1752 1132 1784 quae
1161 1742 1240 1785 ipsis
1267 1743 1492 1785 praesentibus
1518 1745 1696 1778 haberetur

188 1797 431 1830 confirmatione
457 1798 642 1839 apostolica,
659 1799 707 1830 vel
734 1799 844 1842 quavis
870 1799 920 1832 fir-
959 1794 984 1825 si
1012 1794 1115 1826 forent
1141 1795 1278 1828 exibitae
1304 1796 1354 1828 vel
1380 1801 1540 1846 ostensae.

188 1851 298 1884 mitate
328 1851 391 1884 alia
422 1851 598 1890 roboratis,
630 1853 754 1884 stannig
787 1859 817 1885 ei
841 1864 918 1886 con·
1002 1846 1116 1879 Datum
1136 1846 1266 1885 Romae,
1283 1848 1367 1891 apud
1390 1848 1420 1881 S.
1448 1848 1578 1882 Mariam
1603 1849 1695 1883 Maio-

188 1903 427 1941 suetudinibus‚
454 1904 563 1946 stylis,
589 1904 711 1942 usibus,
739 1905 833 1937 etiam
861 1884 941 1969 ism-R
960 1909 1036 1937 rem,
1052 1900 1109 1931 sub
1127 1901 1245 1933 annulo
1259 1901 1443 1941 piscatoris,
1464 1902 1515 1935 die
1530 1912 1594 1936 xxn
1614 1914 1693 1936 mar·

188 1955 473 1994 memorabilibus,
498 1955 675 1998 privilegiis
700 1968 844 2000 quoqne,
871 1958 919 1990 in-
960 1953 991 1985 iii
1007 1954 1425 1997 uochxxvu,pontificatus
1439 1955 1539 1988 nostri
1554 1967 1639 1990 anno
1650 1968 1692 1991 xt.

189 2010 285 2043 dultis
309 2016 341 2043 et
365 2009 479 2043 litteris
504 2009 690 2051 apostolicis
715 2010 809 2042 ctiam
838 1975 938 2043 Con-i
995 2015 1050 2041 bnt.
1069 2014 1110 2040 die
1129 2014 1161 2041 2⁵2
1182 2015 1268 2042 martii
1291 2016 1367 2049 1687,
1385 2017 1484 2052 pontis.
1507 2025 1577 2045 anno
1597 2024 1633 2046 xi.

189 2063 366 2108 gregationi
388 2067 420 2096 et
442 2062 638 2094 monasterio
663 2063 825 2105 praefatis,
846 2063 918 2095 illo-

187 2127 321 2160 rumque
352 2114 575 2158 superioribus
609 2119 640 2146 et
669 2114 738 2147 aliis
767 2116 916 2158 personis

188 2168 402 2214 quibuslibet,
435 2168 493 2200 sub
518 2166 777 2210 quibuscumque
802 2169 917 2200 verbo-

186 2233 256 2257 rum
274 2221 442 2255 tenoribus
460 2224 491 2253 et
508 2219 629 2259 formis,
648 2230 683 2251 ac
700 2230 769 2251 cuin
787 2221 916 2262 quibus-

186 2276 232 2309 vis
257 2275 351 2309 etiam
378 2273 655 2316 derogatoriarum
682 2273 914 2313 derogatoriis,

186 2328 321 2372 aliisque
346 2326 598 2365 efficacioribus,
632 2325 858 2358 efficacissimis
885 2331 914 2357 et

186 2381 325 2415 insolitis
337 2379 499 2417 clausulis,
515 2377 777 2421 irritantibusque
799 2383 828 2410 et
844 2378 913 2411 aliis

186 2433 332 2473 decretis,
358 2433 389 2466 in
415 2442 533 2474 genere
553 2432 601 2464 vel
622 2431 653 2463 in
672 2430 790 2473 specie,
815 2430 911 2463 etiam

183 2492 284 2527 motu,
303 2485 434 2520 scientia
458 2489 490 2517 et
514 2483 686 2527 potestatis
709 2483 911 2526 plenitudine

183 2540 323 2583 paribus,
337 2549 374 2572 ac
391 2536 671 2575 consistorialiter,
689 2540 720 2569 et
737 2535 814 2568 alias
833 2546 911 2578 quo-

181 2591 358 2626 modolibet
381 2591 412 2623 in
438 2589 635 2623 contrarium
660 2588 908 2631 praemissorum
1002 2588 1163 2622 Ecclesiae
1196 2589 1373 2622 catholicae
1409 2600 1468 2633 per
1502 2591 1685 2625 universum
1722 2595 1833 2618 Exordium

183 2644 351 2685 concessis,
370 2649 402 2677 et
418 2642 684 2687 quantiscumque
701 2640 821 2674 vicibus
839 2650 909 2673 con·
953 2646 1108 2675 terrarum
1131 2640 1242 2674 orbem
1268 2640 1401 2675 diffusae
1426 2642 1586 2686 regimini,
1620 2654 1686 2678 nic-

1246 2132 1402 2165 CLXXXI.

954 2202 1105 2244 Eriyv'lur
1138 2202 1175 2234 in
1201 2202 1483 2244 Conqrceqationcm
1519 2204 1692 2246 confrater-

998 2257 1084 2286 nitas
1109 2254 1425 2288 Bellileltcmilarum
1441 2256 1476 2287 in
1501 2256 1612 2289 Indiis
1637 2257 1691 2291 Oc-

997 2307 1220 2347 cidentalibus‚
1240 2308 1309 2340 cius
1331 2318 1429 2340 norae
1446 2309 1689 2343 constitutiones

997 2360 1230 2402 confirmantur
1257 2364 1285 2392 et
1300 2358 1489 2403 privilegia,
1516 2363 1690 2404 exemptio-

995 2423 1051 2445 nes
1073 2423 1110 2445 ac
1134 2412 1361 2456 indulgentwe
1385 2414 1414 2445 ei
1438 2414 1666 2448 conceduntur.

1134 2483 1330 2510 Innocent⁷us
1357 2483 1435 2517 Papa
1454 2484 1503 2517 XI,

1071 2528 1106 2554 ad
1128 2530 1302 2562 perpetuam
1325 2528 1370 2555 rei
1391 2529 1572 2556 memoriam.
