2111 3157
49 210 116 239 -Am
135 211 166 238 C.
189 210 257 238 ¹684

250 263 283 292 et
306 258 450 293 breviter
473 264 678 300 annotantes,
695 259 981 293 concionatoribus

847 211 922 236 rNNO
928 211 1058 235 CEN'rms
1079 212 1110 236 xt
1133 212 1182 236 1³1³.

1068 271 1172 294 xxxxv.
1192 259 1225 292 ln
1244 259 1294 292 his
1310 259 1505 292 sufficienter
1522 258 1700 298 exercitati,
1717 259 1757 292 ad

250 312 341 356 quasi
356 312 514 346 officinam
529 312 705 347 efficacium
720 313 927 346 materiarum
943 314 981 346 ad
1024 314 1212 347 exercitium
1229 324 1335 347 sacrae
1351 313 1558 356 quotidianae
1573 313 1758 346 meditatio-

249 367 482 400 convertendos
496 371 682 409 peccatores
697 372 728 399 et
744 366 927 399 haereticos
941 366 980 399 ad

248 428 377 452 manum
402 419 580 462 porrigant.
606 419 772 452 Inferioris
796 419 981 461 intelligen-

248 469 311 503 tiae
329 472 513 505 sacerdotes
530 471 563 504 in
581 472 787 505 conficiendis
808 481 980 504 munuscu-

247 522 289 555 lis
306 523 562 563 catechistarum,
580 524 715 567 aliisque
732 523 903 563 similibus,
918 533 978 566 pro

248 577 403 620 cuiusque
414 577 597 620 capacitate,
612 577 749 610 honeste
764 582 975 619 occupentur.
1002 602 1004 605 ,

290 641 372 665 xxm.
398 630 462 662 Etsi
487 629 671 662 sacerdotes
690 629 722 661 in
740 629 898 662 eiusmodi
923 629 979 662 do-

245 693 299 716 mo
324 687 554 716 commorantes
587 691 698 714 curam
733 681 911 714 animarum
937 681 977 714 ob

245 736 372 768 senium
397 735 445 767 vel
470 734 549 767 alias
578 743 688 767 causas
718 734 880 767 ordinarie
912 744 977 766 non

244 788 309 821 sint
329 787 479 828 habituri,
505 798 565 830 pro
584 787 771 820 necessitate
798 793 905 820 tamen
931 788 978 820 lo-

244 851 358 874 corum
383 841 421 874 ad
446 841 622 874 audiendas
640 841 858 874 consessiones
877 841 908 872 in
927 851 978 873 ec-

243 894 342 927 clesia
372 894 516 937 propria,
544 894 593 926 vel
617 893 650 926 in
675 893 853 927 subsidium
887 904 978 936 paro-

243 947 379 980 chorum
403 946 436 979 in
462 946 576 979 vicinia
600 946 823 986 habitantium,
840 957 897 990 pro
916 947 979 979 exi-

243 1000 355 1043 gentia
379 1005 568 1043 temporum,
595 1006 799 1043 exponantur
823 1000 860 1040 ii,
888 1009 977 1043 quos,

242 1054 282 1087 ab
299 1052 478 1086 Ordinariis
491 1053 699 1096 approbatos,
717 1053 903 1097 superiores
921 1053 978 1086 ha-

242 1105 374 1140 biliores
409 1106 632 1139 iudicaverint.
660 1105 815 1140 Similiter
847 1116 978 1150 occupa-

241 1159 363 1192 buntur
394 1158 426 1191 in
463 1159 668 1192 sermonibus
705 1159 914 1192 familiaribus
937 1159 976 1191 ad

241 1212 411 1256 populum,
438 1212 471 1244 in
495 1211 703 1245 instituendis
734 1211 796 1255 piis
827 1212 977 1245 oratoriis

241 1269 301 1308 p‘er
335 1264 550 1308 septimanam
586 1264 776 1308 aliquoties,
809 1265 840 1297 in
878 1265 978 1298 insor-

241 1316 368 1350 mandis
394 1316 614 1349 sacerdotibus
632 1322 664 1350 et
679 1317 804 1350 clericis
828 1317 912 1349 circa
936 1317 978 1349 ri-

240 1374 291 1402 tus
324 1374 356 1402 et
387 1369 606 1402 caeremonias
642 1370 888 1410 ecclesiasticas,
915 1372 978 1402 una

242 1433 316 1456 cum
341 1422 501 1457 exercitiis
525 1423 758 1466 spiritualibus,
791 1423 823 1456 in
853 1423 979 1456 missio-

240 1475 336 1509 nibus
357 1476 402 1522 ,ad
436 1486 537 1519 pagos
562 1481 595 1509 et
618 1476 758 1520 oppida,
783 1476 859 1517 ubi,
894 1477 978 1509 iuxta

240 1528 499 1562 circumstantias
531 1530 691 1570 locorum,
724 1530 755 1562 id
784 1529 977 1573 requiritur,

240 1580 279 1614 ad
297 1585 410 1614 nutum
428 1581 776 1614 reverendissimorum
790 1581 978 1614 Ordinario-

240 1643 322 1674 rum,
344 1639 376 1666 et
395 1633 428 1666 in
453 1633 522 1666 aliis
551 1634 709 1669 similibus
734 1634 797 1677 piis
824 1634 979 1667 exercita-

241 1686 398 1720 tionibus.
421 1686 509 1720 Circa
533 1687 595 1721 alia
620 1687 839 1720 observabunt
864 1689 978 1721 consti-

242 1739 399 1780 tutiones,
419 1750 499 1782 quae
524 1749 583 1782 pro
601 1739 726 1773 clericis
753 1741 785 1772 in
812 1740 977 1773 communi

241 1791 463 1835 praescriptae
484 1797 569 1825 sunt.

284 1854 380 1878 xxxn.
407 1845 441 1877 ln
467 1845 578 1878 eadem
598 1846 694 1879 domo
711 1846 921 1879 emeritorum
939 1846 979 1879 ad

241 1901 371 1941 tempus
406 1899 530 1942 aliquot
565 1904 660 1932 erunt
695 1900 878 1933 sacerdotes
913 1900 976 1939 illi,

241 1950 296 1994 qui
321 1950 468 1984 instituto
495 1951 569 1984 huic
593 1952 747 1985 associari
782 1952 976 1993 desiderant,

243 2003 347 2036 donec
370 2004 494 2038 scilicet
510 2004 543 2037 in
560 2005 730 2048 principiis
756 2006 976 2049 spiritualibus

242 2061 274 2089 et
293 2057 364 2090 aliis
384 2057 416 2089 in
441 2057 502 2090 hac
527 2057 666 2091 clericali
687 2059 750 2091 vita
767 2059 976 2092 observandis

241 2109 438 2144 sufficienter
462 2111 609 2144 instructi
635 2112 764 2151 suerint,
802 2114 977 2157 norintque

240 2162 374 2196 modum
411 2163 598 2204 meditandi,
635 2174 694 2207 per
730 2175 863 2198 examen
900 2176 977 2199 con—

241 2216 398 2249 scientiae
423 2227 495 2250 sese
524 2217 758 2260 recolligendi,
789 2224 821 2251 ct
847 2218 908 2252 alia
938 2219 975 2252 ad

241 2268 426 2312 pmsectum
450 2269 483 2302 in
508 2269 624 2313 spiritu
649 2271 844 2304 necessaria.

284 2331 391 2356 xxxin.
430 2322 490 2356 Per
527 2323 674 2357 ordinem
710 2325 854 2367 quotidie
891 2327 978 2358 certa

243 2372 455 2409 determinata
473 2376 554 2409 hora
574 2376 775 2409 instruantur
792 2378 876 2411 circa
893 2378 977 2411 diur‹

242 2437 321 2461 num
345 2439 475 2462 cursum
499 2440 633 2473 precum
669 2436 701 2463 et
725 2430 861 2463 aliarum
886 2442 979 2464 exer-

243 2480 430 2516 citationum
454 2483 687 2525 spiritualium,
712 2483 864 2517 videlicet
899 2495 976 2528 quas

243 2542 358 2577 preces
379 2541 410 2568 et
426 2537 488 2580 qua
506 2536 687 2570 intentione
705 2537 850 2581 quotidie
869 2538 976 2571 clerici

244 2588 431 2630 persolvere
457 2595 638 2624 teneantur.

1024 367 1071 398 nis
1099 372 1162 399 tam
1190 367 1389 410 speculative
1415 377 1509 409 quam
1536 366 1677 409 practice
1704 366 1758 399 ad-

1023 419 1209 452 discendum
1234 419 1436 459 inducantur,
1462 419 1500 452 ad
1521 430 1593 452 eum
1610 418 1676 452 sere
1694 429 1757 451 mo-

1022 471 1096 503 dum
1122 472 1174 514 qui
1200 483 1259 514 pro
1280 471 1483 505 institutione
1510 471 1683 505 iuventutis
1700 472 1758 514 'est

1022 524 1253 567 praescriptus.

1064 588 1152 610 xxxv.
1180 578 1350 610 Praeterea
1376 589 1433 621 per
1457 578 1605 611 ordinem
1624 578 1663 611 de
1680 587 1757 610 con-

1021 629 1241 662 stitutionibus
1259 630 1343 662 circa
1355 630 1613 673 temperantiam,
1629 630 1757 663 cohabi-

1022 682 1174 714 tationem
1190 682 1344 714 socialem
1361 682 1564 722 clericorum,
1580 683 1756 715 communi-

1022 740 1118 766 tatem
1136 734 1304 774 bonorum,
1321 735 1559 777 separationem
1574 735 1755 775 mulierum,

1020 792 1051 819 et
1068 787 1207 829 denique
1226 787 1309 818 circa
1327 787 1387 819 alia
1409 787 1504 819 buius
1522 787 1658 819 instituti
1674 797 1757 830 pun-

1020 845 1070 871 cta
1087 839 1311 879 informentur,
1326 843 1484 881 quantum
1502 839 1652 871 omnibus
1670 848 1757 872 com-

1020 892 1159 924 muniter
1183 891 1264 924 scire
1291 891 1386 923 suerit
1410 891 1641 924 necessarium.

1063 955 1163 978 xxxv1.
1190 944 1335 987 Denique
1361 955 1472 977 eorum
1499 949 1562 976 tam
1582 945 1686 977 'horno
1708 944 1757 978 in-

1021 998 1121 1031 terior
1146 1009 1242 1041 quam
1274 998 1416 1030 exterior
1448 997 1480 1029 in
1508 997 1662 1029 exercitio
1694 998 1758 1030 vir-

1021 1057 1123 1084 tutum
1160 1057 1223 1084 tam
1258 1050 1456 1094 speculative
1493 1061 1588 1093 quam
1617 1050 1756 1093 practice

1021 1105 1225 1145 instituatur,
1253 1104 1417 1146 quomodo
1442 1103 1592 1136 videlicet
1622 1103 1755 1136 virtutes

1021 1158 1215 1191 christianas
1241 1167 1391 1190 exercere
1417 1162 1449 1189 et
1472 1157 1637 1200 passiones
1671 1165 1756 1189 mor-

1021 1211 1162 1251 tificare,
1189 1222 1251 1254 qua
1285 1211 1361 1243 item
1386 1210 1580 1243 discretione
1615 1209 1754 1242 exterius

1020 1275 1090 1296 cum
1117 1264 1301 1296 homiuibus
1325 1263 1508 1296 conversari
1535 1263 1688 1295 debeant.

1062 1327 1176 1350 xxxvii.
1204 1317 1380 1359 Praecipue
1407 1322 1513 1349 tamen
1544 1321 1756 1348 exerceantur

1020 1370 1051 1402 in
1078 1370 1272 1409 humilitate,
1293 1370 1449 1412 patientia
1474 1374 1505 1401 et
1529 1368 1682 1411 propriae
1701 1379 1756 1401 vo·

1021 1423 1150 1455 luntatis
1169 1422 1394 1465 bonorumque
1416 1421 1644 1464 temporalium
1664 1421 1756 1454 abne·

1021 1475 1161 1518 gatione.
1189 1474 1308 1508 Ultimo
1334 1485 1444 1507 mense
1462 1474 1517 1507 siat
1534 1474 1640 1506 brevis
1667 1484 1758 1516 prae-

1021 1529 1178 1561 dictorum
1205 1527 1445 1571 recapitulatio,
1472 1537 1534 1570 qua
1557 1526 1656 1565 finita,
1682 1536 1757 1559 con-

1021 1586 1158 1613 stantem
1171 1582 1371 1613 voluntatem
1389 1580 1560 1619 habentes,
1577 1579 1615 1611 ad
1635 1579 1757 1611 exerci-

1021 1634 1063 1666 tia
1081 1633 1262 1676 spiritualia
1279 1633 1482 1672 inducantur,
1502 1637 1532 1664 et
1548 1632 1756 1675 postmodum

1021 1687 1058 1719 ad
1085 1687 1302 1719 iuramentum
1326 1691 1465 1729 quatuor
1495 1684 1756 1717 substantialium

1020 1739 1241 1771 admittantur.

1066 1801 1194 1824 xxxvm.
1214 1791 1293 1824 Toto
1308 1791 1511 1835 probationis
1525 1796 1672 1834 ternpore
1687 1800 1758 1824 cur-

1022 1856 1092 1877 sum
1114 1845 1338 1888 quotidianum
1355 1855 1427 1877 cum
1445 1844 1626 1877 senioribus
1647 1843 1758 1877 obser-

1020 1898 1152 1936 vabunt,
1187 1904 1219 1930 et
1251 1898 1385 1941 insuper
1409 1898 1544 1940 singulis
1570 1896 1758 1942 septimanis

1020 1951 1083 1991 bis,
1111 1951 1162 1984 die
1188 1951 1336 1983 videlicet
1360 1951 1439 1984 iovis
1464 1956 1496 1983 et
1520 1950 1656 1990 sabbati,
1683 1959 1760 1982 con-

1021 2004 1212 2045 fitebuntur,
1240 2004 1291 2036 die
1316 2014 1393 2036 vero
1419 2003 1582 2036 dominica
1606 2008 1638 2035 et
1661 2012 1757 2046 prae-

1020 2057 1124 2101 cipuis
1151 2057 1240 2090 sestis
1265 2057 1303 2093 ad
1329 2056 1552 2099 accipiendum
1577 2056 1678 2088 robur
1695 2054 1759 2087 ani-

1021 2121 1090 2143 mac
1117 2112 1208 2143 sacra
1228 2109 1337 2153 synaxi
1359 2109 1558 2143 reficientur.
1586 2108 1626 2141 Ut
1650 2118 1759 2141 assue-

1020 2169 1112 2197 scant
1135 2164 1168 2196 in
1194 2164 1321 2206 reliqua
1346 2163 1410 2196 vita
1434 2164 1490 2196 sua
1511 2162 1675 2196 ordinaria
1694 2161 1757 2194 cibi

1020 2223 1181 2260 potusque
1215 2216 1459 2260 dispensatione
1495 2227 1565 2249 esse
1591 2215 1757 2255 contenti,

1020 2270 1223 2312 regulariter,
1244 2270 1303 2302 nisi
1325 2274 1504 2312 aegrotent,
1523 2274 1612 2302 extra
1632 2273 1758 2311 tempus

1019 2324 1148 2367 prandii
1174 2329 1205 2356 et
1229 2334 1350 2356 coenae
1376 2323 1572 2355 abstineant.

1063 2383 1163 2410 xxxix.
1191 2377 1223 2409 ln
1247 2376 1413 2419 superiore
1432 2375 1676 2418 contignatione
1701 2375 1757 2407 do-

1656 201 1722 235 579
1767 209 1951 240 An.c.1084

1778 2409 1781 2411 Ι
1797 2380 1904 2405 Quomodo
1916 2381 1954 2412 di*-

1769 2408 1887 2434 linquentes
1933 2415 1953 2428 in

1020 2441 1089 2462 mus
1108 2430 1317 2462 emeritorum
1336 2440 1394 2472 pro
1412 2429 1537 2462 clericis
1554 2434 1585 2461 et
1607 2428 1757 2461 sacerdo·
1770 2435 1833 2454 domo
1855 2437 1952 2454 ememo-

1022 2484 1104 2516 tibus
1130 2484 1268 2525 graviter
1284 2483 1561 2526 delinquentibus,
1581 2486 1634 2514 aut
1651 2481 1757 2513 incor-

1021 2536 1212 2578 rigibilibus,
1232 2541 1400 2580 separetur
1417 2537 1507 2568 locus
1525 2540 1556 2567 et
1581 2535 1612 2567 in
1634 2535 1758 2577 aliquot

1021 2590 1168 2623 cubicula
1200 2589 1524 2633 interdistinguatur,
1554 2588 1597 2622 ita
1626 2594 1759 2635 tamen,

1770 2467 1813 2481 ruui
1833 2466 1953 2481 accommo-

1769 2487 1831 2507 damli
1860 2489 1878 2506 ot
1909 2489 1955 2508 tra-

1769 2513 1839 2535 c'a'ffi
1855 2516 1896 2534 siut
