2111 3157
145 216 195 242 An.
219 216 247 242 c.
268 216 334 243 isso
379 208 443 241 668

521 264 717 293 Innocentius
739 264 819 297 Papa
838 262 887 295 XI,

479 311 513 338 ad
534 311 664 337 futuram
684 309 727 335 rei
749 307 930 334 memoriam.

380 374 395 417 ς
414 373 444 406 i.
464 372 588 416 Exponi
606 371 699 404 nobis
715 380 819 413 nuper
844 369 919 402 fecit
937 368 1074 402 dilectus

337 427 421 459 silius
435 430 629 469 procurator
647 422 809 465 generalis
827 422 961 454 fratrum
975 422 1075 454 Mino-

336 490 407 511 rum
434 477 561 511 Ordinis
586 476 686 509 sancti
712 475 873 508 Francisci
893 475 931 508 de
956 475 1075 508 Obser-

335 532 442 564 rantia
484 530 744 562 Reformatorum
788 533 1049 571 nuncupatorum
1065 555 1073 568 ,

336 585 421 627 quod
439 584 471 616 in
490 583 634 625 proxime
656 581 835 624 praeterito
857 581 997 624 capitulo
1020 591 1076 623 ge-

335 636 439 669 nerali
473 635 548 668 dieti
581 634 709 667 Ordinis
734 633 867 666 Fratrum
892 633 953 666 suit
977 639 1075 666 statu—

335 694 417 729 tum,
437 693 471 720 ut
488 687 520 720 in
536 689 730 729 unaquaque
750 686 917 729 provincia
941 686 1075 719 fratrum

336 742 598 774 Reformatorum
637 739 783 772 eiusdem
815 738 944 773 Ordinis
977 740 1074 772 frater

335 794 510 837 antiquior,
529 804 565 825 ex
585 792 647 825 illis
662 792 716 835 qui
732 801 853 824 sacram
876 792 1074 835 theologiam

336 847 511 879 duodecim
538 855 696 878 annorum
721 845 825 887 spatio
851 845 991 887 legerint
1007 844 1073 878 sive

336 899 516 939 docuerint,
543 898 626 931 inter
650 903 762 941 patres
787 897 974 940 provinciae
1000 908 1075 931 con-

337 958 536 992 numeretur,
564 951 631 985 sive
657 957 910 985 connumeratus
936 951 1074 986 declare-

338 1012 402 1039 tur.

151 384 256 403 statutum
266 389 325 410 prae·

143 410 228 431 dictum.

182 1067 203 1087 in
220 1067 325 1104 anguinus
380 1060 394 1102 g
412 1058 442 1092 Ξ.
462 1058 537 1092 Cum
555 1063 671 1099 autem,
690 1057 773 1091 sicut
787 1057 901 1091 eadem
912 1058 1073 1102 expositio

143 1100 255 1147 Uimi-'¹⁵
285 1099 324 1115 ⁰⁰⁰
337 1113 577 1155 subiungebat,
602 1117 756 1145 statutum
782 1112 972 1145 huiusmodi
998 1117 1075 1144 tam-

338 1177 433 1210 quam
459 1166 544 1198 iuxta
569 1165 876 1198 determinationem
906 1165 1074 1199 cuiusdam

337 1219 575 1253 constitutionis
608 1218 712 1252 felicis
749 1219 985 1253 recordationis
1022 1219 1076 1252 Ur-

336 1273 411 1306 bani
437 1273 542 1316 Papae
567 1272 630 1305 Vlll
655 1273 922 1315 praedecessoris
957 1272 1071 1312 nostri,

337 1337 418 1369 qnae
452 1326 564 1369 incipit
588 1326 758 1367 iniuncti,
784 1330 854 1367 etc„
880 1326 1013 1366 editum,
1041 1326 1074 1359 in

337 1380 481 1413 Romana
502 1385 534 1413 et
558 1380 629 1413 aliis
655 1380 831 1423 provinciis
857 1380 991 1413 fratrum
1014 1379 1074 1413 Re-

337 1434 549 1467 formatorum
565 1432 748 1467 executioni
766 1433 952 1466 mandatnm
966 1433 1072 1472 fuerit,

336 1486 369 1519 in
395 1486 464 1519 aliis
498 1497 574 1519 vero
608 1487 774 1520 nonnullis
799 1486 974 1530 provinciis
998 1486 1075 1519 irra-

337 1540 536 1573 tionabiliter
561 1541 790 1583 impugnetur,
817 1540 963 1584 quamvis
997 1540 1075 1573 dile-

338 1600 406 1626 ctus
439 1593 522 1626 tilius
561 1593 710 1626 minister
746 1593 909 1637 generalis
944 1593 1074 1627 Ordinis

337 1646 495 1690 praedicti
533 1647 614 1680 illud
648 1647 875 1680 universaliter
909 1646 1074 1680 observari

338 1700 457 1733 debere
484 1699 686 1733 decreverit:
713 1699 806 1733 nobis
831 1706 1006 1744 propterea
1031 1701 1077 1733 di-

338 1758 406 1786 ctus
424 1759 614 1796 procurator
634 1755 795 1797 generalis
821 1754 989 1787 humiliter
1001 1764 1076 1797 snp-

337 1806 450 1849 plicari
476 1806 551 1838 fecit
571 1811 605 1838 ut
633 1806 666 1838 in
687 1807 875 1849 praemissis
893 1811 1075 1850 opportune

338 1859 510 1901 providere
534 1864 566 1891 et
590 1865 625 1891 ut
648 1860 732 1892 infra
756 1860 929 1902 indulgere
956 1860 995 1893 de
1021 1860 1076 1892 be-

339 1912 496 1954 nignitate
521 1913 700 1955 apostolica
721 1913 943 1955 dignaremur.

383 1966 397 2008 §
421 1965 452 1998 3.
479 1965 543 1998 Nos
569 1965 675 2008 igitur,
701 1967 806 2009 ipsum
831 1971 1076 2010 procuratorem

340 2019 526 2061 generalem
552 2018 746 2061 specialibus
772 2019 935 2052 favoribus
955 2024 986 2052 et
1006 2029 1077 2061 gra·

341 2072 391 2104 tiis
416 2071 571 2114 prosequi
597 2073 752 2112 volenteS,
778 2078 809 2105 et
832 2083 850 2105 a
875 2072 992 2116 quibus
1022 2082 1076 2104 ex-

341 2124 649 2165 communicationis,
675 2125 901 2167 suspensionis
927 2131 960 2158 et
983 2125 1076 2158 inter-

341 2175 432 2213 dicti,
460 2175 595 2218 aliisque
622 2175 851 2208 ecclesiasticis
883 2175 1075 2215 sententiis,

340 2227 483 2259 censuris
503 2233 533 2260 et
547 2228 668 2270 poenis,
684 2239 701 2260 a
717 2227 788 2261 iure
806 2229 854 2261 rel
872 2229 911 2261 ab
929 2228 1072 2269 homine,

341 2281 453 2322 quavis
479 2281 647 2313 occasione
672 2283 721 2314 vel
748 2284 844 2315 causa
868 2282 950 2321 latis,
968 2282 993 2314 si
1012 2282 1077 2325 qui-

339 2333 399 2364 bus
425 2334 672 2375 quomodolibet
697 2335 872 2368 innodatus
898 2334 1017 2375 existit,
1037 2334 1074 2367 ad

340 2384 486 2417 ellectum
513 2387 729 2428 praesentium
766 2388 930 2421 dumtaxat
964 2398 1076 2421 conse-

340 2439 526 2480 quendum,
554 2440 670 2472 barum
696 2441 779 2473 serie
812 2442 1019 2475 absolventes
1045 2446 1077 2473 et

340 2491 522 2523 absolutum
556 2492 622 2525 sore
659 2501 854 2535 censentes,
893 2493 1075 2527 huiusmodi

195 1968 328 1989 Confirmatio

146 1994 196 2015 diett
212 1998 291 2015 statuti.

916 213 1097 237 BULLAInUM
1121 212 1272 236 ROMANUM

1859 213 1907 240 An.
1928 213 1959 240 C.
1976 214 2044 241 1086

1116 259 1408 304 supplicationibus
1432 259 1590 300 inclinati,
1618 260 1657 293 de
1686 260 1853 294 venerabi-

1116 313 1195 346 lium
1219 313 1352 346 fratrum
1378 318 1563 345 nostrorum
1584 312 1615 346 S.
1654 313 1691 346 R.
1725 313 1760 347 E.
1783 323 1851 347 cat·-

1117 366 1272 399 dinalium
1310 365 1450 409 negotiis
1493 371 1524 399 et
1560 366 1853 400 consultationibus

1117 418 1346 462 episcoporum
1372 424 1403 452 et
1426 418 1624 461 regularium
1650 420 1853 463 praeposito-

1117 482 1196 512 rum,
1218 472 1273 515 qui
1291 472 1470 515 praefatum
1496 477 1739 514 procuratorem
1757 483 1855 516 gene-

1117 525 1219 558 ralem
1245 526 1378 558 fratrum
1404 525 1666 558 Reformatorum
1696 525 1761 559 sive
1778 525 1854 560 Stri-

1117 578 1229 612 ctioris
1254 578 1485 612 Observantiae
1507 578 1583 612 dicti
1604 578 1735 613 Ordinis
1756 590 1854 624 super

1118 632 1304 674 praemissis
1329 632 1523 673 audierunt,
1551 632 1699 673 consilio,
1724 633 1854 676 praedi-

1118 689 1203 718 ctum
1240 691 1394 718 statatum
1431 685 1563 728 capituli
1597 685 1760 728 generalis
1792 696 1852 730 pro

1118 737 1294 771 lectoribus
1319 748 1428 771 sacrae
1456 738 1641 781 theologiae
1656 744 1852 782 emanatum,

1117 791 1306 824 auctoritate
1332 791 1530 834 apostolica,
1558 797 1672 825 tenore
1697 802 1854 836 praesen-

1118 843 1214 884 tium,
1240 844 1465 878 confirmamus
1490 851 1522 878 et
1556 845 1796 889 approbamus,
1822 850 1855 880 et

1116 897 1278 931 observari
1299 898 1504 939 mandamus,
1529 899 1616 932 salva
1640 905 1747 932 tamen
1771 909 1855 933 sem-

1117 961 1175 993 per
1199 951 1231 984 in
1257 951 1443 994 praemissis
1463 952 1655 986 auctoritate
1673 952 1854 997 Congrege-

1118 1004 1214 1037 tionis
1239 1010 1491 1038 memoratorum
1516 1005 1742 1039 cardinalium.

1160 1057 1175 1100 ξ
1198 1057 1230 1090 4.
1257 1058 1476 1091 Decernentes
1503 1058 1633 1091 easdem
1663 1063 1853 1102 praesentes

1117 1110 1243 1144 litteras
1269 1121 1400 1154 semper
1421 1110 1538 1152 firmas,
1556 1111 1678 1145 validas
1698 1117 1729 1145 et
1749 1112 1854 1145 effica-

1117 1173 1169 1196 ces
1195 1164 1335 1197 existere
1362 1169 1393 1196 et
1418 1164 1502 1210 fore,
1524 1174 1666 1208 suosque
1684 1165 1853 1208 plenarios

1117 1221 1148 1249 et
1173 1216 1319 1260 integros
1344 1217 1475 1251 effeetus
1500 1218 1610 1252 sortiri
1635 1223 1668 1252 et
1692 1218 1853 1260 obtinere,

1117 1281 1153 1303 ac
1178 1270 1253 1310 illis,
1272 1271 1312 1304 ad
1334 1281 1415 1315 quos
1435 1277 1560 1315 spectat
1576 1277 1608 1304 et
1627 1281 1687 1316 pro
1708 1277 1856 1315 tempore

1117 1324 1286 1366 spectabit,
1312 1324 1504 1368 plenissime
1529 1324 1719 1368 suffragari,
1746 1325 1856 1369 sicque

1117 1377 1147 1408 in
1174 1377 1363 1420 praemissis
1389 1388 1449 1421 per
1474 1388 1699 1421 quoscumque
1731 1377 1855 1412 iudices

1117 1430 1300 1464 ordinarios
1320 1435 1352 1463 et
1370 1431 1551 1473 delegatos,
1571 1431 1667 1464 etiam
1685 1441 1856 1464 causarum

1117 1483 1227 1526 palatii
1271 1483 1445 1527 apostolici
1488 1484 1674 1525 auditores,
1719 1483 1856 1517 iudicari

1117 1542 1149 1569 et
1173 1536 1303 1570 definiri
1329 1537 1464 1577 debere,
1491 1548 1528 1570 ac
1551 1537 1679 1570 irritum
1705 1542 1737 1570 et
1759 1537 1857 1570 inane
1909 1575 1913 1578 ⁴

1118 1589 1142 1622 si
1168 1600 1259 1622 secus
1289 1599 1388 1633 super
1419 1590 1469 1622 his
1500 1600 1518 1622 a
1546 1600 1722 1633 quoquam,
1747 1589 1857 1634 quavis

1118 1643 1318 1683 auctoritate,
1338 1643 1480 1676 scienter
1494 1643 1543 1676 vel
1563 1643 1766 1686 ignoranter,
1781 1653 1858 1677 con·

1120 1696 1230 1739 tigerit
1247 1696 1415 1729 attentari.

1164 1750 1178 1792 ξ
1204 1749 1234 1782 5.
1263 1749 1331 1782 Non
1358 1749 1564 1783 obstantibus
1590 1750 1795 1794 praemissis,
1820 1761 1858 1784 ac
1894 1760 2050 1790 Contrariorum

1119 1802 1404 1836 constitutionibus
1418 1803 1614 1846 apostolicis,
1629 1814 1767 1843 necnon,
1780 1814 1856 1846 qua*
1867 1787 1986 1814 ‘nmmum'

1120 1862 1211 1889 tenus
1231 1867 1311 1899 opus
1336 1856 1384 1897 sit,
1401 1857 1642 1900 provinciarum
1671 1863 1702 1891 et
1727 1856 1856 1890 Ordinis

1120 1910 1355 1953 praefatorum,
1382 1910 1478 1943 etiam
1505 1910 1710 1951 iuramento,
1738 1910 1857 1944 confir·

1119 1962 1260 1996 matione
1281 1964 1466 2006 apostolica,
1492 1964 1542 1996 vel
1568 1963 1679 2006 (luavis
1705 1963 1856 1997 firmitate

1119 2016 1181 2049 alia
1204 2017 1383 2056 roboratis,
1405 2016 1532 2049 statutis
1563 2022 1594 2050 et
1618 2015 1858 2049 consuetudini-

1119 2069 1188 2109 bus,
1214 2069 1391 2112 privilegiis
1424 2080 1553 2113 quoque
1579 2069 1713 2102 indultis
1744 2073 1776 2102 et
1805 2068 1857 2102 lit-

1121 2122 1197 2155 teris
1216 2123 1406 2166 apostolieis
1425 2123 1457 2156 in
1479 2123 1678 2156 contrarium
1703 2122 1858 2167 praemis-

1119 2186 1228 2209 sorum
1255 2177 1503 2220 quomodolibet
1533 2176 1716 2217 concessis,
1743 2176 1858 2210 confir-

1119 2230 1210 2262 matis
1237 2234 1268 2262 ct
1291 2230 1469 2271 innovatis;
1496 2230 1614 2274 quibus
1647 2229 1798 2263 omnibus
1825 2234 1858 2263 et

1119 2282 1277 2324 singulis,
1311 2283 1440 2316 illorum
1474 2288 1602 2316 tenores
1633 2282 1856 2326 praesentibus

1118 2346 1176 2378 pro
1199 2337 1296 2379 plene
1333 2342 1364 2369 et
1397 2336 1596 2369 sufficienter
1626 2336 1788 2380 expressis
1820 2345 1857 2369 ac

1119 2389 1157 2421 ad
1183 2390 1316 2422 verbum
1336 2390 1467 2423 insertis
1493 2390 1660 2431 babentes,
1684 2388 1749 2422 illis
1774 2388 1854 2423 alias

1119 2442 1150 2474 in
1175 2453 1233 2475 suo
1259 2444 1377 2475 robore
1403 2443 1634 2486 permansuris,
1653 2443 1691 2475 ad
1705 2441 1856 2485 praemis·

1119 2506 1227 2527 sorum
1248 2495 1408 2536 ellectum,
1428 2496 1488 2528 hac
1503 2496 1571 2528 vice
1598 2495 1773 2535 dumtaxat,
1787 2505 1857 2538 spe·

1893 1068 2013 1091 clausulae.

339 2566 448 2588 constit.
469 2562 533 2588 edit.
555 2569 698 2598 moctxxix,
715 2565 758 2592 die
778 2566 810 2592 27
832 2565 998 2600 novembris,
1014 2573 1078 2601 pon·
1119 2547 1244 2581 cialiter
1275 2554 1306 2582 et
1336 2559 1490 2592 explesse
1520 2549 1736 2591 derogamus;
1770 2554 1856 2583 cete·

337 2607 454 2634 tilicatus
477 2614 512 2635 ιν.

1120 2601 1227 2644 risque
1252 2603 1421 2636 contrariis
1447 2603 1718 2647 quibuscuniquer
