2111 3157
0 217 28 237 n.
49 208 78 236 c.
95 195 169 239 αἰεί

0 426 118 449 cumulas.

166 256 347 299 adiieimus,
365 267 404 291 ao
419 266 531 293 omnes
549 261 582 291 et
604 257 748 301 singulos
765 257 845 290 iuris
867 262 899 289 et

165 309 239 342 sacti
265 310 418 351 desectus,
439 311 465 344 si
483 311 536 354 qui
555 311 697 354 desuper
721 309 898 354 quomodo-

164 361 245 396 libet
267 362 509 404 intervenerint,
527 364 727 406 supplemus.

207 415 224 458 ᾗ
248 414 280 448 3.
300 415 519 449 Deeernentes
554 415 684 449 easdem
706 418 900 459 praesentes

163 467 290 502 litteras
316 478 445 512 semper
463 467 570 501 firmas
590 468 713 501 validas
738 472 770 500 et
793 466 899 500 effica-

164 530 218 554 ces
238 521 377 554 existere
402 525 434 554 et
457 521 537 560 sore,
564 530 705 563 suosque
729 519 898 563 plenarios

164 573 352 616 etintegros
367 572 499 606 effectus
512 572 621 605 sortiri
639 577 670 605 et
690 571 853 612 obtinere,
863 580 899 603 ac

163 625 204 658 ab
220 625 297 666 illis,
319 625 358 658 ad
379 634 460 667 quos
480 628 607 667 spectat
621 628 653 656 et
671 633 731 667 pro
751 628 898 666 tempore

163 678 335 722 spectabit,
353 678 587 711 inviolabiliter
599 677 774 717 observari,
785 676 897 720 sicque

162 731 197 763 in
220 730 407 774 praemissis
434 740 499 773 per
530 740 751 774 quoscumque
774 729 898 762 iudices

163 783 346 817 ordinarios
363 788 394 816 et
410 783 590 826 delegatos,
618 783 713 816 etiam
729 792 897 815 causarum
930 826 932 829 v

126 858 132 871 ÷
161 837 274 879 palatii
299 836 470 880 apostolici
499 836 675 877 auditores,
708 834 845 868 iudicari
866 839 897 867 et

0 1109 151 1141 Contrariorum

0 1140 85 1163 roflano.

13 2001 74 2024 rm·-
97 2004 154 2024 trau-

0 2031 107 2056 aptorum.

161 888 289 923 definiri
317 890 451 930 debere,
479 899 515 922 ac
546 889 673 922 irritum
693 893 726 922 et
749 889 846 921 inane
870 888 896 920 si

160 952 255 975 secus
276 952 373 986 super
400 942 451 975 his
475 953 492 975 a
517 952 690 986 quoquam,
713 940 823 985 quavis
847 951 896 973 au-

160 994 319 1036 ctoritate,
343 995 484 1028 scienter
502 996 554 1028 vel
574 995 770 1038 ignoranter,
794 994 896 1027 conti-

160 1047 246 1090 gerit
261 1048 424 1081 attentari.
655 1084 659 1087 ,
716 1084 719 1086 ,
767 1043 819 1088 Ὶ“ΐ

204 1101 220 1144 ᾗ
242 1100 274 1134 4.
301 1100 371 1134 Non
395 1102 598 1135 obstantibus
634 1100 833 1144 praemissis,
859 1110 895 1132 ac

161 1154 444 1187 constitutionibus
476 1159 507 1187 et
538 1153 796 1188 ordinationibus
820 1163 897 1196 apo-

162 1206 296 1246 stolicis,
314 1215 454 1247 necnon,
470 1211 629 1249 quatenus
649 1217 730 1250 opus
754 1206 803 1247 sit,
819 1205 896 1238 dicti

161 1257 300 1298 Ordinis,
325 1257 420 1291 etiam
444 1258 634 1299 iuramento,
652 1258 896 1291 confirmatione

162 1311 357 1353 apostolica,
372 1312 423 1344 vel
449 1312 561 1354 quavis
578 1311 731 1344 firmitate
763 1311 826 1344 alia
849 1322 897 1344 ro-

161 1363 304 1404 boratis,
347 1364 478 1396 statutis
508 1369 541 1396 et
576 1363 895 1404 consuetudinibus,

160 1415 343 1459 privilegiis
379 1426 532 1459 quoque,
558 1416 693 1450 indultis
724 1422 756 1450 et
778 1416 894 1450 litteris

161 1468 350 1510 apostolicis
375 1469 407 1500 in
426 1469 619 1501 contrarium
643 1469 896 1512 praemissorum

161 1521 409 1563 quomodolibet
431 1522 608 1562 concessis,
644 1522 841 1555 confirmatis
865 1529 897 1556 et

160 1572 336 1614 innovatis,
363 1574 478 1616 quibus
505 1575 655 1607 omnibus
681 1581 712 1608 et
736 1575 893 1617 singulis,

161 1625 292 1659 illorum
317 1631 447 1659 tenores
464 1627 691 1670 praesentibus
713 1639 772 1671 pro
797 1630 894 1671 plene

162 1684 194 1711 et
217 1678 414 1712 sufficienter
437 1681 596 1723 expressis
625 1691 660 1714 ac
695 1682 735 1715 ad
760 1683 894 1714 verbum

162 1730 294 1764 insertis
330 1732 499 1772 habentes,
521 1733 586 1766 illis
608 1734 686 1766 alias
711 1734 744 1766 in
769 1744 827 1767 suo
844 1745 895 1767 ro-

162 1783 241 1816 bore
270 1786 507 1826 permansuris,
526 1785 564 1818 ad
579 1786 831 1829 praemissorum
850 1788 894 1819 es-

163 1835 293 1875 sectum,
316 1836 375 1868 hae
386 1837 453 1869 vice
470 1837 645 1879 dumtaxat,
661 1839 847 1881 specialiter
863 1846 894 1872 et

163 1898 314 1931 expresse
335 1890 527 1932 derogamus
543 1902 551 1931 ;
571 1892 753 1935 ceterisque
768 1899 894 1926 contra-

163 1943 220 1976 riis
250 1944 521 1988 quibuscumque.

207 1997 277 2040 55.
315 1998 469 2031 Volumus
505 2004 611 2032 autem
644 2005 679 2033 ut
710 2002 895 2035 earumdem

163 2050 383 2094 praesentium
408 2051 588 2084 litterarum
606 2054 823 2095 transumptis,
841 2065 897 2088 seu

164 2103 328 2146 exemplis,
354 2104 449 2136 etiam
474 2104 653 2147 impressis,
679 2117 773 2139 manu
799 2107 898 2140 alieu-

163 2155 212 2188 ius
237 2157 353 2189 notarii
370 2156 490 2199 publici
514 2158 717 2202 subscriptis,
735 2165 766 2192 et
789 2161 897 2203 sigillo

164 2212 323 2252 personae
343 2210 376 2242 in
394 2210 614 2243 ecclesiastiea
637 2211 792 2254 dignitate
824 2224 899 2246 con-

165 2262 294 2295 Stitutae
326 2262 481 2303 munitis,
508 2263 619 2296 eadem
653 2275 784 2307 prorsus
819 2265 898 2298 sides

166 2314 287 2358 ubique
312 2315 458 2348 locorum
481 2320 545 2347 tam
580 2316 614 2348 in
652 2316 773 2351 iudicio
804 2328 899 2360 quam

167 2371 257 2399 extra
290 2366 369 2400 illud
404 2367 585 2407 habeatur,
611 2379 693 2411 quae
726 2369 902 2402 haberetur

166 2415 245 2459 ipsis
277 2418 505 2460 praesentibus
537 2418 563 2451 si
599 2419 706 2451 forent
739 2420 902 2453 exhibitae

167 2470 217 2502 vel
238 2475 397 2503 ostensae.

212 2522 326 2555 Datum
352 2523 483 2564 Romae,
503 2524 587 2568 apud
612 2525 642 2557 S.
662 2524 790 2558 Mariam
807 2524 904 2559 Maio-

170 2585 262 2616 rem,
289 2576 350 2609 sub
376 2578 496 2610 annulo
529 2577 700 2610 Piscatoris
716 2603 724 2618 ,
754 2577 806 2611 die
832 2587 902 2611 xxiv

741 208 951 235 innocssurms
972 189 1004 233 iu
1028 208 1077 233 1²1³.

940 256 1009 289 iulii
1040 252 1211 295 ninctxxxi,
1227 238 1455 297 *pontificatus*
1474 250 1580 283 nostri
1613 258 1669 283 an-

940 319 983 342 no
1008 319 1037 341 v.

974 370 1037 399 Dat.
1055 369 1099 398 die
1118 368 1153 397 24
1170 368 1229 396 iulii
1246 368 1308 397 1681
1332 366 1430 404 pontif.
1444 374 1515 394 anno
1536 372 1563 393 v.

1269 484 1343 518 CIII.

939 554 1088 597 Erz'yitur
1107 554 1275 588 academia
1298 554 1331 587 S.
1362 553 1501 586 Thomae
1534 550 1670 585 Ordinis

982 607 1252 641 Praedicator-um
1286 607 1425 639 civitatis
1455 605 1604 638 Monilan
1634 604 1671 635 in

982 658 1102 692 insulis
1124 658 1333 701 Philippinis
1357 659 1393 690 in
1415 657 1580 700 publicam
1603 659 1670 687 stu-

983 713 1034 746 dii
1055 712 1216 756 yeneralis
1240 708 1514 744 universitatem.

1121 781 1318 810 Innocentius
1338 780 1416 814 Papa
1435 780 1482 813 XI,

1076 827 1113 854 ad
1127 827 1261 854 futuram
1275 825 1319 852 rei
1338 824 1518 852 memoriam.

982 887 1184 921 inscrutabili
1209 886 1334 920 divinae
1368 884 1543 929 sapientiae
1574 889 1668 927 atque

938 941 1091 975 bonitatis
1115 950 1232 974 arcano
1250 940 1289 973 ad
1312 938 1471 972 Ecclesiae
1489 937 1668 970 catholicae

938 1004 998 1037 per
1020 993 1207 1027 universum
1231 998 1388 1025 terrarum
1406 990 1518 1023 orbem
1536 988 1669 1023 diffusae

938 1046 1093 1090 regimen,
1113 1045 1236 1079 meritis
1252 1045 1328 1078 licet
1351 1043 1538 1087 imparibus,
1557 1042 1668 1082 evecti,

937 1109 1110 1140 sacrarum,
1134 1099 1245 1141 eisque
1270 1096 1488 1130 ancillantium
1511 1096 1670 1128 bonarum

938 1153 1118 1185 litterarum
1130 1151 1246 1190 studia,
1258 1160 1318 1193 per
1335 1159 1426 1192 quae,
1442 1148 1574 1191 depulsa
1584 1147 1671 1190 igno·

938 1205 1061 1238 rantiae
1091 1203 1247 1246 caligine,
1273 1208 1397 1235 mentes
1427 1200 1569 1234 veritatis
1600 1201 1671 1233 luce

939 1258 1166 1298 illustrantur,
1193 1262 1224 1289 et
1254 1266 1320 1290 non
1348 1255 1455 1288 minus
1491 1250 1691 1287 catholicae'

938 1310 1032 1351 fidei,
1059 1310 1222 1353 divinique
1258 1309 1362 1342 cultus
1386 1306 1610 1351 propagationi
1639 1311 1672 1339 et

939 1363 1155 1403 incremento,
1181 1372 1275 1405 quam
1299 1361 1442 1394 iustitiae
1467 1360 1672 1392 administra-

940 1415 1028 1456 tioni,
1055 1416 1189 1458 aliisque
1213 1413 1413 1457 reipublicae
1438 1412 1617 1446 commodis
1641 1416 1674 1445 et

940 1469 1155 1510 ornamentis,
1189 1468 1452 1512 privatorumque
1479 1465 1673 1498 utilitatibus

939 1522 1128 1562 consulitur,
1154 1521 1274 1563 ubique
1291 1521 1448 1559 locorum,
1471 1523 1503 1551 et
1526 1527 1673 1562 praeser-

938 1576 994 1608 tim
1011 1575 1044 1608 in
1064 1574 1287 1608 remotissimis
1309 1573 1348 1605 ab
1372 1573 1432 1605 hac
1452 1571 1567 1604 Sancta
1587 1571 1672 1604 Sede

938 1628 1101 1673 partibus,
1128 1631 1284 1670 quantum
1316 1625 1411 1658 nobis
1443 1635 1480 1657 ex
1504 1625 1569 1657 alto
1594 1633 1672 1657 con-

938 1681 1071 1721 ceditur,
1096 1689 1286 1723 promovere
1323 1689 1359 1710 ac
1383 1677 1516 1710 incitare
1542 1681 1574 1709 et
1598 1686 1674 1709 con-

938 1735 1046 1767 fovere
1072 1733 1246 1770 studemus,
1271 1731 1352 1763 sicut
1377 1729 1525 1763 omnibus
1550 1729 1674 1762 matura

938 1784 1198 1819 consideratione
1228 1783 1422 1826 perpensis,
1452 1782 1491 1814 ad
1524 1781 1673 1824 omnipo-

939 1839 1033 1872 tentis
1062 1837 1118 1870 Dei
1145 1836 1300 1880 gloriam,
1326 1835 1551 1877 Ecclesiaeque
1576 1835 1674 1866 decus

940 1897 971 1924 et
995 1890 1205 1934 praesidium,
1233 1899 1266 1920 ac
1292 1888 1493 1931 spiritualem
1519 1893 1676 1930 tempora-

939 1946 1067 1986 lemque
1086 1941 1344 1975 christifidelium
1367 1940 1539 1973 utilitatem
1557 1949 1675 1982 cogno-

940 1997 1059 2029 scimus
1090 1995 1122 2027 in
1152 1994 1285 2026 Domino
1311 1993 1482 2026 salubriter
1505 1992 1671 2035 expedire.

1563 193 1627 226 397
1672 201 1722 228 An·
1743 199 1772 229 C.
1792 198 1856 228 1681

1706 893 1846 915 Prooemium.

985 2051 999 2092 ς
1024 2049 1053 2080 t.
1080 2048 1206 2080 Dudum
1224 2045 1390 2089 siquidem,
1409 2046 1509 2078 seticis
1524 2047 1673 2078 recorda·
1710 2054 1754 2077 Oua
1765 2053 1866 2074 det-ama

1666 2098 1672 2103 ,
1684 2082 1705 2100 et
1719 2081 1783 2100 forma
1794 2084 1865 2101 ert-cta

942 2101 1038 2135 tionis
1071 2099 1257 2132 Innocentio
1284 2099 1342 2131 PP.
1374 2099 1399 2130 X
1430 2099 1867 2142 praedecessoriruernmczaaea-

942 2160 1050 2187 nostro
1075 2163 1132 2195 pro
1157 2157 1247 2195 parte
1276 2152 1381 2184 clarae
1405 2151 1578 2184 memoriae
1602 2150 1676 2183 Phi·

943 2207 1021 2249 lippi
1058 2205 1094 2237 lv
1123 2205 1198 2237 dum
1230 2204 1307 2236 vixit
1337 2203 1565 2246 Hispaniarum
1589 2203 1676 2245 regis

943 2258 1091 2291 catholici
1117 2256 1276 2300 exposito,
1300 2257 1387 2299 quod
1413 2256 1445 2288 in
1469 2256 1595 2288 civitate
1613 2256 1677 2288 Mo-

944 2311 1031 2344 nilan
1062 2311 1094 2343 in
1128 2310 1241 2343 insulis
1272 2309 1465 2352 Philippinis
1492 2318 1591 2341 unum
1617 2307 1676 2340 sub

946 2363 1208 2397 denominatione
1223 2363 1254 2395 S.
1273 2362 1414 2395 Thomae
1432 2362 1601 2404 collegium
1622 2360 1678 2393 Or-

946 2417 1029 2450 dinis
1056 2417 1187 2449 fratrum
1213 2416 1473 2449 Praedicatorum
1505 2413 1676 2454 existebat,

984 2499 993 2524 1
1018 2496 1089 2524 llaec
1116 2495 1253 2523 academia
1278 2495 1400 2522 instituta
1418 2495 1467 2522 suit
1492 2494 1525 2521 ab
1546 2494 1679 2522 Innocen-

947 2542 982 2569 tio
1003 2542 1021 2568 Χ
1042 2550 1090 2576 per
1106 2545 1213 2568 constit.
1235 2540 1332 2568 editam
1352 2548 1421 2568 anno
1440 2547 1555 2576 κυεην,
1570 2549 1680 2568 novem-

947 2586 1004 2612 bris
1019 2585 1065 2613 vdie
1085 2594 1127 2612 xx.

1685 2133 1762 2155 demta.
