2111 3157
17 212 64 240 An.
84 210 113 239 C.
133 210 200 238 1680

47 1056 115 1077 cmx
129 1055 163 1076 ΧΙ.

41 1082 100 1106 Quod
128 1082 196 1102 nunus

16 1108 144 1130 definitorum
151 1113 197 1133 pro·

16 1135 95 1156 eacttor
124 1135 196 1155 defen-

17 1162 54 1182 dat
73 1162 196 1181 sententiam

17 1193 81 1211 mam.
90 1189 128 1208 aut
138 1193 196 1208 reve-

16 1213 46 1235 let
58 1216 140 1235 secreta
162 1218 196 1234 ca-

17 1239 82 1268 pituli.

792 211 1006 237 INNOCENTIUS
1026 212 1057 236 XI
1082 212 1130 236 Pr.

249 271 291 294 lx.
330 261 555 294 Adhortentur
588 261 724 304 praelati
761 260 940 293 monachos

204 323 283 346 suos
308 319 339 346 et
363 314 550 347 commissos
582 320 617 346 ut
648 313 786 346 serviant
811 311 918 344 missis
934 329 941 342 ‚

203 366 358 399 adiuvent
382 367 414 400 in
432 367 596 400 exercitiis
614 367 791 400 monachos
808 370 840 398 et
856 375 942 397 com-

202 419 320 452 missos
359 420 558 453 monasterii.
599 420 805 453 Admoneant
844 416 942 450 etiarn

204 471 341 506 famulos
365 483 439 506 suos
465 478 499 505 ut
524 473 590 505 sint
621 472 770 511 discreti,
801 470 942 511 niorige·

203 526 279 566 rati,
305 531 336 558 et
360 531 493 558 caveant
519 536 537 557 a
561 524 840 562 contentionibus,
866 533 941 565 quia

203 578 279 611 inde
297 588 392 621 saepe
412 578 509 611 scand
518 578 568 610 ala
589 577 750 609 oriuntur.
773 575 939 608 Cellerarii
958 579 960 606 ὲ

203 640 278 663 vero
304 630 349 663 eis
373 630 565 673 provideant
591 629 629 662 de
654 627 858 661 necessariis.

246 692 276 715 x.
310 683 451 715 Durante
485 681 703 714 celebratione
729 679 878 723 capituli,
905 679 937 711 in

202 733 353 766 omnibus
375 733 643 776 congregationis
662 738 793 765 nostrae
810 742 938 764 monas-

203 786 300 825 teriis,
320 797 433 820 omnes
449 787 490 819 ad
512 787 613 820 Deum
632 796 746 829 preces
764 784 937 823 effundant,

203 843 234 872 et
252 841 426 882 praecipue
451 839 633 872 sacerdotes
651 838 682 871 in
701 838 799 870 missa
824 837 939 869 saciant

204 891 550 923 commemorationem
566 891 605 924 de
623 890 741 934 Spiritu
759 889 885 929 Sancto,
907 893 938 921 et

205 944 468 976 conventualiter
492 943 545 976 fiat
569 943 672 976 oratio
697 942 860 976 ordinaria
878 951 938 985 pro

206 994 293 1030 felici
307 996 483 1029 directione
497 1001 528 1029 et
541 995 627 1029 exitu
640 996 784 1028 eiusdem
799 994 937 1037 capituli.

207 1155 328 1199 pariter
352 1159 384 1187 et
407 1155 585 1194 honorem,
620 1153 761 1187 strictius
786 1154 939 1196 probibe-

207 1219 277 1241 mus
302 1218 341 1240 ne
374 1207 490 1251 aliquis
520 1207 726 1240 definitorum
759 1207 939 1250 procaciter

208 1271 297 1294 suam
332 1266 461 1293 tueatur
495 1260 701 1299 sententiam,
725 1260 937 1292 examinando

207 1317 414 1347 occurrentes
449 1323 573 1345 causas.
612 1312 674 1345 Sed
699 1312 723 1345 si
750 1313 826 1354 quid
857 1312 938 1344 sorte

209 1366 317 1399 dicere
333 1364 479 1405 voluerit,
498 1366 555 1397 sua
574 1364 714 1397 dictante
731 1364 937 1403 conscientia,

209 1424 243 1451 ut
266 1418 383 1452 clarius
407 1418 524 1451 veritas
549 1418 719 1456 elucescat,
738 1417 868 1460 praevia
885 1428 939 1460 pa-

210 1471 265 1504 tris
289 1470 502 1515 praesidentis
523 1470 661 1509 licentia,
676 1480 748 1501 cum
773 1470 859 1502 omni
881 1470 939 1502 liu-

207 1523 341 1556 militate
365 1528 398 1556 et
420 1522 578 1555 modestia
602 1522 634 1554 id
658 1528 829 1565 proponat.
850 1523 940 1555 Post-

208 1587 303 1620 quam
327 1586 419 1609 suum
444 1575 586 1608 emiserit
609 1581 728 1615 votum,
746 1575 879 1607 aliorum
898 1575 939 1608 iu-

209 1629 293 1662 dicio
318 1639 351 1661 se
376 1628 555 1661 submittat.
577 1627 608 1660 Si
633 1633 743 1661 contra
767 1628 889 1668 fecerit,
909 1634 941 1660 et

208 1686 375 1715 correctus
399 1691 433 1714 se
459 1691 525 1713 non
549 1681 778 1720 emendaverit,
802 1682 940 1724 expella-

251 1798 286 1822 11.
314 1787 426 1820 Nullus
451 1787 597 1829 insuper,
616 1792 680 1819 tam
696 1786 837 1829 ipsorum
864 1787 941 1819 desi-

208 1842 362 1879 nitorum,
383 1850 478 1883 quam
497 1840 594 1872 etiam
623 1840 766 1880 aliorum,
792 1851 942 1885 quacum-

209 1903 273 1936 que
290 1903 327 1926 ex
344 1894 439 1925 causa
456 1902 473 1924 a
491 1892 715 1925 definitoribus
732 1899 872 1934 vocatus,
891 1904 939 1932 ea,

209 1955 292 1988 quae
317 1949 494 1977 tractantur
523 1944 558 1977 in
589 1945 741 1987 capitulo,
764 1946 829 1978 sive
860 1949 963 1989 quael

207 1997 253 2030 ibi
279 1997 427 2036 audierit,
445 1997 588 2029 revelare
613 1997 736 2036 audeat,
756 1998 860 2031 donec
878 1999 943 2031 l'ue-

207 2050 250 2083 rit
272 2050 448 2093 capitulum
473 2050 674 2089 absolutum,
700 2055 732 2081 et
755 2051 890 2083 ulterius
916 2059 941 2092 si

208 2102 255 2136 rei
281 2102 415 2135 materia
439 2102 751 2145 poposcerit3q110d
777 2103 871 2135 etiam
896 2105 944 2137 in-

210 2155 421 2197 telligendum
452 2159 501 2186 est
531 2154 570 2186 de
602 2154 640 2186 iis
673 2165 754 2197 quae
789 2155 821 2187 in
848 2156 943 2189 dietis

209 2207 331 2240 suerint
356 2211 502 2239 tractata.

253 2270 299 2293 111.
328 2258 417 2297 Quod
436 2259 461 2292 si
483 2269 500 2291 a
517 2269 679 2302 quoquam
696 2264 809 2293 contra
826 2261 943 2294 sactum

210 2311 313 2351 suerit,
339 2312 383 2344 ita
408 2312 495 2354 quod
521 2312 708 2344 scandalum
733 2312 864 2354 oriatur,
891 2319 945 2346 aut

210 2363 427 2398 verisimiliter
451 2364 530 2396 oriri
555 2364 659 2407 possit
685 2364 785 2408 (quod
810 2367 943 2400 arbitrio

210 2416 341 2449 maioris
365 2416 465 2459 partis
490 2417 718 2458 definitorum,
746 2418 772 2450 si
798 2424 943 2462 tempore

211 2470 344 2513 capituli
369 2471 442 2503 talis
467 2471 621 2504 revelatio
652 2471 815 2514 publicata
838 2473 943 2514 suerit,

211 2523 260 2554 sin
285 2528 413 2563 autem,
440 2522 574 2555 arbitrio
606 2523 775 2565 regiminis
807 2525 944 2558 declare-

212 2575 298 2617 tur),
324 2574 351 2606 si
374 2574 504 2617 quidem
528 2575 599 2618 ipse
625 2575 777 2609 definitor
801 2577 853 2618 sit,
878 2579 944 2622 pri-

301 2636 380 2664 Ball.
401 2637 484 2665 Rom.
500 2652 534 2657 —
554 2638 612 2665 Vel.
635 2637 710 2665 XIX.
854 2640 886 2666 45

1615 204 1680 239 353

982 270 1034 292 mo
1059 259 1205 303 sequenti
1230 259 1369 304 capitulo
1385 269 1451 293 non
1467 260 1570 303 possit
1586 261 1662 304 eligi
1683 262 1713 294 in

984 311 1201 353 definitorem;
1227 318 1259 346 et
1275 313 1415 357 insuper,
1432 313 1457 345 si
1479 314 1615 347 durante
1634 316 1716 358 capi-

984 366 1049 397 tulo
1074 365 1112 397 de
1137 365 1193 398 tali
1217 367 1415 399 revelatione
1441 367 1636 407 constiterit,
1662 379 1713 400 ex-

983 418 1122 459 pellatur
1147 419 1185 451 de
1212 418 1418 460 definitorio,
1449 420 1581 453 arbitrio
1606 426 1713 454 tamen

983 469 1188 503 definitorum
1214 472 1261 514 (si
1287 482 1397 505 eorum
1423 473 1536 506 maiori
1561 474 1643 517 parti
1669 475 1714 507 vi-

982 522 1122 565 debitur)
1140 525 1351 557 revocandus.
1378 526 1409 558 Si
1434 537 1510 559 vero
1531 526 1570 566 is,
1590 527 1643 570 qui
1663 538 1713 560 re-

982 576 1135 609 velaverit
1158 577 1310 610 definitor
1333 589 1398 611 non
1424 579 1528 620 suerit,
1547 591 1605 623 pro
1636 592 1712 624 qua-

980 626 1066 660 litate
1099 630 1362 672 transgressionis
1392 631 1550 673 (arbitrio
1583 638 1711 676 patrum

980 679 1196 722 definitorum,
1215 682 1239 713 si
1258 688 1402 725 tempore
1427 685 1557 726 capituli
1583 696 1637 718 seu
1662 698 1712 719 re-

979 732 1133 776 giminis),
1153 734 1179 766 si
1205 734 1289 766 intra
1312 746 1431 768 annum
1458 738 1529 770 talis
1554 739 1710 772 revelatio

980 784 1077 817 suerit
1101 786 1299 828 pubblicata,
1323 788 1383 820 erit
1405 789 1600 831 puniendus,

1023 847 1043 871 1.
1069 837 1316 872 Conservatores
1333 841 1408 883 (hoc
1427 841 1518 884 titulo
1536 844 1709 886 praecipue

980 890 1136 933 insigniti,
1154 893 1238 935 quod
1256 895 1399 936 regulam
1417 900 1448 926 et
1464 896 1710 930 constitutiones

980 944 1261 987 Congregationis,
1280 957 1407 980 necnon
1434 948 1610 991 diplomata
1633 961 1713 993 pon-

958 1026 960 1038 ,
980 996 1078 1029 titieia
1103 1008 1163 1040 pro
1181 998 1249 1030 eius
1274 999 1360 1032 bono
1382 1000 1538 1042 regimine
1556 1009 1713 1043 emanata,

248 1059 269 1082 1.
297 1049 390 1090 Sane,
426 1054 461 1081 ut
496 1049 604 1082 omnia
640 1057 711 1081 cum
744 1048 798 1080 Dei
826 1048 960 1085 timore,

207 1102 396 1146 procedant,
425 1107 457 1135 et
481 1102 519 1134 ad
543 1102 671 1135 laudem
696 1101 795 1143 ipsius
824 1101 960 1139 cedant;

980 1059 997 1080 a
1034 1050 1330 1092 transgressoribus
1355 1051 1518 1085 vindicare
1548 1054 1710 1095 debeant;

981 1101 1106 1144 quibus,
1125 1101 1157 1133 in
1178 1103 1315 1134 maxima
1334 1109 1490 1146 potestate
1515 1107 1710 1148 constitutis,

981 1154 1106 1187 illarum
1135 1155 1282 1187 custodia
1306 1162 1338 1188 et
1361 1159 1513 1191 executio·
1540 1162 1711 1194 commissa

981 1207 1055 1249 est),
1074 1217 1145 1239 cum
1161 1208 1301 1250 primum
1324 1209 1543 1252 magistratum
1568 1212 1710 1255 inierint,

981 1259 1155 1301 diligenter
1171 1261 1378 1302 perpendant
1401 1268 1470 1295 acta
1494 1265 1612 1305 omnia,
1630 1266 1712 1299 vide-

980 1311 1054 1344 licet
1078 1312 1208 1345 decreta
1225 1313 1342 1346 nedum
1359 1325 1419 1358 pro
1442 1315 1711 1360 Congregatione,

957 1365 1089 1398 iverum
1120 1365 1214 1398 etiam
1248 1376 1306 1408 pro
1339 1367 1474 1410 singulis
1509 1372 1712 1405 monasteriis

981 1416 1045 1449 sive
1061 1417 1191 1459 publice
1211 1418 1275 1451 sive
1296 1419 1444 1461 privatim
1462 1421 1558 1461 edita,
1582 1424 1713 1456 electio-

958 1500 960 1511 ,
981 1480 1038 1502 nes
1063 1474 1095 1502 et
1119 1471 1337 1504 absolutiones
1358 1474 1585 1515 praelatorum,
1603 1487 1714 1510 mona-

981 1524 1114 1556 chorum
1150 1524 1372 1567 promotiones
1407 1528 1445 1559 ad
1477 1528 1651 1570 dignitates
1683 1536 1715 1564 et

959 1609 960 1615 ,
981 1577 1093 1616 officia,
1119 1577 1278 1611 iniunctas
1302 1579 1529 1622 poenitentias,
1547 1582 1714 1617 facultates

981 1629 1045 1661 sive
1078 1630 1225 1662 licentias
1257 1641 1436 1672 concessas,
1470 1635 1713 1669 commissiones

959 1710 960 1715 ,
982 1692 1093 1714 omnes
1106 1709 1113 1722 ,
1145 1693 1181 1715 ac
1213 1683 1444 1717 instructiones
1476 1688 1714 1721 commissario-

209 1741 260 1768 tur
277 1740 366 1768 extra
384 1734 615 1774 definitorium,
635 1740 671 1766 ut
686 1734 770 1766 infra
787 1745 873 1767 num.
890 1745 937 1767 111.
959 1734 962 1743 '

982 1745 1068 1773 rum,
1095 1735 1121 1767 si
1147 1735 1203 1778 qui
1227 1742 1323 1769 erunt
1351 1738 1401 1770 vel
1426 1738 1546 1772 suerint
1570 1741 1714 1784 deputati

959 1803 964 1834 ³.
982 1789 1028 1820 vel
1049 1788 1224 1830 deputandi
1239 1790 1430 1833 respective,
1445 1796 1476 1824 et
1493 1803 1714 1837 quaecumque

982 1841 1044 1872 alia
1078 1841 1356 1875 animadversione
1393 1843 1498 1886 digna,
1535 1847 1716 1888 quomodo-

982 1903 1119 1935 cumque
1155 1904 1214 1936 per
1245 1895 1428 1937 praesidem
1458 1898 1509 1930 vel
1534 1898 1714 1932 visitatores

983 1950 1035 1976 aut
1058 1945 1203 1988 regimen
1229 1946 1261 1978 in
1294 1947 1377 1980 dieta
1408 1948 1537 1982 triennii
1569 1951 1715 1993 proxime

983 1999 1084 2040 elapsi
1109 2005 1197 2041 gesta
1222 2005 1254 2032 et
1277 2000 1440 2041 ordinata;
1459 2013 1542 2045 quae
1560 2005 1666 2037 onmia
1684 2006 1716 2037 in

984 2051 1114 2094 scriptis
1132 2053 1254 2095 optimo
1274 2053 1388 2086 ordine
1406 2054 1531 2096 digesta
1555 2067 1571 2088 a
1591 2059 1717 2090 cancel-

984 2104 1064 2137 lario
1089 2105 1255 2147 regiminis
1279 2106 1319 2138 ad
1344 2116 1457 2139 eorum
1488 2108 1629 2142 tribunal
1658 2121 1717 2153 per

984 2158 1092 2200 ipsum
1106 2158 1224 2190 deferri
1237 2159 1447 2200 mandabunt,
1460 2170 1588 2194 necnon
1604 2173 1716 2196 omnes

984 2210 1167 2243 sanctiones
1183 2236 1190 2250 ‚
1227 2209 1467 2251 ordinationes,
1504 2214 1715 2255 provisiones,

985 2262 1113 2295 decreta
1133 2267 1165 2294 et
1189 2267 1258 2295 acta
1282 2263 1399 2303 omnia,
1418 2274 1500 2306 quae
1525 2275 1585 2307 per
1608 2266 1718 2299 desini-

984 2319 1069 2347 tores
1092 2314 1125 2347 in
1150 2315 1301 2358 capitulo,
1321 2316 1409 2358 quod
1433 2321 1508 2349 tunc
1525 2318 1716 2360 celebratur,

985 2368 1069 2400 edita
1095 2372 1127 2400 et
1150 2373 1266 2401 statuta
1291 2368 1424 2410 suerint,
1456 2380 1474 2402 a
1499 2371 1606 2404 scriba
1631 2373 1718 2416 capi-

985 2420 1042 2452 tuli
1066 2419 1099 2452 in
1123 2420 1192 2453 eius
1216 2420 1295 2453 solio
1316 2426 1477 2462 annotata,
1499 2424 1650 2457 similiter
1666 2436 1718 2458 ac-

984 2473 1113 2516 cipiant,
1131 2478 1165 2505 ut
1182 2484 1228 2514 ea,
1246 2478 1417 2517 antequam
1435 2475 1649 2518 publicentur,
1668 2489 1718 2510 ac-

984 2532 1093 2559 curate
1119 2526 1304 2559 examinent
1328 2533 1360 2560 et
1383 2535 1626 2571 recognoscant,
1652 2541 1718 2564 non

984 2579 1116 2623 quidem
1131 2584 1292 2624 tamquam
1309 2579 1431 2613 iudices
1450 2582 1716 2627 appellationum,

1724 215 1772 241 An.
1795 214 1821 242 C.
1843 216 1908 243 issSO

1749 858 1817 879 Carm-
1835 859 1876 879 xit.

1736 884 1765 904 Do
1777 885 1844 905 officio
1855 891 1904 906 eon-

1724 914 1860 932 servatorum.
