2111 3157
212 238 264 264 An.
285 237 314 267 C.
333 238 402 267 1688
449 229 512 263 856

447 298 544 322 xxvii.
571 287 603 321 Si
639 286 808 328 contingat
842 284 1058 318 reverendum
1090 295 1146 328 pa-

406 348 488 375 trem
513 342 651 374 durante
677 339 818 382 capitulo
842 338 1028 371 infirmitate
1060 339 1145 370 tanta

406 394 556 432 detineri,
584 393 672 437 quod
698 403 763 425 non
789 391 893 435 possit
912 391 950 424 ad
969 392 1076 424 aulam
1094 402 1145 424 ca-

405 448 499 493 pituli
513 447 696 484 ascendere,
713 451 800 484 tunc,
813 445 875 477 nisi
890 444 985 478 aliter
999 455 1033 478 ex
1050 447 1144 477 causa

405 501 602 534 reverendus
626 504 718 542 pater
742 497 948 538 ordinaverit,
975 497 1064 541 prior
1090 498 1146 530 do-

405 564 478 586 mus
504 553 553 586 ss.
576 552 734 596 Stephani
760 556 792 585 et
816 551 991 591 Brunonis,
1018 552 1078 590 vel,
1105 561 1144 584 eo

405 608 551 646 absente,
577 606 668 651 prior
692 606 871 646 Portarum,
904 610 973 646 aut,
999 605 1143 648 utrisque

405 660 602 699 absentibus,
628 659 717 703 prior
749 658 943 703 antiquioris
969 658 1082 692 domus
1107 670 1142 691 ex

406 714 455 747 liis
477 723 616 757 quarum
634 712 760 757 priores
778 712 900 746 ibidem
921 712 1069 753 aderunt,
1088 713 1144 745 do-

405 766 523 799 minica
548 766 599 799 die
624 771 699 810 post
722 775 873 809 vesperas
897 766 931 798 in
960 767 1032 798 aula
1058 765 1144 809 capi-

405 820 473 860 tuli,
491 820 608 854 sedens
625 819 658 852 in
674 819 780 863 capite
801 819 923 853 scamni
943 830 1048 863 prope
1068 820 1145 852 scri-

403 873 489 914 bam,
514 872 610 907 saciet
627 878 658 906 et
675 873 762 906 dicet
781 873 888 906 omnia
906 882 987 916 quae
1005 871 1142 906 diximus

405 927 617 960 neverendum
643 930 767 970 patrem
793 926 914 959 debere
948 926 1068 958 dicere.
1106 925 1144 958 Et

405 981 483 1013 seria
508 980 650 1013 secunda
675 979 826 1012 similiter
856 979 973 1012 sedens
1007 978 1040 1012 in
1070 979 1142 1012 loco

404 1033 606 1078 supradicto,
633 1038 707 1076 post
730 1042 933 1072 sermonem,
961 1032 1143 1066 nominabit

403 1098 504 1120 unum
529 1087 704 1120 electorem
730 1085 939 1119 definitorum
964 1084 1025 1118 sibi
1052 1096 1068 1117 a
1093 1095 1143 1118 re-

403 1141 546 1174 verendo
572 1145 665 1180 patre
700 1149 759 1183 pro
785 1144 877 1183 parte
914 1140 973 1171 sua
999 1138 1143 1172 nomina-

403 1200 491 1234 tum,
519 1198 551 1227 et
574 1198 747 1237 postquam
772 1192 826 1225 alii
852 1191 997 1235 quinque
1023 1191 1143 1224 fuerint

403 1246 561 1282 nominati
587 1247 758 1285 electores,
783 1246 879 1278 ducet
896 1255 951 1278 eos
971 1255 1084 1278 omnes
1104 1244 1142 1280 ad

403 1301 519 1334 cellam
544 1299 715 1333 reverendi
740 1298 853 1342 patris,
880 1297 912 1330 in
938 1308 1000 1341 qua
1024 1297 1144 1339 eligen-

404 1359 458 1386 tur
494 1353 704 1393 desinstores,
740 1356 773 1385 et
811 1351 1012 1385 reverendus
1050 1356 1144 1394 pater

403 1406 584 1440 committet
607 1406 713 1449 primo
731 1404 895 1438 delinitori
921 1404 1142 1437 omnimodam

403 1471 493 1494 suam
518 1464 714 1504 potestatem
739 1463 771 1491 et
795 1458 1033 1492 auctoritatem.
1072 1456 1143 1496 Qui-

403 1513 463 1546 bus
494 1511 657 1556 peractis,
683 1512 788 1545 dictus
823 1510 912 1554 prior
948 1510 1141 1554 antiquioris

404 1567 531 1606 domus,
557 1576 704 1599 reversus
729 1565 767 1597 ad
792 1565 908 1605 aulam,
934 1564 967 1597 in
993 1564 1069 1597 sede
1087 1566 1143 1596 sua

403 1619 571 1664 praedicta
595 1618 773 1663 publicabit
805 1617 1005 1658 definitores,
1031 1622 1064 1650 et
1088 1618 1143 1650 de-

404 1672 540 1706 clarabit
559 1672 645 1716 quod
671 1671 868 1704 reverendus
886 1676 989 1714 pater,
1009 1669 1143 1703 infirmi-

405 1732 468 1759 tate
492 1725 715 1770 praepeditus,
742 1724 962 1757 omnimodam
982 1734 1070 1757 suam
1088 1734 1141 1767 po-

403 1785 553 1813 testatem
583 1785 614 1812 et
649 1777 874 1812 auctoritatem
913 1777 1003 1810 dedit
1038 1778 1142 1821 primo

404 1832 623 1873 definitori‚et
647 1842 684 1865 ex
710 1837 785 1864 tunc
810 1841 871 1874 per
896 1835 997 1863 totum
1022 1831 1144 1874 capitu-

405 1890 483 1928 lum,
509 1897 611 1930 usque
637 1886 676 1919 ad
701 1885 808 1924 finem,
845 1885 1035 1929 praedictus
1068 1883 1144 1917 desi-

404 1939 491 1972 nitor
522 1938 721 1983 praesidebit
756 1942 787 1972 et
822 1938 854 1971 in
878 1935 1046 1981 praedicto
1071 1939 1142 1971 loco

405 1992 542 2026 sedebit.

448 2056 558 2079 xxviii.
586 2043 780 2078 Desinitores
811 2044 907 2077 electi
932 2050 963 2078 et
986 2044 1142 2088 publicati

405 2100 528 2132 habent
563 2098 757 2131 auctoritate
792 2097 972 2141 apostoliea
1002 2103 1033 2130 et
1057 2098 1144 2142 eapi-

405 2153 461 2185 tuli
495 2151 655 2196 generalis
680 2151 919 2195 plenitudinem
951 2152 1140 2195 potestatis,

404 2208 469 2239 una
492 2217 563 2239 cum
584 2205 765 2238 reverendo
783 2210 884 2249 patre,
903 2205 1064 2246 ordinare,
1083 2211 1144 2238 sta-

408 2265 496 2292 tuere
521 2264 553 2292 et
574 2258 723 2300 delinire,
744 2269 825 2302 quae
844 2258 1024 2292 secundum
1046 2258 1144 2292 Deum

407 2318 438 2345 et
455 2312 615 2357 propositi
631 2311 868 2345 carthusiensis
882 2311 1144 2345 observationem

407 2365 523 2399 melius
549 2370 582 2398 et
608 2365 715 2398 utilius
741 2365 773 2397 in
799 2365 870 2409 ipso
896 2365 1038 2408 capitulo
1064 2365 1144 2397 vide·

408 2419 474 2451 rint
499 2419 689 2452 ordinanda.
715 2419 761 2453 Ita
785 2419 957 2459 dumtaxat,
984 2424 1026 2459 ut,
1053 2418 1145 2461 quid-

409 2472 486 2516 quid
512 2472 551 2505 ab
577 2473 726 2506 omnibus
751 2472 796 2505 eis
821 2473 871 2506 vel
896 2473 1009 2505 saltem
1034 2482 1051 2504 a
1083 2481 1146 2503 ma-

409 2526 470 2559 iori
496 2531 587 2569 parte
613 2526 757 2558 omnium
781 2526 936 2569 ipsorum,
969 2526 1032 2559 hoc
1056 2530 1104 2558 est
1129 2536 1146 2557 a

410 2579 551 2624 quinque
586 2579 752 2612 delinitum
784 2580 880 2612 suerit
912 2584 944 2612 et
968 2583 1144 2617 statutum,

410 2633 538 2678 plenam
566 2632 682 2665 habeat
707 2633 739 2665 in
767 2638 831 2666 toto
863 2632 981 2666 Ordine
1013 2631 1171 2667 sumita-i

997 235 1177 260 nt'LLAntL'M
1201 233 1353 261 ROMANLM

1190 288 1267 316 tem.
1294 284 1362 318 Iloc
1386 290 1533 329 excepto,
1558 286 1651 330 quod,
1674 292 1783 320 eontra
1802 288 1922 332 aliquid

1189 347 1316 377 eorum,
1343 349 1425 381 quae
1450 339 1658 372 continentur
1675 340 1707 372 in
1728 341 1779 373 his
1800 342 1923 375 statutis

1188 390 1291 422 nostri
1324 390 1473 431 Ordinis,
1507 391 1589 424 nihil
1622 392 1728 435 possit
1753 393 1852 426 statui
1883 394 1923 427 de

1188 449 1306 483 cetero,
1332 454 1390 487 per
1414 445 1501 488 quod
1525 445 1676 488 antiquus
1696 445 1783 488 rigor
1798 446 1924 481 Carthu-

1188 497 1304 530 siensis
1319 497 1448 531 Ordinis
1463 498 1635 539 minuatur,
1654 499 1715 532 nisi
1731 500 1770 533 de
1790 510 1924 533 assensu

1186 550 1332 584 omnium
1356 550 1565 584 definitorum
1598 557 1629 584 et
1653 562 1815 585 consensu
1847 563 1924 586 con-

1187 609 1299 636 ventus
1343 604 1534 638 Carthusiae
1568 606 1617 638 vel
1653 605 1783 638 maioris
1821 606 1922 649 partis

1187 656 1299 700 ipsius,
1321 657 1375 689 ubi
1400 656 1486 690 Ordo
1511 657 1692 690 huiusmodi
1719 663 1826 691 ortum
1853 668 1924 691 coe-

1187 710 1242 753 pit,
1267 721 1328 743 nec
1354 716 1429 744 tune
1453 710 1513 743 nisi
1538 721 1599 755 per
1622 711 1684 745 duo
1703 705 1857 745 c'ontinua
1876 722 1924 746 ca-

1186 763 1289 806 pitula
1313 764 1523 807 approbetur.

1229 827 1311 851 xxtx.
1339 818 1386 851 Ad
1412 818 1494 851 haec
1511 818 1607 851 etiarn
1630 819 1817 852 ordinamus
1835 820 1921 864 quod

1187 870 1384 914 dispensatio
1403 871 1441 904 ad
1460 872 1690 905 relaxationem
1708 871 1835 905 Ordinis
1852 883 1924 916 per-

1187 923 1292 956 tinens
1319 934 1391 956 cuni
1416 924 1522 967 aliqua
1547 926 1597 957 vel
1630 924 1793 968 aliquibus
1819 925 1923 958 domi-

1185 975 1245 1009 bus
1278 975 1415 1016 Ordinis,
1442 977 1630 1021 specialiter
1660 989 1719 1021 per
1743 978 1920 1022 capitulum

1186 1031 1340 1072 generale
1373 1031 1424 1064 vel
1461 1031 1639 1064 revendum
1665 1037 1791 1075 patrem
1815 1032 1920 1073 sacta,

1187 1093 1252 1116 non
1282 1084 1406 1123 valeat,
1432 1095 1492 1117 nec
1526 1086 1563 1118 ea
1595 1085 1766 1128 quisquam
1792 1090 1921 1126 utatur,

1186 1147 1355 1181 usquequo
1388 1148 1447 1181 per
1483 1139 1545 1172 duo
1578 1138 1722 1182 capitula
1757 1139 1923 1182 generalia

1186 1190 1283 1223 suerit
1318 1192 1509 1236 approbata.
1547 1191 1637 1230 Quod
1668 1192 1693 1225 si
1727 1202 1809 1236 quae
1842 1193 1922 1226 tales

1186 1243 1443 1287 dispensationes
1461 1245 1618 1278 hactenus
1635 1244 1700 1278 sint
1718 1245 1826 1285 factae,
1848 1255 1922 1277 cum

1186 1297 1291 1340 aliqua
1316 1299 1365 1332 vel
1391 1298 1553 1342 aliquibus
1577 1298 1724 1331 domibus
1752 1308 1812 1342 per
1839 1298 1923 1342 eapi-

1187 1350 1288 1383 tulum
1313 1351 1464 1393 generale
1489 1352 1538 1384 vel
1558 1361 1617 1394 per
1636 1351 1850 1384 reverendum
1868 1361 1922 1394 pa-

1186 1408 1275 1443 trem,
1302 1414 1384 1447 quae
1402 1414 1467 1437 non
1489 1404 1608 1437 suerint
1625 1414 1686 1447 per
1702 1404 1766 1437 duo
1783 1404 1923 1447 capitula

1186 1457 1341 1490 continua
1365 1457 1572 1500 approbatae,
1599 1457 1817 1490 exhibeantur
1847 1467 1924 1501 pro-

1187 1510 1271 1544 ximo
1298 1511 1441 1554 generali
1475 1511 1618 1554 capitulo
1643 1511 1770 1552 futuro,
1803 1516 1838 1544 ut
1863 1522 1923 1555 per

1186 1564 1264 1597 illud
1289 1564 1524 1598 confirmentur
1548 1565 1598 1598 vel
1623 1564 1808 1597 irritentur:
1836 1565 1923 1608 quod

1186 1617 1211 1650 si
1237 1628 1303 1651 non
1329 1617 1393 1658 siat,
1417 1618 1525 1651 nullus
1550 1618 1613 1651 illis
1635 1618 1679 1650 uti
1701 1617 1787 1651 licite
1805 1618 1920 1662 possit.

1229 1682 1300 1704 xxx.
1327 1671 1537 1705 Ordinatione
1563 1676 1670 1705 autem
1695 1682 1751 1704 seu
1772 1672 1924 1705 constitu-

1187 1724 1276 1757 tione
1311 1735 1370 1768 per
1399 1725 1575 1769 capitulum
1608 1725 1700 1765 saeta,
1740 1735 1821 1768 quae
1858 1735 1923 1758 non

1186 1778 1351 1822 pertinent
1375 1778 1414 1812 ad
1438 1778 1674 1812 relaxationem
1707 1778 1836 1822 rigoris,
1863 1778 1924 1811 uti-

1187 1842 1258 1864 mur
1282 1831 1396 1865 eodem
1427 1841 1512 1864 anno
1544 1842 1608 1875 quo
1640 1832 1722 1865 sacta
1747 1836 1813 1865 est:
1846 1831 1923 1871 sed,

1186 1883 1247 1917 nisi
1272 1894 1331 1928 per
1347 1894 1487 1927 sequens
1506 1884 1682 1927 capitulum
1701 1884 1922 1925 confirmetur,

1187 1947 1257 1970 eam
1283 1936 1422 1980 amplius
1446 1947 1512 1969 non
1531 1947 1708 1970 servamus.
1731 1936 1832 1970 Porro
1853 1937 1923 1970 hor-

1188 1996 1293 2028 tamur
1318 2001 1383 2030 eos,
1410 1990 1463 2034 qui
1495 1989 1573 2024 huic
1604 1990 1747 2034 capitulo
1778 1990 1923 2034 generali

1188 2044 1303 2077 suturis
1321 2044 1522 2087 praefuerint
1541 2044 1750 2087 temporibus,
1765 2050 1808 2085 ut,
1824 2055 1925 2088 quan-

1189 2103 1255 2129 tum
1281 2096 1350 2129 lieri
1382 2097 1511 2140 poterit,
1539 2102 1570 2130 et
1594 2097 1656 2130 nisi
1694 2107 1748 2130 eos
1781 2097 1925 2140 coegerit

1188 2150 1388 2191 necessitas,
1426 2156 1480 2183 aut
1517 2150 1589 2183 talis
1629 2161 1721 2183 casus
1756 2150 1926 2184 emerserit

1188 2205 1243 2248 qui
1269 2214 1328 2248 per
1352 2204 1415 2237 iam
1450 2204 1536 2237 edita
1571 2209 1685 2237 statuta
1721 2204 1827 2238 decidi
1859 2215 1924 2237 non

1188 2258 1304 2301 possit,
1332 2263 1365 2290 et
1389 2257 1443 2300 qui
1471 2256 1654 2290 necessario
1687 2257 1925 2291 ordinationem

1188 2321 1305 2343 novam
1331 2310 1457 2353 exigat,
1485 2310 1523 2342 ab
1549 2309 1791 2343 ordinationum
1819 2309 1926 2343 multi-

1188 2363 1364 2407 plicatione
1390 2373 1529 2396 onerosa
1550 2363 1743 2396 abstineant.
1768 2363 1926 2396 Poterunt

1189 2423 1297 2449 tamen
1323 2417 1429 2449 facere
1455 2416 1695 2449 admonitiones
1725 2426 1782 2449 seu
1808 2416 1926 2448 exhor-

1189 2471 1329 2503 tationes
1348 2470 1432 2502 circa
1449 2469 1566 2512 aliqua,
1582 2469 1627 2501 sic
1644 2469 1795 2502 dicendo:
1815 2469 1927 2502 Admo-

1190 2534 1302 2556 nemus
1338 2523 1424 2566 quod
1462 2523 1524 2555 hoc
1546 2523 1603 2555 =vel
1629 2521 1710 2554 illud
1735 2521 1926 2564 corrigatur,

1189 2578 1237 2610 vel
1264 2582 1296 2608 ut
1321 2576 1384 2609 hoe
1407 2576 1457 2610 vel
1482 2575 1562 2609 illud
1599 2575 1652 2608 siat
1680 2575 1729 2608 vel
1756 2584 1820 2607 non
1846 2573 1924 2606 fiat:

1184 2635 1221 2664 vet
1253 2630 1441 2663 huiusmodi
1474 2628 1713 2662 admonitiones
1744 2638 1810 2661 non
1843 2627 1928 2661 inse-

1929 240 1979 267 An.
2001 241 2030 269 C.
2049 243 2111 272 1038
