2111 3157
185 208 236 254 4¹¹·
253 206 281 234 c.
305 207 372 235 ἐει
417 198 481 233 598

378 257 482 290 nostri
507 257 611 300 Papae
637 256 755 289 vicario
780 255 936 298 generali,
958 259 1031 295 etc.,
1050 264 1117 287 me-

380 320 462 352 que,
497 315 570 349 ete,
608 308 808 341 reverendus
848 313 943 351 pater
980 307 1116 340 Ioannes

377 362 493 396 Paulus
518 362 557 395 de
582 361 720 394 Rocchis
739 361 785 394 uti
803 366 996 404 procurator
1016 370 1116 393 sacer-

378 415 486 448 dotum
522 414 774 454 conviventium,
799 419 893 457 atque
919 413 1114 447 eminentiae

377 478 452 500 suae
467 468 655 511 suppliciter
679 467 836 511 exposuit,
862 468 946 510 quod
964 467 1052 507 alias,
1075 468 1113 500 ad

375 531 489 563 preces
515 526 547 554 et
570 520 834 564 cooperationem
868 520 1034 564 quondam
1065 531 1115 553 re-

375 574 507 606 verendi
530 574 709 613 sacerdotis
741 573 829 606 Pauli
854 573 979 615 Mottae,
1005 578 1113 607 aucto-

374 627 468 660 ritate
493 627 678 669 apostolica,
706 632 738 660 et
765 637 826 670 per
857 627 958 660 Breve
984 632 1112 660 sanctae

374 680 548 713 memoriae
574 680 662 713 Pauli
688 680 792 724 Papae
827 680 848 713 V
880 681 937 713 sub
969 681 1020 714 die
1052 691 1111 714 xxx

373 733 453 765 iunii
477 743 593 773 mccxx,
617 733 863 767 confraternitas
897 744 955 767 seu
980 745 1113 778 congre-

373 786 459 828 gatio
485 787 523 819 de
549 786 794 820 Mortificatione
833 793 1018 831 nuncupata
1053 788 1111 821 sub

373 839 573 872 invocatione
600 839 832 873 Purificationis
859 840 976 874 Beatae
994 840 1110 873 Mariae

372 892 511 935 Virginis
534 893 568 926 in
592 893 728 926 ecclesia
751 904 808 926 seu
832 893 974 927 oratorio
999 893 1112 927 Purifi-

371 945 506 979 cationis
528 946 643 979 Beatae
668 946 784 980 Mariae
810 958 914 991 prope
939 947 1109 982 ecclesiam

371 999 402 1032 S.
429 999 590 1032 Laurentii
615 1000 649 1033 in
675 1000 809 1034 Damaso
835 1001 874 1035 de
899 1001 983 1035 Urbe
1005 1007 1111 1035 erecta

371 1057 403 1085 et
426 1052 572 1086 instituta
589 1053 666 1094 suit3
694 1064 775 1097 quae
801 1055 1009 1098 postmodum
1033 1065 1111 1088 con-

371 1106 553 1139 fraternitas
579 1116 637 1139 seu
654 1107 863 1150 congregatio
881 1108 920 1141 ad
938 1109 1110 1142 ecclesiam

369 1159 400 1192 S.
429 1159 634 1193 pantaleonis
660 1159 693 1192 in
718 1160 878 1194 Montibus
915 1172 974 1205 per
1010 1162 1110 1195 Breve

369 1218 497 1246 sanctae
534 1213 709 1246 memoriae
741 1214 923 1248 innocentii
949 1214 1052 1258 Papae
1085 1215 1110 1248 X

369 1265 428 1298 sub
454 1265 505 1298 die
530 1276 574 1299 v11
598 1266 739 1299 octobris
757 1277 905 1307 Mncxmx,
928 1273 959 1300 et
979 1269 1037 1300 sub
1056 1268 1111 1301 de-

369 1319 592 1352 nominatione
617 1319 648 1352 S.
676 1319 806 1363 Iosephi
824 1325 856 1353 et
874 1320 1109 1354 purificationis

369 1371 486 1404 Beatae
515 1372 640 1412 Mariae,
668 1374 823 1406 translata
848 1378 879 1406 et
904 1374 1010 1407 denuo
1042 1384 1111 1407 erc-

370 1429 428 1465 cta,
453 1424 563 1468 ibique
595 1430 659 1458 tam
684 1435 742 1468 per
778 1426 964 1459 sacerdotes
1002 1427 1110 1460 convi-

369 1483 481 1511 ventes
506 1489 600 1521 quam
631 1479 727 1512 etiam
760 1489 817 1522 per
846 1479 926 1513 alios
959 1480 1111 1513 sacerdo-

372 1537 418 1564 tes
444 1537 476 1565 et
500 1532 600 1565 laicos
629 1542 694 1565 non
730 1533 935 1566 conviventes
969 1533 1111 1567 exercita

369 1585 542 1628 reperitur.
561 1584 669 1629 Nuper
683 1596 770 1625 vero,
788 1586 1011 1619 animadverso
1024 1587 1110 1630 quod

370 1638 507 1681 praefati
532 1649 595 1671 non
632 1639 840 1673 conviventes
876 1640 1110 1683 impedimento

370 1691 478 1735 potius
504 1702 599 1735 quam
624 1692 741 1725 auxilio
767 1693 982 1726 confratribus
1007 1693 1112 1726 convi-

371 1745 520 1778 ventibus
557 1745 741 1779 oratoribus
766 1747 798 1779 in
824 1757 936 1780 eorum
961 1747 1111 1790 spiritua-

371 1798 456 1833 libus
481 1798 644 1831 exercitiis
670 1799 815 1840 aderant,
841 1799 938 1833 iidem
964 1805 1110 1833 oratores

373 1862 488 1896 preces
513 1852 716 1886 sanctissimo
743 1853 873 1886 domino
891 1858 1002 1886 nostro
1024 1853 1111 1886 Inno-

374 1905 481 1938 centio
506 1904 544 1937 Xl
568 1911 787 1948 porrexerunt
808 1916 866 1949 pro
887 1906 1111 1949 segregatione

374 1964 406 1991 et
419 1958 598 1991 remotione
614 1959 771 1992 dictorum
787 1970 850 1992 non
864 1959 1110 1999 conviventium,

376 2017 407 2044 et
431 2012 653 2044 stabilimento
679 2012 820 2045 formalis
846 2011 1112 2055 Congregationis

375 2065 517 2109 ipsorum
542 2066 747 2099 sacerdotum
772 2072 803 2099 et
827 2066 1019 2100 clericorum
1044 2076 1114 2098 con-

377 2119 551 2152 viventium
578 2124 713 2160 tantum‚
740 2119 799 2152 sub
825 2118 921 2152 certis
943 2118 1064 2161 regulis
1083 2124 1114 2151 et

380 2172 681 2211 constitutionibus,
713 2173 783 2205 zelo
809 2177 841 2205 et
864 2171 1036 2215 prudentia
1060 2182 1114 2205 ve-

381 2226 533 2258 nerabilis
559 2226 734 2259 memoriae
760 2226 859 2269 patris
884 2225 1015 2258 Mariam·
1041 2224 1115 2258 Soz-

380 2279 443 2311 zini
470 2279 651 2322 compilatis
673 2284 704 2311 et
729 2278 904 2322 dispositis,
931 2289 1008 2321 quas
1034 2279 1115 2311 facto

383 2332 575 2365 eminentiae
600 2343 677 2365 suae
714 2333 934 2365 exhibuerunt
970 2332 1113 2371 tenoris,

385 2390 448 2417 etc.
474 2385 625 2428 Idemque
646 2386 869 2418 Sanctissimus
888 2395 1000 2428 preces
1027 2395 1117 2427 prae-

385 2437 485 2471 dictas
510 2439 549 2471 ad
574 2449 697 2471 sacram
726 2438 1017 2481 Congregationem
1042 2438 1117 2471 visi-

957 205 1137 231 auttamuu
1161 191 1312 230 Romnum

1160 252 1397 296 Rospigliosum
1423 255 1454 287 in
1487 254 1696 295 visitatorem,
1732 258 1894 299 assignato

1158 307 1347 340 caodiutore
1373 309 1554 341 reverendo
1571 314 1662 352 patre
1681 309 1810 343 domino
1832 310 1896 343 Pic-

1158 360 1358 401 colomineo,
1385 361 1571 405 specialiter
1603 362 1781 406 deputavit.
1807 364 1895 398 Idem

1158 412 1431 447 eminentissimus
1455 414 1602 448 visitator
1618 416 1744 448 censuit
1769 417 1894 459 erigen-

1157 465 1229 497 dam
1255 476 1325 499 esse
1351 466 1497 500 formiter
1513 466 1802 510 Congregationem
1820 479 1895 502 con-

1156 518 1331 552 viventium
1356 525 1489 560 tantum,
1515 520 1653 553 exclusis
1677 521 1893 556 confratribus

1156 572 1330 614 praedictis
1355 582 1420 606 non
1436 573 1679 607 conviventibus
1697 584 1714 606 a
1735 575 1895 617 gubernio

1156 630 1186 659 et
1220 626 1434 669 dispositione
1467 638 1581 660 eorum
1617 637 1698 670 quae
1730 628 1769 661 ad
1805 628 1895 662 Con—

1155 679 1378 722 gregationem
1418 680 1615 723 praedictam
1656 681 1894 716 conviventium

1155 733 1329 774 pertinent,
1357 738 1388 765 et
1412 736 1573 766 reservata
1597 734 1805 767 solummodo
1834 735 1894 768 eis·

1155 785 1227 818 dem
1253 786 1401 820 facultate
1427 796 1461 819 se
1495 786 1713 829 congregandi
1739 792 1771 820 et
1794 798 1894 831 opera

1905 207 1954 233 An.
1971 206 1999 234 C.
2021 208 2086 236 ¹684

1154 838 1284 881 pietatis
1310 839 1482 872 exercendi
1510 839 1541 872 in
1567 840 1729 873 mansione
1749 850 1805 873 seu
1825 852 1894 875 ora·
1936 867 1943 876 ,

1155 892 1236 925 torio
1267 902 1325 936 pro
1351 892 1512 926 exercitiis
1548 893 1721 936 praedictis
1756 895 1816 927 sub
1848 894 1895 928 di-

1153 945 1300 978 rectione
1329 945 1533 978 sacerdotum
1558 946 1796 980 conviventium
1821 958 1894 982 exe-

1154 998 1303 1041 quendis.
1332 998 1379 1031 Ad
1404 998 1494 1031 cuius
1520 999 1712 1033 visitationis
1738 1005 1892 1042 tenorem,

1153 1060 1243 1084 sacra
1279 1050 1493 1094 Congregatio
1529 1062 1622 1085 suurn
1661 1052 1825 1086 decretum
1862 1059 1894 1087 et

1154 1104 1418 1138 commissionem
1444 1105 1479 1138 E.
1506 1105 1540 1138 Υ.
1570 1106 1722 1139 directam
1749 1107 1894 1151 interpo-

1153 1157 1217 1190 suit
1231 1158 1290 1190 sub
1306 1157 1419 1191 diebus
1433 1168 1483 1192 xvi
1502 1158 1696 1202 septembris
1709 1169 1894 1194 unctxxxm

1153 1216 1185 1244 et
1209 1221 1265 1245 xui
1290 1211 1427 1244 ianuarii
1452 1221 1646 1246 muctxxxiv.
1691 1211 1894 1257 Quapropter

1153 1270 1296 1297 oratores
1314 1265 1462 1309 praefati,
1480 1265 1517 1298 ad
1538 1265 1763 1299 executionem
1788 1266 1892 1310 ipsius

1153 1318 1282 1358 decreti,
1310 1323 1341 1350 et
1364 1318 1403 1351 ad
1430 1318 1626 1352 erectionem
1645 1319 1791 1353 eiusdem
1812 1319 1893 1354 Con-

1153 1371 1350 1414 gregationis
1375 1371 1434 1404 sub
1460 1372 1552 1405 titulo
1577 1373 1608 1406 S.
1628 1372 1767 1416 losephi,
1788 1378 1819 1407 et
1839 1384 1893 1417 ap-

1153 1424 1378 1467 probationem
1389 1424 1605 1467 praefatarum
1616 1426 1892 1467 constitutionum,

1154 1478 1285 1520 procedi
1320 1483 1436 1522 petunt
1470 1485 1501 1511 et
1524 1477 1664 1520 instant,
1690 1479 1800 1520 omni,
1828 1485 1890 1513 etc.

1152 1530 1210 1569 Qui
1235 1531 1508 1564 eminentissimus
1542 1537 1573 1565 et
1603 1533 1892 1566 reverendissimus

1153 1585 1302 1617 dominus
1316 1585 1490 1618 cardinalis
1507 1585 1652 1626 vicarius,
1672 1586 1798 1626 sedens,
1817 1592 1891 1626 etc.,

1153 1638 1219 1670 visa
1258 1638 1417 1671 relatione
1460 1638 1605 1671 eiusdem
1646 1638 1891 1672 eminentissimi

1153 1691 1275 1724 domini
1301 1691 1474 1724 cardinalis
1499 1691 1614 1725 Felicis
1631 1692 1840 1736 Rospigliosi,
1862 1697 1894 1725 et

1153 1744 1379 1778 commissione
1405 1744 1572 1788 praedicta
1596 1745 1740 1778 eiusdem
1764 1744 1893 1778 relatio-

1154 1798 1203 1830 nis
1228 1798 1338 1840 vigore
1371 1798 1430 1830 sibi
1464 1798 1545 1830 sacta
1564 1825 1572 1838 ‚
1598 1798 1674 1830 visis
1707 1797 1892 1831 memoratis

1154 1850 1438 1884 constitutionibus
1449 1850 1595 1883 eiusdem
1607 1851 1803 1884 venerabilis
1817 1851 1892 1884 Con·

1154 1902 1352 1946 gregationis
1367 1903 1398 1936 S.
1418 1903 1548 1946 losephi
1567 1903 1599 1936 in
1618 1903 1794 1937 ecclesiaS.
1815 1904 1893 1936 Pan-

1156 1955 1290 1989 taleonis
1316 1956 1355 1988 ad
1380 1955 1504 1988 Montes
1532 1956 1650 1989 tenoris
1680 1956 1732 1989 hic
1766 1956 1892 1998 inserti,

1155 2010 1319 2043 videlicet:

1403 2072 1647 2097 CONSTITUZIONI

1228 2116 1309 2146 Della
1332 2116 1548 2155 Conqreyazione
1570 2118 1598 2146 di
1618 2117 1647 2147 S.
1670 2117 1816 2158 Giuseppe.

1201 2171 1323 2204 Perche
1349 2171 1528 2204 l'orazione
1555 2172 1631 2204 deve
1657 2182 1765 2206 essere
1790 2172 1811 2205 il
1829 2170 1895 2216 pri-

1157 2235 1208 2257 mo
1234 2235 1250 2257 e
1276 2224 1437 2268 principal
1463 2225 1620 2258 esercizio
1646 2225 1730 2258 della
1754 2225 1895 2269 Congre-

1157 2276 1292 2319 gazione
1311 2277 1342 2310 di
1360 2277 1390 2310 S.
1413 2277 1587 2322 Giuseppe,
1602 2279 1651 2311 col
1669 2278 1698 2311 di
1714 2277 1766 2311 cui
1787 2288 1893 2312 mezzo

1159 2330 1185 2362 ai
1212 2329 1315 2373 padri,
1340 2330 1399 2362 che
1425 2330 1457 2362 in
1486 2341 1559 2363 essa
1591 2331 1841 2372 conviveranno,
1868 2331 1894 2364 si

1158 2383 1295 2416 rendera
1318 2383 1373 2426 pit'i
1395 2383 1485 2416 facile
1507 2383 1724 2417 l'osservanza
1744 2385 1829 2418 delle
1850 2395 1896 2418 re·

1159 2438 1239 2479 gole,
1266 2436 1292 2469 si
1318 2438 1479 2469 mantcrra
1502 2436 1570 2469 viva
1594 2437 1624 2469 la
1649 2437 1759 2477 carita,
1780 2448 1796 2471 e
1814 2448 1897 2471 sem-

385 2491 514 2523 tationis
538 2491 734 2533 apostolicae
761 2491 893 2523 remisit.
914 2490 997 2528 Quae
1019 2501 1117 2533 super
1160 2500 1215 2532 pre
1242 2490 1297 2533 piu
1323 2489 1348 2522 si
1375 2500 1600 2523 avanzertmno
1625 2491 1678 2523 nel
1703 2491 1839 2524 servizio
1864 2492 1895 2525 di

385 2544 571 2588 praemissis
598 2544 887 2576 eminentissimum
913 2549 944 2576 et
968 2554 1118 2576 reveren·
1162 2542 1230 2582 0503
1257 2542 1335 2585 pero
1361 2543 1458 2576 dovra
1483 2541 1558 2585 ogn'
1575 2553 1639 2576 uno
1665 2543 1739 2586 ogni
1763 2544 1898 2578 mattina

386 2597 555 2631 dissimum
580 2596 742 2629 dominum
768 2597 905 2630 Felicem
923 2596 1118 2630 cardinalem
1162 2595 1226 2628 fare
1251 2594 1367 2629 un'ora
1393 2595 1581 2629 d'orazione
1612 2597 1751 2644 mentale
1778 2597 1815 2630 da
1838 2607 1898 2642 per

1931 2176 2028 2205 Capitate
2046 2182 2060 2199 ι.

1932 2204 1990 2230 negt·
2001 2203 2085 2225 oser-citt

1905 2231 1960 2252 della
1970 2232 2096 2258 Gangrenam

1904 2263 1971 2280 none.
