2111 3157
13 214 62 241 An.
75 213 103 239 C.
128 213 193 240 1680

385 264 577 291 Innocentius
598 264 674 296 Papa
694 264 741 295 XI,

340 309 376 334 ad
396 308 526 335 futuram
546 309 588 334 rei
608 308 787 334 memoriam.

9 377 189 428 dffll'lsstssssssssllffi
227 367 264 409 §1
274 393 280 399 .
291 367 414 400 Dudum
425 368 528 401 felicis
539 367 770 401 reeordationis
781 367 925 399 Clemens

29 431 169 461 fontanetum·
200 419 285 462 Papa
309 421 334 452 X
365 421 597 463 praedecessor
627 425 737 452 noster
768 419 926 460 quoddam

9 456 188 506 {2¹k.³ui‘'i'u'l}3¹.²'
201 473 373 512 decretum,
393 483 410 505 a
432 474 537 505 bonae
554 473 725 504 memoriae
745 471 925 508 Francisco,

201 525 275 556 dum
290 525 375 563 vixit,
393 524 544 566 episcopo
558 524 695 556 Ostiensi
710 529 741 555 et
754 523 927 560 Veliterno,

201 576 231 609 S.
262 576 298 608 R.
332 576 365 608 E.
401 576 554 608 cardinali
592 576 768 608 Barberino
804 585 928 607 nuncu-

200 633 284 670 pato,
309 627 436 660 Ordinis
467 628 599 659 fratrum
636 627 792 659 Minorum
828 626 927 659 sancti

200 680 357 712 Francisci
379 680 417 712 de
445 679 653 712 Observantia
672 683 927 721 nuncupatorum

200 732 283 774 apud
307 731 422 764 Sedem
446 732 659 773 Apostolicam
683 736 873 774 protectore,
889 731 927 763 ad

199 784 339 816 savorem
363 784 524 816 custodiae
560 784 659 816 sancti
684 784 768 815 Petri
802 785 841 816 de
877 784 928 815 Al-

200 842 328 868 cantara
347 836 477 868 fratrum
494 836 763 868 Disealceatorum
785 836 929 868 eiusdem

200 888 326 920 Ordinis
350 888 384 920 in
411 899 511 930 regno
545 888 756 931 Neapolitano
791 888 930 921 auctori-

202 945 266 973 tate
290 940 465 982 apostoliea
489 940 663 980 institutae,
690 951 771 983 quae
792 946 930 984 postmo-

201 992 275 1025 dum
299 992 332 1024 in
348 992 547 1035 provinciam
567 993 635 1036 pari
656 994 843 1027 auctoritate
861 1004 930 1026 ere-

200 1050 250 1077 cta
274 1045 344 1085 suit,
371 1050 564 1085 emanatum,
590 1046 737 1088 specifice
762 1046 931 1079 confirma-

201 1097 245 1129 vit
268 1102 300 1130 et
323 1098 510 1140 approbavit
533 1108 591 1140 per
616 1099 767 1140 quasdam
799 1109 873 1131 suas
898 1099 930 1131 in

201 1149 296 1182 simili
312 1149 414 1182 forma
431 1150 538 1182 Brevis
554 1149 604 1182 die
624 1161 681 1183 v111
699 1150 766 1183 iulii
781 1160 929 1183 nnetxxn

202 1202 342 1244 desuper
372 1202 536 1243 expeditas
567 1202 699 1241 litteras,
726 1207 837 1235 tenore
875 1203 929 1245 qui

201 1252 353 1295 sequitur,
371 1253 529 1286 videlicet:
548 1266 561 1284 α
576 1253 722 1286 Clemens
739 1254 822 1297 Papa
839 1255 872 1293 X,
891 1255 931 1287 ad
951 1267 952 1274 ¹

201 1305 341 1337 suturam
366 1306 411 1338 rei
451 1306 650 1338 memoriam.
684 1306 806 1349 Exponi
840 1307 931 1340 nobis

201 1368 307 1400 nuper
331 1357 485 1396 fecerunt,
510 1362 570 1390 ete.
598 1370 628 1390 ».

243 1411 258 1453 5
282 1409 313 1442 2.
340 1409 416 1442 Cum
441 1415 557 1449 autem,
580 1411 662 1443 sicut
690 1411 825 1444 dilectus
849 1412 931 1446 filius

35 1417 109 1437 Preces
118 1419 190 1437 custo.

8 1442 40 1463 dis
50 1445 70 1463 et
82 1444 189 1468 ειμι-«ηἰη-

9 1469 67 1497 cialiq
97 1495 101 1498 ᾖ

9 1500 137 1521 provinciae.
324 1514 330 1520 .
379 1515 384 1520 .
423 1515 428 1520 .
493 1515 498 1520 .
674 1516 680 1522 .
729 1516 733 1521 .
924 1517 930 1523 .

201 1516 447 1558 exprovincialis
469 1515 570 1548 dictae
591 1526 774 1558 provinciae
798 1516 827 1549 S.
847 1517 931 1549 Petri

199 1568 241 1611 ¹de
261 1568 431 1600 Alcantara
445 1567 477 1600 in
495 1578 597 1610 regno
611 1567 822 1611 Neapolitano
838 1569 931 1602 nobis

202 1630 306 1662 nuper
331 1620 448 1662 exponi
477 1620 568 1659 feeit,
587 1622 687 1654 multa
711 1621 773 1654 alia
797 1622 932 1655 subinde

205 1671 241 1703 ab
268 1672 327 1704 hac
350 1674 460 1704 saneta
483 1672 563 1705 Sede
584 1683 642 1715 per
666 1674 789 1706 litteras
814 1675 934 1717 pariter

205 1723 236 1756 in
253 1723 347 1756 simili
363 1723 465 1756 forma
482 1724 589 1756 Brevis
606 1731 777 1764 emanatas,
800 1726 933 1769 eiusque

205 1774 421 1808 tribunalibus
456 1780 487 1807 et
520 1776 676 1809 ministris
712 1788 771 1820 per
806 1778 934 1811 decreta

204 1828 345 1870 aliasque
363 1827 538 1870 scripturas
557 1829 597 1861 ad
622 1829 763 1862 savorem
789 1830 932 1863 eiusdem

205 1879 399 1921 provinciae,
413 1889 472 1922 pro
496 1885 585 1912 recto
610 1880 697 1913 illius
714 1882 873 1923 gubernio
899 1893 935 1915 ac

205 1930 314 1973 quiete
339 1941 374 1962 ac
393 1931 536 1973 perfecta
560 1932 717 1974 regularis
744 1934 934 1977 disciplinae

205 1981 408 2014 observantia
431 1982 463 2014 in
490 1985 527 2015 ea
561 1984 763 2017 stabiliendis
799 1990 830 2017 et
860 1996 935 2018 con-

206 2034 369 2066 servandis
392 2034 564 2067 constituta
581 2040 612 2068 et
631 2036 778 2069 ordinata
804 2038 932 2077 suerint,

206 2097 288 2129 quae
312 2096 371 2129 per
394 2087 593 2130 importunas
625 2090 837 2131 quorumdam
862 2090 936 2122 reli-

206 2139 316 2180 giosae
351 2139 577 2181 tranquillitati
617 2141 722 2173 dictae
752 2142 934 2184 provinciae

208 2190 429 2222 insidiantium
452 2191 675 2232 suggestiones
710 2194 846 2226 convelli
883 2200 937 2226 aut

208 2241 391 2284 perturbari
416 2247 561 2284 possent,
586 2242 618 2274 in
651 2244 822 2276 maximum
854 2245 937 2277 eius-

208 2294 280 2326 dem
304 2293 490 2336 provinciae
515 2304 551 2326 ae
575 2296 730 2337 regularis
767 2298 938 2330 observan-

209 2345 279 2384 tiae,
305 2355 386 2388 quae
412 2345 443 2377 in
469 2347 514 2385 ea,
541 2346 676 2379 Domino
702 2348 936 2390 benedicente,

208 2397 316 2439 viget,
349 2398 583 2440 praeiudicium
618 2404 650 2431 et
684 2400 936 2434 detrimentum:

208 2448 302 2480 nobis
326 2454 498 2492 propterea
528 2450 663 2483 loannes
688 2453 850 2494 praefatus
881 2455 940 2486 hu-

780 215 852 239 {NNO
858 213 987 237 CENTIUS
1009 214 1040 237 XI
1065 212 1112 236 PP-

121 1463 337 1496 dwtaeloannes
355 1473 373 1495 a
391 1462 420 1495 S.
446 1463 551 1503 Maria,
572 1464 746 1496 modernus
768 1469 874 1497 custos
901 1470 932 1497 et
951 1478 953 1484 ,

1591 198 1655 232 257
1700 209 1751 234 An.
1771 207 1799 234 c.
1825 207 1890 233 1680

967 261 1100 303 dulgere
1117 259 1156 292 de
1176 257 1376 300 benignitate
1397 256 1575 300 apostolica
1592 256 1700 299 digna-

967 322 1086 344 remur.

1011 364 1069 406 53.
1085 364 1146 397 Nos
1163 363 1272 406 igitur,
1289 363 1390 406 ipsius
1405 362 1533 396 loannis
1545 362 1625 395 votis
1639 362 1699 395 hac
1735 386 1803 401 m„
1817 381 1890 401 mnf.

968 416 999 448 in
1026 427 1070 455 re,
1086 421 1238 459 quantum
1264 426 1335 448 cum
1360 415 1496 449 Domino
1513 410 1891 462 possumus,232'223'21Hff2321

970 468 1187 501 favorabiliter
1210 478 1352 500 annuere
1379 469 1533 508 volentes,
1560 462 1769 511 eumq11e⁰‘⁰²¹·

969 530 986 552 a
1011 521 1174 563 quibusvis
1193 521 1546 561 excommunicationis,
1563 532 1698 564 suspen-

969 572 1069 604 sionis
1093 577 1126 604 et
1148 572 1323 611 interdicti,
1346 572 1482 615 aliisque
1506 574 1700 606 ecclesiasti-

970 623 1014 656 cis
1038 624 1215 663 sententiis,
1241 624 1385 656 censuris
1403 629 1433 657 et
1448 626 1574 667 poenis,
1596 637 1614 658 a
1630 626 1700 659 iure

970 677 1018 709 vel
1035 677 1074 708 ab
1092 677 1233 716 homine,
1251 676 1360 719 quavis
1377 677 1546 711 occasione
1562 680 1611 712 vel
1629 690 1698 712 cau-

970 728 1099 767 salutis,
1113 729 1137 761 si
1161 728 1277 771 quibus
1297 730 1543 771 quomodolibet
1565 731 1697 764 innoda-

970 786 1019 813 tus
1034 781 1149 821 existit,
1163 782 1201 814 ad
1220 780 1366 814 effectum
1381 783 1596 824 praesentium
1615 785 1698 817 dum-

971 838 1057 869 taxat
1087 835 1366 877 consequendum,
1391 835 1503 868 harum
1535 837 1620 869 serie
1644 838 1700 869 ab-

970 888 1134 919 solventes
1166 891 1199 919 et
1222 887 1404 920 absolutum
1429 888 1498 920 sore
1522 896 1698 928 censentes,

971 939 1154 971 huiusmodi
1174 939 1466 982 supplicationibus
1490 940 1643 980 inclinati,
1665 952 1701 974 ac

971 992 1188 1032 praeinsertas
1227 991 1398 1024 Clementis
1442 993 1700 1035 praedecessoris

972 1044 1104 1083 litteras,
1120 1054 1192 1076 Cum
1217 1043 1368 1076 omnibus
1394 1050 1426 1077 et
1450 1045 1584 1087 singulis
1601 1045 1633 1078 in
1654 1047 1699 1079 eis

972 1097 1146 1136 contentis,
1172 1097 1287 1129 harum
1312 1097 1395 1129 serie
1420 1097 1647 1132 confirmantes
1671 1105 1701 1132 et

972 1149 1213 1191 approbantes,
1238 1149 1386 1181 omnibus
1419 1154 1449 1182 et
1473 1150 1608 1192 singulis
1635 1162 1702 1184 mo-

973 1201 1079 1233 dernis
1104 1206 1135 1233 et
1161 1211 1219 1243 pro
1239 1206 1386 1243 tempore
1412 1202 1622 1235 existentibus
1639 1209 1702 1236 tam

973 1253 1150 1285 maioribus
1167 1263 1263 1296 quam
1288 1254 1466 1286 minoribus
1484 1255 1703 1297 superioribus

974 1312 1004 1338 et
1022 1305 1173 1338 fratribus
1191 1306 1265 1338 dicti
1280 1305 1632 1350 Ordinis,quocumque
1646 1319 1704 1341 no-

973 1358 1058 1390 mine
1084 1358 1286 1400 nuncupatis,
1312 1359 1373 1390 sub
1398 1358 1511 1400 poenis
1535 1369 1632 1402 supra
1652 1361 1705 1392 ex-

974 1410 1116 1453 pressis,
1151 1410 1338 1443 auctoritate
1377 1411 1564 1454 apostolica,
1589 1417 1704 1445 tenore

973 1463 1211 1506 praesentium,
1241 1463 1385 1495 districte
1421 1463 1637 1506 praecipimus
1673 1471 1705 1497 et

973 1515 1170 1554 mandamus
1193 1525 1232 1547 ne
1250 1515 1402 1547 adversus
1420 1515 1615 1557 praedictam
1634 1527 1705 1559 pro-

975 1567 1121 1606 vinciam,
1140 1571 1194 1599 aut
1209 1567 1242 1598 in
1259 1566 1501 1609 praeiudicium,
1519 1578 1575 1600 seu
1593 1574 1706 1601 contra

975 1624 1118 1651 tenorem
1158 1619 1338 1651 litteraxum
1381 1620 1632 1661 apostolicarum
1669 1632 1706 1654 ac

975 1671 1213 1703 ordinationum
1246 1676 1278 1703 et
1308 1671 1513 1704 decretorum
1544 1683 1703 1715 quorum-

975 1734 1112 1766 cumque
1126 1724 1163 1756 ad
1179 1723 1265 1756 illius
1288 1723 1429 1756 savorem
1444 1724 1483 1756 ab
1498 1725 1610 1757 eadem
1624 1726 1706 1758 Sede

976 1777 1109 1819 eiusque
1135 1776 1347 1808 tribunalibus
1367 1781 1398 1808 et
1416 1776 1573 1809 ministris
1599 1778 1707 1811 hacte-

975 1839 1034 1860 nus
1064 1828 1309 1871 quomodolibet
1338 1834 1559 1861 emanatorum
1579 1856 1586 1868 ,
1613 1830 1708 1872 quic-

977 1892 1080 1924 quam,
1107 1880 1202 1913 etiam
1227 1880 1406 1920 minimum,
1424 1880 1488 1913 sive
1512 1881 1542 1913 in
1567 1882 1710 1915 Romana
1743 1922 1749 1927 ι

976 1933 1078 1973 Curia,
1098 1934 1163 1966 sive
1187 1938 1276 1965 extra
1300 1943 1380 1972 eam,
1404 1933 1526 1966 directe
1551 1936 1601 1968 vel
1626 1936 1710 1968 indi-

976 1991 1079 2024 recte,
1105 1995 1163 2028 per
1187 1995 1219 2017 se
1244 1985 1334 2027 ipsos
1355 1986 1405 2018 vel
1430 1986 1520 2026 alios,
1539 1992 1601 2019 tam
1626 1987 1711 2021 iudi-

977 2039 1102 2071 cialiter
1126 2048 1221 2081 quam
1247 2037 1546 2078 extraiudieialiter,
1571 2046 1685 2082 petere
1702 2067 1709 2078 ,

977 2095 1135 2123 attentare
1177 2090 1225 2123 vel
1264 2089 1369 2122 facere
1416 2091 1558 2124 audeant
1599 2093 1711 2134 quovis

978 2143 1072 2175 modo
1093 2143 1143 2175 vel
1168 2146 1389 2185 praesumant,
1408 2142 1469 2174 nisi
1486 2143 1574 2185 prins
1589 2144 1627 2176 de
1645 2155 1713 2177 om-

978 2195 1072 2227 nibus
1105 2200 1137 2226 et
1171 2194 1307 2236 singulis
1332 2193 1508 2237 diligenter
1539 2196 1713 2230 informato

978 2246 1156 2279 venerabili
1190 2246 1286 2278 fratre
1317 2251 1427 2278 nostro
1453 2247 1614 2280 Alderano
1639 2249 1715 2292 epi-

980 2309 1078 2340 scopo
1103 2298 1284 2330 Tusculano
1311 2298 1455 2330 eiusdem
1480 2298 1508 2331 S.
1528 2298 1564 2331 R.
1585 2299 1618 2332 E.
1647 2311 1715 2332 car-

981 2350 1079 2382 dinali
1104 2350 1188 2393 Cybo
1214 2355 1411 2392 nuncupato,
1429 2350 1587 2384 moderno
1606 2357 1638 2384 et
1654 2363 1713 2395 pro

981 2408 1124 2444 tempore
1149 2402 1306 2435 existente
1332 2402 1458 2435 Ordinis
1484 2404 1658 2446 supradicti
1684 2416 1712 2437 a·

982 2455 1046 2497 pud
1064 2465 1122 2487 nos
1141 2461 1172 2488 et
1191 2455 1307 2488 Sedem
1326 2455 1502 2497 praefatam
1516 2461 1716 2499 protectore,

209 2501 329 2534 militer
352 2502 526 2544 supplicari
556 2503 631 2535 secit
663 2508 695 2535 ut
724 2504 754 2536 in
787 2506 940 2547 praemis·
982 2507 1034 2548 qui
1063 2507 1100 2539 de
1124 2507 1187 2540 illis
1218 2507 1391 2540 certiorem
1424 2509 1559 2541 reddere
1586 2509 1718 2543 debebit.

208 2551 252 2586 sis
276 2558 455 2595 opportune
481 2554 649 2595 providere
674 2561 705 2588 et
728 2561 762 2587 ut
785 2557 866 2589 intra
892 2558 940 2590 in·
982 2559 1162 2591 ministrum
1180 2559 1410 2602 provincialem
1428 2560 1572 2593 eiusdem
1590 2561 1718 2604 provin-

280 2614 360 2642 Bull.
376 2616 456 2643 Rom.
471 2630 504 2636 —
525 2616 584 2643 Vol.
599 2617 677 2643 XIX.
818 2618 852 2646 33
