2111 3157
16 265 65 293 An.
80 262 110 291 C.
129 261 198 289 1686

783 263 859 287 INNO
865 262 995 287 CENTIUS
1018 263 1048 286 XI
1074 262 1121 286 Pr.

251 310 311 344 Pro
337 311 441 354 primo
468 311 608 345 triennio
641 321 658 344 a
689 311 835 354 proximo
860 310 945 354 capi-

207 365 275 397 tulo
308 363 495 397 inchoando
512 391 519 404 ,
546 363 686 396 visitatio
715 362 771 396 fiet
799 363 944 406 quolibet

208 427 294 449 anno
319 427 378 460 pro
398 417 511 449 maiori
530 416 796 459 Congregationis
822 415 944 448 stabili-

207 473 272 501 tate
305 474 337 501 et
366 468 564 512 perfectiore
596 469 749 511 religiosa
774 468 944 511 disciplina

204 519 458 561 introducenda,
486 532 568 564 quae
594 521 735 554 visitatio
761 532 877 561 annua,
903 531 942 553 an

203 574 370 607 continuis
394 574 511 607 suturis
538 574 737 616 temporibus
753 573 943 606 continuan—

205 624 248 658 da
272 626 320 666 sit,
346 627 396 659 vel
421 626 549 669 singulo
570 626 774 659 solummodo
801 626 941 658 triennio

204 679 345 719 posthac
370 679 567 712 instituenda
588 679 637 718 sit,
664 679 697 711 in
722 678 867 721 generali
892 689 942 711 ca-

204 731 307 773 pitulo
332 732 575 765 decernendum
599 730 671 764 erit.

250 783 383 816 Praeter
406 783 607 816 visitationes
633 792 829 823 communes,
845 784 942 826 parti-

206 836 369 876 culariter,
383 841 466 869 etex
491 838 588 869 causa
610 836 810 880 particulari,
828 847 938 877 unum,

206 889 381 922 alterumve
406 889 638 922 monasterium
666 889 784 922 visitari
806 890 937 933 poterit,

205 941 260 974 ubi
286 947 401 982 tamen,
419 943 508 975 velut
531 942 564 975 in
588 944 686 975 causa
710 942 858 985 graviori,
886 943 940 976 do-

205 994 309 1028 minus
324 1004 456 1038 praeses
477 995 614 1029 consilio
640 996 774 1029 duorum
800 995 941 1029 visitato-

206 1058 287 1088 rum,
316 1049 367 1081 vel
392 1048 486 1081 etiam
521 1049 658 1082 aliorum
689 1049 840 1081 abbatum
864 1048 941 1081 vici-

206 1112 336 1142 norum,
356 1102 418 1142 uti,
445 1113 504 1135 nec
529 1102 589 1135 nisi
614 1102 816 1135 sufficienter
840 1103 941 1135 insor-

206 1160 310 1189 matus
335 1161 367 1188 et
390 1161 525 1198 urgente
551 1157 744 1189 necessitate
770 1156 809 1189 ad
834 1156 942 1198 singu·

206 1209 309 1242 larem
328 1208 512 1242 huiusmodi
531 1209 744 1242 visitationem
761 1209 940 1252 procedere

207 1261 350 1294 debebit.
366 1261 513 1294 Ufficium
534 1261 726 1304 principale,
743 1267 837 1304 atque
862 1261 941 1294 obli-

207 1314 294 1356 gatio
326 1314 527 1347 visitatorum
552 1313 641 1345 iuxta
665 1324 774 1346 sacros
790 1324 941 1353 canones,

207 1377 277 1409 cap.
305 1365 360 1399 fin.
387 1366 432 1399 De
451 1370 526 1399 slat.
553 1366 716 1406 monach„
743 1366 775 1398 in
806 1376 843 1399 eo
871 1377 941 1399 con-

206 1419 300 1459 sistit,
325 1424 375 1452 ut:

249 1471 282 1504 1⁰
305 1471 348 1504 De
373 1476 454 1504 statu
472 1472 705 1505 monachorum
724 1477 755 1505 et
774 1472 941 1505 observan-

206 1524 258 1557 tiis
292 1525 495 1568 regularibus
533 1526 706 1568 diligenter
748 1526 940 1569 inquirant,

207 1578 372 1621 corrigant
396 1583 428 1611 et
452 1578 639 1619 resbrment,
664 1589 756 1621 quae,
782 1578 867 1611 iuxta
892 1589 941 1611 rc-

207 1631 314 1674 gulam
338 1631 441 1664 sancti
462 1631 627 1665 Benedicti
652 1637 683 1664 et
707 1637 837 1665 nostrae
862 1631 941 1664 Con-

207 1684 405 1728 gregationis
431 1684 688 1726 constitutiones,
711 1684 851 1718 viderint
872 1695 940 1718 cor-

207 1737 361 1779 rigenda3

250 1788 284 1823 2⁰
309 1790 353 1823 Ita
378 1796 487 1824 tamen
511 1796 547 1823 ut
572 1791 799 1834 delinquentes
828 1802 940 1824 mona-

206 1842 285 1877 chos
309 1854 369 1887 per
393 1844 542 1877 abbatem
569 1844 630 1877 loci
656 1845 775 1888 corrigi
803 1845 936 1885 saciant,

207 1896 320 1941 eisque
346 1896 471 1939 iniungi
496 1897 730 1940 poenitentiam
756 1899 939 1938 salutarem,

205 1951 255 1983 vel
269 1950 363 1982 etiam
378 1960 500 1993 poenas
518 1950 643 1983 delictis
662 1950 938 1993 proportionatas·y

250 2002 285 2036 3⁰
309 2003 373 2046 Ipsi
399 2003 496 2036 etiam
521 2004 719 2045 visitatores,
745 2005 938 2045 monachos,

207 2066 288 2099 quos
314 2061 520 2090 contumaces
540 2057 725 2089 invenerint
742 2063 774 2090 et
790 2058 938 2098 rebelles,

207 2108 293 2141 iuxta
317 2109 449 2142 modum
474 2110 602 2152 culpae,
629 2109 769 2152 regulari
802 2113 939 2143 censura

208 2167 239 2195 et
262 2161 378 2195 debitis
403 2163 516 2205 poenis
542 2163 742 2205 percellant3

250 2215 283 2248 4ο
314 2215 345 2249 Si
386 2226 463 2249 vero
500 2215 634 2248 abbates
671 2216 703 2248 in
739 2217 939 2260 corrigendis

206 2269 374 2301 monachis
400 2269 466 2301 suis
490 2267 576 2301 iuxta
593 2269 789 2302 visitatorum
811 2271 941 2303 manda-

207 2327 239 2355 ta
262 2322 383 2355 inventi
407 2321 528 2355 suerint
554 2322 767 2365 negligentes,
787 2333 941 2356 monean-

208 2379 257 2407 tur
281 2381 313 2409 et
336 2375 555 2420 corripiantur
575 2375 606 2407 in
626 2375 772 2418 proximo
797 2376 939 2419 capitulo

207 2429 372 2471 generali;

251 2481 284 2514 5⁰
307 2481 397 2520 Quod
428 2482 453 2515 si
481 2481 580 2515 abbas
618 2482 713 2515 suerit
748 2483 896 2516 inventus
922 2494 939 2516 a

207 2534 426 2568 visitatoribus
450 2535 543 2568 nimis
561 2535 728 2578 negligens
749 2541 802 2568 aut
827 2536 940 2580 dilapi-

209 2587 311 2628 dator,
336 2589 385 2621 vel
411 2589 487 2622 alias
511 2590 627 2622 merito
659 2590 698 2622 ab
723 2589 826 2622 officio
852 2601 939 2623 amo-

209 2641 350 2682 vendus,
378 2643 555 2675 secundum
588 2642 789 2687 praescripta
813 2648 939 2676 sancto-

988 321 1058 342 rum
1084 319 1253 350 canonum‚
1278 318 1349 353 cap.
1377 308 1502 352 penult.
1530 311 1562 341 et
1593 306 1651 340 fin.
1675 303 1722 339 De

986 366 1059 395 slat.
1089 362 1249 401 monach„
1266 361 1505 406 disponendum
1535 360 1607 394 erit.

1030 415 1121 453 Quod
1146 416 1171 448 si
1196 415 1268 458 quis
1295 426 1331 448 ex
1357 415 1442 458 gravi
1463 416 1561 447 causa
1580 424 1615 447 se
1641 413 1722 447 iniu-

987 474 1034 500 ste
1055 473 1221 511 gravatum
1247 467 1491 508 existimaverit,
1519 467 1558 501 ad
1584 467 1723 500 visitato-

986 531 1049 560 res,
1077 526 1112 553 ut
1132 521 1250 553 dictum
1276 526 1332 560 est,
1358 531 1526 554 recursum
1551 531 1643 553 suum
1669 520 1711 553 ha

986 573 1086 613 bebit‚
1102 585 1119 606 a
1136 573 1355 606 visitatoribus
1380 574 1418 606 ad
1443 573 1637 617 praesidem,
1657 578 1689 606 et
1706 583 1724 606 a

986 626 1135 669 praeside
1160 626 1199 659 ad
1224 626 1400 669 capitulum
1425 627 1601 669 generale,
1627 637 1646 659 a
1671 637 1722 659 ca-

986 678 1089 720 pitulo
1108 678 1251 720 generali
1273 678 1313 710 ad
1333 683 1474 710 sanctam
1499 678 1614 712 Sedem
1639 679 1723 721 Apo-

986 730 1144 769 stolicam,
1159 731 1198 763 ad
1214 740 1309 773 quam
1328 730 1423 763 etiam
1437 741 1566 774 semper
1582 737 1614 764 et
1628 741 1724 774 quans

986 783 1168 825 (locumque
1200 783 1284 815 liber
1315 787 1423 825 pateat
1452 793 1615 816 recursus.
1643 783 1724 817 Caru

984 846 1069 875 vero,
1089 846 1152 878 quo
1170 835 1339 878 quispiam,
1366 836 1415 868 vel
1440 835 1550 875 abbas
1575 837 1623 868 vel
1647 836 1722 868 reli-

985 889 1103 930 giosus,
1129 889 1168 921 ad
1200 888 1300 921 alium
1325 888 1472 927 iudicem,
1494 888 1722 931 cuiuscumque

985 942 1150 984 dignitatis
1167 943 1216 975 vel
1237 942 1401 985 qualitatis
1429 947 1482 974 aut
1503 943 1722 985 praeeminen-

986 995 1045 1028 tiae
1071 995 1112 1027 sit
1141 1000 1204 1028 tam
1228 995 1466 1028 ecclesiasticae
1492 1005 1589 1038 quam
1614 1006 1723 1028 saecu—

984 1049 1071 1089 laris,
1087 1050 1252 1092 appellare
1276 1049 1544 1092 praesumpserit,
1571 1049 1654 1080 iuxta
1675 1059 1723 1081 sa-

985 1113 1057 1135 cros
1082 1113 1221 1135 canones
1247 1108 1278 1135 et
1302 1102 1506 1135 Summorum
1532 1100 1722 1135 Pontificum

985 1156 1244 1196 constitutiones,
1262 1166 1391 1189 necnon
1409 1166 1572 1188 sacrarum
1587 1155 1721 1197 Congre-

985 1209 1150 1251 gationum
1182 1209 1320 1249 decreta,
1347 1220 1365 1241 a
1401 1209 1464 1241 suis
1496 1208 1721 1251 superioribus

985 1263 1186 1305 regularibus
1212 1263 1377 1306 puniatur.
1404 1262 1479 1295 Tam
1508 1262 1541 1294 in
1565 1262 1720 1295 visitatio-

984 1317 1079 1349 nibus
1106 1327 1200 1359 quam
1225 1316 1319 1349 etiam
1345 1316 1378 1348 in
1404 1315 1553 1359 capitulis
1580 1315 1722 1347 trienna-

985 1370 1068 1402 libus
1100 1369 1292 1402 secretarius
1329 1369 1534 1402 adhibendus
1566 1369 1638 1408 erit,
1667 1369 1721 1411 qui

984 1423 1166 1465 protocolla
1201 1421 1374 1461 conficiat,
1400 1421 1526 1464 aliaque
1569 1420 1721 1464 expediat

985 1486 1065 1518 quae
1101 1475 1302 1508 conficienda
1338 1479 1369 1507 et
1404 1474 1608 1517 expedienda
1634 1478 1720 1507 sunt.

985 1528 1011 1560 ls
1038 1538 1111 1561 vcro
1128 1529 1167 1561 dc
1193 1528 1323 1561 silentio
1338 1527 1477 1560 fideliter
1492 1527 1659 1566 servando,
1679 1531 1719 1566 ct,

985 1581 1070 1624 quod
1096 1581 1164 1613 sine
1190 1580 1420 1613 commissione
1445 1581 1649 1613 dominorum
1674 1579 1720 1612 vi-

983 1634 1149 1667 sitatorum
1176 1635 1225 1666 vcl
1246 1633 1503 1676 praesidentium
1522 1633 1604 1665 niliil
1623 1642 1720 1675 expe-

984 1686 1053 1719 dire
1072 1697 1130 1719 nec
1157 1686 1228 1719 aliis
1253 1686 1493 1732 communicare
1518 1686 1606 1727 velit,
1623 1696 1716 1729 prae-

984 1741 1058 1772 stito
1084 1740 1265 1773 iuramento
1291 1751 1323 1773 se
1350 1739 1520 1782 obligabit.

983 1792 1084 1825 Cim
1099 1792 1134 1825 ll.
1147 1792 1244 1825 -—De
1255 1792 1376 1825 unione
1388 1797 1416 1825 cl
1430 1792 1721 1825 comnfzmzicatione

1027 1845 1293 1878 monasteriorum
1321 1845 1587 1888 Cvnyreyatiom's
1607 1845 1716 1877 Bava-

1026 1900 1122 1931 ricae.

1026 1951 1171 1989 Quamvis
1188 1961 1343 1995 praesens
1363 1950 1439 1984 unio
1461 1956 1491 1984 et
1508 1951 1736 2002 congregatio,

983 2016 1048 2037 non
1083 2006 1193 2045 tollat,
1219 2005 1284 2037 imo
1315 2005 1461 2037 intendat
1492 2009 1523 2037 ct
1555 2009 1736 2048 supponat<

983 2058 1253 2091 monasteriorum
1269 2059 1437 2102 primaevo
1449 2057 1595 2091 instituto
1609 2064 1717 2091 ctsan·

984 2117 1053 2144 ctae
1082 2113 1213 2155 regulae
1244 2113 1442 2145 conlbrmem
1474 2112 1717 2146 distinctionem

984 2170 1015 2197 et
1039 2166 1285 2208 separationem,
1312 2170 1344 2198 et
1376 2175 1441 2198 non
1474 2165 1580 2197 minus
1604 2165 1635 2197 in
1662 2176 1719 2208 po-

984 2225 1115 2259 sterum,
1134 2230 1228 2262 quam
1246 2219 1424 2261 hucusque,
1443 2218 1570 2261 singula
1592 2229 1717 2251 monas-

984 2273 1064 2305 teria
1088 2273 1267 2315 singulares
1292 2271 1452 2313 redditus,
1484 2271 1625 2315 itemque
1643 2283 1717 2315 pro-

983 2326 1071 2369 prios
1091 2331 1122 2358 et
1138 2332 1312 2368 perpetuos
1328 2326 1462 2358 abbates
1474 2325 1624 2357 habitura
1638 2326 1714 2367 sint,

984 2380 1099 2422 quibus
1124 2379 1170 2411 uti
1197 2383 1262 2411 tota
1286 2378 1524 2411 administratio
1555 2384 1586 2412 et
1610 2379 1717 2422 dispo—

983 2432 1055 2465 sitio
1070 2442 1167 2475 porro
1185 2431 1362 2472 commissa,
1382 2431 1424 2464 ita
1444 2442 1555 2465 eorum
1577 2431 1716 2465 officium

983 2490 1015 2517 et
1038 2484 1192 2526 obligatio
1219 2484 1294 2524 erit,
1321 2485 1497 2517 secundum
1534 2484 1716 2528 proportio-

983 2548 1055 2570 nem
1082 2537 1263 2570 reddituum
1294 2542 1324 2569 et
1349 2537 1534 2570 monasterii
1560 2537 1716 2570 constitu-

984 2591 1113 2630 tionem,
1137 2595 1201 2622 tum
1216 2591 1436 2624 oeconomiam
1450 2592 1633 2631 instituere,
1649 2596 1714 2622 tum

983 2644 1013 2676 in
1032 2643 1244 2686 suscipiendis
1269 2645 1533 2677 conventualibus
1552 2655 1590 2677 eo
1610 2644 1715 2676 inten-

1611 249 1675 283 643
1721 259 1773 285 An.
1788 258 1816 285 c.
1841 258 1912 286 1086

1756 1955 1765 1982 5
1782 1956 1800 1976 ί.
1825 1954 1854 1977 Dc·
1869 1961 1912 1977 mn-

1739 1988 1769 2002 [με
1791 1985 1873 2004 anulus
1892 1987 1913 2005 et

1741 2009 1836 2031 absidas.
