2111 3157
167 190 214 215 An.
233 187 261 215 c.
283 186 352 215 1686
400 178 465 212 672

943 181 1121 207 Bruanium
1147 180 1297 204 ROMANL'M

360 237 467 270 locum
493 236 596 269 dictae
630 234 740 267 Annae
771 231 922 265 Moronae
947 230 1097 264 illustris·
1138 228 1279 269 assignat
1296 226 1428 261 soenilia
1453 237 1525 260 cum
1552 227 1744 261 domuncula
1762 239 1821 271 per
1837 227 1875 262 il-

360 289 474 323 simum
494 288 661 321 dominum
679 286 833 319 Thomam
851 283 1095 321 Odescalclium,

361 343 414 386 qui
441 341 613 375 declaravit
645 339 699 373 illa
735 338 851 371 emisse
888 348 925 371 ex
958 336 1097 380 propriis

359 395 507 440 pecuniis
521 393 573 427 SS.
590 392 625 426 D.
641 392 677 425 N.
694 390 870 424 innocentii
885 390 924 423 xl
939 395 1016 423 tunc
1029 400 1097 423 car-

360 449 519 482 dinalatus
545 447 671 480 honore
697 444 934 489 perfulgentis;
960 455 1095 487 cumque

360 502 445 535 idem
462 499 753 534 excellentissimus
770 497 922 532 dominus
935 498 971 531 D.
991 497 1097 531 Livius

360 555 549 588 Odescaleus
568 552 769 595 (donatarius
784 550 977 585 universalis
994 551 1098 584 hono—

360 618 429 641 rum
454 606 730 651 patrimonialium
762 610 794 639 et
816 604 1032 649 spectantium
1057 603 1096 637 ad

359 661 507 695 eumdem
523 660 764 694 Sanctissimum
782 659 828 692 uti
846 669 1020 702 personam
1036 657 1097 702 pri-

359 719 463 747 vatam
494 719 569 747 ante
602 723 787 756 supremam
818 711 1024 756 pontificatus
1051 710 1098 744 di-

359 767 514 811 gnitatem
539 766 743 809 adeptorum,
767 771 802 799 ut
825 766 864 798 de
889 765 975 798 dieta
999 765 1098 797 dona-

360 820 448 853 tione
473 824 599 853 constat
616 829 651 852 ex
671 819 886 852 instrumento
912 817 1044 862 publico
1065 817 1097 850 in

360 873 439 906 actis
472 872 552 906 meis
582 877 696 915 rogato
728 871 786 904 sub
819 871 870 905 die
895 882 951 905 v111
975 870 1097 904 mensis

360 926 470 969 aprilis
496 924 652 965 nssctxxX,
674 935 742 964 seu,
764 924 843 967 etc.)
865 924 898 957 in
923 923 1016 958 dictis
1041 923 1098 956 do-

359 978 519 1012 munculis
545 977 662 1021 emptis
690 978 755 1010 suis
778 978 960 1021 sumptibus
984 977 1097 1010 hucus-

360 1043 421 1076 que
447 1031 592 1065 exerceri
614 1031 734 1070 feeerit,
749 1041 809 1074 pro
830 1032 886 1063 sua
904 1041 981 1074 erga
998 1030 1097 1063 Deum

360 1085 480 1128 pietate
500 1089 532 1118 et
549 1094 746 1128 paupereres
764 1083 969 1125 liberalitate,
988 1083 1098 1127 hospi-

361 1138 437 1170 tium
455 1142 487 1171 et
512 1137 733 1180 receptionem
751 1147 933 1181 pauperum
952 1136 1026 1180 (pro
1042 1138 1096 1168 sua

361 1196 466 1223 tamen
492 1192 582 1223 mera
607 1191 772 1223 voluntate
790 1194 822 1223 et
838 1200 930 1223 mero
949 1189 1097 1230 arbitrio,

361 1255 425 1277 non
452 1249 557 1277 autem
591 1243 698 1276 animo
725 1253 757 1276 se
782 1243 820 1276 ad
846 1243 964 1276 dietam
991 1242 1099 1285 hospi-

363 1296 517 1330 talitatem
543 1296 793 1330 continuandam
820 1295 998 1338 obligandi,
1025 1305 1097 1328 eum

361 1349 508 1382 intendat
525 1349 612 1383 illam
630 1348 830 1389 continuare,
847 1349 896 1382 vel
915 1348 1098 1391 relinquere

362 1408 394 1436 et
418 1402 616 1442 dissolvere,
644 1401 772 1445 quando
797 1400 858 1434 sibi
883 1400 1045 1434 videbitur
1069 1405 1097 1433 et

361 1455 530 1499 placuerit,
551 1455 589 1488 de
610 1465 672 1498 quo
691 1464 843 1498 expresse
861 1460 893 1487 et
911 1454 1100 1488 solemniter

362 1508 584 1551 protestatur),
618 1513 649 1541 et
673 1518 745 1542 cum
778 1507 912 1540 ecclesia
936 1506 1100 1550 praedicta

362 1562 393 1596 S.
420 1561 528 1596 Gallae
553 1562 694 1595 existens
717 1571 820 1605 prope
845 1560 946 1594 dictas
971 1560 1097 1601 domos,

361 1619 397 1648 ut
421 1625 516 1659 supra
541 1619 665 1658 emptas
685 1624 702 1646 a
720 1614 806 1648 dieta
830 1613 973 1655 Morona,
991 1618 1022 1647 et
1041 1624 1100 1657 per

362 1667 444 1701 hanc
468 1672 582 1712 postea
606 1667 751 1700 venditas
769 1667 856 1700 dicto
881 1667 1098 1701 illustrissimo

362 1721 492 1755 domino
510 1720 652 1754 Thomae
665 1720 877 1762 Odescalcho,
894 1721 935 1755 ob
958 1725 1100 1754 vetusta-

361 1780 423 1808 tem
448 1774 573 1808 ruinam
599 1785 616 1807 a
640 1773 859 1807 fundamentis
885 1784 987 1818 prope
1013 1773 1099 1807 diem

361 1828 551 1868 minaretur,
572 1827 649 1861 hinc
673 1838 692 1861 a
715 1827 932 1862 fundamentis
958 1838 995 1861 ex
1020 1827 1100 1860 inte-

362 1892 418 1925 gro
443 1892 515 1915 cum
545 1881 680 1914 scientia
705 1885 738 1914 et
761 1891 923 1915 consensu
954 1880 1098 1915 eiusdem

361 1935 414 1969 SS.
433 1934 574 1979 propriis
592 1935 773 1979 sumptibus
791 1935 918 1968 meliori
936 1937 1100 1969 structura

362 1989 509 2022 eamdem
534 1988 703 2022 ecclesiam
719 1987 992 2029 reaedificaverit;
1014 1998 1101 2022 cum-

362 2052 424 2086 que
441 2042 588 2076 intendat
604 2051 663 2085 per
679 2041 916 2075 sanctissimum
935 2042 1099 2076 dominum

361 2099 508 2128 nostrum
534 2105 630 2139 super
654 2095 767 2129 eadem
792 2106 828 2128 ex
856 2095 948 2129 titulo
974 2095 1100 2129 reaedi-

361 2147 521 2182 ficationis
546 2153 578 2181 et
603 2147 779 2181 dotationis
800 2147 861 2181 sibi
887 2158 923 2181 ac
948 2147 1018 2181 eius
1042 2158 1100 2192 po-

361 2202 454 2235 steris
480 2212 516 2235 ac
540 2202 817 2235 descendentibus
847 2207 879 2236 et
903 2200 1099 2235 haeredibus

362 2261 394 2289 et
418 2255 661 2289 successoribus
687 2255 945 2303 quibuscumque
970 2256 1002 2288 in
1028 2254 1100 2288 infi-

362 2308 460 2342 nitum
493 2309 653 2342 reservari
685 2308 928 2353 iuspatronatus
959 2307 1097 2342 laicale:

361 2361 438 2395 hinc
463 2366 512 2395 est
537 2362 623 2406 quod
640 2363 724 2396 ultra
744 2361 1040 2396 reaedificationem
1062 2373 1098 2395 ex

362 2414 488 2457 integro
514 2415 616 2448 dictae
641 2415 798 2449 ecclesiae
823 2415 862 2448 ab
887 2415 958 2459 ipso
984 2415 1097 2448 factam

361 2472 490 2511 sponte,
516 2473 597 2508 etc.,
624 2479 683 2512 pro
710 2468 778 2502 eius
803 2469 886 2508 dote,
912 2473 946 2501 ut
972 2468 1097 2502 divinus

362 2521 465 2553 cultus
491 2520 522 2553 in
557 2523 593 2553 ea
625 2522 768 2554 exerceri
804 2522 929 2565 possit,
964 2526 995 2555 et
1019 2521 1097 2554 alias

361 2574 446 2608 omni
472 2574 599 2607 meliori
625 2575 732 2616 modo,
759 2580 835 2616 etc.,
868 2575 1042 2619 assignavit
1066 2581 1098 2608 et

1138 280 1365 314 lustrissimum
1392 284 1424 313 et
1448 280 1754 314 reverendissimum
1779 281 1876 315 domi·

1139 344 1214 366 num
1240 333 1393 366 Thomam
1419 333 1652 367 Odescalchum
1682 334 1875 368 sanctissimi

1140 386 1261 419 domini
1288 385 1389 419 nostri
1414 385 1519 430 Papae
1544 385 1691 420 intimum
1716 386 1877 421 cubicula-

1139 438 1219 472 rium
1235 443 1265 472 et
1282 443 1444 473 secretum
1460 439 1749 483 eleemosynarium
1768 446 1876 485 empta

1141 503 1176 526 ex
1196 493 1410 527 instrumento
1429 497 1541 535 rogato
1559 503 1617 536 per
1636 497 1706 526 aeta
1725 493 1802 526 Mori
1819 504 1878 528 no-

1141 545 1211 579 tarii
1226 545 1405 589 capitolini,
1421 545 1480 578 sub
1494 545 1545 580 die
1559 557 1597 579 xv
1610 545 1683 579 maii
1697 556 1874 589 MDCLxxxv‚

1140 610 1205 639 seu,
1225 604 1299 639 etc.,
1319 610 1336 633 a
1351 599 1467 633 comite
1485 599 1683 643 Hieronymo
1707 599 1815 634 Curtio
1836 601 1877 636 de

1140 653 1362 694 Clementinis,
1377 654 1481 697 pretio
1506 658 1669 688 scutorum
1694 654 1784 687 mille
1802 664 1878 688 non-

1140 712 1308 750 gentorum
1324 712 1485 747 monetae,
1507 713 1538 741 et
1558 708 1647 741 cuius
1667 707 1877 741 illustrissimi

1141 760 1262 793 domini
1287 759 1430 794 Thomae
1466 760 1551 794 idern
1585 760 1877 794 excellentissimus

1141 813 1289 846 dominus
1314 813 1351 846 D.
1377 812 1482 847 Livius
1513 818 1561 847 est
1592 813 1821 847 declaratarius
1846 819 1879 847 et

1141 866 1383 907 nominatarius,
1401 872 1500 910 prout
1524 877 1560 900 ex
1586 867 1800 901 instrumento
1825 867 1880 901 dc-

1141 919 1325 953 elarationis
1361 924 1393 952 et
1424 919 1657 954 nominationis
1694 920 1879 954 huiusmodi

1141 973 1215 1007 sacti
1241 972 1274 1005 in
1298 983 1470 1016 personam
1489 973 1701 1007 excellentiae
1727 984 1802 1007 suae
1820 983 1879 1017 per

1142 1026 1254 1060 eadem
1280 1031 1348 1059 acta
1378 1025 1457 1059 Mori
1482 1026 1542 1059 sub
1568 1025 1619 1059 die
1644 1036 1694 1061 xiv
1718 1026 1878 1059 currentis

1142 1079 1270 1119 mensis,
1297 1090 1367 1119 seu,
1392 1084 1469 1120 etc.,
1492 1079 1531 1112 ad
1556 1090 1648 1122 quae,
1670 1084 1753 1121 etc.,
1785 1084 1818 1112 et
1841 1089 1878 1113 ex

1142 1133 1236 1166 titulo
1262 1132 1437 1166 dotationis
1461 1138 1494 1166 et
1518 1132 1745 1176 assignationis
1769 1132 1880 1166 huius-

1141 1186 1245 1226 modi;
1278 1186 1364 1219 idem
1401 1186 1696 1221 excellentissimus
1728 1187 1879 1220 dominus

1142 1239 1177 1272 D.
1200 1238 1304 1272 Livius
1325 1240 1421 1272 cessit
1446 1250 1576 1283 quoque
1593 1245 1624 1273 et
1641 1239 1816 1283 assignavit
1834 1239 1880 1273 ei-

1143 1293 1214 1325 dem
1230 1292 1386 1326 ecclesiae
1400 1292 1510 1326 omnia
1523 1298 1556 1326 et
1569 1293 1699 1337 singula
1712 1293 1790 1333 iura,
1806 1297 1878 1334 etc.,

1142 1346 1181 1378 ad
1207 1346 1404 1386 habendum,
1432 1350 1510 1387 etc.,
1537 1356 1675 1390 ponenS,
1701 1351 1777 1387 etc.,
1803 1357 1881 1380 con-

1143 1399 1300 1439 stituens,
1330 1404 1410 1439 etc.,
1437 1399 1516 1433 dans
1541 1399 1720 1440 licentiam,
1748 1403 1823 1440 etc.,
1848 1404 1881 1433 et

1143 1452 1256 1493 donec,
1286 1458 1366 1493 etc.,
1387 1453 1563 1494 constituit,
1582 1458 1656 1493 etc.,
1678 1452 1773 1486 etiam
1791 1452 1879 1487 omni

1142 1505 1269 1539 meliori
1286 1507 1392 1547 modo,
1407 1511 1486 1547 ete.;
1507 1506 1645 1540 ulterius
1663 1506 1751 1540 idem
1773 1506 1880 1540 excel-

1142 1558 1343 1593 lentissimus
1367 1559 1515 1592 dominus
1539 1559 1574 1592 D.
1601 1558 1708 1593 Livius
1732 1558 1881 1603 promisit

1143 1611 1275 1645 foenilia
1300 1612 1469 1656 praedicta
1485 1611 1530 1645 sic
1546 1616 1582 1645 ut
1598 1622 1697 1656 supra
1720 1611 1881 1655 assignata

1142 1675 1261 1708 augere
1286 1669 1319 1698 et
1342 1665 1515 1699 meliorare
1533 1664 1565 1698 in
1583 1665 1655 1700 aliis
1673 1665 1772 1700 scutis
1791 1664 1880 1699 mille

1142 1725 1173 1753 et
1197 1724 1326 1753 centum
1350 1724 1512 1760 monetae,
1531 1719 1612 1753 itaut
1628 1721 1718 1754 valor
1737 1719 1878 1760 illorum,

1142 1777 1173 1807 et
1205 1772 1251 1806 sic
1282 1773 1340 1807 dos
1375 1773 1561 1816 praedictae
1592 1771 1755 1814 ecclesiae,
1781 1773 1823 1807 sit
1846 1772 1880 1806 in

1142 1831 1245 1860 totum
1272 1831 1305 1860 et
1334 1826 1489 1860 ascendat
1513 1826 1552 1859 ad
1577 1836 1733 1860 summam
1762 1831 1876 1860 scuto-

1142 1890 1213 1914 rum
1239 1879 1335 1913 trium
1352 1879 1491 1913 millium
1516 1884 1690 1920 monetae;
1710 1879 1879 1913 declarans

1143 1939 1249 1967 tamen
1277 1933 1362 1978 quod
1385 1932 1551 1977 praedicta
1574 1932 1707 1966 ibenilia
1728 1943 1801 1966 cum
1826 1933 1880 1967 do-

1142 1987 1295 2020 muncula
1333 1997 1370 2020 ac
1412 1986 1669 2021 melioramentis
1703 1986 1878 2030 praedictis

1142 2045 1215 2074 sunt
1229 2044 1260 2073 et
1276 2040 1456 2073 ascendunt
1468 2039 1500 2072 in
1515 2039 1618 2073 fructu
1638 2039 1677 2073 ad
1691 2044 1781 2073 scuta
1795 2044 1880 2073 octo-

1142 2093 1231 2137 ginta
1260 2103 1389 2133 annua;
1417 2103 1452 2126 ex
1479 2092 1597 2137 quibus
1628 2097 1717 2126 scuta
1742 2092 1880 2137 quadra-

1141 2147 1229 2190 ginta
1253 2151 1401 2180 monetae
1420 2146 1594 2189 assignavit
1613 2151 1644 2180 et
1660 2146 1801 2189 assignat
1819 2157 1878 2190 pro

1141 2201 1320 2244 capellano,
1344 2200 1383 2233 ad
1402 2205 1513 2232 nutum
1530 2199 1705 2239 amovibili,
1726 2209 1785 2243 per
1800 2198 1877 2233 RS.

1141 2265 1177 2288 ae
1195 2254 1263 2288 eius
1281 2254 1515 2288 descendentes
1533 2258 1564 2298 et
1588 2253 1747 2287 haeredes
1762 2258 1794 2287 et
1810 2264 1881 2287 suc-

1141 2318 1287 2341 cessores
1307 2318 1525 2352 quoscumque
1542 2306 1747 2340 nominandi'
1762 2306 1793 2340 in
1808 2317 1880 2351 per-

1141 2366 1286 2404 petuum,
1313 2371 1385 2394 cum
1411 2371 1511 2394 onere
1537 2366 1641 2393 tamen
1669 2359 1773 2393 eidem
1804 2371 1879 2404 eap-

1141 2414 1271 2458 pellano
1296 2414 1442 2458 quotidie
1476 2413 1604 2446 missam
1630 2412 1816 2447 celebrandi
1846 2413 1877 2451 in

1142 2467 1227 2501 dicta
1252 2467 1389 2501 ccclesia
1412 2467 1443 2500 S.
1471 2466 1596 2507 Gallae3
1615 2466 1774 2510 reliquam
1800 2477 1876 2500 vero

1142 2521 1353 2565 quantitatem
1386 2521 1493 2560 dotis,
1525 2519 1590 2552 sive
1625 2518 1723 2552 annui
1755 2519 1876 2556 fructus

1179 2585 1186 2611 ί
1213 2583 1304 2611 Potius
1325 2583 1383 2619 lege
1400 2583 1578 2611 nominando
1592 2583 1633 2618 (n.
1651 2582 1710 2622 12).-

1879 178 1931 207 An.
1947 179 1976 207 C.
2000 180 2064 209 ¹686
