2111 3157
211 195 259 223 An.
281 195 307 221 (ἶ.
329 196 394 223 1688

441 187 499 204 Q'tr

403 245 449 278 ria
466 248 590 288 quarta,
611 245 727 277 deinde
750 244 880 276 devenit
900 243 940 276 ad
961 242 1073 275 seriam
1094 252 1141 274 se-

403 298 551 338 cundam,
571 296 689 330 deinde
707 297 746 329 ad
764 296 945 335 sabbatum,
964 294 1081 328 deinde
1100 295 1138 326 ad

403 351 513 384 feriam
540 349 677 388 tertiam,
706 349 824 381 deinde
849 349 889 382 ad
914 347 1027 381 feriam
1051 341 1161 391 quin-ff

403 410 476 443 tam,
495 404 539 436 sic
556 403 644 445 quod
663 401 790 434 saltem¹
811 401 843 434 in
863 401 1069 434 hebdomada
1086 399 1140 432 siat

401 456 608 495 abstinentia,
623 455 765 498 exceptis
781 454 971 497 septimanis
985 453 1140 492 Paschae,

401 516 431 542 et
447 509 667 548 Pentecostes,
683 513 714 540 et
727 507 845 540 Natalis
858 506 994 545 Domini,
1009 507 1139 549 quando

400 562 517 595 accidit
541 562 573 594 in
599 561 772 601 dominica,
799 565 852 593 aut
878 560 957 593 feria
987 559 1139 599 secunda,

398 616 447 648 vel
464 614 612 647 sabbato.
632 613 722 652 Quod
741 613 767 645 si
786 613 866 646 feria
884 617 972 646 sexta
990 612 1070 645 festo
1086 611 1140 644 im-

399 670 509 713 pedita
535 668 641 708 fuerit,
660 673 691 701 et
710 673 861 701 occurrat
884 667 964 700 feria
982 666 1073 700 tertia
1090 666 1138 698 vel

399 722 512 765 quinta
529 721 684 755 ieiunium
699 721 874 759 Ecclesiae,
887 720 1034 753 volumus
1048 719 1140 751 absti-

398 775 542 808 nentiam
568 774 637 808 fieri
663 774 743 807 feria
768 775 882 817 quarta
907 774 956 806 vel
981 773 1136 805 secunda.

441 839 486 862 Χι.
506 828 656 861 Volumus
669 833 704 860 ut
724 827 806 861 nihil
833 826 1021 870 accipiatur,
1042 825 1138 858 etiam

398 880 497 923 gratis
523 881 677 920 oblatum,
697 891 755 924 pro
775 879 921 923 pitantiis
940 878 1054 911 dandis
1073 878 1139 910 die-

398 935 457 967 bus
483 933 700 967 abstinentiae
726 932 899 976 deputatis,
926 932 982 964 sed
1008 931 1034 963 si
1061 930 1137 973 quid

397 987 502 1028 detur,
520 986 584 1019 alio
610 986 661 1019 dic
687 985 900 1028 expendatur.
928 984 1017 1017 Circa
1034 983 1139 1026 pitan-

399 1040 458 1072 tias
478 1040 573 1072 etiam
601 1042 682 1082 Quae
708 1039 823 1071 dantur
844 1037 923 1070 feria
948 1037 1089 1069 secunda
1108 1041 1140 1069 et

397 1095 520 1137 quarta,
541 1098 572 1125 et
596 1084 760 1125 interdum
786 1091 901 1124 diebus
927 1089 1138 1124 abstinentia-

396 1156 487 1186 rum,
515 1145 740 1189 praesidentes
777 1144 972 1183 domorum,
998 1148 1030 1176 et
1061 1142 1136 1175 inde

396 1198 581 1231 visitatores
606 1197 783 1240 diligenter
808 1197 989 1239 invigilent,
1011 1201 1047 1228 ut
1072 1206 1136 1228 non

396 1251 620 1284 indifferenter
634 1256 750 1284 statuta
764 1251 966 1289 relaxentur,
981 1249 1049 1288 sed,
1064 1259 1137 1291 pen-

396 1307 463 1337 sata
487 1305 631 1337 locorum
662 1309 694 1336 et
718 1313 933 1347 personarum
959 1302 1134 1346 qualitate,

396 1357 550 1401 pitantiae
586 1357 677 1400 ipsae
710 1356 920 1390 moderentur
946 1361 977 1388 et
1002 1354 1137 1388 restrin-

396 1416 526 1455 gantur.

439 1474 496 1498 x11.
524 1464 580 1496 Die
606 1474 669 1506 qua
694 1463 792 1496 debet
821 1462 890 1495 fieri
916 1461 1133 1500 abstinentia,

395 1517 547 1551 monachi
573 1522 662 1550 extra
692 1516 843 1560 proprias
869 1516 970 1548 cellas
995 1525 1060 1548 non
1091 1515 1135 1547 la-

396 1573 534 1611 borent·,
561 1582 620 1604 nec
654 1576 729 1604 tunc
766 1571 811 1604 eis
846 1570 1058 1614 spatiamenta
1082 1573 1136 1602 aut

395 1625 613 1659 recreationes
639 1623 872 1657 concedantur.

437 1689 507 1713 xm.
533 1678 567 1711 ln
591 1677 710 1720 vigiliis
735 1677 903 1710 beatorum
928 1676 1045 1715 Iacobi,
1061 1676 1136 1709 Bar-

395 1731 585 1771 tholomaei,
609 1729 786 1769 Laurentii,
807 1729 973 1769 Matthaei,
993 1729 1132 1762 Simonis

395 1790 426 1818 et
449 1785 554 1824 Iudae,
580 1783 741 1822 Andreae,
759 1782 911 1822 Thomae,
931 1787 962 1815 et
982 1782 1143 1820 Matthiae,

394 1838 550 1871 ieiunium
566 1847 638 1869 cum
660 1835 971 1870 commemoratione
990 1841 1135 1869 servetur

396 1895 428 1923 et
452 1889 519 1922 fiat.

439 1953 502 1976 Xiv.
528 1942 620 1975 Feria
642 1942 785 1975 secunda
804 1947 835 1975 et
864 1941 958 1975 tertia
983 1941 1134 1984 Rogatio-

395 2007 480 2037 num,
495 1996 666 2029 lacticiniis
686 1996 815 2039 quidem
833 1995 963 2035 utimur,
981 1996 1035 2028 sed
1055 1995 1133 2028 ieiu-

395 2049 483 2082 nium
498 2059 676 2082 servamus:
695 2059 755 2081 nec
772 2048 866 2081 etiam
882 2048 907 2081 si
924 2053 998 2080 tunc
1016 2048 1130 2080 festum

393 2103 614 2146 apostolorum
630 2101 771 2145 Philippi
787 2107 818 2134 et
834 2101 940 2134 lacobi
956 2101 1130 2143 contingat,

394 2155 473 2189 illud
498 2155 717 2198 infringimus.

438 2220 486 2241 xv.
512 2208 636 2241 Ieiunia
670 2208 863 2252 temporalia
888 2207 953 2240 suis
980 2207 1131 2251 tempori-

395 2264 454 2296 bus
479 2273 550 2295 cum
575 2264 642 2294 tota
666 2261 809 2295 Ecclesia
838 2262 1070 2301 observamus,
1100 2268 1132 2294 et

394 2317 521 2359 quoties
533 2315 673 2349 occurrit
686 2315 847 2348 Ecclesiae
865 2314 1030 2353 ieiunium,
1045 2325 1061 2347 a
1076 2325 1131 2347 no-

394 2369 443 2401 bis
469 2374 612 2401 servatur
637 2368 753 2401 iisdem
779 2368 902 2408 dicbus,
923 2372 955 2400 et
978 2368 1131 2411 quemad·

395 2420 523 2452 modum
549 2421 617 2463 ipsa
638 2420 780 2453 Ecclesia
804 2425 927 2458 servat,
952 2419 1071 2452 adeout
1098 2420 1129 2452 in

395 2473 486 2505 festis
512 2473 605 2505 etiam
631 2473 841 2513 solemnibus,
861 2473 885 2505 si
903 2474 966 2506 tale
985 2479 1131 2506 occurrat

394 2525 560 2565 ieiunium,
586 2528 686 2560 semel
712 2532 834 2559 tantum
858 2526 1049 2560 reficiamur.

430 2588 441 2614 ¹
461 2586 558 2613 Forsan
574 2587 679 2622 legend.
697 2588 737 2615 vel
755 2588 859 2614 addend
887 2590 973 2616 semel
986 2591 1024 2621 (a.
1043 2589 1092 2621 τ.)-

985 196 1164 218 artemium
1190 194 1340 218 nonium

1159 246 1163 262 ¹
1227 252 1291 275 xv1.
1319 242 1366 274 Ab
1391 241 1590 275 Exaltationc
1624 241 1654 275 S.
1683 242 1790 275 Crucis
1818 253 1921 286 usque

1160 293 1162 311 ²
1183 295 1222 327 ad
1253 295 1375 327 Pascha
1399 294 1530 327 nonnisi
1560 296 1659 328 semel
1685 295 1716 327 in
1743 295 1794 329 die
1817 294 1922 329 refici-

1183 358 1264 387 mur,
1282 348 1425 391 exceptis
1439 348 1527 381 festis
1542 348 1674 391 capituli
1690 354 1780 381 extra
1798 349 1922 383 Adven-

1184 405 1246 433 tum
1272 406 1304 433 et
1326 399 1630 443 Quinquagesimam
1656 401 1916 442 occurrentibus,

1183 459 1215 485 et
1238 453 1457 487 minutionum
1483 453 1616 493 diebus;
1644 458 1675 485 et
1699 453 1763 486 hoc
1786 453 1921 487 inviola-

1183 506 1290 539 biliter
1314 507 1515 546 observatur,
1537 506 1679 549 exceptis
1705 505 1852 546 infirmis,
1873 517 1921 539 va-

1183 559 1396 599 letudinariis,
1418 559 1657 596 itinerantibus.
1678 559 1850 600 debilibus,
1873 569 1921 593 se·

1182 613 1276 645 nibus
1301 618 1332 645 et
1349 613 1492 645 minutis.
1513 612 1599 645 Alias
1617 623 1692 646 vero
1710 612 1737 645 si
1754 612 1845 655 prior
1858 612 1920 645 fre—

1183 666 1267 708 gerit
1290 666 1340 699 vel
1366 665 1478 699 fecerit
1502 666 1605 708 frangi
1627 666 1684 709 (a),
1699 665 1742 698 sit
1759 670 1849 699 extra
1868 675 1919 698 se-

1183 719 1256 752 dem
1280 729 1369 751 suam
1395 718 1429 751 in
1454 719 1591 752 ecclesia
1623 729 1682 762 per
1706 717 1920 761 quadraginta

1183 772 1261 813 dies,
1287 777 1318 805 et
1339 772 1365 804 si
1389 772 1524 804 vicarius
1551 771 1580 804 id
1606 771 1737 812 fecerit,
1767 771 1810 804 sit
1832 771 1921 804 novi-

1183 825 1243 858 tius
1268 835 1326 868 per
1351 825 1567 868 quadraginta
1592 824 1674 858 dies,

1225 888 1300 911 xvii.
1328 878 1361 910 ln
1387 878 1439 910 die
1465 883 1574 910 tamen
1608 876 1822 920 susceptionis
1847 876 1920 909 novi

1181 930 1300 973 prioris
1324 936 1355 964 et
1379 930 1411 963 in
1437 930 1489 963 die
1507 931 1694 973 sepulturae
1712 930 1847 963 fratrum
1863 939 1922 963 no-

1182 989 1331 1024 strorum,
1350 983 1506 1016 ieiunium
1532 983 1683 1016 solvitur:
1708 983 1769 1016 nisi
1789 983 1851 1017 tale
1870 993 1920 1016 es-

1181 1042 1226 1069 set
1243 1037 1331 1080 quod
1349 1047 1407 1080 pro
1429 1036 1511 1069 festo
1532 1035 1665 1079 capituli
1685 1035 1820 1070 minime
1837 1036 1921 1069 fran-

1181 1095 1320 1132 geretur.

1224 1154 1315 1177 xv111.
1343 1143 1508 1183 Similiter,
1533 1147 1668 1186 propter
1693 1142 1839 1187 hospites
1862 1153 1919 1176 no-

1181 1197 1236 1230 stri
1261 1197 1399 1235 Ordinis,
1421 1198 1472 1230 vel
1498 1196 1596 1230 etiam
1622 1201 1806 1237 extraneos,
1827 1196 1918 1230 dum-

1180 1251 1278 1284 modo
1304 1260 1414 1293 graves
1436 1256 1466 1283 et
1484 1251 1643 1284 honestae
1667 1260 1829 1293 personae
1854 1249 1918 1283 fue-

1181 1304 1257 1344 rint,
1276 1304 1315 1337 de
1344 1314 1417 1337 sero
1433 1304 1471 1336 ad
1497 1310 1625 1336 nostras
1643 1303 1757 1336 domos
1784 1303 1919 1336 venien-

1181 1363 1228 1390 tes
1248 1384 1254 1397 ,
1293 1357 1509 1400 permittimus
1549 1356 1781 1400 hospitalitatis
1817 1357 1919 1399 gratia

1180 1411 1342 1453 prioribus
1375 1416 1406 1443 et
1429 1410 1697 1453 procuratoribus
1730 1409 1915 1451 ieiunium,

1180 1464 1268 1506 quod
1293 1474 1358 1496 non
1383 1463 1425 1496 sit
1449 1463 1488 1496 de
1520 1463 1680 1497 Ecclesiae
1716 1468 1892 1508 praecepto
1908 1490 1916 1504 ,

1180 1517 1342 1559 frangere.

1223 1580 1286 1603 xix.
1314 1571 1338 1602 Α
1363 1569 1486 1603 Pascha
1510 1580 1585 1603 vero
1607 1579 1709 1613 usque
1735 1569 1775 1603 ad
1799 1569 1917 1603 festum

1178 1622 1398 1662 Exaltationis‚
1418 1622 1560 1666 exceptis
1578 1623 1754 1666 praedictis
1777 1622 1918 1663 ieiuniis,

1178 1682 1210 1709 et
1228 1677 1305 1709 feria
1322 1678 1410 1710 sexta
1435 1677 1467 1709 in
1486 1687 1549 1719 qua
1567 1677 1684 1709 festum
1698 1676 1829 1719 capituli
1850 1687 1917 1710 non

1178 1730 1337 1769 occurrit,
1353 1730 1468 1762 iterato
1486 1729 1660 1763 reficimus.
1680 1730 1915 1771 Verumtamen,

1178 1789 1213 1816 ut
1229 1783 1361 1826 aliquod
1379 1784 1494 1816 saltem
1513 1782 1681 1826 vestigium
1700 1782 1916 1817 abstinentiae

1177 1836 1322 1880 priorum
1358 1841 1485 1880 patrum
1521 1841 1728 1876 nostrorum,
1761 1847 1858 1880 quam
1882 1836 1916 1869 in

1178 1890 1240 1923 hoc
1275 1889 1372 1922 etiam
1411 1895 1556 1932 tempore
1593 1889 1674 1922 feria
1709 1890 1853 1923 secunda
1883 1894 1916 1923 et

1177 1945 1289 1986 quarta
1313 1942 1494 1982 faciebant,
1520 1942 1605 1985 apud
1631 1952 1690 1975 nos
1726 1947 1913 1983 remaneat,

1179 1997 1325 2029 volumus
1366 2001 1401 2027 ut
1433 1995 1512 2028 feria
1555 1995 1696 2028 secunda
1732 2000 1764 2028 et
1802 1998 1916 2039 quarta

1176 2049 1400 2082 hebdomadae
1418 2075 1425 2088 ‚
1453 2059 1534 2091 quae
1567 2048 1683 2081 festum
1708 2040 1915 2083 Pentecostes

1176 2102 1351 2145 praecedit,
1378 2101 1534 2134 ieiunium
1560 2106 1728 2141 servetur,
1752 2106 1913 2145 quatenus

1174 2166 1234 2198 per
1259 2155 1322 2188 hoc
1346 2155 1442 2188 etiam
1466 2155 1503 2188 ad
1532 2159 1652 2187 tantam
1674 2153 1912 2188 solemnitatem

1174 2216 1205 2242 et
1227 2207 1365 2251 Spiritus
1391 2208 1498 2241 Sancti
1525 2207 1768 2251 susceptionem
1794 2207 1912 2242 melius

1174 2271 1419 2305 praeparemur.

1204 2325 1253 2348 xx.
1281 2315 1327 2359 (b)
1353 2314 1532 2358 Coquinam
1552 2324 1608 2348 seu
1632 2313 1801 2358 pitantiam
1816 2312 1913 2348 nobis

1159 388 1161 404 l

1208 2411 1238 2445 α)
1257 2410 1376 2438 Subaudi
1396 2410 1498 2446 absque
1517 2410 1671 2437 rationabili
1687 2409 1778 2444 causa,
1799 2410 1872 2438 iuxta
1885 2409 1910 2438 id

1150 2458 1152 2468 ⁴
1173 2455 1243 2489 quod
1264 2454 1424 2489 exprimitur
1443 2463 1502 2489 cap.
1525 2461 1542 2481 x
1561 2462 1636 2481 num.
1656 2460 1708 2481 xvu

1208 2499 1240 2533 b)
1262 2499 1311 2526 Per
1332 2499 1442 2526 verbum
1462 2499 1533 2526 istud
1553 2498 1713 2533 intelligitur
1731 2497 1837 2533 species
1855 2498 1912 2533 pul-

1173 2543 1255 2570 menti
1275 2543 1346 2580 apud
1372 2552 1420 2571 nos
1448 2543 1476 2571 in
1505 2543 1618 2580 prandio
1639 2547 1743 2570 tantum
1762 2542 1911 2570 ministrari

1172 2588 1260 2614 solita.

1924 194 1976 221 An.
1998 193 2026 221 C.
2042 194 2105 224 1688
