2111 3157
187 162 235 189 An.
258 162 372 192 (3.1678
419 153 460 187 90

202 1222 252 1244 Item
268 1229 338 1244 onera.

960 158 1138 183 BULLARIL'M
1162 157 1313 183 ROMANL'M

379 216 409 245 et
426 211 628 254 negotiorum
646 210 685 243 ad
703 210 879 242 Romanam
897 207 1025 240 Curiam
1039 217 1108 239 con·
1151 210 1292 238 montem
1317 205 1349 237 in
1383 204 1505 237 summa
1538 204 1697 237 dictorum
1721 207 1885 239 scutorum

378 264 546 297 fluentium
572 264 610 297 ad
636 263 754 296 dictum
780 262 918 294 officium
946 259 1108 304 pertinen·
1152 258 1322 291 duodecim
1348 258 1484 291 millium
1508 256 1577 289 auri
1595 257 1766 299 (sexennio
1790 269 1885 302 prae-

378 317 457 349 tium
495 317 637 359 insignes
678 315 735 347 viri
775 313 1106 351 connumerabuntur,
1150 311 1249 350 dicto,
1270 309 1318 342 ut⁴
1337 310 1420 343 infra
1437 310 1523 353 quod
1542 310 1644 342 dictus
1663 310 1806 343 Pontifex
1823 311 1885 354 pri·

376 369 556 413 praefatum
583 368 747 401 secretarii
773 366 942 399 domestici
967 366 1107 399 officium
1151 374 1235 396 mum
1253 368 1395 396 montem
1411 363 1554 405 extingui
1568 363 1722 403 voluerat,
1742 363 1780 396 ad
1798 363 1882 397 aliud

377 421 558 464 suppressit
576 426 607 453 et
630 420 771 459 extinxit,
797 419 943 465 illudque
968 418 1106 460 collegio

376 474 479 506 univit
503 480 533 505 et
558 473 776 516 incorporavit
800 483 870 505 cum
896 472 963 504 eius
988 472 1107 504 emolu-

374 526 503 567 mentis,
530 536 665 569 quorum
697 526 814 558 intuitu
839 525 878 558 ab
903 525 1017 557 eodem
1043 524 1108 556 col-

374 580 460 621 legio
486 581 590 613 soluta
629 579 757 611 fuerunt
792 583 920 610 nostrae
955 577 1106 609 Gamerae

375 632 579 675 Apostolicae
606 637 694 664 scuta
719 631 829 673 viginti
857 630 1000 673 quinque
1018 630 1105 662 mille

374 685 442 717 auri
469 685 500 717 in
526 695 617 723 auro,
644 685 735 726 plura
761 684 899 725 desuper
924 682 1104 719 statuendo.

374 743 468 780 atque
494 739 602 780 plures
619 737 715 769 ctiam
741 735 980 778 praerogativas
998 734 1107 767 huius-

372 790 460 823 modi
485 789 666 822 secretariis
685 789 904 828 concedendo,
920 793 951 820 et
964 798 1108 830 praeser-

373 844 429 875 tim
461 842 548 885 quod
582 846 690 874 essent
715 841 848 883 praelati
874 841 1043 883 utriusque
1067 840 1106 872 si-

373 900 527 938 gnaturae
553 893 775 932 referendarii,
809 898 904 935 atque
936 893 1042 925 locum
1074 893 1105 924 in

372 947 539 992 pontificia
571 948 718 990 cappella
750 946 918 985 haberent,
944 951 978 977 ut
1012 946 1105 978 latius

373 1001 557 1033 continetur
582 1000 613 1031 in
647 999 791 1031 eiusdem
817 998 893 1030 sixti
927 997 1042 1030 litteris
1073 998 1103 1029 in

371 1053 472 1086 forma
497 1052 616 1091 Brevis,
643 1052 702 1084 sub
728 1051 834 1083 datum
860 1051 993 1090 Romae,
1019 1052 1103 1093 apud

371 1106 401 1139 S.
430 1106 570 1144 Petrum,
593 1115 602 1138 1
621 1104 732 1148 aprilis
748 1114 918 1144 MDLxxxVI,
937 1104 1005 1136 eius
1026 1114 1104 1147 pon-

370 1158 506 1191 tifmatus
528 1168 612 1191 anno
634 1158 675 1190 1¹.

413 1213 428 1255 ἓ
452 1211 483 1244 3.
510 1211 687 1253 Collegium
720 1220 796 1242 vero
822 1209 1013 1252 praefatum,
1043 1220 1102 1252 pro

367 1265 574 1307 congerendo
609 1274 762 1296 summam
795 1268 960 1296 scutorum
991 1262 1101 1304 viginti

367 1318 509 1361 quinque
534 1317 669 1350 millium
706 1316 786 1356 auri,
812 1326 869 1349 seu
906 1316 992 1348 illius
1017 1317 1103 1348 valo-

365 1381 442 1409 rem,
469 1371 508 1402 ad
534 1369 681 1402 effectum
707 1369 794 1402 illam
826 1369 969 1401 solvendi
995 1368 1104 1401 Game-

365 1434 420 1456 rae
445 1423 628 1466 praedictae
651 1433 687 1455 es
715 1423 810 1454 causa
836 1421 939 1453 dictae
961 1421 1101 1463 applica-

366 1476 463 1509 tionis
489 1481 520 1507 et
544 1475 772 1517 assignationis
810 1475 1099 1507 emolumentorum

366 1528 440 1560 dicti
466 1527 629 1560 secretarii
664 1526 841 1565 domestici,
866 1526 975 1568 vigore
1002 1526 1100 1558 licen-

365 1582 427 1613 tiae
454 1586 485 1613 et
510 1580 669 1612 facultatis
704 1589 763 1622 per
800 1579 947 1611 eumdem
978 1578 1097 1611 Sixtum

365 1643 550 1668 concessae.
566 1637 596 1664 et
617 1632 654 1664 de
677 1642 738 1675 qua
758 1631 790 1662 in
809 1631 909 1674 ipsius
934 1630 1048 1663 litteris
1066 1631 1098 1663 in

364 1686 464 1718 forma
489 1685 597 1718 Brevis
622 1684 778 1727 expeditis
803 1684 861 1716 sub
893 1684 944 1717 die
968 1694 1031 1717 xvu
1056 1684 1099 1716 fe-

362 1738 482 1770 bruarii
502 1737 576 1769 dicti
595 1737 668 1769 anni
688 1746 855 1774 itianxxvi,
875 1736 977 1768 erexit
999 1746 1097 1768 unum

362 1796 503 1823 montem
529 1800 623 1832 super
639 1788 835 1831 proprietate
855 1793 885 1819 et
903 1790 1015 1830 grossa
1043 1798 1097 1820 seu

361 1844 465 1875 massa
482 1842 625 1875 eiusdem
646 1840 783 1882 collegii,
809 1851 878 1871 cum
899 1840 1096 1882 obligatione

362 1906 398 1927 ac
427 1895 642 1938 promissione
675 1894 765 1926 illum
798 1892 879 1924 infra
908 1893 1096 1925 sexennium

362 1947 589 1990 extinguendi;
610 1945 793 1987 etamplius
815 1946 900 1986 (cum
921 1945 1007 1977 idem
1033 1946 1097 1977 col-

359 2001 481 2043 legium
506 2000 544 2032 ab
570 1999 682 2031 eodem
717 1998 804 2030 Sixto
831 1998 925 2029 etiam
951 1997 1097 2030 obtinue-

361 2053 401 2085 rit
427 2053 562 2085 similem
589 2051 851 2094 suppressionem
883 2050 1016 2082 alterius
1047 2061 1096 2083 se-

361 2106 488 2138 cretarii
523 2104 688 2138 domestici
722 2103 868 2136 Brcvium
900 2113 980 2145 quae
1014 2103 1094 2145 prin-

361 2158 485 2200 cipibus
510 2158 703 2195 scribuntur,
731 2162 762 2187 et
786 2155 1026 2187 concessionem
1059 2166 1094 2187 ac

361 2211 612 2251 assignationem
633 2209 718 2241 illius
734 2209 1028 2240 emolumentorum
1054 2209 1092 2240 ad

360 2263 504 2296 eiusdem
523 2262 651 2303 collegii
671 2261 809 2294 favorem
829 2265 859 2293 et
877 2261 1091 2299 commodum,

359 2315 534 2359 persolutis
559 2314 710 2347 Gamerae
736 2319 864 2345 nostrae
891 2313 988 2344 scutis
1015 2314 1093 2345 duo-

360 2368 463 2400 decim
499 2367 639 2399 millibus
666 2366 749 2405 auri)
776 2367 814 2398 (le
841 2366 969 2398 licentia
995 2371 1025 2397 et
1050 2366 1092 2397 fa-

359 2421 478 2454 cultate
504 2420 646 2452 eiusdem
683 2419 760 2451 Sixti
787 2419 889 2451 erexit
922 2429 977 2452 seu
1007 2419 1092 2451 auxit

397 2536 406 2562 1
430 2534 512 2565 Quam
534 2533 593 2560 vide
613 2536 676 2559 tom.
699 2539 754 2566 vui,
777 2540 836 2567 pag.
857 2532 909 2559 (385
928 2533 969 2565 (a.
990 2533 1037 2566 τ.).

1150 416 1337 448 sexennium
1355 416 1556 459 prorogato),
1572 415 1652 448 itaut
1668 426 1761 448 mons
1777 416 1883 459 primo

1150 474 1274 501 erectus
1306 473 1338 501 et
1362 468 1540 511 respective
1576 473 1687 500 auctus
1723 468 1818 501 fuerit
1849 469 1882 502 in

1150 522 1295 554 ducentis
1329 522 1533 566 septuaginta
1559 527 1631 554 octo
1668 522 1749 554 locis
1773 523 1811 556 ad
1836 533 1884 556 ra-

1150 575 1272 608 tionem
1308 581 1470 609 scutorum
1503 582 1630 609 centum
1655 582 1803 610 monetae
1824 588 1882 620 pro

1150 629 1297 671 quolibet
1313 630 1395 669 loco,
1414 634 1446 661 et
1470 629 1501 661 in
1526 629 1596 661 aliis
1618 634 1745 662 centum
1770 629 1882 672 viginti

1150 681 1229 712 locis
1248 681 1285 713 ad
1307 681 1464 714 rationem
1484 686 1648 714 scutorum
1666 687 1795 714 centum
1814 683 1880 716 auri

1151 732 1181 764 in
1207 744 1284 765 auro
1302 744 1361 777 pro
1388 733 1535 777 quolibet
1559 735 1722 773 locorum;
1742 744 1778 766 ac
1795 740 1882 777 post-

1149 787 1304 826 modum,
1343 786 1452 828 vigore
1494 786 1625 819 alterius
1661 786 1817 821 facultatis
1850 793 1882 820 et

1149 838 1297 871 licentiae
1323 849 1493 872 concessae
1524 850 1583 882 per
1607 839 1709 872 felicis
1733 841 1883 873 recorda—

1150 891 1245 923 tionis
1280 891 1475 924 Clementem
1508 892 1547 924 IX
1582 891 1704 935 pariter
1736 898 1881 925 nostrum

1148 944 1441 986 praedecessorem,
1453 945 1491 977 ad
1510 944 1657 977 effectum
1672 944 1881 987 extinguendi

1148 997 1327 1038 praefatum
1348 1002 1500 1036 montem,
1531 996 1630 1030 erexit
1655 1007 1691 1029 ac
1715 997 1882 1031 constituit

1147 1048 1282 1080 alterum
1307 1059 1423 1081 novum
1448 1055 1590 1082 montem
1622 1050 1769 1082 locorum
1806 1059 1882 1092 qua-

1148 1101 1366 1142 drigentorum
1399 1102 1632 1145 quinquaginta
1663 1107 1735 1135 octo
1766 1103 1804 1136 ad
1831 1113 1884 1136 ra—

1148 1154 1265 1186 tionem
1292 1155 1386 1197 pretii
1411 1160 1541 1187 centum
1573 1159 1605 1187 et
1629 1155 1750 1188 fructus
1779 1155 1880 1189 annui

1146 1212 1307 1238 scutorum
1326 1212 1462 1249 quatuor
1484 1212 1633 1240 monetae
1650 1217 1802 1241 romanae
1818 1218 1878 1251 pro

1146 1259 1292 1302 quolibet
1316 1260 1395 1297 loco,
1424 1259 1548 1292 adiecta
1566 1265 1673 1293 tamen
1691 1260 1788 1293 simili
1806 1261 1878 1303 lege

1145 1311 1322 1354 praefatum
1347 1322 1464 1344 novum
1488 1317 1632 1344 montem
1657 1311 1739 1344 infra
1764 1312 1868 1345 duode

1145 1364 1205 1396 cim
1230 1375 1332 1397 annos
1357 1365 1395 1397 ab
1431 1364 1518 1397 illius
1550 1365 1714 1397 erectione
1745 1375 1880 1408 compi·-

1145 1417 1256 1449 tandos
1293 1418 1512 1459 extinguendi,
1533 1423 1631 1460 prout
1656 1418 1752 1451 latius
1777 1418 1809 1451 in
1829 1419 1879 1451 li'-

1146 1469 1219 1501 teris
1244 1470 1276 1502 in
1304 1470 1405 1502 forma
1442 1470 1551 1502 Brevis
1592 1470 1668 1502 dicti
1703 1470 1877 1504 Clementis

1143 1523 1403 1564 praedecessoris
1428 1524 1487 1555 sub
1524 1524 1633 1556 datum
1668 1523 1788 1556 Romae
1825 1523 1877 1557 die

1143 1585 1171 1607 iv
1187 1575 1321 1607 ianuarii
1339 1574 1498 1615 mnenxuff,
1519 1580 1549 1608 et
1562 1575 1741 1618 respective
1759 1576 1877 1609 instru-

1142 1628 1363 1660 mentodictae
1375 1628 1549 1661 erectionis
1570 1628 1621 1660 die
1640 1638 1691 1661 xv1
1709 1628 1784 1661 maii
1800 1628 1877 1662 dicti

1141 1681 1214 1713 anni
1241 1691 1299 1723 per
1331 1681 1459 1714 Petrum
1489 1681 1649 1714 Gentilem
1689 1681 1875 1714 Catalanum

1142 1738 1216 1764 tunc
1240 1733 1342 1765 dictae
1368 1738 1498 1767 nostrae
1531 1733 1683 1766 Gamerae
1716 1733 1874 1767 notarium

1140 1791 1263 1827 rogato,
1283 1785 1477 1819 continetur.

1182 1838 1196 1880 g
1220 1838 1251 1870 4.
1279 1838 1354 1871 Cum
1379 1844 1484 1872 autem
1510 1839 1597 1872 inter
1622 1840 1812 1883 quamplura
1835 1840 1874 1873 ad

1140 1896 1310 1934 utrumque
1335 1892 1503 1934 spirituale
1535 1903 1570 1925 ac
1591 1894 1770 1936 temporale
1795 1893 1875 1935 regi-

1139 1953 1211 1975 men
1236 1943 1441 1986 pertinentia,
1475 1954 1611 1987 quorum
1635 1945 1782 1978 notitiam
1807 1955 1874 1978 exa-

1139 2001 1288 2038 ctamque
1331 1997 1593 2030 informationem
1636 1998 1730 2031 initio
1773 1998 1874 2032 nostri

1138 2049 1355 2091 pontificatus,
1379 2054 1414 2081 ut
1448 2060 1506 2092 par
1537 2055 1613 2090 erat,
1639 2051 1762 2083 hahere
1786 2060 1876 2083 cura-

1138 2101 1251 2141 vimus,
1278 2101 1333 2135 illa
1357 2112 1416 2144 per
1440 2112 1500 2134 nos
1526 2102 1622 2135 fuerit
1646 2102 1756 2135 hahita
1779 2112 1875 2146 super

1139 2154 1325 2187 huiusmodi
1347 2155 1485 2197 collegio
1505 2155 1759 2195 secretariorum,
1779 2161 1875 2198 atque

1137 2208 1275 2250 desuper
1310 2208 1464 2250 deputata
1495 2208 1748 2250 congregatione
1777 2208 1873 2251 parti·

1136 2258 1234 2292 culari
1283 2261 1514 2293 nonnullorum
1558 2260 1721 2293 Romanae
1761 2260 1872 2294 Curiae

1137 2313 1355 2354 praelatorum
1382 2324 1453 2345 cum
1479 2313 1661 2345 interventu
1681 2311 1872 2345 venerabilis

1138 2365 1241 2396 fratris
1267 2365 1370 2397 nostri
1397 2365 1549 2398 Alderani
1581 2364 1612 2397 S.
1640 2364 1677 2396 R.
1709 2364 1742 2397 E.
1770 2363 1874 2396 cardi-

1137 2417 1218 2450 nalis
1246 2417 1332 2460 Gleo
1358 2418 1551 2461 nuncupati,
1574 2417 1613 2449 ab
1639 2417 1752 2450 eadem
1780 2415 1872 2450 nobis

1172 2489 1181 2514 1
1206 2488 1341 2515 Particula
1358 2492 1387 2516 ul
1407 2488 1522 2515 delenda
1542 2487 1647 2514 videtur
1665 2487 1706 2520 (a.
1722 2488 1770 2516 τι).

1169 2532 1184 2557 ⁶2
1206 2532 1257 2559 llas
1274 2533 1382 2568 require
1403 2532 1429 2560 in
1452 2536 1516 2559 tom.
1539 2538 1601 2564 xvii,
1623 2538 1683 2566 pag.
1701 2531 1752 2557 833
1771 2529 1872 2565 (n.'t·.).

1893 155 1942 183 An.
1958 155 1986 184 C.
2006 156 2072 187 1678

1927 1843 2005 1863 (launo
2018 1843 2062 1863 oin·

1887 1870 2021 1892 eatiuctinuis.
