2111 3157
189 189 238 215 Au.
257 186 285 214 C.
307 186 375 213 1077

201 247 360 269 emam-antium

201 276 241 301 ligii
252 282 265 294 t.

218 1563 323 1583 swu'uai
335 1569 382 1584 eon·

198 1589 272 1609 stimat.

421 177 464 211 66

382 246 452 268 rum
471 236 523 279 qni
543 235 633 277 ligna
651 238 829 268 exonerant
844 233 883 267 ad
905 232 1068 275 Ripettam
1083 232 1122 264 de

383 289 478 328 Urbe,
498 289 583 333 quod
603 287 632 331 (¹
646 288 764 330 singuli
786 287 936 320 homines
953 286 1056 319 dictae
1074 295 1124 317 ar-

385 342 434 381 tis,
454 341 540 373 iuxta
561 345 680 374 statuta
697 338 917 372 universitatis
938 338 1123 381 praedictae

385 394 576 427 auctoritate
601 393 783 436 apostolica
808 390 999 424 confirmata
1015 418 1022 431 ‚
1050 401 1126 433 qua-

386 452 460 479 tuor
485 447 581 479 iulios
607 450 757 478 monetae
787 444 941 488 hospitali
966 443 997 476 S.
1019 442 1124 475 Rochi

385 500 425 532 de
442 500 554 532 eadem
568 498 655 531 Urbe
671 498 844 540 quotannis
859 498 985 530 solvant
1001 496 1038 529 ad
1061 496 1124 528 1100

385 558 421 584 111
438 553 512 585 (111111
530 551 646 584 morbo
665 551 817 583 laborant
834 551 866 583 in
880 551 999 583 dictum
1016 549 1126 591 hospi-

386 607 449 638 tale
466 604 644 638 curationis
662 605 755 636 causa
776 604 984 647 recipiantur,
1004 603 1123 635 dietum

386 669 462 691 vero
495 657 683 700 hospitale,
716 662 852 699 propter
883 655 1124 688 multitudinem

387 715 593 752 aegrotorum
620 719 702 752 quos
727 708 758 741 in
783 708 850 741 dies
871 708 1000 750 recipit,
1019 707 1125 750 gravia

387 762 503 795 subeat
527 761 705 805 dispendia,
731 772 814 804 quae
843 761 891 793 vix
918 765 1028 804 potest
1051 770 1126 802 sup-

389 816 537 857 portare)
568 815 626 858 ipsi
656 819 858 857 exponentes
887 823 1023 846 numero
1049 823 1126 856 qua-

390 868 540 911 draginta
557 873 589 900 et
609 867 746 910 amplius
774 867 903 899 insimul
925 866 1123 908 congregati,

390 921 576 964 praemissis
596 921 819 959 consideratis,
833 919 978 952 unanimi
993 929 1126 952 consen-

390 985 427 1006 su
445 978 625 1007 statuerunt
645 978 679 1005 ut
692 979 820 1016 praeter
838 977 870 1005 et
885 973 969 1005 ultra
988 977 1127 1015 quatuor

390 1026 486 1060 iulios
508 1031 658 1059 monetae
680 1025 879 1065 huiusmodi,
905 1035 986 1068 quos
1008 1034 1128 1057 annua-

390 1081 448 1113 tim
463 1091 522 1123 pro
538 1090 651 1113 eorum
666 1078 812 1122 quolibet
824 1083 859 1110 ut
873 1078 1055 1121 praetertur
1068 1078 1128 1110 sol-

390 1140 480 1174 vunt,
496 1133 645 1167 moderni
661 1138 692 1165 et
706 1143 765 1176 pro
785 1138 931 1175 tempore
950 1131 1127 1164 existentes

392 1187 542 1219 homines
575 1185 795 1219 universitatis
820 1184 1005 1228 praedictae
1028 1194 1126 1216 unum

392 1240 490 1272 alium
509 1239 622 1272 iulium
640 1238 788 1271 eiusdem
805 1243 958 1271 monetae
976 1248 1034 1280 pro
1053 1248 1129 1280 qua-

391 1292 474 1325 libet
486 1291 560 1324 navi
574 1291 670 1333 lignis
692 1292 836 1331 onerata,
852 1301 949 1333 quam
966 1290 1005 1323 ad
1024 1290 1127 1333 ripam

391 1344 525 1388 Tyberis
550 1344 791 1383 exonerabunt,
818 1342 972 1386 hospitali
1000 1343 1129 1385 praedi-

391 1403 443 1430 cto
462 1398 587 1430 solvere
607 1402 790 1436 teneantur,
807 1396 847 1429 ad
872 1396 936 1428 1100
961 1400 997 1428 111
1014 1395 1129 1428 exinde

391 1449 578 1483 necessitati
613 1449 760 1481 eiusdem
796 1447 966 1491 hospitalis
1003 1458 1130 1491 peram-

391 1502 479 1546 plius
497 1501 716 1545 provideatur.

438 1557 452 1599 §
477 1556 508 1588 ΕΞ.
535 1555 612 1588 Cum
639 1560 756 1595 autem,
778 1555 862 1588 sicut
886 1554 1001 1588 eadem
1033 1565 1130 1598 expo-

392 1609 466 1641 sitio
491 1608 716 1650 subiungebat,
743 1607 819 1640 dicti
845 1613 1046 1651 exponentes
1070 1613 1131 1640 sta-

393 1667 497 1694 tutum
524 1660 723 1700 huiusmodi,
750 1671 814 1703 quo
839 1661 962 1693 firmius
980 1661 1133 1694 subsistat

393 1721 424 1748 et.
449 1719 598 1747 serretur
623 1714 775 1754 exactius,
793 1713 992 1756 apostolicae
1014 1713 1132 1746 confir-

393 1767 544 1801 mationis
569 1772 700 1800 nostrae
726 1767 911 1809 patrocinio
939 1766 1131 1799 communiri

393 1830 604 1863 summopere
630 1819 836 1852 desiderent:
864 1829 931 1859 nos,
957 1819 1131 1862 specialem

393 1873 472 1916 ipsis
507 1873 746 1916 exponentibus
780 1872 914 1915 gratiam
946 1872 1052 1905 facere
1081 1883 1134 1905 vo-

394 1928 510 1966 lentes,
536 1932 569 1959 et
594 1935 707 1958 eorum
733 1925 913 1967 singulares
938 1935 1092 1968 personas
1117 1936 1133 1958 a

395 1979 561 2022 quibusvis
579 1978 937 2017 excommunicationis,
950 1978 1133 2022 suspensio-

395 2033 444 2064 nis
471 2038 501 2065 et
526 2031 700 2070 interdicti,
735 2032 872 2074 aliisque
905 2032 1133 2064 ecelesiasticis

396 2085 579 2125 sententiis,
603 2085 750 2118 censuris
768 2090 798 2117 et
823 2085 946 2128 poenis,
965 2096 982 2117 a
999 2085 1067 2117 iure
1085 2086 1133 2117 vel

397 2139 437 2170 ab
463 2138 606 2178 homine,
633 2138 745 2181 quavis
767 2139 939 2171 occasione
965 2140 1015 2171 vel
1040 2141 1135 2172 causa

397 2191 479 2230 latis,
505 2191 530 2223 si
555 2191 672 2234 quibus
698 2191 1133 2234 quomodolibetinnodatae

399 2243 551 2282 existunt,
571 2244 609 2275 ad
636 2242 781 2276 ett'ectmn
804 2244 1026 2286 praesentium
1046 2244 1136 2276 dum-

397 2300 483 2327 taxat
516 2297 796 2338 consequendum,
826 2297 941 2329 barum
972 2296 1055 2330 serie
1081 2298 1136 2330 ab·

396 2349 558 2381 solventes
585 2354 615 2381 et
640 2349 829 2382 abs01ut0s2
853 2350 921 2383 sore
947 2355 1135 2389 censentes,

396 2401 692 2443 supplicationibus
730 2412 843 2435 eorum
875 2403 1008 2436 nomine
1041 2405 1135 2437 nobis

397 2464 496 2497 super
532 2454 595 2487 hoc
627 2455 744 2487 oblatis
782 2455 946 2496 inclinati,
985 2462 1136 2489 statutum

434 2525 444 2551 1
469 2523 548 2551 Deest
567 2524 697 2560 particula
716 2533 780 2551 cum
801 2527 837 2557 (a.
854 2527 903 2558 1.).

432 2568 448 2595 2
468 2567 561 2595 Potius
581 2568 640 2605 lege
660 2569 804 2595 absolutas
823 2570 861 2597 (n.
879 2570 928 2604 T.).

967 183 1147 209 benammi
1170 182 1321 208 nomNUM

1164 231 1358 274 praefatum,
1384 231 1471 274 quod
1491 231 1642 264 11011111105
1655 230 1902 265 dictaeuniver-

1166 284 1267 317 sitatis
1292 284 1448 327 deinceps
1474 294 1572 316 unum
1596 284 1707 317 iulium
1740 295 1799 327 pro
1824 295 1903 328 qua-

1166 336 1246 370 libet
1263 337 1335 369 navi
1353 336 1448 379 lignis
1466 338 1610 376 onerata,
1628 347 1723 379 quam
1741 337 1781 370 ad
1799 339 1903 380 ripam

1167 389 1364 432 praedictam
1389 389 1619 429 exonerabunt‚
1644 394 1825 422 memorato
1846 390 1904 422 110-

1167 442 1274 485 spitali
1296 443 1421 475 solvere
1441 446 1621 481 teneantur,
1640 453 1656 474 a
1680 442 1834 485 praefatis
1852 453 1904 475 ex-

1168 495 1366 538 ponentibus
1398 495 1516 528 t'actum
1540 500 1575 527 ut
1599 495 1780 538 praefertur
1801 495 1905 538 (dum-

1168 549 1264 581 modo
1290 553 1397 581 tamen
1423 559 1540 581 novum
1561 558 1646 580 onus
1664 548 1850 581 huiusmodi
1871 548 1904 580 in

1169 601 1319 633 damnum
1344 601 1534 634 eorumdem
1555 601 1722 634 hominum
1742 601 1906 634 dumtaxat

1169 654 1272 692 cedat,
1304 654 1475 696 dictusque
1507 654 1604 686 iulius
1629 664 1666 686 ex
1691 655 1759 687 sola
1791 664 1904 687 eorum

1168 706 1319 739 mercede
1336 707 1534 747 desumatur,
1556 717 1639 750 quae
1657 707 1796 750 proinde
1814 708 1904 740 nullo

1169 760 1263 792 modo
1280 759 1410 792 alterari
1428 760 1547 802 possit,
1565 770 1624 793 nec
1641 760 1674 793 id
1696 760 1728 793 in
1751 761 1905 793 damnum

1169 823 1224 844 seu
1238 812 1473 856 praeiudicium
1485 813 1690 846 dominorum
1709 813 1837 846 navium
1856 814 1905 846 vel

1170 866 1331 908 lignorum
1357 866 1545 899 huiusmodi
1573 865 1643 899 aut¹
1661 866 1801 900 aliorum
1825 877 1907 909 quo-

1170 919 1325 952 rumlibet
1337 920 1498 952 ullatenus
1515 920 1700 963 redundet),
1715 919 1906 952 auctoritate

1171 971 1358 1014 apostolica,
1371 977 1481 1005 tenore
1499 972 1728 1015 praesentium,
1743 971 1909 1004 confirma·

1171 1035 1239 1057 mus
1264 1030 1295 1057 et
1319 1026 1551 1068 approbamus,
1578 1025 1689 1069 illique
1711 1025 1908 1058 inviolabilis

1171 1078 1373 1120 apostolicae
1399 1077 1560 1111 firmitatis
1591 1079 1693 1111 robur
1725 1078 1906 1118 adiieimus,

1172 1141 1207 1163 ac
1231 1142 1343 1163 omnes
1368 1136 1400 1164 et
1424 1132 1571 1174 singulos
1596 1131 1676 1163 iuris
1702 1136 1734 1164 et
1758 1131 1833 1164 facti
1857 1131 1910 1164 de-

1173 1184 1281 1222 tectus,
1307 1183 1332 1215 si
1359 1183 1412 1226 qui
1435 1183 1575 1226 desuper
1592 1183 1842 1226 quomodolibet
1861 1183 1911 1216 in-

1173 1236 1379 1275 tervenerint,
1398 1237 1598 1278 supplemus.

1215 1289 1230 1331 g
1255 1288 1286 1321 3.
1314 1289 1535 1321 Decernentes
1559 1289 1691 1322 easdem
1717 1294 1911 1332 praesentes
1949 1301 2067 1324 ciausutae.

1170 1341 1295 1374 litteras
1326 1349 1456 1385 semper
1475 1341 1592 1382 firmas,
1610 1342 1732 1375 validas
1749 1347 1781 1376 et
1804 1342 1913 1376 estlea-

1171 1404 1224 1427 005
1255 1394 1393 1427 existere
1418 1400 1449 1426 et
1474 1394 1557 1433 sore,
1580 1404 1719 1438 suosque
1746 1395 1913 1438 plenarios

1172 1454 1204 1480 et
1228 1447 1371 1490 integros
1402 1446 1534 1480 effectus
1564 1448 1674 1480 sortiri
1695 1453 1727 1480 et
1754 1448 1912 1488 obtinere,

1173 1511 1209 1533 ae
1226 1500 1301 1540 illis,
1318 1500 1357 1533 ad
1376 1509 1456 1542 quos
1481 1505 1608 1543 spectat
1632 1505 1664 1533 01
1687 1510 1748 1543 pro
1767 1507 1913 1544 ternpore

1174 1554 1449 1597 quandocumque
1473 1554 1642 1596 spectabit,
1660 1554 1693 1586 in
1715 1554 1864 1587 omnibus
1882 1560 1914 1587 et

1174 1617 1234 1649 per
1255 1606 1363 1639 omnia
1387 1605 1576 1649 plenissime
1601 1606 1782 1650 suffragari,
1803 1609 1853 1640 vel
1874 1607 1913 1640 ab

1176 1660 1221 1691 eis
1248 1658 1429 1702 respective
1462 1659 1693 1693 inviolabiliter
1724 1659 1910 1701 observari,

1174 1712 1285 1754 sicque
1317 1713 1349 1744 in
1378 1712 1566 1755 praemissis
1596 1722 1656 1756 per
1690 1723 1913 1756 quoscumque

1175 1765 1294 1798 iudices
1323 1765 1505 1798 ordinarios
1535 1770 1568 1798 et
1598 1767 1779 1808 detegam,
1815 1766 1911 1800 etiam

1175 1828 1345 1851 causarum
1377 1818 1489 1861 palatii
1520 1819 1690 1861 apostolici
1722 1819 1911 1859 auditores,

1175 1870 1308 1903 iudicari
1334 1876 1366 1903 01
1383 1870 1510 1904 definiri
1529 1871 1663 1911 debere,
1684 1881 1720 1904 ac
1737 1872 1862 1904 irritum
1882 1877 1914 1905 et

1175 1924 1271 1956 inane
1298 1924 1322 1956 si
1356 1933 1448 1957 secus
1480 1934 1578 1967 super
1610 1924 1659 1956 his
1683 1935 1701 1956 a
1726 1933 1913 1968 quoquam,

1176 1977 1286 2020 quavis
1310 1977 1515 2016 anctoritate,
1529 1977 1672 2010 scienter
1694 1978 1743 2010 vel
1761 1977 1914 2021 ignoran-

1177 2036 1235 2069 ter,
1259 2030 1433 2073 contigerit
1457 2030 1621 2063 attentari.

1219 2083 1280 2127 ῥά.
1308 2083 1377 2117 Νο11
1402 2083 1608 2116 obstantibus
1626 2084 1913 2118 constitutionibus

1176 2142 1208 2170 et
1237 2136 1497 2170 ordinationibus
1522 2136 1728 2180 apostolicis,
1754 2147 1809 2177 ac,
1835 2147 1914 2180 qua-

1177 2195 1267 2223 tenus
1282 2200 1364 2233 opus
1377 2190 1428 2229 sit,
1446 2190 1551 2222 dictae
1572 2190 1802 2230 universitatis
1818 2190 1913 2224 etiam

1178 2243 1369 2282 iuramento,
1393 2242 1638 2276 confirmatione
1655 2243 1845 2286 apostolica,
1863 2244 1913 2276 vel

1178 2296 1287 2339 quavis
1305 2295 1457 2328 firmitate
1471 2296 1533 2328 alia
1550 2296 1722 2336 roboratis,
1741 2296 1866 2329 statutis
1884 2301 1916 2329 et

1179 2349 1479 2389 consuetudinibus,
1507 2349 1686 2392 privilegiis
1709 2359 1851 2393 quoque,
1868 2349 1915 2382 in-

1179 2403 1275 2436 dultis
1294 2409 1322 2434 et
1338 2402 1451 2435 litteris
1465 2401 1654 2446 apostolicis
1669 2402 1702 2434 in
1716 2401 1915 2435 eontrarium

1178 2455 1427 2499 praemissorum
1453 2454 1699 2499 quomodolibet
1733 2454 1912 2496 concessis,

1217 2573 1224 2597 t
1251 2571 1383 2598 Pa=ticula
1403 2574 1453 2599 nul
1473 2579 1520 2599 nos
1540 2570 1661 2597 addimus
1681 2572 1718 2601 (n.
1733 2572 1782 2603 Τ,).

1901 179 1956 209 An.
1972 182 2002 210 C.
2024 181 2093 212 1677
2108 191 2111 196 ’

1994 2091 2104 2112 [territatio

1925 2123 1970 2139 (01Ἱῆ
1976 2125 2036 2139 rantur
2044 2124 2082 2138 ΙΙΙΙΙ.
