2111 3157
0 195 46 219 An.
65 192 93 219 C.
113 193 176 219 ¹679

33 411 62 432 Do
84 410 180 432 electori·

27 1034 57 1055 De
77 1034 182 1063 praelato-

1 1066 44 1081 ΝΜ
60 1066 110 1089 Gur?
123 1066 180 1081 eirca

1 1092 128 1107 necessaria.

761 190 971 216 INNOCENTH'S
992 190 1023 214 xt
1047 191 1095 214 ΡΡ.

188 243 324 276 amitte
352 242 532 285 expellatur
565 241 618 284 qui
649 241 745 274 vitam
777 249 920 272 commu·

188 306 262 328 nem
288 295 445 338 sequitur,
471 299 525 327 aut
550 295 604 327 ille
628 293 837 327 confirmetur
865 290 919 334 qni
940 285 941 300 ¹

189 348 276 381 illam
298 358 362 380 non
388 348 549 380 observat.

233 399 323 439 Item,
347 405 382 432 ut
405 399 518 432 maiori
544 397 831 440 circumspectione
857 396 922 428 ele-

191 453 316 485 ctiones
341 454 560 496 praelatorum
596 451 688 490 siant,
724 448 922 493 praecipitur

191 505 398 544 electoribus,
422 505 479 536 sub
504 506 610 546 poena
627 512 692 535 non
717 500 922 539 suffragandi,

190 562 227 588 ut
249 562 422 599 antequam
458 557 497 588 ad
534 555 728 588 electionem
768 552 921 591 ministri,

191 609 344 647 custodis,
376 607 583 640 definitorum
615 612 647 639 et
671 605 923 648 guardianorum

190 661 381 703 procedant,
396 659 585 701 singillatim
599 659 814 691 iuramentum
832 665 925 699 prae-

191 718 276 745 stent
298 723 406 745 coram
441 711 619 745 venerabili
650 710 788 743 crucifixi
814 707 926 750 imagi-

190 775 240 804 ne,
255 770 427 807 praesente
446 764 605 807 praeside,
623 774 655 797 se
674 773 746 796 eum
764 763 925 795 electuros

190 817 224 849 in
249 818 394 860 quolibet
407 817 647 860 praedictorum
681 815 861 848 officiorum
879 824 924 846 re-

191 869 342 912 spective,
375 879 470 911 quern
494 869 526 901 in
552 868 748 901 conscicntia
773 872 803 900 et
826 867 926 899 omni-

190 922 249 953 hus
273 923 377 964 aequa
408 922 499 953 lance
523 921 649 954 libratis
674 920 855 963 digniorem
880 919 926 951 iu-

193 973 358 1006 dicabunt.

235 1025 315 1058 Item
351 1025 551 1068 praecipitur
591 1025 740 1058 omnibus
772 1025 924 1068 praelatis

192 1077 350 1111 localibus
384 1083 420 1110 ut
445 1078 581 1120 singulis
606 1078 672 1111 suis
698 1078 834 1111 subditis
852 1088 926 1120 pro-

193 1129 325 1162 videant
348 1130 388 1163 de
413 1131 563 1163 omnibus
588 1131 783 1163 necessariis
805 1136 868 1162 tam
894 1130 924 1161 in

193 1181 279 1214 victu
303 1187 335 1215 et
358 1182 489 1221 vestitu,
517 1193 612 1225 quam
637 1183 669 1215 in
695 1183 840 1225 quolibet
863 1182 925 1215 alio

194 1233 281 1266 iuxta
304 1239 448 1267 nostrum
465 1239 582 1266 statum
602 1235 634 1266 in
654 1235 788 1277 propria
809 1234 924 1276 specie,

195 1286 252 1318 sub
277 1289 382 1329 poena
407 1286 597 1328 privationis
622 1286 806 1328 gnardianis
830 1287 926 1328 negli-

195 1338 355 1380 gentibus.
382 1338 420 1370 Et
444 1339 482 1371 de
508 1339 570 1372 hoc
602 1344 723 1381 puncto
755 1344 927 1371 teneantur

194 1391 409 1432 provinciales
446 1396 478 1423 et
502 1391 685 1424 visitatores
710 1391 742 1423 in
767 1391 833 1424 suis
854 1391 927 1423 visi-

196 1442 367 1475 tationibus
393 1443 579 1486 specialiter
602 1443 780 1486 inquirere,
820 1449 851 1476 et
887 1443 925 1476 ad

194 1494 412 1528 definitorium
455 1495 635 1537 proximum
676 1495 708 1527 in
751 1506 948 1538 congrega-¹

194 1547 282 1580 tione
310 1553 363 1580 aut
390 1548 532 1590 capitulo
558 1548 690 1587 referre,
713 1547 746 1580 in
770 1559 833 1590 quo
851 1558 927 1580 con·
947 1560 949 1596 ξ

194 1604 299 1632 stante
324 1599 492 1642 guardiani
529 1600 738 1642 negligentia,
764 1601 796 1632 in
821 1600 926 1633 officio

193 1652 383 1684 continuare
423 1662 489 1684 non
523 1651 638 1694 possit.
676 1651 713 1684 Et
738 1657 772 1684 ut
797 1652 927 1685 frivolae

193 1703 447 1744 guardianorum
472 1704 694 1737 excusationes
714 1706 928 1746 praecludan-

193 1761 254 1795 tur,
277 1755 477 1798 praecipitur
493 1756 742 1798 provincialibus
761 1757 926 1795 ministris,

192 1812 243 1847 ut,
269 1818 366 1851 quam
399 1808 538 1851 primum
574 1809 654 1841 baec
680 1814 798 1841 statuta
823 1810 928 1852 publi-

193 1865 263 1892 cata
281 1860 410 1899 suerint,
433 1867 631 1902 congregent
651 1860 879 1900 definitorium,
896 1866 929 1893 et

194 1921 264 1944 cum
276 1921 323 1951 eo,
336 1913 424 1945 iuxta
434 1923 557 1945 sacrum
570 1912 748 1945 Concilium
770 1913 929 1945 Tridenti-

193 1974 268 1997 nnm
283 1965 520 2007 etapostolicas
546 1965 800 2004 constitutiones,
821 1970 930 1997 taxent

194 2026 360 2049 numerum
377 2017 506 2049 fratrum
521 2017 573 2060 qui
588 2028 646 2060 per
659 2023 830 2050 consuetas
846 2019 929 2050 elee-

194 2079 343 2112 mosynas
382 2070 520 2112 provisis
554 2070 703 2103 omnibus
733 2071 928 2103 necessariis

194 2121 280 2153 iuxta
300 2127 445 2154 nostrum
463 2129 577 2154 statum
599 2124 772 2155 sustentari
792 2124 926 2166 possint,
949 2131 951 2138 ²

195 2179 227 2206 et
251 2175 283 2206 in
301 2174 382 2207 libro
407 2175 588 2217 provinciae
605 2176 802 2218 praedictam
826 2182 927 2209 taxam

196 2226 349 2266 scribant,
374 2227 460 2259 etin
496 2228 585 2260 nullo
623 2235 781 2260 conventu
818 2229 928 2270 plures

195 2280 367 2321 religiosos
392 2282 553 2313 collocare
579 2280 715 2322 possint,
741 2292 836 2323 quam
859 2288 929 2314 taxa

196 2332 451 2375 praescripserit,
477 2343 535 2365 nce
559 2331 677 2374 possit¹
701 2339 808 2374 petere
831 2333 929 2367 licen-

199 2385 270 2416 tiam
306 2384 470 2423 induendi,
509 2395 569 2416 nec
607 2384 666 2416 iam
702 2385 835 2418 obtenta
872 2387 951 2424 uti,v

197 2437 259 2468 nisi
284 2436 378 2469 simul
404 2436 621 2468 transmittant
647 2437 863 2471 testimonium
882 2439 928 2470 iu-

197 2493 341 2520 ramento
366 2488 537 2527 firmatum,
564 2488 648 2531 quod
674 2489 840 2531 provincia
862 2500 928 2523 non

208 2573 215 2579 .
230 2550 244 2576 1
265 2549 352 2575 Potius
366 2549 423 2581 lege
437 2550 547 2583 possin!
562 2552 598 2579 (n.
615 2550 662 2580 τ.).

287 2603 366 2630 Ball.
384 2604 467 2630 Rom.
488 2617 522 2622 —
549 2603 604 2629 Vol.
626 2603 701 2629 MX.
861 2602 896 2629 29

962 238 1079 270 habeat
1112 238 1219 280 plures
1253 236 1365 279 fratres
1398 245 1493 278 supra
1526 241 1693 266 numerum

962 291 994 323 in
1019 292 1186 335 praedicta
1212 291 1372 323 tavatione
1396 289 1584 333 praefixum.
1618 286 1694 318 Post

963 345 1049 387 quod
1074 350 1225 377 statutum
1250 344 1469 387 adimpletum,
1487 343 1575 375 nulla
1599 351 1693 374 excu-

963 397 1043 429 satio
1075 398 1323 439 guardianorum
1358 406 1423 429 non
1456 394 1692 438 providentium

964 449 1101 482 subditis
1127 450 1166 482 de
1191 449 1382 482 necessariis
1411 449 1607 486 admittatur,
1635 447 1692 480 sed

965 502 1111 535 absolute
1137 502 1169 534 in
1194 501 1367 545 praedictis
1387 500 1693 544 congregationibus

965 555 1135 597 priventur
1158 568 1189 587 n.

1010 608 1023 648 ‚Q
1047 608 1077 640 3.
1105 607 1180 640 Cum
1206 612 1323 645 autem,
1349 608 1432 640 sicut
1463 607 1574 640 eadem
1600 617 1696 649 expo-

967 660 1041 692 sitio
1065 660 1288 702 subiungebat,
1322 660 1506 703 praedictus
1540 661 1696 702 Iosephus

967 712 1116 745 minister
1156 713 1315 753 generalis
1356 718 1474 744 statuta
1499 712 1697 751 huiusmodi,

968 765 1087 807 qnippe
1113 766 1150 798 ad
1173 765 1426 797 conservandum
1445 770 1476 796 et
1493 765 1699 796 solidandum

968 817 1000 849 in
1018 817 1136 849 Ordine
1162 818 1327 860 praedicto
1348 817 1508 858 regularis
1528 816 1700 848 observan-

969 869 1030 901 tiae
1055 870 1194 910 rsporem
1229 869 1344 901 eximie
1376 868 1603 906 conducibilia,
1638 879 1698 911 pro

969 921 1100 954 tirn'iiori
1122 922 1248 954 illorum
1274 921 1496 958 subsistentia,
1532 920 1701 953 exactiori-

969 984 1029 1016 que
1054 974 1293 1013 observatione,
1315 973 1512 1016 apostolicae
1530 972 1699 1006 confirma-

969 1026 1064 1058 tionis
1103 1031 1231 1058 nostrae
1277 1025 1458 1067 patrocinio
1505 1025 1700 1057 communiri

969 1088 1175 1120 summopere
1212 1078 1393 1110 desideret:
1420 1086 1488 1115 nos,
1515 1077 1616 1119 ipsius
1654 1076 1701 1109 lo-

969 1130 1063 1172 sephi
1088 1129 1225 1162 ministri
1252 1130 1413 1171 generalis
1433 1129 1512 1161 votis
1538 1129 1598 1160 hac
1616 1129 1647 1160 in
1668 1139 1700 1160 re

969 1186 1123 1224 quantum
1149 1192 1218 1213 cum
1242 1181 1379 1213 Domino
1407 1191 1576 1224 possumus
1613 1180 1700 1213 savo-

946 1233 1115 1277 'rabiliter
1148 1243 1290 1265 annuere
1324 1234 1483 1270 volentes,
1519 1243 1658 1276 eumque
1683 1243 1701 1266 a

969 1285 1133 1327 quibusvis
1169 1285 1525 1323 excommunicationis,
1565 1295 1702 1328 suspeu-

968 1337 1070 1370 sionis
1087 1343 1119 1370 et
1134 1337 1308 1377 interdicti,
1323 1337 1460 1380 aliisque
1474 1337 1701 1371 ecclesiasticis

969 1389 1148 1428 sententiis,
1179 1389 1322 1422 censuris
1357 1395 1388 1421 et
1420 1390 1545 1432 poenis,
1580 1400 1597 1421 a
1632 1390 1702 1423 iure

969 1443 1019 1474 vel
1051 1442 1090 1474 ab
1122 1442 1271 1481 homine,
1310 1442 1418 1484 quavis
1448 1442 1616 1475 occasione
1652 1443 1702 1476 vcl

969 1496 1064 1526 eausa
1091 1495 1170 1532 latis,
1189 1494 1213 1526 si
1238 1494 1355 1537 quibus
1381 1495 1626 1536 quomodolibet
1657 1495 1705 1527 in-

969 1548 1105 1580 nodatus
1124 1547 1239 1583 existit,
1261 1547 1298 1580 ad
1314 1546 1462 1580 estet-tum
1481 1547 1702 1589 praesentium

970 1600 1133 1632 dumtaxat
1161 1599 1444 1641 consequendum,
1473 1599 1586 1631 barum
1618 1599 1704 1632 serie

970 1652 1176 1685 absolventes
1205 1658 1236 1684 et
1268 1651 1449 1684 absolutum
1476 1652 1543 1684 forc
1568 1662 1705 1685 censen-

970 1710 1029 1743 tes,
1057 1704 1349 1747 supplicationibus
1368 1704 1436 1735 eins
1460 1704 1590 1736 nomine
1613 1705 1705 1737 nobis

948 1780 950 1786 s
971 1767 1068 1798 super
1092 1757 1154 1789 hoc
1179 1756 1347 1788 humiliter
1363 1757 1521 1799 porrectis
1549 1756 1703 1795 inclinati,

972 1810 1079 1841 onmia
1112 1814 1144 1841 et
1171 1808 1297 1850 singula
1332 1813 1450 1840 statuta
1490 1809 1703 1851 praeinscrta,

972 1862 1002 1894 in
1028 1863 1137 1904 eisque
1162 1867 1315 1894 contenta
1339 1872 1575 1904 quaecumque,
1595 1869 1704 1895 aucto-

971 1915 1066 1946 ritate
1105 1913 1304 1956 apostolica,
1332 1918 1444 1946 tenore
1471 1914 1703 1955 praesentium,

949 1971 1130 2009 ¹perpetuo
1152 1965 1376 1998 conllrmamus
1409 1971 1439 1997 et
1475 1966 1706 2009 approbamus,

971 2019 1101 2061 illisque
1126 2018 1319 2051 inviolabilis
1344 2019 1542 2061 apostolicae
1575 2019 1706 2051 firmita-

973 2071 1011 2103 tis
1037 2072 1135 2103 rolmr
1173 2071 1350 2109 adiicimus,
1376 2081 1412 2103 ae
1447 2081 1558 2104 omues
1584 2062 1617 2104 et
1640 2072 1706 2104 sin-

972 2125 1064 2166 gulos
1091 2123 1167 2155 iuris
1192 2129 1223 2156 ct
1248 2123 1320 2155 sacti
1346 2123 1498 2162 defectus,
1524 2124 1548 2156 si
1575 2124 1627 2166 qui
1654 2125 1708 2157 dc-

971 2186 1069 2218 super
1103 2175 1349 2218 quomodolibet
1380 2175 1623 2214 intervenerint,
1649 2186 1706 2209 scu

948 2228 1184 2276 ,intervenisse
1209 2228 1284 2267 dici,
1312 2229 1437 2261 censeri
1460 2230 1509 2262 vel
1536 2229 1704 2272 praetendi

971 2286 1114 2323 possent,
1141 2281 1327 2322 supplemus
1353 2286 1383 2313 ct
1407 2290 1570 2313 sanamus.

1015 2333 1029 2375 g
1053 2333 1085 2365 4.
1111 2333 1329 2365 Dccernentes
1359 2333 1486 2366 easdem
1518 2338 1706 2375 praesentes

971 2386 1103 2424 litteras,
1130 2396 1166 2417 ac
1190 2391 1307 2418 statuta
1340 2386 1548 2428 praeinserta,
1575 2397 1706 2430 semper

972 2444 1003 2470 et
1027 2445 1186 2480 perpetuo
1220 2437 1322 2476 lirina,
1356 2438 1463 2471 valida
1499 2445 1530 2471 et
1562 2438 1706 2471 efficacia

972 2490 1106 2522 existere
1132 2494 1163 2522 et
1199 2490 1277 2529 sore,
1312 2500 1452 2533 suosque
1482 2492 1648 2533 plenarios
1674 2495 1707 2523 et

971 2542 1116 2583 integros
1143 2540 1271 2574 effectus
1296 2542 1403 2574 sortiri
1430 2549 1460 2574 et
1485 2542 1644 2582 obtinere,
1669 2552 1706 2574 ac

1592 174 1655 207 ‘Ea
1701 185 1751 209 Aa.
1771 183 1798 206 (ζ.
1819 183 1879 208 137„

1755 607 1888 629 Confirmatio

1707 636 1722 656 P
1733 635 1820 656 mtfflcis.

1743 2335 1862 2356 clausulae.
