2111 3157
218 265 266 291 Λιι.
282 263 310 291 c.
336 262 401 291 ¹689
450 254 514 289 86⁶2

410 313 513 346 nostri
550 318 698 346 naturam
735 317 883 346 evertere
916 317 947 345 et
971 311 1149 351 immutare,

411 367 481 409 ipso
507 367 589 399 sacto
615 366 701 398 omni
729 365 834 398 osticio
861 370 893 398 et
917 375 994 398 voce
1020 365 1150 408 priven-

411 425 472 458 tur,
488 425 519 452 et
536 418 878 453 excommunicationis
895 418 1089 450 sententiam
1103 417 1151 450 in-

410 478 555 511 currant,
582 482 599 504 a
625 482 687 514 qua
712 481 778 504 non
804 471 931 514 possint
946 471 1069 504 absolvi
1088 471 1149 503 nisi

410 536 468 567 per
486 525 700 557 reverendum
718 530 855 567 patrem,
883 530 938 557 aut
954 524 1095 567 aliquem
1113 535 1148 557 ex

410 577 645 616 visitatoribus,
670 578 720 610 vel
746 578 935 620 deputatum
961 577 1000 609 ab
1026 576 1084 609 eis.
1104 576 1151 609 Si-

409 630 479 663 mili
511 641 636 673 poenae
673 631 878 669 subiaceant,
913 630 967 673 qui
1004 635 1150 663 auctores

411 683 483 716 talis
512 683 663 716 infamiae
697 688 753 716 aut
786 684 916 717 Ordinis
953 683 1058 716 nostri
1086 682 1151 715 rui-

409 747 470 769 nae
496 737 716 779 cognoverint,
744 736 804 769 nisi
823 748 877 769 eos
896 736 1038 779 capitulo
1055 745 1152 778 gene-

409 789 467 822 rali
490 791 542 822 vel
574 790 754 822 reverendo
791 789 871 832 patri
905 795 959 822 aut
991 790 1088 822 alicui
1113 800 1149 821 ex

409 852 488 875 suae
514 842 696 885 provinciae
723 841 959 881 visitatoribus,
985 842 1151 885 quampri-

408 906 495 929 mum
508 896 676 928 commode
691 895 844 938 poterint,
861 895 1148 928 manifestaverint.

453 960 526 983 an.
555 949 588 981 ln
613 949 730 982 litteris
755 948 890 988 O.dnis,
913 948 980 982 sive
1005 955 1150 992 patentes

409 1002 490 1042 sint,
517 1003 582 1034 sive
607 1001 791 1040 misseriae,
817 1012 946 1044 semper
970 1008 1151 1045 apponatur

410 1056 479 1089 dies
505 1061 536 1088 et
560 1065 675 1088 annus.

454 1119 541 1142 ani.
569 1108 606 1141 Et
629 1108 712 1140 sicut
742 1108 773 1141 in
810 1108 881 1140 aliis
916 1108 1079 1148 omnibus,
1106 1108 1151 1141 sic

409 1161 506 1195 etiam
524 1161 556 1193 in
577 1161 689 1200 titulis,
711 1161 763 1204 qui
783 1161 930 1204 personis
949 1161 1078 1194 Ordinis
1094 1171 1152 1194 no-

408 1215 466 1247 stri
492 1215 569 1246 dare
590 1215 696 1247 solent
713 1225 773 1257 per
793 1214 913 1256 scripta
931 1215 970 1257 (⁴)
992 1214 1039 1247 vel
1061 1215 1152 1248 sami-

407 1267 488 1300 liare
514 1266 724 1309 colloquium,
744 1267 891 1299 volumus
909 1267 1150 1310 simplicitatem

409 1327 440 1353 et
473 1321 689 1353 humilitatem
718 1320 951 1352 Cartliusianae
983 1321 1151 1363 religionis

409 1373 532 1406 servari
557 1384 628 1405 cum
656 1372 742 1405 omni
768 1373 939 1405 modestia.

454 1436 535 1459 wa.
562 1425 648 1458 Nulli
675 1426 812 1468 praelati
835 1432 891 1458 aut
919 1426 1039 1459 subditi
1060 1426 1151 1460 Ordi-

409 1479 460 1512 nis
485 1479 608 1512 domini
635 1479 851 1521 appellentur,
873 1479 929 1512 sed
948 1479 1097 1519 domini¹,
1120 1485 1151 1512 et

409 1532 574 1571 monachi,
600 1532 714 1564 fratres
748 1532 780 1564 in
812 1532 987 1575 provinciis
1016 1532 1092 1572 illis,
1118 1533 1148 1565 in

410 1586 529 1628 quibus
555 1585 638 1618 inter
658 1586 840 1618 saeculares
859 1591 947 1618 esset
964 1586 1149 1620 scandalum

410 1639 435 1672 si
462 1644 655 1673 vocarentur
675 1638 811 1671 domini.

455 1703 524 1725 ων.
546 1692 681 1732 Priores,
701 1692 809 1724 vicarii
827 1692 1031 1733 monialium,
1052 1698 1084 1725 et
1102 1703 1151 1725 ce-

410 1746 469 1778 teri
496 1745 649 1780 officiales
673 1744 811 1785 Ordinis,
839 1746 894 1788 qui
920 1751 1096 1788 procurant
1121 1752 1149 1778 et

410 1798 561 1831 obtinent
585 1798 708 1830 litteras
736 1799 1017 1832 commendatitias
1043 1810 1059 1831 a
1084 1799 1149 1831 suis

410 1850 634 1890 conventibus,
660 1851 711 1883 vel
735 1862 753 1883 a
778 1851 1036 1894 quibuscumque
1062 1851 1150 1894 prin-

410 1904 537 1947 cipibus
558 1909 590 1936 et
614 1903 755 1937 dominis
781 1904 1025 1946 temporalibus,
1050 1905 1151 1937 eccle-

411 1956 549 1989 siasticis
581 1958 631 1990 vel
657 1957 894 1997 saecularibus,
928 1957 1149 2000 requisitorias

410 2012 460 2043 vel
484 2010 757 2050 comminatorias,
783 2015 818 2043 ut.
847 2010 881 2043 in
915 2010 981 2043 suis
1005 2016 1151 2043 manute-

411 2071 550 2098 neantur
576 2065 697 2104 officiis,
718 2070 749 2097 et
769 2075 822 2097 eas
841 2064 880 2096 ad
898 2064 1075 2107 capitulum
1100 2065 1148 2096 vel

412 2125 511 2160 super
547 2127 666 2150 annum
702 2117 741 2149 ad
774 2117 990 2150 reverendum
1026 2122 1149 2160 patrem

412 2171 543 2202 mittunt
567 2179 622 2202 seu
649 2175 792 2212 portant,
812 2180 849 2202 co
866 2170 936 2213 ipso
954 2169 1095 2202 reddunt
1117 2180 1149 2201 se

413 2228 583 2266 suspectos
608 2224 647 2256 de
673 2224 754 2256 mala
780 2223 1093 2263 administrationne,
1120 2228 1151 2255 et

446 2303 468 2334 ')
489 2302 643 2330 Ordinatio
660 2303 733 2328 anni
747 2307 874 2328 Mnxxxiv.
891 2302 1039 2328 «Servetur
1050 2301 1149 2336 simpli-

412 2347 479 2373 citas
498 2347 605 2373 Ordinis
625 2347 650 2373 in
671 2347 847 2381 inscriptione
863 2347 1014 2373 litterarum
1030 2347 1149 2381 privata-

412 2399 472 2418 rum
500 2392 572 2417 iuxta
599 2395 738 2424 statutum,
759 2400 809 2418 nec
837 2395 1009 2426 apponantur
1036 2389 1150 2424 amplius

413 2440 452 2462 tot
468 2436 536 2462 tituli
555 2436 657 2469 inanes,
675 2436 742 2462 itaut
758 2435 884 2471 deinceps
899 2435 1055 2463 reverendo
1067 2435 1149 2468 patri

413 2479 464 2506 sub
481 2480 588 2506 nomine
604 2479 759 2506 reverendis
776 2479 966 2512 visitatoribus,
981 2479 1149 2511 venerandi,

413 2528 439 2551 et
454 2524 552 2551 ceteris
566 2524 694 2551 omnibus
714 2524 872 2559 aequaliter,
889 2523 1060 2550 venerabilis
1076 2522 1150 2549 dum-

413 2572 484 2595 taxat
504 2568 648 2600 scribatur,
669 2568 792 2595 addendo
812 2569 915 2603 ubique
934 2569 959 2594 in
979 2568 1096 2594 Christo.

450 2615 460 2640 1
480 2613 589 2639 Videtur
603 2613 707 2647 legend.
725 2614 842 2647 domnz'f
863 2616 968 2640 ceteras
982 2616 1094 2639 correct.
1111 2612 1148 2638 le-

412 2657 480 2685 ctori
499 2657 658 2684 dimittimus
676 2662 713 2690 (ii.
730 2662 778 2690 r).

993 263 1175 287 BULLAan
1197 263 1348 288 ROMANUM

1193 317 1372 354 propterea
1398 317 1557 356 tamquam
1582 315 1726 358 suspecti
1755 315 1892 350 veniunt
1914 327 1932 350 a

1193 364 1257 396 suis
1281 365 1477 398 obedientiis
1501 366 1690 400 absolvendi
1716 368 1776 412 (a).
1803 369 1841 402 Et
1856 380 1932 403 con-

1193 418 1371 459 ventnales,
1397 418 1451 461 qui
1478 419 1665 453 huiusmodi
1689 421 1813 455 litteras
1843 422 1933 457 inor·

1194 470 1305 504 dinato
1324 471 1433 504 favore
1453 473 1561 515 potius
1578 484 1672 516 quam
1693 474 1828 508 veritate
1846 475 1932 510 ducti

1194 524 1350 564 scribunt,
1377 530 1452 557 sunt
1476 526 1620 568 legitime
1645 527 1812 569 puniendi.
1843 528 1932 562 Aliae

1195 588 1271 610 vero
1296 587 1455 620 personae
1473 578 1603 612 Ordinis
1629 590 1712 624 quae
1737 581 1860 615 similes
1885 582 1933 615 lit-

1194 636 1277 662 teras
1303 630 1365 663 sibi
1394 637 1582 674 procurant,
1606 638 1652 673 ut,
1680 644 1759 676 quas
1784 635 1932 668 nondum

1195 683 1315 715 liabent
1335 683 1546 725 obedientias,
1573 685 1635 718 hoc
1661 687 1758 719 modo
1781 687 1932 722 obtinere

1194 737 1330 775 valeant,
1350 737 1387 769 ad
1406 737 1478 770 illas
1500 743 1531 770 et
1557 749 1776 783 quascumque
1793 739 1872 773 alias
1894 751 1932 774 eo

1194 788 1265 831 ipso
1291 789 1475 822 efficiuntur
1499 791 1665 835 indignae.

1237 853 1317 876 vai.
1355 843 1449 876 Nulla
1485 854 1627 887 persona
1650 844 1782 880 Ordinis
1815 846 1932 888 nostri,

1194 896 1320 939 aliquos
1341 898 1442 930 libros
1468 908 1523 930 seu
1550 903 1703 931 tractatus
1732 909 1749 932 a
1767 909 1802 932 se
1820 909 1874 932 seu
1893 899 1933 932 ab

1194 950 1263 982 aliis
1291 950 1500 993 compositos,
1531 951 1595 984 sive
1629 952 1724 984 etiam
1750 963 1932 994 sermoneS,

1194 1003 1362 1045 epistolas,
1377 1003 1538 1036 orationes
1556 1005 1606 1037 vel
1622 1004 1685 1037 alia
1699 1015 1933 1049 quaecumque,

1194 1057 1270 1088 dare
1296 1056 1500 1099 impressioni
1537 1067 1594 1089 seu
1631 1063 1666 1089 ut
1701 1057 1934 1101 imprimantur

1194 1119 1367 1151 procurare
1385 1119 1445 1152 per
1463 1119 1495 1141 se
1513 1119 1569 1141 seu
1587 1119 1647 1152 per
1665 1110 1745 1143 alios
1765 1121 1934 1154 quoscum-

1194 1171 1255 1204 que
1275 1166 1470 1204 praesumat,
1490 1162 1551 1193 nisi
1570 1162 1659 1205 prius
1676 1173 1734 1206 per
1757 1163 1933 1206 capitulum

1195 1215 1357 1256 gencrale,
1377 1225 1432 1247 scu
1451 1225 1508 1257 per
1525 1215 1638 1257 ipsum,
1658 1221 1713 1247 aut
1731 1226 1791 1259 per
1808 1221 1933 1259 patrem

1195 1267 1406 1300 reverendum
1427 1267 1606 1310 deputato&
1623 1268 1688 1301 visa
1705 1274 1736 1301 et
1753 1269 1934 1303 examinata

1195 1320 1312 1352 suerint
1333 1325 1429 1362 atque
1452 1320 1640 1362 approbata.
1678 1320 1711 1354 Si
1745 1331 1823 1355 vero
1851 1323 1932 1356 tales

1194 1372 1267 1404 libri
1287 1372 1325 1404 de
1347 1372 1444 1404 rebus
1471 1372 1572 1405 sacris
1595 1378 1741 1413 tractant,
1760 1375 1844 1407 ultra
1861 1385 1932 1408 exa-

1194 1425 1401 1458 minationem
1427 1431 1457 1458 et
1480 1425 1712 1468 probationem
1737 1426 1931 1469 huiusmodi,

1194 1479 1379 1511 nullatenus
1393 1478 1530 1521 imprimi
1544 1478 1743 1521 possint,nisi
1755 1480 1846 1523 prius
1861 1491 1932 1513 exa-

1194 1531 1303 1563 minati
1329 1531 1523 1575 probatique
1549 1533 1587 1565 ab
1605 1531 1776 1566 Ordinario
1799 1533 1929 1567 suerint.

1192 1583 1248 1622 Qui
1276 1585 1360 1616 enim
1388 1585 1466 1617 tales
1490 1584 1590 1617 libros
1621 1585 1744 1629 absque
1770 1584 1930 1619 Ordinarii

1194 1635 1431 1668 examinatione
1457 1647 1492 1668 ac
1517 1637 1709 1679 probatione
1742 1638 1934 1681 imprimunt

1193 1695 1247 1722 ant
1284 1689 1426 1732 imprimi
1462 1690 1603 1730 faciunt,
1631 1701 1770 1734 poenam
1796 1693 1933 1725 anathe-

1193 1742 1285 1774 mati„
1313 1742 1479 1775 incurrunt
1499 1753 1534 1775 ex
1555 1744 1687 1777 decreto
1706 1744 1931 1778 Lateranensis

1192 1795 1326 1828 Cone-ilii
1353 1802 1390 1829 et‘
1404 1795 1596 1829 Tridentini.

1236 1859 1329 1882 van.
1365 1848 1441 1881 Cum
1466 1845 1550 1881 Ordo
1576 1855 1688 1882 noster
1711 1850 1753 1883 sit
1776 1851 1835 1884 sub
1860 1861 1932 1894 spe-

1193 1901 1264 1934 ciali
1291 1901 1489 1945 protectione
1503 1902 1594 1935 Sedis
1612 1903 1823 1946 Apostolicae‚
1845 1904 1932 1937 inhi-

1192 1955 1284 1988 betur
1310 1955 1460 1987 omnibus
1485 1960 1516 1988 ct
1540 1955 1675 1998 singulis
1701 1956 1848 1999 personis
1875 1957 1917 1990 Or

1193 2008 1285 2048 diniz,
1313 2019 1361 2048 ne,
1388 2014 1522 2051 excepto
1547 2016 1759 2051 procuratore
1785 2009 1931 2053 generali

1192 2060 1334 2101 Ordinis,
1363 2061 1431 2093 sine
1457 2061 1539 2094 scitu
1566 2067 1597 2093 et
1621 2062 1755 2105 speciali
1781 2063 1932 2097 commis-

1193 2113 1284 2146 sione
1322 2114 1451 2157 capituli
1489 2115 1662 2156 generalis,
1695 2115 1837 2159 aliquem
1873 2126 1931 2149 seu

1192 2167 1317 2211 aliquos
1339 2178 1375 2200 ex
1397 2168 1537 2200 dominis
1562 2168 1780 2202 cardinalibus
1804 2168 1837 2201 in
1861 2180 1931 2213 pro-

1193 2225 1332 2254 tectores
1372 2221 1532 2264 speciales
1571 2221 1744 2265 impetrare
1783 2223 1832 2255 vel
1868 2222 1930 2255 sibi

1191 2284 1366 2316 procurare
1401 2279 1621 2317 praesumant.
1660 2273 1807 2307 Omnium
1842 2275 1930 2308 enim

1192 2326 1312 2359 anxilio
1331 2332 1362 2358 ct
1381 2326 1585 2369 protectione
1612 2327 1807 2369 indigemus.
1827 2327 1929 2369 Unde,

1193 2390 1264 2413 cum
1293 2380 1450 2423 speciales
1475 2380 1602 2422 aliquos
1630 2380 1807 2423 impetrare
1840 2381 1930 2414 volu-

1192 2443 1272 2473 mus,
1293 2433 1411 2465 cctcris
1436 2433 1676 2476 quodammodo
1702 2433 1910 2477 derogamus.

1226 2521 1254 2556 a)
1274 2521 1337 2547 Vide.
1358 2521 1540 2548 ordinationes
1559 2521 1669 2557 capituli
1688 2521 1823 2557 generalis
1842 2529 1928 2549 anno-

1191 2575 1249 2592 rinn
1271 2573 1385 2592 ›inextiv
1405 2570 1432 2593 et
1450 2572 1573 2592 nocxrvn
1592 2566 1618 2592 in
1639 2566 1691 2592 fine
1710 2566 1791 2593 buius
1806 2566 1927 2602 capituli,

1191 2611 1394 2645 nectar-amas,
1416 2615 1468 2637 etc.
1490 2610 1665 2637 Innovamus
1684 2611 1927 2653 declarationem,

1191 2658 1244 2682 etc.

1931 267 1983 296 An.
1999 267 2029 296 C.
2050 270 2111 299 ¹688
