2111 3157
94 244 149 272 Aa.
163 242 192 272 c.
214 243 284 271 ¹684
870 246 1081 273 muocnurms
1101 247 1133 272 xi
1157 247 1207 273 pr.
1688 234 1753 270 539
1797 245 1850 273 An.
1869 245 1898 274 c.
1915 245 1983 273 1634

283 289 430 327 rumdem
456 293 603 336 directio,
630 295 681 330 vel
705 294 803 340 plene
827 306 845 330 a
868 296 1015 340 patronis
1058 302 1266 338 patronorum
1290 295 1467 330 Ordinariis
1492 294 1676 329 exhibenda
1703 293 1790 328 iuxta

283 346 507 390 superioribus
521 347 658 381 instituti
672 348 878 389 concedatur,
893 349 942 382 vel
955 349 1016 381 sal·
1058 349 1321 383 constitutionem
1341 359 1396 384 Lu.

281 403 346 433 tem
374 404 410 432 ut
432 400 545 434 iisdem
576 411 594 434 a
626 402 772 445 patronis
795 403 844 435 ius
866 407 900 437 'et
922 407 1015 445 pote·
1100 411 1149 435 ιν.
1164 402 1332 436 Ordinarie
1350 403 1383 436 in
1400 402 1512 447 quavis
1530 401 1680 446 ampliori
1699 401 1788 434 dioe-
1812 410 1980 457 'Ubinamserpi-

280 457 347 486 stas
360 452 416 486 fiat
428 453 507 498 ipsis
519 452 638 488 idonea
652 455 796 488 subiecta
808 454 1010 495 nominandi,
1054 453 1127 494 cesi,
1153 464 1189 487 ac
1219 466 1237 488 a
1267 455 1387 499 potiori
1410 456 1443 489 in
1469 454 1580 500 quavis
1604 454 1787 488 arcliidioe-
1797 444 1979 487 322'13‘1,⁰51⁵⁰015i.²3;

279 505 410 549 praevio
433 511 587 540 accurato
604 506 749 542 examine
768 512 800 540 et
816 506 1011 550 probatione

1954 524 1957 535 Ι

1797 543 1838 565 tint
1852 523 1978 565 educandis*

1052 506 1127 545 cesi,
1143 515 1241 540 unum
1257 508 1474 547 seminarium,
1490 514 1530 549 et,
1546 513 1699 552 quantum
1720 506 1787 540 fieri
1798 493 1888 537 33:253?
1905 492 1978 536 ?.‘.¹⁴'¹''‘

278 557 468 600 sufficiente,
487 564 646 603 quatenus
670 559 716 592 sic
740 559 905 602 digniores
922 570 940 592 a
955 569 1011 603 pa-

277 611 380 644 tronis
404 611 613 655 recipiantur,
635 611 690 655 qui
714 611 838 655 recepti
862 611 895 644 in
920 611 1010 645 insti-

277 668 346 697 tuto
371 664 478 698 vivere
503 669 665 709 tamquam
689 675 765 698 vera
789 665 889 708 ipsius
908 675 1009 698 mem-

268 714 333 749 ·bra
356 716 559 759 postmodum
582 717 716 760 obligati
740 722 903 750 maneant.

317 777 373 802 ιιι.
400 767 491 807 Quod
515 769 542 802 si
559 768 719 803 Ordinarii
740 769 884 803 locorum
902 779 1007 803 annua

271 820 443 854 ratiocinia
467 831 484 854 a
509 821 726 855 directoribus
756 822 1005 855 seminariorum

272 877 401 916 petant,
419 873 465 905 uti
483 878 514 906 et
533 883 592 917 per
615 884 649 907 se
669 879 722 907 aut
746 885 805 918 per
828 875 909 908 alios
933 874 1006 907 visi-

272 924 371 958 tando
388 925 599 964 domesticam
617 927 898 969 gubernationem,
919 927 1004 959 iuxta

271 976 518 1021 dispositionem
543 978 624 1013 sacri
649 978 784 1013 Concilii
808 978 1003 1019 Tridentini,

270 1038 350 1063 sess.
366 1040 441 1065 xxm
455 1031 501 1064 De
516 1032 744 1075 reformatione
761 1042 830 1076 cap.
847 1042 940 1072 xviii,
956 1032 1004 1064 in-

270 1082 397 1126 spicere
422 1084 594 1125 voluerint,
619 1084 652 1118 id
676 1084 961 1118 constitutionibus
986 1095 1003 1118 a

270 1138 380 1170 sancta
403 1135 486 1170 Sede
506 1137 696 1181 Apostolica
709 1137 908 1173 confirmatis
928 1148 1004 1171 con-

269 1187 419 1222 formiter
443 1188 518 1230 fiet;
547 1190 590 1223 ita
615 1195 722 1223 tamen
746 1196 782 1223 ut
806 1191 844 1224 de
870 1190 1003 1224 redditi-

269 1239 330 1274 bus
353 1241 517 1274 seminarii
542 1242 625 1276 nihil
649 1243 793 1276 alienare
819 1243 953 1287 possint,
971 1248 1003 1276 et

268 1293 302 1327 in
327 1294 408 1328 alios
432 1305 509 1328 usus
534 1300 736 1329 convertere.

313 1356 381 1380 Lm.
414 1346 608 1391 Superiores
640 1348 870 1392 cuiuscumque
905 1349 1001 1382 semi-

268 1399 363 1440 narii,
386 1403 518 1443 praeter
541 1410 697 1440 mensam,
718 1406 843 1434 certum
868 1400 999 1444 aliquod

268 1452 419 1485 salarium
443 1453 595 1493 habeant,
619 1453 646 1486 si
671 1453 767 1487 aliter
799 1454 838 1487 de
871 1463 1002 1497 compe-

268 1504 348 1537 tenti
372 1504 532 1538 beneficio
552 1505 772 1539 ecclesiastico
796 1506 917 1549 provisi
938 1516 1000 1538 non

268 1557 400 1591 suerint.
426 1557 538 1593 Cetera
561 1568 648 1599 vero,
669 1569 750 1602 quae
775 1569 813 1592 ex
838 1559 1001 1592 communi

268 1612 372 1642 massa
394 1620 454 1653 per
476 1621 596 1643 annum
620 1611 797 1651 restabunt,
827 1611 859 1644 in
885 1611 1001 1644 iisdem

269 1662 452 1696 seminariis
474 1673 533 1707 pro
558 1664 671 1697 suturis
696 1664 863 1697 eventibus
889 1675 926 1697 ac
949 1674 1003 1697 ne-

269 1715 474 1748 cessitatibus
498 1717 769 1757 asservabuntur;
797 1717 883 1760 quod
909 1717 1003 1749 intel-

268 1768 380 1810 ligitur
403 1768 430 1801 si
454 1768 551 1801 modo
576 1768 729 1801 continua
747 1769 819 1801 talis
838 1768 1001 1804 seminarii

268 1820 507 1854 administratio
532 1821 628 1853 huius
652 1821 789 1853 instituti
808 1821 934 1854 clericis
952 1830 1001 1853 re-

269 1873 456 1917 linquatur;
482 1873 648 1917 ceteroqui
678 1873 764 1906 enim
796 1874 872 1906 talia
896 1873 1004 1917 dispo-

269 1925 377 1959 sitioni
401 1926 606 1970 superiorum
624 1926 720 1959 huius
737 1926 878 1959 instituti
898 1936 1004 1959 reser-

270 1979 438 2020 vabuntur,
460 1989 595 2023 quorum
618 1979 755 2022 proinde
781 1972 923 2012 calculus
944 1978 1004 2011 eis-

270 2032 354 2072 dem,
383 2031 507 2075 quoties
535 2032 637 2065 visum
673 2032 775 2072 suerit,
796 2041 855 2075 per
873 2032 1004 2065 modum

270 2085 430 2119 ratiocinii
452 2085 657 2119 exhibendus
675 2085 750 2118 erit.

316 2148 377 2172 uv.
404 2138 439 2171 ln
459 2148 533 2171 casu
555 2138 753 2171 dimissionis
773 2138 907 2171 alicuius
927 2148 943 2171 e
961 2149 1007 2172 se—

264 2190 420 2230 ·minario,
437 2190 464 2224 si
480 2190 641 2223 restitutio
658 2195 842 2233 sumptuum
859 2191 1005 2225 facienda

265 2244 324 2285 sit,
349 2243 404 2276 fiet
426 2243 609 2276 seminariis
634 2248 857 2286 patronorum,
885 2243 918 2276 in
936 2244 1006 2287 qui-

268 2296 334 2329 ‘bus
357 2301 481 2329 tantum
511 2301 600 2329 certa
623 2295 729 2339 portio
760 2305 820 2339 pro
846 2301 1006 2330 sustenta-

274 2348 362 2383 tione
385 2349 626 2382 adolescentum
650 2358 709 2392 per
733 2355 850 2382 annum
868 2349 1007 2392 assigna-

275 2408 346 2444 tur·‚
372 2403 406 2436 in
430 2403 500 2436 aliis
523 2413 599 2436 vero
622 2403 816 2444 seminariis,
839 2403 871 2436 in
888 2404 1005 2447 quibus

275 2454 361 2489 hona
377 2455 574 2490 fundationis
591 2455 630 2488 ad
651 2455 831 2489 institutum
848 2462 1005 2499 spectant,

277 2508 353 2542 talia
377 2509 416 2542 ad
438 2518 577 2542 massam
611 2517 815 2542 communem
846 2508 933 2542 illius
958 2519 1007 2542 se—

277 2560 407 2595 minarii
430 2562 609 2603 tradantur,
623 2567 658 2595 ut
674 2561 727 2595 alii
745 2561 875 2595 iuvenes
891 2562 1006 2596 exinde

277 2619 507 2650 sustententur.
544 2615 724 2650 Ratiocinia
756 2615 790 2648 in
824 2616 1008 2659 praesentia

1051 563 1171 600 potest,
1197 560 1284 594 iuxta
1316 572 1370 595 eas
1395 561 1576 600 academias
1602 566 1634 595 et
1656 561 1787 595 univer-

1050 610 1161 644 sitates
1186 612 1344 646 habeatur
1360 614 1410 647 vel
1428 614 1582 657 erigatur,
1603 614 1660 647 ubi
1680 614 1786 648 studia

1050 667 1082 695 et
1103 663 1276 707 disciplina
1300 665 1514 699 abundantius
1545 667 1716 708 florebunt,
1741 667 1785 700 ita

1049 719 1156 749 tamen
1179 722 1215 750 ut
1250 717 1423 751 seminaria
1446 719 1528 752 ultra
1553 719 1783 752 necessitatem

1047 777 1112 801 non
1128 769 1401 812 multiplicentur;
1421 771 1508 814 quod
1521 771 1545 804 si
1564 772 1596 804 in
1608 772 1662 805 tali
1680 772 1784 805 distri-

1047 824 1098 852 ctu
1123 821 1212 854 nulla
1236 822 1430 855 universitas
1450 829 1544 863 esset,
1561 824 1594 856 in
1611 834 1674 867 qua
1691 824 1785 857 scho-

1046 873 1094 906 lae
1121 874 1262 908 maiores
1292 875 1331 908 ab
1361 875 1400 908 iis
1434 876 1613 909 doceantur
1641 877 1695 920 qui
1726 877 1784 910 do-

1046 935 1118 958 cere
1144 927 1263 968 solent,
1289 932 1366 960 tunc
1390 929 1576 962 sacerdotes
1609 929 1706 962 huius
1737 929 1784 963 in-

1046 978 1147 1011 stituti
1185 979 1218 1012 in
1249 980 1305 1013 tali
1339 990 1413 1014 casu
1446 986 1511 1014 tam
1546 991 1652 1015 sacras
1687 992 1783 1025 quam

1044 1031 1196 1074 profanas
1212 1033 1338 1066 litteras
1356 1033 1531 1067 docebunt.

1089 1093 1150 1117 Lvl.
1179 1084 1258 1118 Cum
1284 1086 1470 1119 sacerdotes
1494 1091 1525 1119 et
1549 1087 1660 1120 clerici
1686 1087 1781 1122 huius

1045 1135 1179 1169 instituti
1205 1137 1264 1170 sub
1289 1138 1510 1172 iurisdictione
1527 1138 1781 1181 Ordinariorum,

1044 1193 1206 1232 tamquam
1229 1190 1296 1224 veri
1321 1196 1353 1224 et
1377 1191 1569 1235 simpliciter
1585 1193 1780 1236 proprieque

1044 1242 1120 1274 dicti
1142 1243 1258 1284 clerici,
1276 1244 1379 1287 parati
1405 1245 1469 1277 sint
1485 1244 1517 1277 in
1536 1250 1603 1278 toto
1622 1250 1781 1280 terrarum

1044 1294 1122 1327 orbe
1137 1306 1244 1329 curam
1264 1297 1444 1331 animarum
1461 1298 1686 1332 administrare
1704 1300 1780 1342 (me-

1044 1347 1206 1381 diantibus
1230 1349 1345 1383 mediis
1370 1351 1605 1393 temporalibus
1631 1351 1670 1384 ab
1689 1351 1781 1384 Ordi-

1042 1400 1141 1433 nariis
1167 1402 1322 1442 locorum,
1347 1404 1395 1435 vel
1413 1403 1545 1435 aliunde
1563 1411 1621 1446 pro
1642 1404 1780 1436 forman-

1044 1453 1091 1486 dis
1117 1454 1299 1489 seminariis
1324 1455 1486 1499 deputatis
1517 1462 1550 1489 et
1573 1457 1712 1497 collatis,
1739 1458 1780 1490 ad

1044 1506 1128 1548 quod
1154 1507 1383 1549 praestandum
1409 1508 1513 1545 dictos
1538 1509 1672 1542 clericos
1697 1520 1781 1542 suni-

1043 1558 1151 1601 ptibus
1166 1558 1230 1591 suis
1249 1559 1388 1602 impares
1408 1570 1477 1592 esse
1496 1568 1555 1603 per
1575 1571 1608 1593 se
1627 1563 1779 1604 constat),

1043 1614 1078 1641 ut
1101 1619 1159 1652 per
1182 1608 1300 1644 bonam
1325 1610 1573 1643 instructionem
1603 1611 1779 1644 iuventutis

1044 1662 1083 1695 ad
1130 1662 1304 1695 seminaria
1348 1663 1512 1696 ordinarie
1555 1663 1778 1697 adolescentes

1044 1714 1195 1758 propriae
1226 1715 1351 1758 patriae
1383 1720 1597 1757 assumantur,
1630 1716 1685 1760 qui
1716 1717 1780 1750 sint

1045 1768 1083 1800 ad
1108 1778 1237 1802 omnem
1273 1769 1417 1803 laborem
1452 1769 1582 1812 impigri
1612 1779 1649 1802 ac
1672 1770 1779 1812 patrio

1045 1821 1115 1853 solo
1140 1821 1271 1860 assueti,
1294 1826 1329 1853 ut
1351 1822 1411 1854 sub
1437 1821 1497 1855 hac
1521 1821 1589 1865 ipsa
1610 1822 1781 1865 disciplina

1045 1883 1147 1916 usque
1171 1873 1210 1906 ad
1227 1879 1364 1907 mortem
1385 1874 1572 1908 subsistant.

1089 1935 1164 1958 Lvn.
1191 1925 1268 1958 Cum
1292 1926 1395 1959 solida
1411 1931 1443 1960 et
1458 1927 1582 1960 stabilis
1608 1927 1781 1971 disciplina

1045 1989 1105 2022 pro
1130 1979 1225 2012 bonis
1248 1979 1374 2012 clericis
1399 1985 1431 2013 et
1459 1981 1577 2013 curatis
1603 1981 1779 2014 formandis

1045 2032 1079 2064 in
1103 2032 1208 2072 domo,
1233 2031 1265 2064 in
1298 2042 1360 2076 qua
1391 2032 1537 2066 diversae
1569 2033 1778 2075 conditionis,

1046 2089 1154 2124 status,
1180 2083 1304 2117 ordinis
1328 2085 1553 2118 adolescentes
1577 2095 1781 2118 commoran—

1047 2142 1108 2177 tur,
1134 2136 1255 2170 servari
1279 2147 1345 2169 non
1371 2137 1493 2180 possit3
1520 2138 1595 2171 ideo
1619 2138 1659 2171 ad
1683 2138 1780 2172 semi-

1047 2190 1137 2223 naria
1162 2190 1258 2222 liuius
1289 2190 1428 2223 instituti
1461 2191 1617 2234 propria,
1643 2193 1693 2224 vel
1723 2191 1781 2224 Or-

1047 2243 1245 2276 dinariorum
1280 2243 1478 2287 presbyteris
1513 2244 1607 2276 huius
1642 2244 1782 2277 instituti

1048 2296 1252 2336 concredita,
1274 2297 1385 2330 nullus
1417 2296 1631 2341 suscipiatur,
1658 2298 1712 2341 qui
1746 2298 1781 2331 in

1048 2350 1111 2382 hoc
1134 2348 1281 2382 instituto
1305 2359 1372 2382 non
1396 2349 1473 2383 velit
1496 2351 1547 2383 vel
1575 2355 1646 2383 actu
1670 2351 1781 2384 vivere

1048 2403 1097 2435 vel
1121 2402 1263 2435 animum
1287 2403 1400 2435 saltem
1424 2402 1470 2435 sic
1493 2402 1621 2436 vivendi
1647 2404 1778 2437 habeat.

1047 2455 1136 2494 Quod
1160 2455 1185 2488 si
1210 2461 1317 2488 tamen
1337 2466 1373 2489 ex
1392 2455 1579 2498 gravissima
1594 2459 1688 2489 causa
1707 2468 1783 2490 con-

1048 2510 1183 2543 victores
1196 2508 1327 2552 quidam
1341 2508 1537 2552 suscipiendi
1552 2510 1669 2549 forent,
1684 2510 1782 2543 iidem

1049 2563 1203 2605 expressa
1228 2562 1288 2594 hac
1322 2562 1510 2595 conditione
1535 2567 1568 2594 et
1590 2572 1656 2595 non
1687 2563 1781 2594 aliter

1049 2614 1277 2658 suscipiantur,
1294 2619 1329 2647 ut
1347 2615 1380 2647 in
1398 2614 1571 2648 seminario
1589 2614 1780 2649 disciplinae
1802 2646 1803 2649 ,
