2111 3157
139 220 190 247 An.
211 219 239 248 C.
261 221 326 248 1079

209 917 322 942 liorngatio

141 947 301 964 contrariorum.

182 1076 244 1096 fides
270 1078 325 1096 trau-

143 1106 277 1128 sumpte-runi.

176 2194 295 2215 Exordium.

378 211 436 246 lna

334 271 474 304 existere
502 276 533 303 et
558 271 640 311 fore,
675 280 816 313 suosque
848 271 1011 313 plenarios
1042 276 1074 304 et

333 324 478 367 integros
501 322 636 357 effectus
664 323 773 356 sortiri
793 328 824 356 et
850 324 1010 363 obtinere,
1037 335 1073 357 ac

333 378 408 417 illis,
440 377 479 410 ad
506 387 587 420 quos
612 382 739 420 spectat
771 382 802 409 et
832 388 892 420 pro
926 383 1094 421 tempore*

333 430 505 474 spectabit,
545 430 734 473 plenissime
760 429 949 472 suffragari,
977 437 1008 464 et
1033 433 1071 464 ab

335 484 381 516 eis
408 483 589 526 respective
623 483 856 516 inviolabiliter
888 484 1069 524 observari,

335 590 458 621 iudices
485 588 665 621 ordinarios
698 595 730 621 et
762 590 945 632 delegatos,
978 591 1072 623 etiam

334 652 499 674 causarum
524 642 634 684 palatii
652 643 822 685 apostolici
841 643 1014 683 auditores,
1031 644 1074 676 iu-

335 694 435 727 dicari
462 700 493 727 et
517 694 643 726 definiri
670 695 788 728 debere
804 722 811 735 ‚
833 706 868 728 ac
894 696 1021 728 irritum
1043 702 1075 728 et

335 748 431 780 inane
457 748 481 781 si
508 759 602 781 secus
640 759 738 792 super
773 749 823 782 his
856 760 873 782 a
898 761 1073 793 quoquam,

336 802 447 844 quavis
472 802 673 843 auctoritate,
689 803 831 836 scienter
853 805 903 836 vel
925 804 1075 847 ignoran-

337 860 393 895 ter,
410 855 585 897 contigerit
608 857 769 889 attentari.

380 908 394 950 ἓ
412 908 443 940 4.
463 908 530 941 Non
558 909 764 942 obstantibus
789 910 1076 943 constitutionibus

336 966 368 994 et
392 961 656 994 ordinationibus
676 963 875 1005 apostolicis,
893 963 1075 1007 ceterisque

337 1014 509 1046 contrariis
527 1014 796 1058 quibuscumque.

382 1066 452 1109 §5
491 1067 646 1099 Volumus
683 1073 790 1100 autem
826 1073 860 1100 ut
891 1069 1075 1101 earumdem

336 1120 559 1163 praesentium
579 1120 760 1152 litterarum
782 1121 1003 1164 transumptis,
1021 1132 1077 1154 seu

337 1173 506 1215 exemplis,
534 1173 631 1205 etiam
664 1173 849 1216 impressis,
887 1185 985 1207 manu
1021 1175 1079 1207 ali-

337 1225 426 1257 cuius
452 1225 567 1258 notarii
592 1226 713 1269 publici
739 1226 948 1269 subscriptis,
982 1233 1013 1260 et
1038 1228 1077 1260 si-

338 1278 416 1321 gillo
442 1289 603 1321 personae
630 1279 661 1311 in
683 1279 903 1312 ecclesiastica
921 1280 1078 1322 dignitate

338 1332 531 1364 constitutae
550 1332 694 1372 munitis,
720 1333 832 1365 eadem
852 1344 983 1376 prorsus
1000 1334 1079 1366 fides

339 1385 459 1428 ubique
486 1385 664 1426 habeatur,
692 1397 775 1428 quae
801 1386 980 1419 haberetur
1001 1387 1080 1430 ipsis

339 1440 566 1482 praesentibus
600 1441 625 1473 si
656 1442 761 1473 forent
789 1441 953 1475 exhibitae
971 1443 1020 1475 vel
1046 1454 1080 1475 o-

341 1497 483 1525 stensac.

384 1545 508 1585 Datum,
520 1546 639 1579 Romae
659 1548 743 1590 apud
757 1547 788 1580 S.
802 1548 939 1588 Petrum,
951 1549 1009 1581 sub
1024 1560 1080 1581 an-

341 1599 418 1630 nulo
436 1599 617 1640 piscatoris,
641 1601 691 1633 die
713 1611 775 1634 xxn
796 1601 877 1634 iunii
906 1612 1079 1643 iinctxxrx,

341 1651 550 1694 pontificatus
576 1654 678 1686 nostri
704 1665 790 1687 anno
817 1665 864 1688 111.

377 1713 439 1740 Dat.
458 1713 501 1742 die
521 1714 555 1741 22
575 1714 643 1742 iunii
660 1716 728 1743 1679
747 1717 844 1751 pontif.
860 1726 931 1745 anno
952 1724 993 1745 111.

648 1859 775 1892 in‘ul.

342 1937 552 1971 Mser-ibitur
566 1939 599 1971 in
618 1939 690 1971 albo
705 1940 883 1971 Beatorwn
900 1950 1009 1972 servus
1023 1940 1084 1972 Dei

391 1991 598 2032 Tleurribius,
619 1992 880 2035 archiepiscopus
893 1992 1050 2025 Liuianus
1061 1992 1080 2024 ¹.

534 2072 730 2099 Innocentius
751 2072 830 2106 Papa
851 2072 898 2105 XI,

467 2116 504 2143 ad
524 2121 701 2150 perpetuam
721 2117 766 2143 rei
787 2117 970 2144 memoriam.

389 2186 571 2220 Laudemus
591 2187 678 2221 viros
701 2189 872 2231 gloriosos,
892 2188 957 2231 qui,
978 2188 1084 2230 magni

345 2239 472 2281 virtute,
498 2241 608 2284 adepti
630 2246 704 2273 sunt
729 2241 868 2283 gloriam
895 2242 927 2274 in
953 2252 1088 2275 conver-

347 2293 472 2326 satione
498 2295 613 2336 gentis,
641 2300 672 2327 et
704 2295 892 2327 commissas
924 2295 985 2327 sibi
1011 2305 1086 2327 oves

349 2347 445 2379 verbo
471 2352 503 2379 ct
527 2348 674 2390 exemplo
693 2347 836 2380 fideliter
853 2358 998 2391 pascere,
1014 2347 1087 2380 Dei-

347 2410 408 2442 que
434 2400 565 2432 domum
599 2401 769 2434 aedificare
803 2407 899 2445 atque
931 2402 1088 2434 corrobo-

346 2463 419 2486 rare
444 2453 653 2494 studuerunt,
682 2455 746 2497 qui,
763 2455 854 2498 quasi
880 2465 971 2488 arcus
995 2455 1088 2487 reful-

383 2534 395 2559 1
415 2532 461 2559 llic
474 2533 574 2560 Beatus
585 2534 744 2560 Sanctorum
757 2534 818 2560 albo
829 2534 980 2570 adscriptus
997 2538 1088 2570 postea

347 2577 396 2603 fuit
406 2585 420 2603 a
434 2577 575 2612 Benedicto
589 2577 656 2609 Xlll,
670 2585 694 2603 iv
706 2578 764 2604 idus
777 2578 928 2605 decembris
940 2585 1087 2612 unccxxvt,

322 2649 325 2651 Α
347 2622 374 2649 in
396 2620 485 2650 Const.
507 2631 576 2657 quae
597 2623 689 2658 incipit
710 2624 852 2656 (Ιιιυιιξιιιη
874 2624 1012 2658 Spirilns.

917 222 1098 247 nt'LLmujM
1123 221 1275 249 nOMANnn

1116 283 1194 316 gens
1211 273 1298 305 inter
1322 273 1459 306 nebulas
1485 272 1619 316 gloriae,
1638 279 1670 307 et
1687 273 1776 317 quasi
1789 273 1850 307 flos

1116 337 1260 359 rosarum
1286 327 1318 360 in
1345 326 1459 359 dicbus
1477 327 1593 367 vernis,
1615 327 1792 360 Ecclesiam
1815 338 1856 360 ιι-7

1116 381 1275 413 niversam
1302 380 1444 413 nominis
1461 380 1510 413 sni
1529 380 1721 414 celebritate
1742 385 1774 414 et
1787 381 1853 424 spi-

1117 434 1281 468 ritualium
1307 439 1488 466 aromatum
1507 434 1606 467 odore
1625 433 1852 477 impleverunt,

1093 497 1153 526 :ac
1185 488 1331 526 demum,
1359 487 1498 520 feliciter
1530 487 1668 519 decurso
1708 486 1854 520 mortalis

334 537 445 579 sieque
478 536 511 567 in
547 535 733 578 praemissis
763 546 822 579 per
850 547 1094 580 quoscumque*

1117 540 1184 572 aevi
1211 539 1355 580 stadio¹‚
1382 540 1684 573 immarcescibilem
1712 540 1853 572 iustitiae

1117 603 1270 625 coronam
1287 594 1319 625 in
1335 596 1468 626 aeterna
1484 593 1634 626 caelestis
1651 593 1856 625 Hierusalem

1118 646 1290 679 stabilitate
1317 647 1462 689 accipere
1489 652 1690 679 meruerunt.
1710 645 1794 684 Quos
1812 646 1856 678 in-

1120 707 1166 734 ter
1190 711 1262 732 cuin
1298 700 1353 733 Dei
1391 711 1500 733 servus
1534 700 1750 739 Thurriliius,
1778 699 1856 732 olim

1118 754 1386 797 archiepiscopus
1405 753 1565 793 Liuianus,
1581 753 1775 785 charismata
1790 762 1857 785 me-

1119 808 1200 840 liora
1224 809 1416 847 aemulatus,
1443 818 1479 839 ac
1505 805 1762 848 theologicarum
1786 816 1856 839 mo-

1119 860 1297 903 raliumque
1313 860 1465 892 virtutum
1484 859 1627 892 omnium
1646 859 1771 901 fulgore
1785 869 1859 891 con-

1119 914 1270 956 spicuus,
1297 914 1394 955 longe
1420 914 1550 956 lateque
1576 912 1802 955 splenduerit;
1830 923 1858 945 a·

1120 966 1267 1009 postoliei
1294 966 1447 1005 muneris,
1466 966 1563 1008 quod,
1578 965 1701 997 viribus
1725 964 1802 998 licet
1827 971 1859 998 et

1120 1019 1243 1051 meritis
1268 1019 1425 1061 impares,
1452 1018 1559 1051 divina
1590 1018 1779 1060 dignatione
1805 1028 1860 1060 ge-

1120 1072 1238 1110 rimus,
1266 1072 1347 1104 ratio
1387 1071 1487 1114 exigit
1522 1076 1555 1103 ut
1585 1071 1672 1104 illius
1704 1070 1804 1103 cultui
1829 1076 1860 1103 et

1120 1125 1323 1157 venerationi
1342 1125 1373 1157 in
1394 1124 1501 1164 terris,
1523 1124 1563 1157 ad
1581 1123 1637 1156 Dei
1659 1124 1802 1164 laudem,
1821 1124 1858 1156 ad

1122 1178 1281 1210 Ecclesiae
1307 1178 1405 1211 decus
1430 1183 1460 1210 et
1485 1177 1691 1220 praesidium,
1718 1177 1756 1210 ad
1775 1177 1862 1210 chri-

1122 1230 1216 1263 stiani
1243 1230 1354 1274 populi
1374 1230 1576 1273 spiritualem
1603 1229 1862 1263 aedificationem

1122 1289 1218 1327 atque
1250 1283 1517 1323 consolationem,
1544 1288 1704 1326 potestate
1728 1282 1823 1315 nobis
1845 1293 1863 1315 a

1122 1337 1259 1369 Domino
1287 1336 1404 1369 tradita
1429 1337 1649 1368 consulamus.

1166 1391 1180 1433 g
1206 1390 1237 1422 t.
1265 1389 1342 1422 Cum
1367 1390 1488 1433 itaque,
1512 1389 1669 1422 confectis
1687 1389 1807 1422 dudum
1824 1399 1862 1422 ex

1857 224 1906 253 An.
1927 225 1956 255 C.
1975 225 2040 255 1639

1922 1401 2054 1422 Declaratum

1874 1428 1913 1448 suit
1932 1435 1944 1448 a
1965 1429 1987 1449 S.
2004 1428 2055 1448 cun-

1123 1443 1219 1475 huius
1243 1448 1371 1475 sanctae
1393 1442 1485 1475 Sedis
1510 1443 1715 1486 Apostolicae
1732 1442 1993 1480 licentiagm‹,·÷.2÷221,‹·r
2017 1454 2056 1474 aa-

1823 1496 1828 1501 .
1874 1485 1930 1502 tuum
1943 1497 1948 1505 ,

1976 1481 2055 1501 dietum

1123 1497 1329 1540 processibus
1348 1497 1387 1529 de
1407 1496 1491 1529 vitae
1509 1496 1678 1529 sanctitate
1704 1497 1864 1529 heroims-
1874 1509 1911 1529 nn
1927 1513 2008 1528 servum
2020 1507 2056 1527 ‹10-

1855 1549 1860 1554 .
1874 1535 1918 1555 nari

1937 1540 1998 1560 posse
2020 1538 2055 1554 υθ-

1124 1561 1185 1593 que
1212 1549 1396 1590 virtutibus,
1423 1549 1539 1592 quibus
1566 1549 1651 1582 idem
1676 1559 1788 1582 servus
1806 1549 1929 1582 noim-100
1944 1560 2013 1581 Beati.

1123 1603 1317 1635 'l'lnirribins
1335 1602 1562 1645 multipliciter
1578 1602 1715 1642 fulsisse,
1735 1601 1864 1645 piisque

1125 1656 1247 1695 studiis,
1274 1656 1390 1698 quibus
1416 1655 1609 1687 catholicam
1634 1654 1729 1687 fidem
1755 1656 1863 1688 ecclc-

1125 1709 1351 1751 siasticannpie
1392 1707 1597 1750 disciplinam
1636 1718 1696 1751 per
1735 1713 1864 1740 sanctae

1125 1761 1244 1804 Synodi
1270 1761 1476 1794 'l'ridentinae
1502 1761 1631 1793 decreta
1655 1761 1810 1794 sancitam
1833 1761 1866 1793 in

1126 1817 1208 1848 nora
1234 1815 1288 1847 illa
1318 1814 1557 1847 christianitate
1587 1814 1782 1848 stabilivisse
1799 1841 1806 1855 ‚
1830 1825 1868 1847 ac

1126 1868 1300 1907 miraculis,
1328 1878 1409 1910 quae
1436 1868 1475 1899 ad
1509 1867 1783 1900 manifestandam
1810 1867 1869 1900 ho-

1127 1920 1267 1953 miuibus
1293 1920 1361 1952 cius
1379 1920 1584 1952 sanctitatem
1606 1931 1623 1952 a
1648 1920 1714 1952 Deo
1739 1925 1868 1963 patrata

1104 1978 1105 1983 ’
1128 1974 1224 2006 fuisse
1251 1974 1502 2013 asserebantur,
1529 1973 1745 2015 Congregatio
1773 1983 1870 2005 vene-

1129 2027 1279 2059 rabilium
1313 2027 1445 2059 fratrum
1478 2031 1665 2059 nostrorum
1701 2025 1732 2058 S.
1766 2025 1803 2058 R.
1831 2025 1867 2058 Ε.

1129 2080 1341 2113 cardinalium
1356 2080 1456 2112 sacris
1471 2080 1584 2112 ritibus
1598 2079 1868 2123 praepositorum,

1129 2139 1201 2176 post
1216 2138 1372 2165 maturam
1399 2133 1652 2176 diligentemque
1675 2133 1805 2166 illorum
1823 2132 1871 2165 di-

1106 2196 1108 2225 2
1129 2187 1337 2227 seussioncm,
1353 2197 1461 2219 coram
1488 2186 1580 2218 nobis
1606 2185 1791 2226 constituta,
1815 2195 1855 2218 au

1130 2239 1203 2272 ditis
1228 2250 1341 2272 eorum
1368 2241 1591 2272 consultorum
1616 2238 1788 2282 suffragiis,
1804 2247 1870 2271 uno

1130 2292 1244 2336 spiritu
1279 2295 1408 2335 unaque
1434 2303 1510 2325 voce
1536 2291 1722 2331 censuerit,
1749 2300 1868 2335 posse,

1130 2347 1402 2389 quandocumspie
1434 2346 1529 2379 nobis
1561 2347 1727 2388 placeret,
1753 2345 1790 2378 ad
1818 2354 1872 2377 so-

1130 2401 1270 2432 lemnem
1304 2399 1405 2442 ipsius
1438 2398 1521 2432 servi
1547 2397 1603 2430 Dei
1629 2397 1793 2430 Thurribii
1819 2407 1872 2430 ea-

1130 2453 1408 2486 canonizationem
1433 2451 1540 2485 iuxta²
1562 2452 1708 2485 eiusdem
1725 2450 1757 2484 S.
1776 2451 1813 2484 R.
1832 2450 1868 2485 Ε.

1168 2535 1178 2560 1
1202 2533 1269 2560 Male
1294 2533 1357 2560 edit.
1380 2533 1463 2560 Maiu.
1489 2532 1555 2568 legit
1579 2532 1675 2559 studio
1702 2539 1751 2567 pro
1777 2531 1871 2560 stadio

1130 2580 1168 2608 (n.
1185 2580 1235 2610 τ.).

1167 2626 1182 2649 :A
1202 2623 1311 2659 Aliquid
1332 2623 1408 2651 deest
1428 2632 1468 2651 ex.
1489 2632 1515 2659 g.
1537 2623 1681 2651 indicium
1701 2623 1739 2659 (n.
1755 2622 1795 2658 T.)
1827 2634 1830 2635 ⁷
