2111 3157
152 188 203 214 An.
217 185 244 215 c.
270 186 337 214 1079
382 177 446 212 ’1ὒὸ

178 771 205 790 n„

195 806 214 817 1»

224 772 331 791 renuncia-

344 235 490 278 lcgitime
515 235 662 269 affiliatus
688 236 739 276 sit,
766 246 872 279 neque
901 235 1018 279 aliquis
1043 246 1080 268 ex

344 298 409 320 non
433 289 549 322 iterum
567 289 717 329 affiliatis,
738 289 799 321 nisi
819 288 958 321 triennio
977 293 1081 321 trans-

345 346 416 374 acto
442 352 458 373 a
483 342 533 374 die
559 342 722 384 legitimae
747 341 952 381 affiliatiouis,
968 340 1001 373 in
1025 341 1080 373 de-

344 393 506 426 finitorem
532 395 580 427 vel
606 394 818 433 visitatorem,
843 397 1018 436 regentem,
1034 403 1080 426 se-

344 446 526 486 cretarium,
555 446 772 479 doctrinarum
793 447 945 489 priorem,
961 457 1019 479 seu
1036 446 1080 478 vi-

343 499 464 532 carium
475 499 700 542 cuiuscumque
709 504 885 531 conventus
896 500 944 531 vel
956 499 1077 537 domus,

344 552 439 583 etiam
464 551 627 589 ludorum,
641 552 689 583 vel
715 551 839 594 praedii
857 551 931 593 eligi
952 555 1005 583 aut
1026 551 1079 583 de-

342 604 444 645 putari
465 604 586 646 possin
605 614 700 636 secus
716 604 830 636 electio
844 605 892 636 vel
912 603 1078 646 deputatio

343 654 434 686 iri-ita
459 661 490 687 et
516 657 606 688 nulla
632 656 671 687 sit
695 655 764 699 ipso
794 656 875 688 sacto
902 661 933 688 ct
956 656 1077 698 absque

343 708 404 740 alia
430 708 663 741 declaratione.

387 771 450 793 xix.
478 760 509 792 Si
536 767 645 803 pastor
670 761 880 804 provincialis
906 765 959 793 aut
983 760 1078 803 quili-

343 814 398 845 bet
423 814 504 846 alius
529 824 565 846 ex
592 824 706 846 noveni
737 813 909 846 definitorii
935 814 1077 856 patribus

342 867 485 908 legitima
509 877 545 899 ex
571 869 665 899 causa
691 867 794 899 officio
821 877 878 899 suo
904 869 1002 900 semel
1028 878 1078 898 ac-

343 925 470 960 ceptato
496 919 687 951 renunciare
713 919 865 958 voluerit,
891 929 1000 951 coram
1023 919 1078 951 dc-

342 971 482 1003 liiiitorio
514 971 646 1013 capituli
682 972 891 1013 provincialis
928 973 976 1004 vel
1003 982 1078 1003 eon-

343 1023 538 1065 gregationis
564 1023 772 1056 intermediae
802 1024 833 1056 id
860 1024 965 1056 facere
991 1024 1076 1056 licite

342 1077 440 1119 possit
468 1082 498 1108 et
518 1077 640 1116 valcat;
667 1077 868 1119 praedictum
895 1083 1000 1109 autem
1028 1078 1078 1109 dc-

343 1128 531 1167 linitorium,
558 1131 652 1161 causa
679 1129 932 1161 renunciationis
952 1140 1074 1172 appro—

341 1181 413 1215 bata
438 1182 747 1225 remiuciationeque
775 1185 947 1225 acceptata,
972 1188 1006 1214 ut
1024 1183 1077 1215 de-

342 1234 442 1266 sectus
468 1235 686 1267 renunciantis
706 1237 902 1278 suppleatur,
924 1242 1021 1278 prout
1038 1236 1076 1268 de

341 1287 420 1325 iure,
437 1288 569 1323 omnino
591 1288 769 1330 procedere
791 1293 947 1320 teneatur.
968 1288 1077 1320 Patres

342 1340 420 1372 item
446 1341 580 1383 priores,
605 1340 714 1372 vicarii
738 1341 876 1383 priores,
897 1341 1076 1373 studiorum

341 1399 509 1435 regentes,
536 1393 786 1435 provinciaeque
816 1394 1026 1433 secretarius,
1051 1393 1075 1424 si

341 1456 467 1477 causam
495 1446 672 1487 legitimam
694 1446 906 1478 renunciandi
926 1447 991 1478 suis
1010 1446 1077 1479 ossi-

342 1498 399 1530 ciis
416 1499 515 1530 semel
537 1498 709 1540 acceptatis
727 1498 874 1531 similiter
889 1499 1073 1538 habuerint,

342 1556 374 1582 et
397 1551 517 1583 eisdem
549 1551 741 1583 renunciare
775 1551 859 1583 licite
892 1552 1022 1594 ‚possint
1047 1556 1077 1583 et

340 1604 475 1643 valeant,
502 1613 567 1635 non
588 1608 695 1635 tamen
714 1614 773 1645 per
789 1614 840 1636 sex
861 1614 986 1636 menses
1003 1609 1076 1636 ante

342 1660 467 1697 tempus
492 1655 623 1698 capituli
650 1656 871 1698 provincialis,
898 1667 1002 1699 neque
1017 1667 1077 1699 per

341 1708 421 1740 duos
448 1709 528 1740 alios
563 1714 636 1741 ante
663 1714 789 1751 tempus
815 1710 1076 1752 congregationis

340 1760 564 1793 intermediae.
580 1760 743 1800 Quocirca,
759 1768 878 1794 textum
892 1769 1074 1796 nostrarum

341 1813 614 1853 constitutionum,
636 1819 719 1856 part.
740 1825 771 1852 11,
791 1824 860 1857 cap.
882 1826 933 1853 vn,
954 1827 1073 1855 n.xv11,

340 1866 354 1909 ξ
380 1866 407 1903 .3
427 1867 505 1899 ibid:
533 1867 568 1898 ,vi
590 1878 661 1899 vero
684 1868 850 1910 prioratus
871 1869 1006 1910 officiam
1027 1880 1076 1901 cic-

340 1924 465 1961 ceptare
496 1921 641 1952 renuerit
677 1921 746 1952 sine
778 1923 875 1952 causi}
907 1922 1075 1964 praediciti

340 1982 439 2014 quam
460 1973 606 2005 iudicare
624 1977 773 2004 tenentis-r
786 1977 879 2015 pater
892 1974 1077 2015 provincia-

342 2025 382 2056 lis
399 2030 426 2056 et
440 2025 635 2066 definitores,
652 2029 721 2065 etc.‚
741 2025 985 2066 intelligendum
1005 2037 1075 2058 esse

342 2078 541 2109 declarantes
571 2078 667 2109 etiam
697 2083 847 2120 respectu
878 2088 989 2110 eorum
1023 2079 1074 2121 qui

342 2129 517 2171 praedictis
549 2130 661 2162 officiis
695 2131 795 2162 semel
830 2131 1004 2173 acceptatis
1029 2142 1077 2164 re-

342 2182 496 2214 nunciare
511 2183 681 2222 voluerint,
706 2183 908 2215 decernimus
926 2189 957 2216 et
971 2184 1077 2216 decla-

342 2244 447 2266 ramus
473 2235 658 2268 huiusmodi
684 2241 791 2278 patres
817 2246 889 2269 suas
909 2238 1076 2268 renuncia-

343 2287 446 2320 tiones
472 2298 580 2320 coram
612 2294 700 2330 patre
726 2289 916 2331 provinciali
943 2294 975 2321 ct
999 2288 1076 2321 desi-

342 2340 502 2372 nitoribus
517 2341 693 2373 actualibus
712 2342 743 2374 in
761 2342 943 2373 delinitorio
959 2343 1074 2374 saltem

341 2392 470 2434 capituli
485 2392 599 2434 privati
615 2393 819 2435 congregatis
836 2393 941 2426 facere
962 2394 1074 2433 teneri,

342 2446 378 2477 ad
405 2445 491 2487 qnod
517 2445 734 2477 definitorium
761 2456 876 2478 causae
901 2447 950 2479 vel
969 2456 1075 2479 causa-

925 188 1105 213 BULLARIUM
1130 186 1282 212 ROMANUM

1123 246 1261 276 necnon,
1287 235 1313 268 si
1348 240 1423 279 post
1446 235 1731 279 congregationem
1760 236 1859 270 inter-

1123 287 1263 320 mediam
1277 287 1479 320 renunciatio
1498 288 1657 331 acceptari
1674 289 1855 331 contigerit,

1124 340 1315 373 electionem
1337 351 1393 373 seu
1412 340 1629 383 provisionem
1644 340 1777 373 alterius
1791 340 1858 373 offi-

1123 392 1212 425 cialis
1237 392 1269 424 in
1295 393 1399 425 locum
1418 392 1641 425 renunciantis
1666 393 1856 433 sufficicndi,

1123 445 1160 476 ad
1186 445 1422 488 praescriptum
1445 445 1633 478 carumdem
1653 445 1857 478 constitutio-

1870 186 1919 215 An.
1932 185 1961 216 C.
1985 185 2049 218 1379

1123 507 1210 537 num,
1228 502 1309 540 part.
1327 508 1374 537 111,
1392 508 1464 540 cap.
1481 507 1524 536 lx,
1545 498 1741 537 duraturam,
1758 498 1856 540 pleno
1897 535 1899 538 ⁸

1123 550 1191 582 iure
1216 549 1380 593 pertinere
1412 550 1562 583 similiter
1588 551 1799 583 declaramus:
1825 555 1857 583 et

1122 603 1146 635 si
1179 614 1269 636 secus
1303 614 1401 646 super
1431 603 1482 635 his
1518 603 1586 636 sieri
1621 605 1671 636 vel
1703 603 1856 636 attentari

1121 657 1314 699 contigerit,
1351 660 1451 689 totum
1478 655 1518 688 sit
1542 656 1665 689 irritum
1698 661 1730 688 et
1758 656 1856 689 inane

1121 708 1192 750 ipso
1219 709 1302 741 sacto
1328 713 1359 741 et
1384 709 1505 751 absque
1535 709 1597 741 alia
1623 707 1854 741 declaratione.

1122 761 1224 793 Verba
1241 767 1345 793 autem
1363 761 1641 800 constitutionum,
1662 771 1694 804 p.
1708 771 1757 801 111,
1778 770 1855 800 c.11,

1121 814 1135 856 ἓ
1160 813 1191 853 5,
1212 814 1302 846 ibid:
1327 814 1449 846 Nullus
1474 814 1550 846 item
1567 814 1668 856 possit
1687 814 1757 846 ‘coci
1779 823 1857 845 suae

1120 868 1313 898 renunciare
1337 867 1394 898 sub
1419 868 1520 909 poem}
1554 867 1750 910 privationis
1774 866 1857 898 vocis

1120 920 1242 951 activae
1259 929 1317 962 per
1337 918 1522 959 biennium,
1544 920 1585 952 de
1611 919 1856 952 renunciatione

1120 971 1221 1004 soius
1245 971 1342 1011 vocis,
1369 976 1403 1003 ut
1427 971 1590 1014 praedicta
1606 974 1703 1004 verba
1728 977 1855 1012 sonant,

1120 1034 1183 1055 non
1209 1029 1314 1055 autern
1340 1023 1379 1055 de
1404 1024 1652 1056 renunciatione
1678 1023 1855 1056 officiorum

1120 1076 1332 1117 intelligenda
1351 1086 1420 1108 esse
1440 1076 1650 1115 declaramus,
1669 1081 1698 1108 et
1715 1086 1782 1108 non
1799 1076 1855 1109 ali-

1120 1133 1176 1168 ter,
1205 1139 1308 1171 neque
1330 1128 1392 1161 alio
1417 1128 1526 1160 modo.

1164 1192 1215 1213 xx.
1242 1182 1272 1213 Si
1300 1182 1370 1225 quis
1396 1186 1503 1213 autem
1540 1181 1572 1213 in
1599 1180 1854 1225 quibuscumque

1120 1234 1221 1266 causis
1245 1233 1393 1266 cirilibus
1418 1235 1466 1266 vel
1492 1233 1714 1266 criminalibus
1740 1245 1757 1266 a
1778 1233 1856 1267 defi-

1120 1288 1239 1320 nitorio
1265 1288 1398 1330 capituli
1423 1287 1630 1329 provincialis
1651 1288 1699 1321 vel
1717 1298 1855 1330 congre-

1121 1341 1259 1382 gationis
1294 1339 1506 1372 intermediae
1532 1340 1663 1372 nulliter
1699 1346 1753 1373 aut
1781 1351 1855 1373 cnm

1120 1393 1274 1425 iniustitia
1299 1393 1426 1425 notoria
1450 1392 1610 1425 iudicatus
1630 1394 1680 1426 vel
1698 1393 1855 1436 spoliatus

1121 1446 1228 1485 suerit,
1256 1446 1294 1478 ad
1320 1445 1530 1487 remediaque
1562 1445 1640 1478 iuris
1672 1446 1854 1488 (absolutis

1119 1499 1295 1541 praedictis
1321 1499 1530 1541 delinitoriis)
1556 1509 1726 1532 recurrere
1743 1501 1854 1533 volue-

1119 1551 1170 1591 rit,
1195 1557 1271 1583 tunc
1294 1562 1352 1594 per
1377 1562 1409 1583 se
1427 1552 1476 1584 vel
1501 1561 1559 1594 per
1579 1551 1647 1584 eius
1665 1557 1855 1595 procurato-

1120 1615 1202 1643 rem,
1229 1604 1355 1636 etiamsi
1380 1605 1498 1636 absens
1524 1603 1635 1643 suerit,
1662 1614 1770 1637 coram
1797 1605 1854 1638 de-

1119 1657 1262 1689 finitorio
1296 1656 1429 1699 capituli
1466 1656 1579 1699 privati
1612 1656 1650 1689 de
1685 1656 1854 1699 praedict&⁴

1119 1710 1275 1749 nullitate,
1293 1711 1343 1742 vel
1361 1710 1515 1742 iniustitia
1532 1710 1660 1742 notoria
1680 1721 1853 1753 processus

1118 1763 1167 1795 vel
1193 1763 1382 1801 sententiae⁷
1407 1772 1535 1794 necnon
1560 1762 1801 1795 restitutionem
1819 1763 1854 1796 in

1119 1816 1291 1858 integrum,
1308 1816 1426 1855 dicere,
1451 1816 1606 1859 conqueri
1631 1821 1664 1848 et
1686 1818 1852 1859 postulare

1119 1870 1262 1912 legitime
1284 1869 1384 1912 possit
1408 1874 1438 1902 et
1458 1870 1574 1909 valeat;
1593 1870 1691 1903 verba
1714 1879 1853 1912 namque

1119 1928 1300 1955 nostrarum
1321 1922 1601 1961 constitutionum,
1616 1931 1649 1964 p.
1665 1931 1713 1961 111,
1733 1932 1804 1965 cap.
1819 1933 1852 1963 x,

1119 1976 1133 2017 ᾖ
1158 1975 1188 2015 3,
1214 1975 1270 2007 ibi:
1295 1975 1367 2007 Non
1386 1978 1492 2006 [anmi
1511 1978 1662 2017 poterunt
1678 1974 1854 2007 sententias

1119 2028 1168 2061 vel
1192 2028 1474 2060 determinationes
1495 2027 1632 2070 capituli
1655 2027 1704 2060 vel
1728 2037 1855 2070 conyre-

1118 2082 1259 2124 yatiom's
1273 2080 1487 2123 provincialis
1501 2086 1628 2112 ventare
1641 2079 1688 2112 vel
1704 2079 1856 2121 alterare,

1119 2135 1151 2166 in
1177 2134 1306 2166 casibus
1342 2133 1437 2176 spolii
1469 2134 1518 2166 vel
1544 2132 1701 2165 nullitatis
1727 2138 1781 2165 aut
1805 2132 1854 2165 in—

1119 2187 1259 2219 iustitiae
1274 2186 1420 2218 notoriae
1442 2186 1548 2218 locum
1567 2196 1629 2218 non
1649 2186 1782 2225 habent,
1799 2196 1854 2219 ne-

1120 2250 1182 2282 que
1214 2249 1268 2271 eos
1300 2239 1592 2281 comprehendunt,
1626 2242 1657 2270 et
1687 2238 1730 2270 ita
1760 2237 1854 2271 intel-

1119 2290 1284 2332 ligendum
1324 2300 1393 2321 csse
1430 2289 1640 2322 declaramus.
1670 2288 1853 2331 Capitulum

1119 2353 1194 2375 vero
1225 2342 1379 2384 privatum
1402 2341 1496 2373 ctiam
1522 2352 1590 2373 cum
1622 2341 1771 2373 facultate
1798 2341 1853 2373 de-

1118 2405 1216 2438 super
1234 2395 1415 2427 necessaria
1433 2400 1463 2427 et
1482 2395 1679 2437 opportuna,
1705 2404 1788 2436 quae
1814 2394 1854 2426 vi-

1117 2459 1195 2489 gore
1221 2448 1436 2491 praesentium
1462 2452 1651 2480 statutorum
1676 2452 1771 2490 atque
1797 2448 1853 2481 de-

342 2508 411 2530 rum
424 2499 677 2530 renunciationis
692 2500 1074 2543 approbationem,prae-
1117 2501 1328 2533 claratiouum
1354 2501 1382 2533 ei
1418 2505 1576 2543 perpetuo
1605 2501 1795 2533 conceditur
1820 2506 1854 2534 et

343 2551 510 2595 dictaeque
536 2551 788 2585 renum-iatiouis
806 2553 1071 2596 acceptationem,
1105 2557 1270 2586 'concessa
1303 2553 1495 2594 declaratur,
1523 2553 1628 2597 quoad
1654 2553 1852 2597 praedictam

1903 1194 1932 1215 Do
1951 1194 2043 1221 appelta—
2073 1222 2079 1229 ,

1865 1221 1964 1242 tionibus.
