2101 3214
548 487 893 570 LECTORI
948 487 1365 570 BENEVOLO

392 686 841 740 EDITORES
890 688 1524 739 TAURINENSES

934 850 974 891 S.

243 1323 606 1383 Conqueruntur
638 1321 851 1366 nonnulli
885 1320 1009 1382 quod
1042 1319 1262 1365 volumen
1288 1334 1302 1364 1
1328 1321 1610 1381 Appendicis
1637 1322 1728 1367 iam

179 1402 372 1448 feliciter
404 1401 688 1456 inchoatum,
715 1401 846 1446 cuius
874 1405 966 1446 tres
991 1404 1124 1445 antea
1140 1415 1295 1444 >annos
1320 1404 1500 1460 partem
1525 1401 1727 1460 primam

179 1482 300 1542 typis
334 1481 504 1526 nostris
538 1481 868 1541 evulgavimus,
904 1480 1113 1525 nondum
1148 1480 1204 1524 ad
1229 1480 1561 1540 perfectionem
1587 1481 1728 1526 addu-

179 1562 397 1617 xerimus,
414 1561 654 1622 multoque
675 1561 830 1606 minus
847 1560 1058 1615 alterum,
1079 1560 1205 1620 quod
1229 1561 1609 1621 promiseramus,
1628 1565 1728 1607 acta

179 1641 351 1686 inedita
366 1641 521 1701 Magni
541 1640 749 1701 Gregorii
775 1640 993 1695 referens,
1010 1639 1341 1684 addiderimus.
1366 1640 1425 1684 At
1448 1655 1565 1685 nova
1590 1640 1726 1686 nobis

179 1721 439 1781 sapientum
472 1721 694 1775 virorum,
729 1719 900 1780 quibus
925 1735 1104 1764 morem
1129 1735 1223 1765 non
1248 1735 1407 1780 gerere
1433 1721 1562 1765 nefas
1588 1725 1723 1777 esset,

177 1800 352 1861 ingesta
386 1800 578 1846 consilia
610 1800 657 1844 id
691 1800 943 1845 effecerunt
977 1803 1027 1843 ut
1061 1799 1190 1859 prius
1232 1800 1438 1845 Bullario
1475 1800 1722 1861 Cocqueli-

176 1880 330 1934 niano,
364 1880 496 1926 cuius
530 1895 696 1940 magna
730 1879 904 1940 ubique
939 1878 1237 1924 ecclesiarum
1263 1880 1546 1939 persentitur
1570 1896 1726 1925 neces-

178 1959 313 2014 sitas,
349 1975 487 2020 quam
533 1960 668 2004 citius
712 1959 994 2004 absolvendo
1037 1959 1119 2003 toti
1160 1959 1568 2014 incumberemus,
1611 1960 1718 2004 dein

177 2052 285 2083 vero
318 2038 631 2084 voluminibus
664 2038 961 2099 Appendicis,
997 2054 1114 2098 quae
1141 2039 1290 2083 maius
1326 2039 1534 2084 studium
1574 2040 1724 2100 requi-

178 2120 300 2171 runt,
335 2117 665 2163 concinnandis
700 2118 984 2178 edendisque
1020 2117 1357 2162 sufficentiores
1392 2119 1582 2163 erimus.

238 2197 405 2257 Accipe
436 2198 633 2253 interim,
659 2199 887 2244 Benevole
914 2198 1094 2252 Lector,
1113 2202 1264 2258 atque,
1283 2202 1333 2242 ut
1358 2198 1492 2253 solos,
1519 2198 1718 2259 benigno

175 2275 328 2320 favore
370 2292 648 2338 prosequere
697 2294 751 2323 ex
792 2278 975 2323 officina
1009 2281 1166 2322 nostra
1201 2276 1509 2337 prodeuntem
1550 2277 1722 2337 Magym'

175 2354 393 2400 Ballarii
425 2356 635 2402 Romani
676 2358 806 2402 novis
843 2357 961 2417 typis
1003 2356 1219 2416 impressi
1256 2355 1456 2401 Tomum
1491 2370 1585 2411 xlx,
1622 2360 1720 2401 acta

173 2432 429 2479 Innocentii
465 2435 556 2480 PP.
594 2435 656 2480 XI
690 2452 744 2481 ex
781 2437 957 2493 integro
984 2436 1065 2480 tihi
1094 2437 1396 2490 referentem,
1423 2452 1563 2496 quem
1589 2436 1719 2482 brevi

174 2512 346 2558 Tomus
380 2528 441 2557 xx
471 2515 678 2574 excipiet,
713 2515 768 2559 ad
805 2516 945 2560 tinem
980 2531 1128 2576 usque
1155 2516 1450 2575 pontificatus
1485 2516 1716 2561 Innocen-

173 2592 223 2636 tii
248 2592 333 2638 XII
368 2609 488 2638 anno
513 2607 633 2638 MDcc
676 2595 1017 2654 producendus.
1054 2596 1249 2641 Nonnisi
1283 2600 1482 2655 quatuor
1524 2595 1715 2655 posthac
