2111 3157
10 200 58 227 An.
77 197 106 226 C.
128 196 195 224 ¹688

199 243 343 280 criminis
383 246 471 290 quod
507 245 579 289 quis
618 246 710 279 alteri
754 246 867 279 obiicit
901 250 931 278 et

190 309 264 336 ,non
288 304 397 342 potest
419 299 572 342 probare,
602 298 821 341 magisterium
854 309 931 330 con-

197 351 383 394 spirationis
406 351 551 394 iniquae,
571 351 681 384 odium
702 352 928 390 inveteratum,

197 402 282 436 idest
305 402 338 436 in
363 413 426 446 quo
447 404 518 447 quis
535 409 593 447 per'
608 414 751 437 mensem
769 404 929 446 integrum

192 456 468 499 perseveraverit,
515 456 667 499 frequens
706 456 929 489 disseminatio

191 507 387 548 discordiae,
406 519 485 552 quae
501 509 652 552 frequens
667 515 816 542 censetur
830 520 929 552 quan-

187 561 237 595 -do
261 572 314 595 sex
340 562 424 595 vices
460 568 612 606 superat;
637 563 794 595 revelatio
830 569 929 595 status

195 619 228 647 et
253 615 434 648 defectuum
451 616 620 648 domorum
644 616 693 648 vel
718 626 927 658 personarum

187 666 337 707 Ordinis,
363 677 399 700 ex
426 667 543 711 quibus
568 669 651 700 mala
675 668 786 710 opinio
811 670 860 701 vel
887 668 927 700 si-

193 720 295 754 nistra
314 720 456 763 suspicio
480 721 529 753 vel
555 719 731 753 diffamatio
764 722 847 764 apud
874 732 928 753 au-

194 773 320 806 dientes
344 773 421 806 oriri
446 778 572 816 posset,
591 784 648 816 per
667 773 807 816 aliquem
827 774 928 806 seien-

193 830 243 859 ter
277 830 310 858 et
348 825 509 858 malitiose
547 826 628 859 saeta
669 826 764 859 alicui
807 826 926 859 novitio

191 883 248 911 aut
270 882 446 918 extraneo,
473 877 671 912 introductio
693 879 862 912 mulierum
881 880 927 911 in-

191 931 409 964 continentiae
435 934 529 964 causa
554 931 656 963 insra¹
681 934 844 965 clausuras
870 933 927 966 do-

182 995 317 1018 morum
340 985 388 1017 vel
414 986 576 1027 grangias,
600 986 794 1018 malitiosum
825 987 926 1029 impe-

180 1036 369 1070 dimentum
402 1042 455 1070 aut
484 1037 646 1070 malitiosa
671 1039 847 1071 retardatio
872 1046 925 1071 aut

191 1090 316 1133 apertio
341 1090 521 1123 litterarum
544 1101 560 1122 a
578 1090 801 1133 superioribus
827 1091 926 1133 (idestv

190 1153 206 1176 a
232 1143 413 1176 reverendo
438 1147 540 1186 patre,
566 1143 708 1186 capitulo
734 1145 876 1186 generali
894 1151 926 1177 et

190 1195 423 1235 visitatOribus,
450 1196 565 1239 quibus
590 1197 812 1239 adiunguntur
828 1198 923 1230 etiam

191 1249 295 1281 scriba
319 1249 451 1292 capituli
485 1249 647 1291 generalis
678 1256 708 1282 et
732 1257 924 1293 procurator

190 1301 350 1344 generalis
376 1301 407 1333 in
434 1301 538 1344 Urbe)
564 1303 602 1335 ad
628 1303 809 1342 inferiores,
828 1309 859 1335 et
884 1305 922 1336 ab

189 1354 398 1388 inferioribus
433 1355 472 1387 ad
508 1355 706 1398 superiores,
734 1361 765 1388 et
790 1356 815 1388 si
842 1367 921 1400 quae

188 1407 251 1440 alia
276 1407 488 1448 inveniantur,
515 1418 652 1451 quorum
677 1409 840 1442 absolutio
865 1420 924 1452 per

188 1465 306 1493 statuta
329 1459 458 1493 Ordinis
484 1461 673 1494 nominatim
711 1466 742 1494 et
773 1472 922 1505 expresse

178 1518 374 1554 ,reservatur
397 1513 509 1556 priori,
540 1519 595 1546 aut
619 1515 797 1548 reverendo
822 1516 922 1558 patri,

188 1568 238 1600 vel
263 1566 406 1610 capitulo
431 1567 577 1609 generali
596 1568 656 1609 (α).

181 1656 183 1658 ,
232 1629 300 1653 vm.
327 1619 361 1652 In
386 1619 511 1652 casibus
535 1620 708 1662 praedictis
733 1620 759 1652 si
785 1621 856 1663 quis
877 1622 923 1653 os-

189 1672 341 1711 senderit‚
367 1682 431 1705 non
456 1672 574 1715 poterit
599 1682 657 1715 per
689 1673 858 1716 deputatos
884 1675 921 1707 ad

188 1726 407 1760 consessiones
417 1726 594 1758 audiendas
610 1726 813 1766 absolvimisi
826 1733 923 1771 prout

187 1779 249 1812 iam
274 1778 423 1811 diximus.

230 1842 274 1866 lx.
300 1832 441 1864 Vicarius
463 1832 561 1864 habet
585 1832 773 1865 auctoritate
791 1833 920 1875 capituli

188 1884 348 1928 generalis
388 1890 580 1928 potestatem
624 1886 754 1928 plenam
801 1885 833 1917 in
872 1886 921 1918 liis

188 1947 268 1980 quae
302 1938 340 1970 ad
367 1938 471 1970 sorum
507 1938 727 1981 poenitentiae
756 1939 922 1981 pertinent

188 1990 294 2033 quoad
319 1990 471 2034 priorem,
490 1994 520 2023 et
544 1995 652 2033 potest
676 1990 780 2033 ipsum
815 1991 922 2024 absol-

188 2053 264 2076 vere
289 2043 328 2075 ab
354 2043 689 2075 excommunicatione
721 2043 801 2075 iuris
826 2049 858 2075 et
882 2045 920 2076 ab

187 2096 337 2129 omnihus
369 2096 493 2128 casibus·
532 2106 597 2129 non
633 2096 807 2129 reservatis
845 2097 919 2129 Sedi

188 2148 399 2192 Apostolicae‚
425 2159 462 2181 ac
488 2159 559 2181 cum
591 2159 628 2182 eo
654 2159 751 2192 super
782 2149 832 2182 liis
857 2151 921 2183 dis-

186 2211 342 2244 pensare;
369 2201 424 2234 sed
443 2205 580 2244 possunt
600 2201 811 2234 nihilominus
836 2203 922 2245 prio-

186 2263 239 2286 res
263 2253 324 2286 sihi
350 2253 428 2296 ipsis
453 2253 685 2286 confessarium
719 2254 839 2296 eligere
876 2255 919 2298 (b)

186 2316 284 2338 unum
303 2317 340 2339 ex
355 2306 527 2349 deputatis,
544 2306 596 2349 qui
615 2306 734 2349 poterit
751 2316 806 2339 eos
824 2307 919 2340 etiam

186 2369 204 2392 a
227 2359 401 2403 praedictis
434 2358 607 2391 reservatis
640 2358 826 2393 absolvere:
862 2371 921 2394 nec

219 2447 233 2474 1
255 2446 370 2474 Videtur
388 2446 533 2481 legendum
556 2446 635 2474 intra
653 2447 692 2482 (ss.
712 2447 762 2481 T.)-

219 2490 249 2526 α)
268 2491 328 2518 vid.
349 2499 423 2517 num.
444 2497 487 2518 th
508 2499 566 2526 cap.
587 2497 652 2518 xxti.

222 2535 247 2569 b)
269 2535 343 2562 Istud
364 2539 404 2562 est
423 2535 456 2562 de
475 2536 534 2562 iure
554 2535 703 2569 communi,
724 2544 784 2571 cap.
805 2536 847 2564 Ne
864 2545 918 2573 pro

187 2579 340 2613 ditatione,
362 2584 446 2615 extra,
468 2579 504 2606 De
524 2580 625 2616 poenit.
647 2584 674 2607 et
694 2581 798 2609 remiss.
819 2582 822 2586 ⁴

779 197 986 222 INNOCENTH'S
1008 198 1037 221 XI
1064 198 1112 221 FP.

975 245 1169 278 tenebuntur
1193 244 1237 277 sic
1261 245 1399 278 confessi
1425 249 1456 278 ct
1481 245 1629 286 absoluti,
1656 258 1707 281 ca-

973 298 1044 331 dem
1071 305 1201 341 peecata
1226 299 1342 332 iterum
1379 310 1437 331 suo
1461 299 1581 334 vicario
1606 300 1706 334 confi-

973 351 1042 383 teri.
1067 351 1108 383 Ex>
1131 351 1256 385 indulto
1277 352 1371 384 ctiam
1393 352 1515 385 domini
1535 354 1704 389 Alexandri

973 404 1075 446 Papae
1101 404 1149 444 lv,
1171 415 1253 437 unus
1279 415 1315 437 ex
1340 406 1520 446 monacbis,
1546 418 1639 451 quem
1665 411 1704 444 ad

973 457 1035 489 lioe
1060 458 1148 500 prior
1164 458 1224 490 sibi
1243 459 1352 502 elegit,
1372 465 1478 502 potest
1498 461 1601 503 ipsum
1618 464 1705 506 prio-

972 519 1037 541 rem
1063 510 1235 543 absolvere
1262 522 1279 543 a
1304 512 1471 545 sententiis
1497 519 1528 546 et
1559 516 1704 549 censuris

971 562 1205 602 ecclesiasticis,
1222 569 1253 596 et
1277 564 1466 607 dispensare
1491 577 1563 599 cum
1589 578 1626 600 eo
1652 579 1705 601 su-

971 625 1028 656 per
1051 615 1285 658 irregularitate
1309 617 1341 650 in
1376 619 1445 651 soro
1479 622 1703 662 poenitentiali

971 667 1135 700 dumtaxat
1160 669 1224 710 (a),
1251 670 1422 704 dummodo
1449 682 1512 705 non
1539 674 1580 705 sit
1612 684 1702 708 casus

969 719 1042 752 Scdi
1068 721 1271 762 apostolicae
1297 729 1495 756 reservatus.

1013 783 1043 805 x.
1071 773 1195 806 Mortuo
1231 776 1326 808 ctiam
1357 777 1475 818 priore,
1501 779 1548 811 vel
1575 781 1703 822 quando

969 826 1086 858 absens
1113 837 1180 860 esse
1206 828 1303 860 (lebet
1326 830 1408 862 ultra
1427 835 1490 863 tres
1513 832 1593 869 (lies,
1620 833 1702 865 vica-

969 878 1034 910 rius
1061 879 1092 910 in
1119 879 1213 912 domo
1231 882 1466 915 monachorum
1483 885 1628 916 eamdem
1649 885 1704 917 lia-

969 930 1023 963 bet
1048 933 1272 965 auctoritatem
1290 933 1322 967 in
1341 934 1575 977 spiritualibus,
1595 939 1702 980 quoad

969 994 1124 1026 personas
1157 984 1313 1026 Ordinis,
1352 997 1449 1030 quam
1484 988 1582 1021 habet
1616 990 1705 1033 prior

969 1035 1037 1069 iure
1063 1037 1227 1071 ordinario
1254 1044 1284 1070 et
1309 1050 1346 1071 ex
1372 1040 1505 1080 statutis,
1527 1046 1558 1073 et
1582 1043 1705 1085 pariter

968 1089 1075 1131 priore
1100 1091 1386 1129 excommunicato,
1413 1103 1573 1135 suspenso
1591 1097 1639 1128 vel
1658 1095 1704 1127 in-

969 1142 1117 1182 terdicto,
1135 1143 1272 1176 vicarius
1288 1145 1387 1177 habet
1407 1145 1494 1178 illan]
1512 1152 1703 1189 potestatem

968 1195 1073 1237 quoad
1100 1206 1254 1238 personas
1279 1196 1414 1235 Ordinis,
1441 1209 1536 1241 quam
1563 1200 1704 1233 habebat

967 1247 1056 1290 prior
1079 1247 1148 1280 iure
1174 1249 1339 1282 ordinario
1365 1255 1397 1282 et
1422 1260 1458 1283 ex
1485 1252 1622 1291 statutis,
1649 1253 1704 1285 do-

968 1311 1026 1332 nec
1050 1301 1117 1343 ipse
1143 1302 1234 1344 prior
1258 1313 1275 1334 a
1300 1304 1445 1335 censuris
1464 1305 1638 1346 praedictis
1653 1306 1704 1337 ab·

966 1355 1117 1392 solvatur,
1143 1360 1196 1386 ant
1221 1355 1301 1386 alins
1327 1355 1354 1387 ei
1373 1355 1404 1387 in
1422 1356 1568 1399 prioratu
1594 1358 1703 1390 subro-

967 1412 1071 1448 getur.
1099 1407 1168 1439 Non
1194 1407 1280 1440 enim
1305 1412 1412 1450 potest
1436 1408 1504 1451 ipse
1530 1409 1619 1452 prior
1642 1421 1705 1443 me·

967 1460 1020 1492 dio
1046 1465 1204 1503 tempore,
1243 1461 1306 1493 hoc
1331 1466 1378 1493 est
1410 1461 1544 1494 durante
1577 1472 1704 1495 excom-

967 1512 1196 1552 municatione,
1218 1513 1432 1556 suspensione
1450 1514 1499 1546 vel
1517 1514 1701 1555 interdicto,

966 1565 1119 1597 vicarium
1149 1566 1332 1606 absolvere,
1360 1571 1414 1598 aut
1447 1568 1545 1600 alium
1572 1568 1606 1600 in
1631 1569 1700 1601 eius

966 1619 1072 1651 locum
1097 1618 1284 1660 subrogare.

1009 1681 1050 1703 xi.
1077 1671 1228 1713 Deputati
1254 1672 1292 1704 ad
1318 1672 1537 1706 consessiones
1569 1674 1702 1708 audien-

966 1724 1020 1755 das
1047 1724 1086 1756 ab
1112 1724 1447 1757 excommunicatione
1480 1732 1615 1768 possunt
1648 1728 1702 1759 al)-

965 1779 1104 1817 solvere,
1131 1777 1195 1810 sive
1221 1778 1339 1810 minori
1357 1778 1422 1811 sive
1441 1779 1565 1818 maiori,
1583 1791 1600 1812 a
1618 1780 1699 1820 iure,

965 1841 1045 1874 quae
1072 1840 1136 1863 non
1155 1830 1195 1862 sit
1212 1836 1393 1871 reservata;
1416 1832 1472 1864 sed
1490 1842 1507 1864 a
1528 1836 1701 1872 reservata,

965 1884 1029 1917 sive
1055 1895 1072 1916 a
1098 1884 1176 1923 iure,
1203 1883 1267 1916 sive
1293 1884 1332 1915 ab
1358 1884 1488 1917 homine
1510 1886 1572 1917 lata
1591 1885 1698 1925 suerit,

965 1948 1028 1971 non
1046 1942 1183 1981 possunt
1202 1938 1379 1976 absolvere,
1401 1939 1455 1970 sed
1474 1939 1642 1971 remittunt
1661 1941 1700 1972 ad

964 1992 1120 2035 priorem,
1137 1991 1199 2030 vel,
1220 1990 1246 2022 si
1262 2001 1357 2022 casus
1374 1991 1415 2022 sit
1433 1991 1536 2034 Papae
1557 2002 1700 2025 reserva-

966 2050 1036 2083 tus,
1061 2044 1232 2087 poenitens
1256 2044 1395 2076 recurrit
1425 2044 1463 2076 ad
1486 2046 1699 2078 reverendum

965 2103 1088 2139 patrem
1106 2107 1166 2140 per
1186 2107 1218 2128 se
1239 2097 1287 2129 vel
1309 2107 1368 2138 per
1382 2095 1606 2139 interpositam
1626 2108 1699 2140 per-

964 2161 1088 2188 sonam,
1113 2149 1167 2192 qui
1192 2159 1252 2192 pro
1278 2150 1335 2181 sua
1359 2149 1532 2192 prudentia
1557 2150 1697 2193 aliquem

964 2202 1131 2246 deputabit
1155 2202 1209 2245 qui
1236 2212 1309 2234 cum
1334 2202 1455 2244 poterit
1471 2202 1651 2236 absolvere.

1006 2267 1062 2289 xu.
1090 2255 1314 2288 Verumtamen
1342 2259 1475 2297 possunt
1506 2255 1644 2298 priores,
1670 2256 1696 2288 si

963 2310 1086 2347 volunt,
1114 2307 1211 2340 alicui
1242 2317 1299 2339 seu
1324 2306 1485 2350 aliquibus
1511 2318 1546 2339 ex
1573 2308 1697 2341 conses-

963 2361 1054 2394 sariis
1078 2360 1111 2393 in
1136 2359 1202 2392 suis
1227 2359 1377 2392 domibus
1412 2360 1451 2392 ad
1476 2360 1696 2394 consessiones

997 2449 1027 2483 a)
1055 2448 1104 2474 Per
1130 2447 1357 2481 irregularitatem
1392 2454 1473 2482 super
1502 2456 1555 2483 qua
1584 2448 1611 2474 in
1639 2448 1696 2476 soro

962 2492 1142 2519 conscientiae
1161 2491 1297 2518 dumtaxat
1316 2491 1494 2525 dispensatur,
1519 2491 1590 2518 illam
1619 2492 1696 2519 intel-

961 2537 1024 2571 ligo,
1046 2545 1113 2571 quae
1133 2545 1163 2562 ex
1184 2536 1281 2563 delicto
1301 2536 1403 2563 occulto
1424 2536 1508 2564 oritur
1536 2540 1563 2564 et
1591 2537 1617 2564 in
1637 2536 1694 2565 foro

961 2580 1140 2608 conscientiae
1160 2583 1261 2606 tantum
1282 2580 1398 2614 cognito.

1603 195 1666 222 ³512)
1711 199 1760 226 Aa.
1778 200 1805 227 C.
1829 201 1895 229 1058
