2111 3157
153 217 204 243 An.
222 217 250 244 C.
273 218 340 245 1687

178 545 206 565 Do
229 545 333 565 amotione

389 211 453 244 7302
920 223 1098 245 ΒυηΑῐῑιιΜ

347 268 587 313 praescriptum
609 269 825 312 praesentium
849 269 1029 302 litterarum
1054 280 1086 302 a-

345 320 406 354 lios
431 322 642 355 scholasticos
668 322 846 354 eiectorum
872 323 943 355 loco
969 321 1085 355 substi-

345 375 482 407 tuendos
508 375 639 413 curabit,
661 380 695 407 ut
713 375 799 407 omni
825 381 969 418 tempore
994 386 1085 419 prae-

345 425 425 460 fixus
451 427 603 460 denarius
629 437 779 460 numerus
812 428 938 471 integer
963 428 995 460 in
1020 429 1084 462 col-

345 479 429 522 legio
455 480 641 513 huiusmodi
669 487 870 523 perseveret.

389 533 403 575 g
428 531 458 564 5.
486 532 587 566 Porro
615 534 695 566 nulli
722 534 834 567 lectori
858 536 944 567 ultra
969 546 1083 569 sexen-

149 572 195 591 lei-u
207 578 249 592 rum
262 575 283 592 et
293 575 334 592 stu·
370 585 375 590 ·

150 598 250 618 dentium.

345 596 447 625 nium,
478 586 626 629 nullique
652 587 850 621 studentium
876 589 959 620 ultra
986 589 1083 622 trien-

344 638 433 671 nium
450 638 482 670 in
502 639 587 672 dicto
606 640 746 683 collegio
765 641 861 673 liceat
877 652 1080 684 permanere,

345 692 413 729 sed,
430 691 480 724 his
499 697 679 736 temporum
694 694 805 736 spatiis
817 695 995 737 respective
1014 706 1082 728 evo-

342 744 438 785 lutis,
460 745 533 778 novi
565 746 704 779 lectores
729 747 869 790 novique
894 747 1080 779 scholastici

342 798 581 842 antiquioribus
606 800 838 842 subrogentur,
858 800 1043 843 incipiendo
1064 811 1081 833 a

340 852 487 895 proxime
513 853 621 886 futuro
640 853 781 896 capitulo
806 854 951 894 generali
977 854 1079 887 dictae

342 904 634 948 Congregationis,
661 907 746 949 quod
788 907 883 939 tertia
919 907 1079 940 dominica

341 964 415 1001 post
448 958 572 991 Pascha
603 959 861 992 Resurrectionis
894 960 1079 994 Dominicae

341 1011 502 1044 currentis
530 1012 605 1044 anni
630 1022 822 1046 MDctxxxvu
848 1013 1076 1046 celebrabitur.

384 1065 534 1098 Lectores
561 1070 666 1098 autem
686 1071 717 1098 et
734 1066 917 1099 scholastici
936 1066 1078 1109 legitime

340 1118 446 1158 electi,
466 1123 538 1151 ante
557 1117 734 1161 praefixum
761 1124 887 1162 tempus
905 1130 921 1152 a
941 1120 1078 1162 collegio

338 1171 507 1214 praedicto
534 1183 599 1205 non
625 1178 838 1205 amoveantur
861 1172 921 1205 nisi
943 1173 1080 1206 interve-

339 1223 503 1257 nientibus
526 1225 621 1266 veris,
642 1225 733 1257 iustis
758 1231 853 1268 atque
874 1226 1078 1268 gravioribus

339 1277 453 1317 causis,
482 1289 560 1320 quas
585 1278 683 1312 abbas
708 1279 897 1312 monasterii
931 1279 962 1312 S.
990 1280 1077 1313 Pauli

339 1335 371 1362 et
394 1336 587 1374 procurator
622 1331 786 1374 generalis
822 1332 981 1375 praedicti
1017 1344 1077 1376 pro

337 1388 485 1427 tempore
501 1384 685 1424 existentes,
707 1390 870 1428 tamquam
888 1386 979 1419 Sedis
996 1386 1079 1429 Apo-

338 1437 471 1469 stolicae
498 1437 647 1479 delegati,
668 1439 879 1480 cognoverint
904 1444 935 1471 et
960 1440 1078 1482 proba-

336 1489 453 1529 verint,
476 1495 506 1522 et
532 1491 571 1523 de
597 1490 723 1533 quibus,
741 1492 920 1533 praemisso
946 1492 978 1524 in
1003 1492 1078 1524 scri-

336 1543 400 1585 ptis
426 1543 628 1583 iuramento,
656 1544 842 1586 praesidem
869 1544 971 1577 dictae
1002 1544 1076 1578 Con·

338 1596 536 1638 gregationis
563 1597 732 1629 certiorem
757 1597 892 1637 saciant,
912 1597 979 1641 qui,
1006 1608 1075 1631 cum

335 1649 536 1682 visitatorum
561 1650 745 1693 provinciae
765 1661 927 1690 romanae,
953 1651 1076 1684 abbatis

335 1703 524 1736 monasterii
551 1703 581 1735 S.
609 1703 707 1743 Pauli,
728 1710 758 1737 et
775 1705 997 1747 procuratoris
1022 1716 1076 1747 ge-

336 1756 457 1789 neralis
482 1757 717 1799 praefatorum,
744 1758 793 1789 vel
818 1757 950 1790 maioris
976 1758 1075 1801 partis

337 1819 450 1841 eorum
469 1819 636 1849 consensu,
652 1810 846 1842 amovendos
872 1811 1071 1850 amoveant¹,

337 1862 485 1905 aliosque
516 1863 549 1894 in
575 1869 758 1895 amotorum
794 1865 921 1903 locum,
951 1869 1074 1896 servato

337 1912 443 1958 quoad
476 1916 689 1949 scholasticos
720 1917 991 1950 monasteriorum
1024 1928 1075 1950 or-

336 1969 411 2001 dine
437 1969 643 2012 supradieto,
669 1981 705 2002 ac
738 1970 916 2012 praemisso
945 1980 1075 2013 semper

337 2021 457 2063 duplici
478 2022 662 2055 eorumdem
695 2024 850 2063 examine,
876 2023 957 2055 sicut
982 2033 1074 2066 prae—

335 2074 482 2114 mittitur,
501 2080 631 2114 statuto,
652 2076 683 2107 in
701 2076 874 2118 collegium
893 2075 1071 2109 inducanff.

336 2126 425 2164 Quod
458 2127 483 2159 si
510 2127 678 2170 contingat
708 2129 846 2161 lectores
878 2129 1073 2161 intermedio

335 2184 484 2223 tempore
510 2180 601 2213 iustis
621 2187 652 2213 et
669 2181 873 2223 gravioribus
891 2182 923 2214 id
944 2182 1074 2224 exigen-

335 2232 421 2265 tibus
439 2234 543 2265 eausis
570 2235 713 2267 amoveri
735 2240 765 2267 et
783 2235 922 2277 collegio
940 2234 1070 2277 privari,

334 2295 480 2328 praeses,
499 2297 569 2318 cuni
588 2287 847 2329 supradictorum
866 2288 916 2320 vel
941 2287 1072 2320 maioris

336 2339 436 2380 partis
462 2341 649 2372 eorumdem
676 2351 843 2380 consensu,
871 2341 909 2373 de
935 2341 1005 2373 aliis
1032 2342 1072 2373 le-

336 2392 476 2423 ctoribus
508 2393 697 2435 provideat,
723 2404 823 2436 usque
860 2394 898 2426 ad
935 2394 1069 2425 suturam

336 2443 518 2483 diaetam,si
537 2446 681 2487 proxime
702 2448 798 2479 suerit
815 2448 1020 2486 celebranda,
1041 2447 1070 2478 in

336 2507 397 2539 qua
429 2508 509 2529 nova
541 2499 700 2532 lectorum
734 2500 918 2533 huiusmodi
956 2500 1071 2534 electio

373 2568 380 2594 l
397 2568 489 2602 Aptius
500 2573 640 2604 (iniereat,
653 2574 676 2596 et
691 2571 769 2605 paulo
782 2576 838 2606 post
851 2572 970 2600 inducat
981 2571 1069 2607 (R.T.).

369 2612 386 2638 2
406 2613 474 2639 Edit.
496 2612 573 2639 Main.
597 2614 660 2648 legit
681 2615 816 2643 inducant
837 2617 876 2651 (n.
897 2618 945 2649 T.)-

1124 222 1274 245 ROMANUM
1861 222 1911 248 An.
1929 222 1958 249 C.
1979 223 2051 252 1687

1128 270 1175 302 vel
1202 269 1412 302 confirmetur
1436 271 1486 302 vel
1511 271 1726 312 reprobetur,
1756 270 1860 304 donee

1128 322 1159 354 in
1174 322 1313 365 capitulo
1327 322 1471 364 generali
1490 322 1756 366 Congregationis
1772 333 1860 366 prae-

1127 374 1208 407 satae
1235 380 1310 408 tunc
1334 375 1480 418 proxime
1505 375 1623 415 futuro,
1642 386 1659 408 a
1684 375 1861 409 definitori-

1126 427 1195 467 bus,
1215 427 1370 471 praestito
1394 428 1482 471 prius
1507 427 1687 461 iuramento
1702 433 1736 461 ut
1752 438 1860 472 supra,

1126 491 1184 523 per
1208 485 1332 513 secreta
1349 480 1506 524 suffragia,
1526 492 1564 514 ea
1583 480 1702 523 omnia,
1718 492 1799 525 quae
1816 481 1861 514 in-
1890 521 1893 527 ,

1126 539 1214 566 terea
1230 539 1319 575 gesta
1345 534 1473 574 suerint,
1491 534 1726 567 confirmentur
1743 534 1791 567 vel
1809 544 1860 567 re-

1125 585 1283 618 cidantur.
1322 585 1507 630 Eodemque
1540 586 1637 620 modo
1676 586 1797 630 pariter
1824 595 1860 619 ac

1125 639 1208 680 lege,
1226 639 1259 671 in
1277 650 1353 672 casu
1378 640 1490 672 mortis
1513 640 1562 673 vel
1588 639 1731 672 diutinae
1756 639 1861 682 aegri-

1126 692 1244 725 tudinis
1270 692 1335 725 sive
1361 693 1516 726 lectorum
1547 693 1612 726 sive
1647 692 1860 726 scholastico-

1123 756 1202 785 rum,
1217 745 1435 779 incidentibus
1460 747 1589 790 collegii
1615 745 1859 779 necessitatibus

1123 808 1223 842 usque
1250 799 1289 831 ad
1315 799 1451 832 diaetam
1476 800 1541 833 sive
1566 799 1743 843 capitulum
1764 809 1860 842 gene-

1124 852 1188 884 rale
1214 862 1274 894 pro
1296 852 1424 885 interim
1450 854 1650 886 consulatur.

1167 903 1223 947 ξθ.
1238 904 1428 938 Scholastici
1449 911 1555 938 autem
1572 905 1727 949 praedicti
1746 914 1859 939 omnes
1883 918 2054 951 nesxercuauq.

1124 962 1155 989 et
1180 957 1308 999 singuli,
1332 959 1476 991 adinstar
1504 959 1706 1002 reliquorum
1739 967 1855 992 mona·
1869 945 2053 1004 2ii¹f2tf¹r⁸ss3=iigii

1123 1009 1258 1043 chorum
1283 1012 1314 1044 in
1339 1013 1483 1055 praefato
1501 1013 1698 1046 monasterio
1716 1012 1748 1046 S.
1766 1012 1857 1045 Pauli
1869 999 1988 1026 ‘mmmm'

1123 1063 1318 1106 degentium,
1336 1066 1478 1107 regulari
1498 1066 1720 1099 observantiae
1736 1066 1860 1100 incum-

1122 1117 1209 1157 bant,
1241 1119 1375 1151 mentali
1401 1119 1540 1151 orationi
1565 1119 1662 1152 certis
1688 1119 1778 1152 horis
1802 1130 1861 1163 per

1122 1171 1371 1204 constitutiones
1389 1173 1513 1205 statutis
1537 1173 1668 1205 omnino
1685 1183 1796 1207 vacare
1813 1183 1861 1207 sa-

1123 1229 1243 1267 tagant,
1267 1225 1400 1258 chorum
1426 1236 1491 1259 non
1509 1226 1667 1266 omittant,
1688 1226 1859 1259 missarum

1121 1278 1284 1319 oneribus,
1304 1279 1357 1321 qui
1383 1280 1568 1313 sacerdotio
1593 1279 1711 1312 initiati
1727 1279 1859 1320 suerint,

1122 1331 1327 1371 satisfaciant,
1354 1338 1542 1376 ceterasque
1560 1332 1753 1366 monasticas
1768 1333 1859 1375 leges

1121 1384 1273 1418 inviolate
1291 1386 1488 1418 custodiant.
1504 1385 1544 1418 Ut
1558 1391 1674 1426 tamen,
1689 1385 1777 1418 omni
1795 1386 1859 1418 dis-

1123 1438 1281 1471 tractione
1307 1442 1438 1478 semota,
1472 1439 1618 1472 scientiis
1640 1439 1858 1482 adipiscendis

1120 1490 1268 1524 insistere
1301 1493 1450 1532 valeant,
1482 1502 1537 1525 eos
1571 1492 1641 1525 aliis
1672 1492 1859 1536 occupatio-

1120 1545 1215 1577 nibus
1248 1551 1279 1579 et
1303 1546 1494 1588 praesertim
1525 1546 1745 1580 oeconomieis
1774 1546 1857 1579 curis

1119 1608 1216 1631 nemo
1253 1600 1368 1632 audeat
1407 1600 1589 1642 implicare.
1627 1599 1690 1643 Ipsi
1726 1610 1857 1644 quoque

1120 1652 1317 1692 scholastici,
1336 1653 1411 1685 dum
1433 1652 1464 1685 in
1490 1653 1634 1696 praefato
1659 1653 1857 1687 monasterio

1119 1703 1147 1736 S.
1174 1704 1262 1736 Pauli
1289 1705 1591 1745 commorabuntur,
1618 1711 1749 1748 praeter
1773 1716 1856 1749 quo-

1120 1757 1256 1790 tidianas
1282 1758 1438 1791 lectiones
1456 1764 1486 1792 et
1509 1759 1731 1802 repetitiones,
1751 1759 1856 1802 singu-

1119 1810 1157 1841 lis
1177 1811 1389 1844 hebdomadis
1409 1811 1508 1844 semel
1534 1822 1592 1854 per
1617 1812 1765 1845 ordinem
1786 1812 1856 1845 the*

1118 1873 1168 1895 ses
1185 1864 1393 1906 disputandos
1411 1870 1604 1907 proponant,
1623 1870 1719 1907 atque
1744 1865 1856 1898 adver-

1118 1927 1171 1949 sus
1197 1923 1378 1958 arguentes,
1398 1919 1434 1949 ea
1451 1927 1512 1960 qua
1530 1918 1707 1950 monachos
1724 1917 1853 1951 Ordinis

1118 1970 1219 2002 sancti
1247 1969 1409 2003 Benedicti
1442 1970 1535 2002 decet
1566 1970 1727 2003 modestia
1752 1976 1783 2003 et
1806 1981 1855 2003 re-

1117 2022 1303 2065 ligiositate,
1329 2023 1505 2055 defendant
1531 2027 1563 2055 et
1586 2022 1713 2056 obiecta
1738 2023 1854 2057 dissol-

1117 2081 1201 2108 vant.
1229 2074 1348 2113 Quibus
1378 2076 1542 2108 litterariis
1568 2076 1852 2110 exercitationibus

1116 2129 1214 2161 abhas
1240 2122 1427 2161 monasterii
1455 2129 1486 2162 S.
1513 2129 1601 2163 Pauli
1627 2130 1780 2171 omnino,
1805 2135 1853 2164 to-

1117 2188 1229 2225 tusque
1265 2182 1409 2216 ciusdem
1449 2183 1637 2216 monasterii
1675 2189 1852 2218 conventus

1115 2245 1242 2278 semper
1269 2236 1431 2268 intersint.
1458 2235 1622 2275 Quocirca,
1644 2241 1680 2268 ut
1704 2237 1866 2270 huiusce-›

1115 2289 1199 2321 modi
1218 2289 1429 2321 scholasticae
1449 2290 1708 2322 concertationes
1725 2289 1841 2323 studen

1116 2342 1194 2374 tium
1220 2342 1400 2385 profectum
1427 2342 1543 2382 iuvent,
1571 2347 1603 2376 et
1626 2353 1693 2377 non
1718 2344 1757 2377 ad
1781 2343 1851 2377 ina-

1115 2405 1187 2427 nem
1212 2406 1366 2438 pompam
1392 2395 1594 2435 excitentur,
1621 2396 1724 2429 dictus
1750 2396 1862 2442 abbas·

1115 2448 1251 2491 hyemali
1271 2453 1417 2492 tempore
1435 2449 1466 2481 in
1488 2449 1632 2492 praefato
1649 2449 1851 2491 monasterio¹

1115 2501 1248 2540 habitet,
1275 2507 1310 2533 ut
1335 2501 1402 2534 eius
1428 2501 1633 2545 praesentia,
1658 2501 1849 2536 auctoritate

1114 2558 1145 2586 et
1170 2553 1335 2596 vigilantia
1366 2554 1524 2597 regularis
1554 2554 1760 2588 observantia
1782 2565 1849 2589 non

1114 2612 1277 2651 tepescat,
1311 2614 1343 2642 et
1374 2609 1639 2643 scholasticorum
1673 2610 1787 2654 studia·
1807 2610 1858 2657 agi·
