2111 3157
222 255 273 283 An.
296 254 410 285 C.1683
456 248 521 282 440

288 684 400 708 {torosam

219 713 377 732 contrartoiuui.

265 1577 326 1597 Fidus
342 1578 396 1598 lian-

210 1606 347 1630 sumptorum.

414 306 458 339 sis
482 316 540 349 per
564 314 785 349 quoscumque
815 303 937 337 iudices
963 302 1144 336 ordinarios

415 364 445 391 et
463 359 637 400 delegatos,
654 358 749 389 etiam
766 366 934 388 causarum
948 355 1059 398 palatii
1073 365 1145 398 apo-

414 411 522 444 stolici
545 410 723 449 auditores,
747 409 881 442 iudicari
899 413 930 441 et
950 407 1076 441 definiri
1095 408 1145 440 de-

413 464 508 503 bere,
535 474 572 496 ac
596 462 722 495 irritum
752 467 784 494 et
806 461 902 494 inane
927 461 952 493 si
977 470 1069 493 secus
1094 470 1145 492 su-

413 527 471 559 per
496 516 546 549 liis
570 526 587 548 a
608 525 781 558 quoquam,
807 514 918 557 quavis
943 513 1142 552 auctoritate,

413 569 554 601 scienter
574 568 622 600 vel
640 568 839 610 ignoranter,
853 566 1028 609 contigerit
1041 570 1144 598 atten-

413 622 483 655 tari.

454 676 469 718 ἓ
497 675 527 708 5.
562 674 631 708 Non
668 674 870 708 obstantibus
908 672 1143 707 constitutioni-

409 729 470 761 bus
503 732 535 761 et
561 727 818 761 ordinationibus
849 725 1036 769 apostolicis
1052 751 1060 765 ,
1086 735 1140 765 ac,

410 786 568 823 quatenus
586 791 667 824 opus
684 780 733 819 sit,
749 779 852 813 dictae
875 777 1142 820 Congregationis

409 833 686 873 Silvestrinorum,
712 832 809 865 etiam
825 832 1015 870 iuramento,
1030 829 1143 863 coustr-

409 886 552 919 matione
574 886 759 929 apostoliea,
785 885 834 918 vel
856 884 967 927 quavis
991 882 1140 915 firmitate

409 938 471 972 alia
498 938 671 977 roboratis,
698 937 822 970 statutis
847 935 1142 970 et'consuetudini-

409 991 480 1031 bus,
505 990 683 1034 privilegiis
708 1000 837 1033 quoque
872 989 1003 1023 indultis
1029 993 1062 1021 et
1091 988 1141 1021 lit-

408 1044 485 1077 teris
502 1043 689 1086 apostolicis
706 1042 738 1074 in
764 1042 960 1087 contrarium
988 1041 1141 1084 praemis-

407 1107 516 1130 sorum
540 1096 785 1139 quomodolibet
809 1095 992 1135 concessis,
1016 1093 1136 1127 contir-

406 1149 500 1182 matis
526 1153 558 1181 et
581 1148 765 1189 innovatis;
793 1148 908 1191 quibus
933 1147 1083 1180 omnibus
1109 1152 1140 1180 et

406 1202 562 1245 singulis,
588 1202 719 1235 illorum
753 1206 880 1234 tenores
916 1201 1139 1244 praesentibus

407 1265 466 1297 pro
491 1255 586 1297 plene
618 1259 650 1286 et
681 1254 881 1286 sufficienter
916 1253 1076 1296 expressis
1108 1257 1139 1285 et

406 1307 537 1340 insertis
563 1306 730 1347 habentes,
753 1306 816 1339 illis
847 1306 924 1339 alias
948 1305 981 1338 in
1006 1315 1064 1338 suo
1088 1315 1139 1339 ro-

406 1361 485 1393 bore
511 1360 740 1403 permansuris,
765 1361 804 1393 ad
823 1359 1077 1403 praemissorum
1098 1359 1139 1391 ef-

407 1414 537 1452 fectum,
555 1413 615 1445 hac
632 1413 699 1445 vice
716 1413 887 1451 dumtaxat,
905 1412 1090 1454 specialiter
1108 1416 1139 1444 et

407 1476 557 1509 expresse
586 1466 798 1508 derogamus3
834 1464 1017 1507 ceterisque
1055 1474 1137 1498 con-

407 1519 513 1551 trariis
538 1519 806 1562 quibuscumque.

451 1571 520 1615 56.
558 1572 712 1605 Volumus
748 1576 855 1604 autem
889 1576 925 1603 ut
954 1571 1140 1604 earumdem

405 1625 627 1668 praesentium
645 1625 827 1658 litterarum
846 1625 1067 1668 transumptiS,
1084 1635 1140 1657 seu

404 1678 572 1720 exemplis,
600 1678 697 1710 etiam
729 1677 913 1720 impressis,
950 1688 1048 1710 manu
1084 1677 1140 1709 ali-

402 1730 492 1762 cuius
516 1730 630 1762 notarii
656 1730 776 1773 publici
802 1731 1010 1773 subscriptis,
1043 1736 1074 1763 et
1099 1731 1138 1763 si-

402 1782 480 1825 gillo
506 1793 666 1826 personae
692 1784 724 1815 in
745 1783 965 1816 ecclesiastiea
982 1783 1138 1825 dignitato

401 1835 594 1867 constitutae
612 1835 756 1875 munitis,
781 1836 893 1869 eadem
913 1846 1044 1878 prorsus
1062 1836 1139 1868 sides

402 1893 466 1920 tam
491 1889 524 1920 in
548 1888 668 1921 iudicio
695 1900 788 1931 quam
811 1894 900 1921 extra
924 1889 1003 1922 illud
1026 1889 1161 1921 habea-⁸

402 1945 465 1980 tur,
487 1951 569 1983 quae
596 1941 822 1983 praesentibus
849 1941 1027 1973 haberetur
1049 1941 1074 1973 si
1093 1942 1138 1974 Γο-

401 1998 474 2025 rent
502 1993 666 2026 exhibitae
691 1994 741 2026 vel
766 1999 930 2027 ostensae.

444 2045 557 2078 Datum
582 2045 715 2086 Romae,
746 2047 831 2089 apud
856 2046 887 2080 S.
908 2047 1052 2087 Petrum,
1079 2047 1137 2079 sub

400 2100 521 2131 annulo
567 2099 739 2132 Piscatoris
760 2127 767 2140 ,
816 2100 868 2132 die
909 2110 949 2134 xv
999 2100 1138 2133 ianuarii

399 2162 599 2190 MDCLxxxm,
618 2153 826 2196 pontificatus
846 2154 949 2186 nostri
974 2163 1060 2186 anno
1078 2163 1135 2187 v11.

436 2221 493 2250 Dat.
515 2222 558 2250 die
580 2223 612 2250 15
631 2223 744 2251 ianuarii
767 2223 844 2258 1083,
866 2223 964 2259 pontif.
985 2231 1057 2252 anno
1073 2230 1118 2252 vu.

722 2418 823 2452 CXXI.

405 2521 648 2564 Confirmanlur
685 2527 807 2556 statuta
844 2535 902 2567 pro
942 2524 1070 2557 eccles-isi
1114 2528 1142 2557 et

447 2575 604 2617 hospitali
628 2576 659 2609 S.
688 2577 827 2609 Antonii
851 2578 1079 2611 Lusitanorum
1105 2578 1142 2610 de

451 2628 544 2662 Urbe.

994 254 1173 279 BULLARIUM
1197 253 1349 278 ROMANUM

1371 298 1567 327 InnocentIus
1595 299 1675 333 Papa
1697 299 1746 334 xl,

1324 345 1361 372 ad
1379 345 1515 373 futuram
1534 343 1581 371 rei
1600 343 1780 370 memoriam·

1231 408 1265 440 ln
1288 417 1439 450 supremo
1460 405 1627 439 militantis
1644 405 1807 439 Ecclesiae
1828 404 1921 446 solio,
1958 419 2077 446 Exordium.
2099 410 2102 416 '

1186 460 1309 492 meritis
1334 459 1413 492 licet
1436 458 1627 502 imparibus,
1645 468 1705 501 per
1725 456 1923 492 ineffabilem

1187 513 1314 545 divinae
1342 512 1522 556 sapientiae
1542 516 1637 555 atque
1654 511 1807 544 bonitatis
1825 511 1923 545 abun-

1187 566 1330 599 dantiam
1354 565 1532 605 constituti,
1559 575 1608 605 ea,
1635 574 1718 608 quae
1749 574 1809 607 pro
1833 563 1921 598 felici

1187 618 1398 651 ecclesiarum
1418 622 1450 650 et
1467 617 1602 651 aliorum
1616 617 1745 660 piorum
1758 617 1918 658 locorum,

1186 671 1380 714 praesertim
1403 671 1437 703 in
1462 671 1546 703 alma
1568 669 1653 702 Urbe
1677 670 1800 710 nostra,
1827 680 1920 704 verae

1186 723 1352 766 religionis
1383 733 1464 763 arce,
1497 733 1534 756 ex
1560 733 1624 766 qua
1657 723 1821 756 bonorum
1844 733 1920 767 ope-

1186 786 1256 808 rum
1281 777 1429 819 exempla
1451 776 1485 808 in
1502 786 1613 813 omnes
1634 775 1833 809 christianae
1857 776 1920 809 rei-

1185 829 1335 873 publicae
1360 834 1471 872 partes
1495 828 1622 861 assidue
1640 833 1843 872 promanant,
1861 839 1921 873 po-

1185 882 1335 922 sitorum,
1367 881 1558 922 directione,
1587 885 1624 913 ut
1653 881 1775 914 ibidem
1811 873 1920 915 omnia

1186 941 1271 969 recte
1304 940 1398 979 atque
1430 935 1546 968 ordine
1570 934 1672 975 fiant,
1702 934 1838 978 provide
1869 945 1919 968 sa-

1184 988 1378 1032 pienterque
1417 987 1591 1021 constituta
1631 991 1726 1031 atque
1771 987 1921 1021 ordinata

1184 1051 1253 1074 esse
1279 1045 1466 1081 noscuntur,
1493 1051 1557 1083 quo
1582 1039 1676 1072 firma
1700 1049 1831 1083 semper
1855 1039 1922 1073 illi-

1183 1095 1320 1137 bataque
1345 1094 1528 1137 persistant,
1547 1093 1716 1137 apostolici
1732 1093 1920 1127 muniminis

1182 1147 1358 1190 praesidio,
1383 1157 1456 1179 cum
1490 1146 1523 1180 id
1548 1157 1565 1179 a
1590 1146 1683 1179 nobis
1713 1146 1845 1189 petitur,
1881 1146 1920 1180 li-

1183 1200 1298 1232 benter
1322 1199 1582 1232 constabilimus.

1226 1252 1240 1294 5
1265 1253 1296 1284 1.
1333 1252 1457 1295 Exponi
1490 1251 1652 1295 siquidem
1687 1249 1784 1285 nobis
1814 1261 1921 1295 nuper
1950 1262 2110 1284 Praettictarte-

1900 1304 1906 1310 .
1943 1292 2046 1311 ulatoruni
2067 1293 2110 1313 sta-

1183 1304 1328 1338 fecerunt
1352 1304 1462 1337 dilecti
1480 1303 1537 1337 filii
1555 1304 1712 1348 deputati,
1740 1314 1798 1337 seu
1822 1295 1942 1337 admi-{³1

1181 1358 1371 1390 nistratores
1397 1357 1553 1390 ecclesiae
1575 1361 1607 1390 et
1625 1356 1796 1399 hospitalis
1813 1349 1940 1390 sanctii

1183 1410 1310 1443 Antonii
1342 1410 1483 1443 nationis
1515 1410 1743 1443 Lusitanorum
1768 1411 1807 1444 de
1830 1409 1917 1443 Urbe

1182 1464 1334 1506 praesuta,
1361 1463 1450 1507 quod
1473 1463 1537 1506 ipsi
1561 1464 1720 1496 nonnulla
1744 1467 1863 1496 statuta
1886 1467 1919 1496 et

1183 1516 1323 1559 capitula
1353 1527 1414 1559 pro
1444 1516 1529 1549 felici
1561 1526 1784 1560 prosperoque
1817 1516 1918 1549 dicto-

1182 1579 1254 1602 rum
1279 1569 1436 1602 ecclesiae
1462 1574 1494 1602 et
1518 1569 1691 1612 hospitalis
1710 1568 1869 1612 regimine
1887 1573 1919 1601 et

1183 1623 1340 1664 gubernio
1364 1622 1524 1662 fecerunt,
1562 1626 1594 1653 et
1628 1621 1764 1664 praevia
1794 1622 1925 1654 matura¹

1183 1675 1383 1708 discussione
1400 1676 1432 1708 in
1454 1674 1842 1717 eorruncongregatione
1863 1685 1919 1717 ap-

1182 1728 1372 1772 probarunt,
1398 1739 1435 1760 ac
1459 1728 1492 1760 in
1517 1738 1614 1760 unum
1638 1728 1790 1762 volumen
1814 1726 1918 1769 redigi

1182 1786 1350 1822 curarunt,
1377 1781 1500 1814 tenoris
1526 1781 1579 1824 qui
1605 1780 1773 1824 sequitur,
1796 1779 1915 1814 videli-

1181 1839 1232 1867 cet
1252 1833 1279 1866 ¹:

1181 1912 1340 1953 Proetm'o,
1358 1913 1395 1945 ed
1407 1913 1571 1955 uniforme
1584 1912 1779 1945 risoluzione
1788 1911 1823 1944 di
1835 1916 1920 1945 luna

1225 1966 1255 1997 lu
1288 1966 1422 1997 natione
1454 1965 1643 2007 Por-toqlzese
1672 1975 1730 2007 per
1755 1964 1780 1996 li
1802 1964 1920 1997 statuti

1224 2017 1311 2050 della
1336 2018 1443 2050 chiesa
1467 2017 1505 2050 ed
1529 2017 1677 2060 ospedale
1703 2017 1738 2050 di
1762 2018 1794 2051 S.
1817 2016 1918 2051 Amo-

1223 2072 1277 2104 m'o
1302 2071 1337 2104 di
1361 2072 1474 2104 Roma.
1941 2072 1948 2080 ”

1224 2151 1259 2184 In
1284 2161 1380 2184 nome
1405 2151 1492 2184 della
1515 2150 1568 2184 SS.
1590 2150 1721 2191 Trinita,
1742 2148 1919 2191 Padre‚Fi-

1181 2205 1316 2247 gliuolo,
1341 2215 1357 2237 e
1382 2204 1502 2247 Spirito
1527 2204 1636 2244 Samo,
1655 2208 1703 2236 tre
1730 2213 1880 2246 persone,
1901 2213 1919 2237 e

1180 2269 1223 2290 un
1248 2260 1318 2291 solo
1342 2257 1449 2297 lddio,
1467 2268 1483 2290 e
1505 2257 1556 2290 de⁷
1576 2257 1625 2290 Ss.
1647 2255 1793 2299 Apostoli
1812 2256 1919 2290 Pietro

1181 2321 1197 2343 e
1219 2311 1323 2350 Paolo,
1346 2321 1362 2343 e
1380 2311 1431 2344 del
1445 2310 1588 2352 glorioso
1610 2310 1641 2343 S.
1661 2309 1816 2350 Antonio,
1833 2313 1919 2342 sotto

1181 2364 1202 2396 il
1229 2364 1260 2396 di
1286 2364 1337 2396 cui
1370 2364 1462 2397 titolo
1488 2365 1504 2396 e
1530 2364 1661 2396 fondata
1692 2363 1724 2395 la
1754 2362 1920 2396 venerabil

1183 2417 1293 2449 chiesa
1319 2417 1358 2450 ed
1383 2410 1537 2459 os'pedale
1564 2417 1649 2449 della
1682 2415 1818 2449 nazione
1844 2415 1922 2449 Por-

1185 2471 1320 2513 toghese
1346 2470 1379 2502 in
1416 2475 1530 2513 questa
1554 2469 1647 2503 Corte
1673 2469 1704 2503 di
1740 2469 1843 2502 Roma
1867 2469 1920 2502 nel

1221 2552 1230 2577 1
1255 2550 1376 2584 Sequens
1403 2550 1594 2577 documentum
1616 2549 1755 2575 referimus
1784 2553 1861 2584 prout
1880 2549 1922 2575 est

1185 2594 1209 2620 in
1222 2594 1285 2621 edit.
1305 2595 1398 2627 Mnin„
1416 2594 1580 2620 dimittentes
1598 2594 1755 2627 plerumque
1768 2593 1861 2620 lectori
1875 2600 1921 2619 cu-

1187 2647 1241 2665 ram
1264 2639 1414 2673 corrigendi
1436 2648 1541 2665 errores
1563 2646 1612 2664 ιιοιι
1634 2646 1732 2673 paucus
1764 2638 1848 2673 n.T.).

1931 249 1980 279 Aa.
2000 249 2030 279 G.
2047 250 2111 281 msa

1943 1319 1973 1337 ita
1987 1317 2008 1338 in
2023 1322 2109 1342 congro.

1942 1345 2012 1364 attone
2035 1349 2110 1370 appro-

1943 1372 1979 1391 ata
1994 1370 2083 1392 suerunt.
