2111 3157
0 208 35 229 m.
54 200 82 228 C.
100 199 166 227 1688

756 196 966 221 inuocesrirs
989 197 1019 219 xi
1045 196 1093 219 rr.

173 253 236 280 tem
259 247 339 290 legit
362 247 393 279 in
417 246 667 280 Circumcisione
687 245 824 284 Domini,
843 245 910 277 die·
928 246 930 257 ¹

171 301 234 334 bus
257 301 354 334 etiam
380 299 510 343 capituli
535 299 569 332 in
593 299 707 332 eadem
732 299 908 342 septimana

173 353 383 397 sequentibus
408 354 520 395 legere
545 352 651 391 debet,
676 351 756 384 sicut
779 361 837 394 per
856 361 909 383 an-

173 416 250 439 num
276 406 356 439 solet
380 405 471 442 fieri:
501 405 557 438 sed
589 405 675 437 intra
698 403 909 446 Quadi-agesi-

173 469 267 498 mam,
287 459 416 502 quando
434 458 466 490 in
489 459 553 490 una
578 457 780 490 hebdomada
798 465 909 488 occur-

173 516 250 543 runt
274 511 335 543 tria
360 511 439 543 festa
463 510 594 553 capituli
619 514 747 552 praeter
771 508 909 541 domini-

174 573 252 604 cam,
278 563 483 596 hebdomada
507 563 561 596 illa
586 562 669 595 inter
694 562 774 595 duos
800 571 910 594 mona-

174 616 253 649 chos
277 615 438 655 dividitur,
464 621 496 648 et
513 626 573 658 pro
591 615 715 648 duabus
732 614 910 647 hebdoma-

174 668 268 701 dibus
294 668 428 701 transit:
455 678 514 701 ncc
539 667 700 700 secundus
724 667 827 699 lector
849 677 908 708 pro

173 721 235 754 hac
259 721 327 754 vice
348 721 441 754 aliam
458 720 695 753 hebdomadam
713 719 859 752 lectionis
877 719 908 751 in
928 749 930 756 ,

173 773 347 807 refectorio
373 773 458 806 facit.

215 835 246 859 x.
272 825 444 865 IntranteS,
469 825 628 858 nudamus
654 825 771 868 capita,
799 829 831 857 et
857 834 910 856 ve-

171 878 300 911 nientes
317 884 428 912 contra
444 878 537 910 sedes
557 882 695 917 nostras,
718 877 909 909 inclinamus

172 932 213 965 ad
247 941 387 964 crucem.
429 931 613 963 Benedicite
649 936 679 964 et
719 935 908 974 sequentem

172 994 300 1018 versum
332 983 448 1027 incipit
481 984 534 1027 qui
560 988 689 1027 praeest
713 983 907 1023 conventui,

172 1037 323 1071 similiter
354 1041 384 1070 et
408 1047 536 1070 versum
568 1042 641 1080 post
676 1037 849 1080 prandium
879 1042 911 1069 ct

173 1101 320 1125 coenam.

216 1154 260 1177 xi.
287 1144 410 1176 Mensas
435 1150 539 1176 autem
560 1143 724 1176 benedicit
742 1146 772 1176 et
792 1143 910 1186 gratias

173 1197 240 1240 agit
258 1197 412 1230 sacerdos
431 1196 718 1236 hebdomadarius,
738 1196 762 1227 si
782 1196 910 1228 missam

174 1252 210 1283 ea
236 1249 286 1282 die
311 1249 495 1289 celebravit,
520 1249 574 1291 qui
594 1249 661 1281 eius
680 1248 767 1281 vices
785 1249 912 1291 supple-

173 1302 227 1343 vit,
251 1312 379 1334 mensas
404 1302 579 1334 benedicit.
607 1301 817 1344 Excipiuntur
836 1301 911 1333 festa

174 1355 208 1388 in
233 1355 349 1399 quibus
375 1360 475 1387 totum
501 1354 643 1387 officium
669 1353 789 1397 prioris
815 1359 861 1386 est
882 1359 910 1386 et

175 1407 244 1441 dies
278 1409 466 1451 sepulturae
498 1407 651 1440 defuncti.
683 1406 717 1439 In
750 1406 800 1439 his
827 1407 910 1438 enim

175 1461 275 1504 prior,
299 1462 348 1494 vel
373 1460 427 1503 qui
460 1461 528 1493 eius
559 1460 644 1493 vit-es
677 1460 759 1502 agit,
785 1469 910 1492 mensas

174 1513 349 1547 benedicit.
368 1513 523 1546 Similiter
540 1513 667 1556 quando
685 1512 844 1555 sepelitur
862 1512 911 1544 de-

177 1566 304 1600 functus
330 1566 362 1598 in
388 1566 439 1599 die
463 1566 495 1598 in
517 1576 580 1609 qua
604 1566 682 1598 alias
708 1575 772 1598 non
799 1565 911 1597 fuisset

176 1619 211 1652 in
234 1619 394 1652 refecorio
431 1619 683 1657 comedendum,
721 1617 830 1660 prior,
863 1619 910 1650 vel

178 1672 231 1715 qui
257 1671 325 1704 eius
353 1672 437 1704 vices
470 1671 557 1715 agit,
581 1681 707 1704 mensas
732 1670 908 1704 benedicit.

178 1723 376 1768 Quicumque
394 1730 498 1757 autem
517 1734 642 1757 mensas
660 1723 834 1763 benedicit,
858 1724 912 1755 de-

178 1778 234 1811 bet
257 1778 362 1821 primo
388 1788 533 1810 mensam
559 1777 688 1820 prioris,
715 1776 742 1808 si
766 1777 857 1819 prior
881 1776 910 1808 in

179 1832 217 1863 ea
241 1830 283 1863 sit
306 1836 532 1869 comesturum,
558 1829 773 1869 benedicere;
793 1829 911 1861 deinde

178 1894 322 1917 mensam
347 1883 438 1916 chori
465 1882 598 1922 sinistri,
624 1882 742 1915 deinde
767 1892 912 1914 mensam

180 1946 426 1975 conversorum,
462 1935 488 1967 si
525 1935 649 1975 adsint,
686 1940 717 1966 et
745 1940 912 1977 postremo

179 1999 325 2022 mensam
351 1987 453 2021 dextri
479 1986 582 2020 chori.

222 2052 280 2075 xit.
307 2041 384 2074 Data
407 2040 635 2073 benedictione
656 2039 779 2079 lectori,
801 2050 914 2072 omnes

181 2095 374 2128 inclinamus
403 2094 441 2126 ad
467 2104 618 2133 crucem,
647 2099 679 2126 et
708 2093 815 2126 media
840 2103 913 2135 pars

182 2153 353 2181 conventus
386 2147 483 2179 intrat
510 2157 526 2179 a
556 2152 645 2188 parte
669 2146 829 2188 superiori
854 2156 915 2178 sca*

182 2211 342 2239 mnorum,
367 2205 398 2232 et
423 2200 484 2232 alia
506 2209 579 2242 pars
605 2210 621 2231 a
646 2204 738 2242 parte
759 2199 915 2237 inferiori,

183 2258 395 2295 tenemusque
421 2252 539 2284 nudata
563 2252 668 2294 capita
700 2252 804 2284 donec
829 2251 917 2294 prior

184 2311 258 2349 post
281 2315 379 2338 unum
401 2309 455 2337 aut
476 2305 611 2336 alterum
628 2314 750 2336 versum
769 2304 916 2336 lectionis

185 2357 316 2390 mantile
333 2367 424 2389 suurn
444 2357 602 2394 devolvat,
620 2361 671 2388 aut
688 2355 774 2388 aliud
791 2356 916 2398 signum

185 2410 300 2451 faciat;
326 2410 383 2442 sed
408 2419 514 2452 neque
533 2409 691 2448 sedemus,
710 2408 814 2441 donec
830 2419 918 2451 prac-

186 2463 296 2497 sidens
319 2464 429 2497 sedeat
452 2463 586 2505 primus.

229 2526 298 2550 xni.
326 2515 510 2559 Apponenti
536 2514 656 2557 aliquid
689 2514 781 2548 nobis
814 2520 846 2548 et
870 2525 917 2548 re-

184 2569 328 2605 moventi
363 2568 572 2609 inclinamus,
598 2573 629 2600 ct
653 2568 722 2611 ipse
751 2568 856 2601 nobis.
883 2568 917 2601 In

950 243 1145 287 apponendo
1169 247 1276 274 autem
1308 246 1340 274 et
1377 240 1574 274 removendo
1607 251 1680 272 scu-

951 297 1050 337 tellas,
1076 300 1151 338 post
1174 295 1318 338 priorem
1345 299 1376 327 et
1400 293 1556 337 hospites.
1582 293 1608 325 si
1627 293 1680 325 ad-

950 355 1023 382 sunt
1046 355 1076 383 et
1101 350 1139 382 ad
1164 359 1306 382 mensam
1338 347 1455 391 prioris
1487 346 1678 387 comedunt,

950 413 1079 445 semper
1101 402 1255 445 incipitur
1275 413 1292 435 a
1312 402 1422 434 dextra
1439 406 1529 444 parte
1546 401 1682 433 refecto-

951 454 1001 487 rii.
1028 454 1196 488 pitantiam
1222 455 1253 487 in
1270 454 1475 487 refectorium
1500 453 1680 497 appositam

951 508 1059 540 nullus
1085 509 1123 541 ad
1149 519 1182 541 se
1209 508 1319 547 trahit,
1345 507 1449 540 donec
1466 507 1533 547 ille,
1555 506 1608 549 qui
1627 517 1682 550 ap-

950 561 1066 603 posuit,
1085 561 1219 594 redierit
1238 561 1276 593 ad
1299 561 1406 593 sedem
1425 570 1524 599 suam,
1542 565 1574 592 et
1593 570 1682 603 prac-

950 613 1058 646 sidens
1084 615 1122 646 ad
1144 625 1177 647 se
1199 613 1329 646 traxerit
1353 612 1412 645 sihi
1438 612 1617 656 appositam
1635 612 1683 655 pi-

951 666 1093 698 tantiam.

993 729 1056 751 xw.
1082 718 1198 752 Oculos
1222 719 1342 760 ubique
1371 718 1428 750 scd
1454 717 1485 750 in
1512 717 1682 750 refectorio

950 771 1086 803 maxime
1120 776 1229 803 tenere
1268 770 1442 809 debemus,
1470 781 1509 802 ne
1543 770 1683 813 aliquam

951 823 1173 856 murmurandi
1198 824 1246 856 vel
1264 823 1390 855 ridendi
1406 822 1570 855 materiam
1588 822 1682 856 nobis

951 875 1094 910 afferant.

993 940 1044 963 xv.
1072 930 1190 963 Panem
1216 935 1362 966 nostrum
1389 934 1421 962 et
1445 928 1612 972 pitantiam
1643 929 1686 961 ita

952 983 1107 1016 debemus
1133 983 1310 1026 aequaliter
1333 982 1481 1015 scindere
1499 988 1563 1015 tam
1582 982 1613 1014 in
1637 992 1686 1015 re-

953 1036 1087 1069 fectorio
1115 1047 1211 1079 quam
1237 1036 1269 1068 in
1294 1035 1394 1075 celtis,
1420 1041 1466 1075 ut,
1495 1035 1583 1078 quod
1610 1035 1686 1068 resi-

953 1089 1050 1122 duum
1072 1089 1176 1128 fuerit,
1201 1089 1338 1121 honeste
1360 1088 1493 1121 cuilibet
1510 1087 1614 1131 possit
1632 1098 1687 1130 ap·

953 1141 1042 1184 poni.
1069 1141 1183 1174 Vinum
1216 1150 1344 1184 quoque
1377 1140 1408 1172 in
1441 1140 1578 1183 scyphos
1613 1150 1687 1173 cum

954 1194 1007 1227 tali
1034 1193 1209 1237 quantitate
1227 1193 1458 1237 apponendum
1472 1198 1529 1232 est,
1549 1203 1588 1225 ne
1608 1192 1687 1226 illud

954 1257 1108 1289 cogamur
1140 1246 1173 1278 in
1202 1257 1278 1278 vasa
1311 1246 1508 1285 refundere;
1535 1245 1685 1278 bibentes

954 1306 1074 1340 autem,
1099 1299 1222 1332 duabus
1246 1299 1396 1335 manibus
1422 1299 1581 1343 scyphum
1600 1304 1687 1332 tene·

955 1362 1036 1386 mus.

996 1416 1059 1439 xvi.
1076 1405 1250 1438 Monachus
1269 1405 1385 1438 nolens
1404 1415 1440 1437 ea
1459 1414 1539 1448 quae
1558 1404 1618 1437 sihi
1635 1414 1689 1448 ap-

954 1465 1119 1502 ponuntur
1139 1458 1321 1493 comedere,
1341 1458 1434 1490 alteri
1452 1457 1623 1501 porrigere
1642 1458 1687 1490 fas

954 1523 1017 1546 non
1035 1513 1146 1545 habet.
1164 1512 1317 1545 Scutellas
1336 1522 1401 1544 non
1422 1511 1613 1554 exponimus
1632 1511 1689 1544 do·

953 1577 1012 1599 nee
1037 1566 1126 1608 prior
1150 1576 1241 1598 suam
1266 1570 1425 1607 exponat;
1453 1569 1485 1596 et
1509 1574 1580 1596 cum
1606 1565 1688 1597 duae

953 1619 1107 1651 scutellae
1122 1618 1339 1661 adponuntur,
1357 1617 1485 1660 quando
1499 1617 1689 1660 exponimus

954 1682 1018 1711 eas,
1044 1682 1140 1703 unam
1166 1670 1262 1703 infra¹
1281 1671 1413 1703 alteram
1438 1671 1599 1713 ponimus,
1626 1670 1689 1703 nisi

955 1729 1077 1756 tantum
1096 1724 1133 1755 de
1152 1723 1231 1755 cibis
1249 1722 1360 1755 illatis²
1378 1723 1581 1762 remanserit,
1601 1723 1689 1766 quod

955 1777 986 1809 id
1012 1777 1115 1808 facere
1141 1775 1210 1807 sine
1236 1775 1442 1808 immersione
1475 1785 1687 1818 nequeamus.

997 1839 1073 1862 xvn.
1108 1825 1242 1865 Quando
1277 1829 1382 1860 lector
1412 1828 1590 1867 refectorii,
1616 1829 1689 1862 dato

955 1893 1014 1925 per
1046 1880 1284 1924 praesidentem
1321 1880 1435 1923 signo,
1462 1881 1605 1913 dicturus
1643 1887 1691 1914 est

959 1936 1006 1967 Tu
1020 1938 1138 1972 autem,
1152 1933 1201 1965 vel
1220 1934 1367 1965 ultimum
1384 1944 1512 1966 versum
1530 1934 1690 1976 lectionis,

956 1988 1061 2030 capita
1096 1987 1272 2025 nudamus,
1296 1997 1355 2019 ncc
1391 1986 1553 2029 surgimus
1587 1988 1691 2020 donec

956 2039 1220 2083 responderimus
1247 2040 1308 2072 Deo
1332 2040 1466 2082 gyrulfus,
1493 2040 1620 2082 quando
1644 2040 1691 2073 di-

957 2093 1094 2125 cendum
1111 2097 1170 2124 est.
1193 2092 1365 2134 Postquam
1390 2103 1464 2124 vero
1482 2092 1690 2133 surreximus,

957 2151 1128 2187 antequam
1154 2144 1325 2187 incipiatur
1349 2155 1366 2176 a
1394 2144 1600 2187 praesidente
1628 2156 1692 2178 ver-

958 2209 1013 2231 sus
1038 2208 1097 2240 pro
1122 2197 1294 2239 gratiarum
1329 2196 1472 2237 actione,
1500 2198 1692 2232 inclinamus

959 2251 998 2283 ad
1023 2260 1167 2289 crucem;
1194 2254 1225 2281 ct
1256 2249 1403 2282 similiter
1428 2255 1502 2292 post
1531 2249 1692 2294 inceptum

960 2303 1116 2346 psalmum
1141 2302 1290 2335 Miserere
1314 2302 1377 2334 mei
1402 2302 1498 2341 Deus,
1523 2304 1650 2346 quando
1676 2313 1694 2336 a

961 2355 1131 2388 refectorio
1157 2355 1186 2387 in
1213 2354 1383 2388 ecclesiam
1408 2355 1587 2398 pergimus.

1003 2419 1093 2441 xvxii.
1125 2408 1168 2440 De
1200 2407 1369 2441 refectorio
1401 2408 1538 2441 novitius
1570 2409 1693 2452 primus

961 2462 1035 2501 exit,
1059 2466 1193 2504 excepto
1217 2461 1273 2494 illo
1297 2460 1350 2504 qui
1376 2461 1540 2504 praecedit
1560 2462 1600 2495 ad
1620 2472 1694 2505 ape-

997 2533 1007 2558 l
1031 2531 1132 2559 Forsan
1152 2531 1234 2559 intra
1253 2531 1290 2564 (tt.
1306 2531 1354 2565 τ.).

995 2576 1011 2603 2
1031 2575 1129 2603 Forsan
1149 2576 1235 2603 alatis
1254 2577 1292 2611 (a.
1309 2575 1357 2610 τ.).

1571 182 1630 216 Sel
1681 192 1730 218 An.
1754 191 1783 218 C.
1803 191 1869 217 loss
