2111 3157
172 183 220 213 An.
239 183 267 211 c.
289 183 355 212 mss
401 175 464 209 <082

405 245 506 268 xxxvi.
531 235 661 273 Quando
681 246 814 269 necesse
835 236 929 268 fuerit
944 241 977 267 ut
992 236 1029 268 dc
1049 235 1100 267 do-

361 287 467 319 mibus
492 289 632 330 propriis
659 290 708 320 vel
735 288 887 320 dedomo
918 288 949 319 in
969 288 1099 320 domum

362 339 527 372 criminosi
561 340 658 382 aliqui
696 340 966 379 transmittantur,
994 340 1100 372 eundo

362 399 392 425 et
419 395 583 426 redeundo
610 393 734 435 priores
760 393 806 424 sui
836 392 1022 426 ministrent
1046 403 1100 425 eo-

360 456 430 478 rum
456 447 707 479 conductoribus
727 446 881 489 pecunias
899 446 1099 478 necessarias

360 504 423 530 tam
450 509 508 541 pro
531 499 646 531 viatico
678 510 772 542 quam
804 509 863 541 pro
896 498 1012 531 ceteris
1037 498 1098 530 sibi

360 552 523 584 tradendis
549 563 607 594 per
622 552 748 595 priores
769 553 941 585 domorum
963 552 1001 584 ad
1021 562 1098 594 quas

359 605 544 643 mittuntur,
572 610 600 637 et
628 605 787 637 scribatur
812 605 905 638 dictis
935 605 1097 649 prioribus

359 664 478 700 quanta
518 658 654 701 pecunia
689 659 784 691 fuerit
820 659 866 691 eis
900 659 1094 692 ministrata.

357 711 457 743 Missis
474 722 548 745 vero
567 722 625 755 pro
645 711 816 756 disciplina
834 721 898 745 non
913 712 1096 745 ministren-

356 769 411 796 tur
435 766 656 809 equitaturae,
683 765 743 797 nisi
781 765 879 798 nimia
912 765 1095 799 infirmitate

357 824 516 860 cogente,
543 830 622 858 nec,
648 818 703 852 ubi
737 820 1022 858 sustentabuntur,
1050 820 1094 853 eis

355 870 511 903 beneficia
537 871 718 914 spiritualia
744 871 925 914 hospitibus
953 872 1019 904 dari
1046 883 1095 905 so-

354 924 411 957 lita
437 925 658 957 conferantur.

398 988 513 1010 xxxvn.
539 977 693 1011 Omnibus
719 978 869 1020 pri-sonis
886 977 1013 1010 Ordinis
1039 990 1095 1013 no-

354 1030 409 1061 stri
429 1030 561 1063 omnino
582 1030 776 1069 inhibemus,
797 1041 852 1063 eos
871 1041 928 1073 per
945 1032 1094 1065 obedien>

355 1083 418 1115 tiae
455 1087 560 1116 votum
598 1084 814 1122 obtestantes,
842 1093 880 1116 ne
911 1085 950 1117 ad
975 1096 1090 1127 reges,

353 1136 519 1179 principes
544 1137 592 1168 vel
622 1137 700 1168 alias
726 1141 902 1179 potestates
926 1138 1092 1181 utriusque

353 1195 462 1229 status,
481 1192 615 1233 excepta
629 1190 742 1222 Sancta
762 1190 853 1229 Sede,
870 1191 935 1223 ulla
949 1200 1091 1234 unquam

354 1243 525 1276 occasione
558 1254 727 1276 recurrere
759 1249 814 1276 aut
839 1245 1013 1287 confugere
1040 1257 1093 1278 au-

353 1297 477 1336 deant,
516 1297 660 1340 exceptis
696 1297 912 1340 integerrimis
952 1299 1092 1332 dominis

352 1350 601 1392 inquisitoribus
634 1350 664 1382 in
698 1350 844 1393 negociis
878 1351 916 1383 ad
953 1351 1090 1385 officium

352 1403 383 1435 S.
412 1403 634 1446 Inquisitionis
659 1404 891 1446 spectantibus,
918 1415 998 1443 cum,
1024 1404 1090 1438 Deo

352 1456 484 1496 gratias,
510 1455 595 1488 Ordo
616 1462 728 1489 noster
753 1456 813 1488 sibi
840 1457 988 1497 sufficiat,
1012 1459 1090 1489 suis-

353 1519 415 1552 que
432 1509 571 1550 gaudeat
586 1509 749 1551 legitimis,
769 1509 993 1543 iurisdictione
1008 1521 1092 1543 com-

352 1563 497 1605 petenti,
526 1568 557 1595 et
589 1563 793 1595 Summorum
828 1563 1019 1596 Pontificum
1046 1565 1092 1596 in-

354 1615 450 1647 dultis
490 1615 617 1647 abunde
654 1616 813 1657 provisus.
851 1614 941 1653 Quod
975 1617 999 1648 si
1037 1617 1091 1659 qui

353 1673 561 1700 contumaces
588 1669 706 1700 fuerint
731 1674 762 1700 et
783 1669 820 1701 ad
847 1669 924 1701 alias
943 1670 1093 1712 confuge-

352 1722 419 1753 rint
449 1721 688 1753 iurisdictiones
714 1725 766 1754 aut
791 1726 986 1764 potestates,
1015 1729 1093 1755 tam-

353 1786 448 1818 quam
485 1776 613 1808 Ordinis
640 1776 825 1808 desertores
857 1778 963 1818 poena
986 1777 1093 1809 crimi-

353 1839 510 1862 nosorum
535 1830 724 1872 puniantur.

395 1893 526 1916 xxxviu.
553 1882 646 1915 Nulla
665 1892 801 1924 persona
826 1882 954 1916 Ordinis
973 1885 1094 1927 suppli-

353 1941 403 1970 cet
428 1937 560 1969 domino
587 1933 691 1978 Papae
716 1937 764 1968 vel
791 1937 970 1978 apostolico
987 1938 1093 1979 legato

353 2001 412 2033 pro
446 1991 497 2022 his
532 1990 584 2032 qui
618 1990 656 2021 ad
683 1989 833 2022 Ordinem
870 2000 907 2022 ex
932 1991 1094 2033 apostasia

353 2047 560 2075 revertuntur
584 2052 644 2085 pro
672 2042 913 2084 dispensatione
932 2044 1095 2075 executio-

353 2097 404 2128 nis
429 2106 561 2128 suorum
588 2095 749 2133 ordinum,
777 2096 845 2128 sine
871 2096 999 2129 licentia
1024 2107 1095 2139 spe-

355 2149 429 2182 ciali
467 2149 598 2191 capituli
637 2149 800 2191 generalis
835 2155 889 2181 aut.
924 2150 1093 2183 reverendi

355 2204 474 2247 patris,
501 2208 532 2234 ct
557 2203 685 2245 quando
708 2204 801 2235 talem
817 2204 928 2235 volent
946 2204 1094 2237 obtinere

355 2257 530 2296 licentiam,
559 2256 679 2289 debent
710 2257 845 2290 crirnina
877 2257 908 2290 in
933 2258 1096 2301 apostasia

356 2311 527 2343 commissa
547 2310 741 2352 significare.

400 2374 503 2397 xxxtx.
531 2363 561 2396 Si
589 2374 668 2406 quac
696 2364 798 2397 nostri
828 2364 958 2397 Ordinis
984 2376 1097 2408 perso-

357 2427 419 2449 nae
444 2417 622 2458 professae,
651 2417 772 2460 absque
799 2417 1042 2460 dispensatione
1067 2430 1097 2451 a·

357 2469 519 2512 postolis-a
545 2470 602 2501 sub
628 2470 715 2502 bulla
745 2472 896 2513 plumbea
921 2474 1092 2512 concessa,

359 2532 392 2553 se
421 2523 645 2554 transtulerint
675 2524 712 2555 ad
750 2524 828 2555 alias
861 2524 1053 2565 religiones,
1080 2535 1096 2557 a

358 2574 423 2607 suis
458 2574 620 2618 prioribus
653 2586 708 2608 seu
742 2576 965 2619 superioribus
994 2577 1095 2621 repeti

947 187 1125 211 nttttxnu'it
1151 187 1300 212 ROMANUM

1143 241 1276 278 possunt
1303 239 1335 270 et
1363 236 1485 270 debent
1516 248 1575 281 per
1599 239 1768 282 privilegia
1793 251 1874 284 :ipo-

1141 289 1255 321 stolica
1278 289 1354 322 olim
1379 289 1490 323 Ordini
1516 296 1627 324 nostro
1653 291 1786 332 indulta,
1802 293 1879 326 alio-

1142 341 1217 384 quin
1263 342 1465 385 negligentes
1502 354 1519 376 a
1553 344 1695 388 capitulo·
1732 345 1878 388 generali

1141 394 1283 436 graviter
1307 395 1496 438 puniantur.

1184 457 1234 479 xL.
1262 448 1385 481 Poenas
1406 453 1468 481 tam
1485 450 1691 492 fugitivorum
1705 462 1799 495 quam
1817 452 1878 485 cri-

1141 499 1339 533 minosorum
1356 502 1539 544 praedictas
1557 503 1684 546 augebit
1701 505 1875 548 capitulum

1140 554 1291 593 generate
1315 555 1364 587 vel
1389 555 1522 595 minuet,
1546 566 1605 599 per
1621 556 1747 599 priores
1764 559 1814 591 vel
1833 558 1876 591 vi-

1139 606 1284 639 sitatores
1308 607 1518 641 certificatum
1544 608 1623 641 citra
1647 610 1720 653 plus
1745 610 1794 643 vel
1819 611 1877 644 mi-

1139 669 1197 691 nus
1223 660 1403 703 culpabiles
1423 662 1471 694 vel
1498 661 1687 695 emendatos
1704 664 1753 697 vel
1771 663 1804 696 in
1820 667 1877 698 sua

1138 712 1260 744 malitia
1295 720 1553 756 perseverantes.
1588 715 1796 749 Reverendus
1822 727 1876 750 au-

1139 770 1200 797 tem
1228 771 1319 809 pater
1335 772 1443 811 potest
1459 768 1672 802 reconciliare
1689 768 1800 802 Ordini
1815 769 1875 802 cri-

1138 818 1303 858 minosos,
1341 822 1467 853 servata
1513 821 1642 854 Ordinis
1681 821 1873 865 disciplina,

1136 882 1231 914 quam
1258 873 1376 915 poterit
1403 874 1620 918 quandoque,
1647 875 1671 907 si
1697 875 1725 908 ei
1751 875 1874 909 videbi-

1138 930 1200 962 tur.
1226 926 1398 959 moderari.
1431 927 1517 960 Alias
1542 938 1636 967 vero,
1663 928 1754 972 prior
1777 929 1873 962 etiam

1136 978 1286 1021 proprius
1304 980 1505 1019 eorumdem,
1522 980 1592 1013 sine
1606 979 1707 1024 ipsius
1722 992 1874 1015 reveren-

1136 1031 1165 1063 di
1194 1031 1301 1078 patris
1317 1032 1459 1071 licentia,
1477 1036 1704 1076 praeterquam
1730 1035 1762 1067 in
1787 1045 1873 1068 nior-

1136 1085 1174 1116 tis
1200 1085 1348 1125 articulo,
1368 1085 1472 1119 facere
1491 1086 1554 1118 hoc
1582 1096 1646 1119 non
1670 1092 1791 1130 potest,
1809 1087 1872 1121 nisi

1136 1143 1231 1181 prout
1255 1137 1377 1171 dietum
1402 1143 1462 1170 est.

1178 1200 1240 1223 xri.
1268 1190 1405 1230 Priores,
1432 1191 1485 1233 qui
1511 1191 1651 1224 scienter
1678 1192 1801 1226 faciunt
1824 1195 1872 1227 vel

1135 1244 1327 1287 permittunt
1350 1244 1461 1286 fugere
1487 1244 1525 1277 de
1548 1255 1676 1278 carcere
1694 1245 1874 1280 incarcera-

1135 1304 1192 1335 tos,
1218 1308 1289 1329 cum
1315 1303 1450 1340 possent
1468 1298 1641 1340 impedire,
1659 1299 1699 1331 ab
1716 1300 1872 1333 obedien-

1135 1352 1185 1383 tiis
1210 1352 1431 1383 absolvantur.
1459 1351 1519 1384 Alii
1546 1362 1636 1392 vcro,
1659 1352 1712 1396 qui
1734 1353 1765 1386 id
1788 1354 1874 1387 fece-

1134 1404 1206 1443 rint,
1232 1405 1338 1437 locum
1364 1405 1502 1438 subeant
1518 1405 1695 1447 evadentis,
1717 1406 1756 1440 ad
1778 1406 1872 1440 Ordi-

1135 1457 1182 1488 nis
1209 1458 1421 1489 voluntatem.

1176 1521 1250 1543 xLu.
1278 1510 1412 1548 Quando
1443 1516 1590 1554 apostata
1615 1512 1732 1555 aliquis
1756 1523 1872 1546 recon-

1134 1562 1293 1595 ciliandus
1319 1568 1378 1603 est,
1404 1563 1509 1606 primo
1539 1564 1685 1598 redditur
1711 1566 1757 1598 illi
1780 1566 1872 1599 liabi-

1134 1621 1193 1656 tus,
1220 1617 1244 1648 si
1271 1617 1416 1649 nondum
1441 1617 1534 1650 illum
1561 1618 1689 1658 habeat,
1716 1624 1746 1651 et
1770 1619 1871 1662 prior,

1133 1670 1282 1702 adhibito
1307 1681 1415 1703 secum
1440 1680 1504 1703 uno
1528 1672 1577 1704 vel
1596 1671 1721 1704 duobus
1742 1672 1874 1715 religio-

1134 1723 1189 1762 sis,
1215 1723 1305 1756 illum
1330 1729 1526 1766 prostratum
1553 1734 1625 1756 cum
1648 1724 1735 1767 virga
1759 1725 1873 1758 verbe-

1135 1782 1183 1809 rat
1206 1787 1306 1820 super
1329 1777 1459 1816 nudum,
1479 1777 1616 1810 dicendo
1634 1779 1793 1820 psalmum
1811 1779 1872 1811 Mi-

1133 1841 1235 1862 serere
1258 1830 1320 1862 mei
1343 1830 1437 1869 Deus,
1464 1835 1492 1862 et
1520 1831 1738 1873 respondente
1763 1831 1873 1875 aliquo

1134 1884 1313 1921 assistente,
1340 1884 1395 1916 sed
1433 1883 1502 1926 ipso
1528 1883 1705 1916 criminoso
1733 1888 1871 1926 tacente,

1135 1948 1229 1980 quem
1255 1938 1414 1979 psalmum
1449 1941 1628 1978 sequuntur
1658 1947 1771 1979 preces
1796 1948 1874 1970 con-

1135 1991 1253 2023 formes
1278 1988 1494 2022 absolutionis
1520 1988 1765 2032 sicutinprima
1782 1995 1873 2033 parte

1135 2042 1356 2075 continentur.

1180 2106 1201 2129 1.
1236 2095 1280 2127 Ne
1311 2095 1377 2127 ulla
1405 2094 1608 2127 consuetudo
1629 2121 1636 2135 ,
1670 2097 1874 2138 quantumvis

1136 2150 1242 2190 longa,
1257 2148 1325 2181 ullo
1338 2157 1480 2191 unquam
1495 2152 1641 2190 tempore
1656 2154 1770 2181 contra
1783 2160 1875 2192 prae-

1136 2202 1241 2235 sentia
1276 2201 1379 2234 nostri
1411 2200 1540 2233 Ordinis
1572 2206 1689 2234 statuta
1723 2205 1777 2235 aut
1816 2202 1874 2235 ali-

1137 2265 1232 2299 quam
1258 2264 1369 2287 eorum
1395 2259 1522 2298 partem
1547 2255 1742 2297 praevaleat,
1769 2255 1876 2288 decla·-

1136 2319 1245 2342 ramus
1270 2317 1491 2352 quascumque
1522 2308 1779 2341 consuetudines
1815 2308 1876 2341 hu-

1137 2362 1288 2401 iusmodi,
1313 2362 1435 2395 scilicet
1459 2361 1639 2394 contrarias
1664 2361 1716 2394 his
1736 2363 1875 2403 statutis,

1137 2422 1192 2450 aut
1216 2426 1328 2449 eorum
1353 2414 1451 2448 alicui
1482 2414 1636 2448 minimae
1660 2413 1764 2457 parti,
1791 2414 1876 2449 nihit

1138 2469 1272 2503 omnino
1298 2468 1422 2502 habere
1448 2468 1574 2501 roboris
1595 2467 1643 2501 vel
1663 2468 1875 2507 auctoritatis,

1138 2523 1193 2555 sed
1223 2532 1327 2555 meras
1359 2532 1430 2555 esse
1467 2522 1670 2564 corruptelas
1700 2521 1738 2554 ad
1774 2521 1876 2564 magis

1139 2576 1335 2619 gravandum
1360 2586 1472 2609 eorum
1499 2574 1727 2615 conscientias,
1759 2573 1876 2618 quita-

1885 191 1935 218 An.
1955 191 1983 220 C.
2000 193 2064 224 1688

1897 2101 1965 2123 Cnor
1980 2102 2013 2124 XX
2019 2103 2049 2123 Vt.

1904 2129 2013 2150 Conclusio
2024 2131 2064 2150 sta·

1884 2156 1982 2177 tutorum.
