2111 3157
158 211 205 238 An.
225 211 253 238 c.
275 211 338 239 1687
387 204 449 238 770

926 212 1104 236 nutantium
1130 211 1280 237 ROMANUM

1867 213 1916 241 An.
1938 214 1967 242 C.
1990 215 2054 244 ¹687

353 262 445 296 stiani
464 263 557 296 Orbis
574 266 682 305 partes
703 261 842 295 sollicite
859 261 1089 294 circumferen-
1131 264 1163 293 et
1177 265 1213 293 ut
1237 261 1321 294 infra
1337 261 1509 304 indulgere
1527 262 1566 295 de
1582 262 1782 305 benignitate
1795 273 1866 307 apo-

354 321 408 356 tes‚
427 316 466 349 ad
485 327 530 355 ea,
544 322 602 359 pa·
624 325 704 358 quae
725 313 986 348 christifidelium
1001 323 1090 346 men-

354 376 411 407 tes,
429 369 573 411 depulsis
593 368 795 410 ignorantiae
814 367 967 407 tenebris,
985 366 1090 400 scien-

355 422 414 455 tiae
440 422 560 455 lumine
597 421 822 461 illustrantur,
851 432 888 454 ac
924 429 1090 454 sacrarum

353 474 553 516 aliarumque
586 475 745 507 bonarum
776 474 954 507 litterarum
984 472 1091 506 studia

353 528 392 560 ad
425 526 589 560 Ecclesiae
618 528 729 571 reique
755 527 904 570 publicae
937 527 1035 560 decus
1061 530 1093 558 et

352 581 550 624 praesidium
583 587 838 624 promoventur,
870 581 1011 614 libenter
1036 579 1088 612 in-

354 634 538 675 tendimus,
559 636 767 678 munerisque
793 634 896 668 nostri
922 632 1093 677 pastoralis

353 693 462 730 partes
494 688 698 731 propensiori
735 694 890 732 paternae
926 686 1094 720 charitatis

353 741 554 783 benignitate
579 741 834 784 interponimus,
864 741 947 774 sicut
971 741 1024 784 pia
1044 750 1094 773 or-

357 794 572 827 thodoxorum
591 806 702 837 regum
725 795 763 828 de
784 795 927 828 Ecclesia
942 794 997 827 Dei
1018 795 1095 827 mul-

356 846 396 879 tis
422 847 609 880 nominibus
646 848 768 890 optime
800 847 991 880 meritorum
1022 852 1095 880 vota

355 905 544 942 exposcunt,
572 906 604 933 et
628 911 695 940 nOS,
715 902 869 939 locorum,
896 906 1092 943 temporum,

356 963 464 985 rerum
491 960 523 985 et
555 964 770 996 personarum
796 953 1004 996 qualitatibus
1029 963 1094 985 ma-

356 1012 425 1039 ture
451 1006 688 1045 consideratis,
717 1007 755 1041 ad
780 1006 1012 1049 omnipotentis
1038 1005 1092 1037 Dei

356 1060 504 1101 gloriam,
523 1060 769 1102 catholicaeque
787 1059 860 1092 fidei
875 1058 1094 1091 conservatio-

357 1123 429 1145 nem
448 1119 478 1145 et
501 1113 778 1156 propagationem,
796 1123 832 1145 ac
849 1112 1010 1155 publicam
1030 1112 1094 1155 pri-

356 1171 523 1208 vatamque
542 1165 803 1198 christifidelium
820 1165 1001 1204 utilitatem,
1015 1166 1095 1197 salu·

355 1218 456 1251 briter
480 1218 512 1251 in
537 1219 672 1252 Domino
702 1218 857 1261 expedire
883 1219 1091 1251 arbitramur.

162 1278 346 1325 cmffirneipbjpfflffaff
400 1271 415 1313 ξ
444 1271 470 1303 l.
506 1270 614 1314 Nuper
645 1271 807 1314 siquidem
839 1282 899 1314 pro
929 1277 1020 1313 parte
1047 1282 1094 1303 ca-

162 1335 188 1379 gf
202 1324 476 1379 03'31312.¹¹²⁰¹⁰&5⁵³⁰st
503 1324 534 1356 iu
560 1324 688 1357 Christo
711 1323 767 1356 tilii
792 1325 894 1357 nostri
919 1324 1023 1357 Caroli
1046 1324 1094 1356 lli-

356 1378 541 1420 spaniarum
571 1377 656 1420 regis
688 1377 839 1410 catholici
875 1376 970 1409 nobis
996 1388 1094 1420 expo-

356 1431 452 1463 situm
479 1430 549 1470 fuit,
572 1430 668 1473 quod,
688 1440 761 1462 cum
788 1430 820 1462 in
845 1430 972 1462 civitate
987 1430 1094 1463 Guati-

357 1485 462 1517 malae
488 1483 578 1525 regni
604 1483 710 1516 Novae
737 1483 912 1526 Hispaniae
937 1484 969 1516 in
995 1484 1092 1516 lndiis

355 1537 626 1576 occidentalibus,
649 1537 687 1569 de
709 1536 776 1569 eius
797 1536 887 1578 regio
913 1546 1045 1569 assensu
1063 1542 1094 1569 et

355 1590 496 1628 licentia,
517 1600 579 1621 una
605 1600 687 1622 nova
712 1589 810 1622 studii
836 1589 998 1631 generalis
1024 1589 1094 1621 uni-

355 1643 487 1675 versitas
512 1643 570 1675 sub
597 1642 692 1675 titulo
711 1652 768 1674 seu
794 1642 994 1674 invocatione
1020 1652 1094 1674 san-

355 1697 395 1728 cti
420 1696 525 1728 Caroli
551 1695 590 1727 ad
623 1695 726 1726 instar
757 1693 1002 1726 universitatum
1028 1699 1094 1726 stu-

356 1750 481 1782 diorum
508 1747 709 1790 generalium
728 1747 878 1779 Limanae
904 1752 935 1779 et
958 1747 1094 1780 Mexica-

356 1813 415 1835 nae
442 1802 574 1834 fundata
588 1812 623 1833 ac
638 1806 747 1834 erecta
769 1807 799 1833 et
817 1800 963 1833 instituta
980 1801 1090 1833 fuerit:

356 1856 425 1898 ipse
451 1855 583 1888 Carolus
615 1864 668 1886 rex
685 1881 692 1893 ,
719 1854 854 1896 provide
880 1854 1091 1887 considerans

356 1914 514 1951 quantum
540 1907 654 1939 exinde
687 1906 835 1939 utilitatis
861 1906 970 1939 divino
995 1906 1092 1940 cultui

357 1967 388 1994 ct
420 1961 553 1993 servitio
586 1971 621 1992 ac
654 1959 836 1992 catholicae
862 1958 937 1991 fidei
964 1959 1093 1992 tuitioni

356 2021 385 2047 ct
411 2013 638 2057 propagationi
664 2013 894 2055 communique
913 2018 943 2045 et
969 2013 1093 2055 privato

357 2067 550 2109 [ii-aesertim
584 2066 671 2099 illius
696 2065 884 2108 provinciae
915 2066 1094 2099 incolarum

357 2120 561 2153 subditorum
576 2128 707 2152 suorum
723 2119 809 2151 bono
823 2118 863 2150 sit
880 2129 1093 2159 accessurum,

357 2174 452 2206 etiam
478 2183 587 2205 sacros
614 2182 755 2205 canones
778 2177 809 2204 et
836 2171 1033 2214 theologiam
1062 2172 1094 2204 in

359 2227 469 2262 cadem
496 2228 579 2258 nova
598 2225 809 2257 uuiversitate
828 2224 938 2257 doceri
965 2230 996 2257 et
1021 2235 1095 2267 per-

358 2279 432 2320 legi,
450 2291 485 2311 ac
507 2280 692 2311 facultatum
714 2278 902 2311 huiusmodi
918 2278 1092 2319 studiosos,

357 2332 496 2374 peractis
535 2331 714 2364 studiorum
740 2342 871 2364 suorum
905 2332 1092 2371 laboribus,

359 2385 528 2426 condignis·
556 2385 712 2427 graduum
739 2385 1010 2418 scholasticorum
1038 2385 1094 2417 ho-

359 2438 493 2470 noribus
513 2443 543 2469 et
564 2438 716 2480 praemiis
743 2437 889 2470 decorari
912 2448 1007 2480 posse
1029 2438 1095 2480 plu-

360 2492 475 2523 rimum
500 2491 675 2523 desideret.
696 2492 799 2529 Quare
825 2490 970 2524 ciusdem
989 2490 1093 2524 Caroli

359 2543 443 2584 regis·
465 2543 593 2575 mimine
612 2544 668 2575 fuit
695 2544 862 2576 humiliter
880 2544 1093 2587 supplicatum

359 2601 392 2628 ut
425 2596 454 2628 in
492 2596 674 2638 praemissis
707 2602 887 2639 opportune
923 2597 1093 2640 providere

1130 312 1244 346 stolica
1268 314 1487 356 dignaremur.

1176 367 1190 409 ἓ
1215 367 1246 399 9..
1274 367 1337 400 Nos
1363 367 1470 410 igitur,
1488 367 1664 402 laudabilia
1686 369 1789 413 ipsius
1813 369 1870 403 Ca·
1926 381 2058 412 confirmatio

1133 420 1195 452 roli
1219 421 1306 463 regis
1331 421 1363 453 in
1388 421 1443 454 Dei
1469 421 1662 465 obsequium
1690 411 2061 465 Ecclesiae-333'12222-'0552‘1

1133 484 1195 516 que
1224 479 1256 507 et
1280 475 1478 517 reipublicae
1503 475 1624 508 bonum
1649 476 1753 509 studia
1768 462 1947 521 pluri-illiti
1963 463 2061 512 '15¹5ssssss

1133 537 1218 559 mum
1237 527 1268 559 in
1283 527 1418 561 Domino
1436 528 1725 570 commendamus¹,
1743 530 1871 574 piisque
1881 517 1902 535 ⁰²
1917 515 2045 538 mmm*

1135 580 1204 613 eius
1236 581 1408 624 postulatis
1444 581 1654 615 favorabilem
1680 593 1868 624 assensum,

1135 638 1290 675 quantum
1315 634 1408 667 nobis
1427 645 1463 667 ex
1482 636 1545 668 alto
1563 635 1761 675 conceditur,
1780 646 1872 679 prae-

1134 685 1212 718 bere
1239 686 1429 729 cupientes,
1456 687 1640 720 huiusmodi
1666 688 1874 732 supplicatio-

1136 739 1231 772 nibus
1257 739 1413 780 inclinati‚
1437 741 1660 774 fundationem
1679 751 1715 774 ac
1739 742 1874 775 erectio-

1136 802 1211 825 nem
1236 797 1268 825 et
1292 792 1527 826 institutionem
1553 794 1657 827 dictae
1681 804 1785 827 novae
1802 794 1873 827 uni-

1135 845 1295 878 versitatis
1321 845 1417 878 studii
1436 847 1595 889 generalis
1619 846 1653 879 in
1673 848 1817 890 praefata
1834 846 1873 880 ci-

1136 898 1232 931 vitate
1256 898 1458 932 Guatimalae
1484 899 1591 939 factas,
1618 905 1653 933 ut
1676 900 1871 944 praefertur,

1137 961 1210 983 eum
1235 951 1386 985 omnibus
1404 958 1435 984 et
1454 952 1589 994 singulis
1613 952 1688 986 inde
1706 953 1873 996 ceteroqui

1137 1003 1281 1045 legitime
1307 1005 1453 1047 sequutis
1471 1009 1503 1037 et
1519 1005 1704 1047 sequuturis
1722 1005 1818 1047 (itaut
1840 1006 1872 1038 in

1137 1056 1249 1089 eadem
1275 1059 1357 1089 nova
1392 1057 1603 1091 universitate
1629 1063 1692 1091 tam
1716 1058 1798 1091 sacri
1824 1067 1875 1090 ca-

1137 1119 1239 1141 nones
1266 1114 1298 1141 et
1324 1109 1506 1152 theologia,
1534 1120 1629 1152 quam
1655 1110 1738 1143 aliae
1762 1121 1875 1144 omnes

1137 1154 1291 1194 scientiae
1309 1167 1340 1194 et
1365 1162 1533 1195 facultates
1558 1162 1683 1205 perlegi
1701 1168 1732 1196 et
1749 1163 1873 1203 doceri,

1137 1213 1169 1246 in
1195 1214 1308 1257 eisque
1334 1214 1488 1253 studiosi,
1514 1214 1675 1248 emensis²
1694 1215 1875 1249 studiorum

1137 1267 1319 1305 curriculis,
1339 1267 1378 1300 ad
1397 1278 1619 1311 quoscumque
1645 1268 1764 1310 gradus
1782 1269 1877 1302 scho-

1138 1320 1266 1353 lasticos
1284 1331 1343 1363 pro
1362 1331 1474 1354 eorum
1491 1321 1615 1353 meritis
1631 1327 1663 1354 et
1686 1321 1874 1362 idoneitate,

1137 1373 1410 1415 quemadmodum
1429 1374 1461 1406 in
1482 1374 1675 1417 supradictis
1696 1373 1827 1408 Limana
1845 1379 1878 1408 et

1137 1426 1301 1459 Mexieana
1324 1427 1587 1460 universitatibus
1611 1427 1681 1460 fieri
1700 1428 1876 1468 consuevit,

1137 1479 1322 1522 promoveri
1348 1480 1499 1523 valeant),
1527 1480 1722 1513 auctoritate
1747 1486 1878 1524 aposto-

1137 1532 1207 1572 lica,
1228 1538 1338 1566 tenore
1350 1533 1582 1576 praesentium,
1597 1532 1826 1569 confirmamus
1846 1539 1878 1567 et

1137 1587 1366 1630 approbamus
1380 1587 1510 1629 illisque
1529 1586 1725 1620 inviolabilis
1746 1589 1878 1630 aposth-

1137 1641 1216 1673 licae
1231 1639 1391 1672 firmitatis
1405 1639 1503 1672 robur
1516 1639 1693 1679 adiicimus,
1708 1650 1744 1673 ac
1762 1650 1875 1674 omnes

1137 1698 1168 1726 et
1193 1693 1340 1735 singulos
1370 1692 1450 1725 iuris
1476 1698 1507 1725 et
1531 1692 1603 1725 facti
1625 1703 1662 1725 ac
1687 1693 1876 1726 solemnita-

1137 1751 1203 1777 tum
1229 1745 1263 1778 in
1287 1745 1445 1778 similibus
1479 1744 1575 1778 etiam
1607 1745 1646 1778 de
1682 1745 1875 1779 necessitate

1136 1798 1412 1831 observandarum
1440 1797 1558 1831 aliosve
1584 1799 1748 1841 quoslibet
1779 1798 1875 1831 etiam

1136 1851 1340 1895 quantumvis
1356 1851 1508 1884 formales
1526 1856 1559 1884 et
1575 1851 1805 1886 substantiales
1823 1852 1876 1885 de-

1137 1906 1253 1944 fectus,
1281 1904 1306 1937 si
1333 1905 1386 1947 qui
1412 1904 1444 1937 in
1469 1904 1659 1948 praemissis
1684 1906 1734 1938 vel
1759 1915 1875 1938 eorum

1137 1958 1245 2001 aliquo
1270 1957 1495 2001 principaliter
1528 1959 1578 1990 vel
1611 1958 1791 1991 accessorie
1823 1964 1876 1991 aut

1136 2011 1214 2044 alias
1233 2011 1480 2054 quomodolibet
1493 2011 1737 2051 intervenerint,
1754 2022 1811 2044 seu
1828 2011 1876 2045 in-

1137 2066 1334 2105 tervenisse,
1361 2065 1443 2104 dici,
1473 2065 1600 2097 censeri
1631 2065 1681 2097 vel
1706 2065 1874 2108 praetendi

1137 2124 1284 2162 possent,
1310 2118 1497 2162 plenissime
1524 2123 1555 2150 et
1580 2117 1778 2161 amplissime
1799 2129 1875 2162 sup-

1138 2173 1262 2214 plemus
1276 2177 1306 2204 et
1319 2181 1479 2211 sanamus,
1499 2182 1535 2204 ac
1552 2171 1682 2214 penitus
1696 2177 1729 2204 et
1742 2171 1874 2205 omnino

1138 2225 1281 2258 tollimus
1307 2230 1339 2257 et
1363 2225 1541 2257 abolemus.
1569 2225 1613 2257 Ac
1639 2223 1745 2257 eidem
1771 2235 1873 2258 novae

1138 2277 1338 2311 universitati
1364 2277 1460 2310 studii
1486 2277 1658 2319 generalis,
1674 2277 1721 2311 sic
1746 2288 1763 2310 a
1779 2277 1874 2311 nobis

1136 2331 1343 2364 confirmatae
1368 2336 1400 2363 et
1423 2331 1632 2373 approbatae,
1649 2330 1802 2374 illiusque
1828 2341 1874 2364 re·

1137 2385 1229 2423 ctori,
1257 2384 1432 2427 magistris,
1458 2383 1657 2422 doctoribus,
1683 2383 1873 2424 lectoribus,

1136 2437 1419 2481 praeceptoribus,
1447 2436 1661 2476 scholaribus,
1688 2440 1875 2479 procurato-

1174 2518 1182 2542 1
1209 2516 1308 2543 Forsan
1328 2516 1561 2543 commendantes
1580 2518 1618 2543 (u.
1640 2516 1689 2546 T.)-

1171 2560 1186 2586 2
1212 2560 1354 2594 Perperam
1380 2560 1444 2586 edit.
1466 2559 1544 2586 lllaiu.
1568 2559 1632 2597 legit
1654 2559 1806 2587 immensis
1824 2566 1872 2595 pro

1136 2604 1255 2631 emensis
1269 2606 1311 2639 (n.
1323 2604 1370 2638 τ.).
