2111 3157
402 175 465 209 1020

364 237 504 272 articulo
530 240 731 279 constitutos,
751 244 783 271 et
802 239 833 271 in
859 238 1005 280 generali
1026 248 1101 271 con-

366 293 516 325 cessione
543 293 674 325 sacultas
692 293 731 323 ab
745 292 800 324 illa
817 291 1003 323 absolvendi
1025 301 1101 323 con-

367 351 456 375 cessa
487 355 551 377 non
577 344 785 385 intelligatur,
805 343 901 375 etiam
924 342 1033 385 vigore
1051 342 1101 374 lit-

369 400 510 428 terarum
531 394 753 428 concessionis
780 394 911 427 iubilaei
936 394 1101 426 universa—

367 447 419 488 lis,
437 455 468 481 et
485 449 615 491 insuper
641 448 806 480 incurrant
829 447 860 479 in
879 447 956 480 alias
973 457 1100 489 quoque

368 509 490 543 poenas
512 501 606 533 etiam
624 502 808 543 corporales
825 505 856 532 et
872 499 1033 532 asssictivas
1054 509 1101 530 ar-

369 553 467 584 bitrio
498 553 682 595 praedictae
708 552 973 594 Congregationis
999 551 1101 584 cardi-

369 605 488 637 nalium
514 605 736 648 imponendas.

201 670 358 691 insumamu-
412 658 426 700 ἓ
452 657 481 690 7.
510 658 642 690 Demum
668 663 730 690 tam
756 657 942 701 supradicto
967 668 1102 700 praepo-

175 697 357 747 Εῗὲῖἓὲὼὲζηὲῗῖἷ
368 711 430 744 sito
455 712 601 753 generali
625 711 796 745 Societatis
820 711 889 744 lesu
911 722 1004 754 quam
1024 711 1102 743 alio-

252 755 288 773 prn
307 750 357 766 tem-

169 191 216 218 An.
236 189 266 217 C.
284 188 351 216 1678

175 750 230 769 [ltus

184 782 224 795 ω..)
251 774 356 795 ‹eusteutr
368 774 438 796 rum
463 775 740 807 quorumcumque
765 763 935 803 Ordinum,
964 774 1100 805 congre-

184 809 230 823 ·u«,
254 804 276 820 ut
298 806 357 825 prae-

175 816 532 874 {''?.“„‘¹²„.⁶⁰2{'0‘'gationffln
570 822 602 848 et
644 817 865 849 institutorum
905 816 1101 858 regularium

185 862 252 874 ......
325 869 327 871 ,
352 863 357 866 .

175 879 356 900 quamaxumum·
368 869 592 911 superioribus
624 869 849 910 generalibus,
875 878 959 900 nunc
987 874 1018 901 et
1043 878 1100 910 pro

175 909 260 929 curent,
281 912 306 925 ne
327 912 357 925 tn-

175 940 235 952 rrrrrr
240 936 259 952 n·
303 932 356 952 intu-
369 927 513 964 tempore
539 921 757 961 existentibus,
776 921 991 964 praecipimus
1016 922 1102 953 simi-

174 962 355 1007 5·¹2.'i.¹‹'fss'l?‚‘“231¹2‚23
368 974 442 1006 liter
467 980 498 1007 et
522 975 731 1013 mandamus,
759 979 795 1005 ut
819 974 927 1006 omnia
952 974 984 1005 in
1009 984 1102 1016 prae-

175 1017 317 1038 q¹¹⁰¹'⁰⁰⁰³⁵‘
367 1026 451 1059 senti
477 1027 709 1059 constitutione
735 1031 889 1059 contenta
920 1026 1100 1058 executioni

369 1079 501 1112 omnino
528 1079 714 1111 demandari
740 1079 877 1118 saciant,
906 1078 1101 1121 iubeantque

368 1133 407 1165 ad
432 1143 465 1164 se
490 1132 662 1164 transmitti
688 1132 866 1163 iuramenta
891 1131 1044 1174 praestita
1071 1137 1101 1163 et

368 1184 568 1227 subscripta,
594 1188 691 1226 prout
715 1184 747 1216 in
772 1184 908 1216 formula
940 1183 1022 1215 infra
1047 1194 1101 1215 an-

366 1239 487 1277 notata,
510 1242 605 1280 atque
631 1237 734 1269 dictae
759 1236 1006 1278 Congregationi
1033 1247 1101 1268 car-

366 1291 523 1323 dinalium
548 1290 753 1331 consignent,
774 1300 809 1321 ac
827 1289 969 1321 omnium
992 1299 1101 1321 execu-

367 1344 487 1376 tionem
505 1348 536 1376 et
554 1343 800 1385 implementum
821 1341 990 1383 iniungant
1004 1341 1100 1374 etiam

366 1396 516 1428 omnibus
541 1395 756 1427 missionariis
793 1394 962 1426 Societatis
987 1405 1024 1426 ac
1051 1394 1101 1426 Or-

367 1450 487 1489 dinum,
510 1447 798 1490 congregationum
825 1452 857 1479 et
879 1447 1100 1479 institutorum

367 1512 498 1534 suorum
524 1500 703 1543 respective
720 1500 753 1532 in
771 1500 911 1532 futurum
936 1500 975 1532 ad
994 1500 1100 1532 indias

367 1553 545 1593 mittendis,
568 1558 599 1585 et
616 1554 654 1585 ab
673 1553 786 1585 iisdem
810 1552 1027 1584 iuramentum
1047 1553 1101 1584 ob-

368 1606 561 1645 servantiae,
583 1606 810 1648 praefataeque
842 1605 998 1638 formulae
1029 1605 1102 1637 sub-

367 1659 577 1702 scriptionem
603 1658 741 1699 exigant.
762 1657 793 1689 Si
811 1663 918 1689 autem
937 1657 995 1700 ipsi
1014 1668 1102 1700 prae-

367 1712 462 1744 missa
476 1710 590 1753 exequi
604 1710 780 1748 omiserint,
794 1721 830 1742 ac
849 1710 887 1742 de
902 1710 1101 1749 executione,

368 1764 633 1807 quotiescumque
655 1763 781 1795 occasio
803 1773 835 1795 se
853 1763 1015 1801 obtulerit,
1035 1774 1103 1795 mu-

368 1817 500 1849 tationis
536 1815 813 1848 missionariorum
856 1815 909 1858 qui
943 1816 1104 1848 transmit-

368 1874 498 1907 tentur,
531 1878 566 1900 ac
599 1867 829 1899 notificationis
867 1874 897 1900 et
932 1868 1103 1900 iuramenti

367 1920 524 1964 praedicti
550 1919 678 1963 publica
704 1920 895 1954 documenta
915 1931 980 1953 non
1007 1921 1104 1953 tradi-

368 1974 496 2013 derint,
533 1973 766 2014 indignationis
802 1981 932 2005 nostrac
963 1973 1104 2016 aliasque

367 2037 490 2070 poenas
515 2031 626 2058 nostro
645 2031 677 2058 et
693 2026 827 2058 Romani
854 2025 1019 2058 Pontificis
1044 2038 1103 2068 pro

369 2086 515 2123 tempore
543 2079 710 2112 existentis
735 2079 868 2112 arbitrio
893 2080 1104 2122 imponendas

369 2144 402 2166 se
421 2133 570 2166 noverint
589 2133 790 2165 incursuros.
811 2133 878 2165 Hoc
895 2138 1000 2165 autem
1018 2144 1105 2176 prae-

370 2192 499 2229 ceptum
525 2191 686 2225 nostrum,
706 2185 802 2218 etiam
822 2186 943 2228 absque
961 2187 1026 2218 ulla
1051 2197 1106 2218 an-

371 2239 549 2277 notatione,
567 2239 598 2270 in
623 2239 727 2271 solitis
746 2239 836 2271 libris
854 2245 886 2271 et
902 2239 981 2271 actis
998 2239 1103 2271 Socie-

372 2293 455 2331 tatis,
476 2292 678 2334 aliorumque
696 2291 862 2331 Ordinum,
886 2291 1107 2334 congregatio-

372 2355 447 2377 num
480 2350 512 2376 et
535 2343 752 2376 institutorum
786 2343 969 2376 huiusmodi
999 2354 1108 2386 respe-

373 2395 468 2429 ctive¹
484 2407 596 2429 omnes
612 2401 643 2429 et
659 2397 804 2437 singulos
821 2396 852 2428 in
867 2396 1105 2439 generalatibus

373 2459 576 2482 successores
596 2449 730 2491 perinde
748 2449 875 2481 afficere
896 2450 1052 2488 volumus,
1072 2459 1107 2481 ac

411 2521 420 2545 1
445 2519 556 2545 Videtur
570 2519 663 2546 deesse
680 2519 877 2553 reyz'slratum,
890 2523 936 2546 aut
947 2519 1046 2554 aliquid
1062 2519 1107 2545 bu-

370 2563 487 2592 iusmodi
509 2564 544 2599 (n.
561 2563 608 2596 τ.).

941 189 1119 214 BULLARIUM
1143 189 1293 215 uOMANUM

1144 238 1168 270 si
1193 237 1321 271 illorum
1352 237 1525 281 unicuique
1560 237 1777 280 personaliter
1805 236 1880 268 inti-

1143 295 1262 322 matum
1288 290 1411 329 fuisset,
1437 290 1590 332 ipsosque
1615 289 1819 331 praepositos
1848 292 1881 320 et

1143 342 1329 385 superiores
1340 343 1511 384 generales
1522 351 1735 380 successores
1746 340 1773 373 si
1786 351 1880 383 prae-

1144 394 1225 426 senti
1239 393 1461 427 constitutioni
1478 393 1747 432 contravenerint,
1758 392 1880 425 eisdem

1143 447 1257 489 poenis
1282 446 1460 479 subiacere.

1188 500 1202 541 ᾗ
1227 500 1258 532 8.
1285 500 1501 531 Decernentes
1526 499 1658 531 easdem
1689 503 1879 541 praesentes

1145 551 1279 591 litteras,
1299 557 1330 584 et
1354 551 1386 583 in
1404 551 1449 583 eis
1468 556 1622 583 contenta
1643 561 1876 594 quaecumque,

1144 604 1238 636 etiam
1259 614 1296 636 ex
1323 614 1360 636 eo
1389 603 1473 646 quod
1498 603 1657 646 praedicti
1683 608 1714 635 et
1737 602 1791 635 alii
1811 603 1881 645 qui-

1145 657 1223 689 libet
1247 656 1280 688 in
1305 655 1491 699 praemissis
1527 656 1684 689 interesse
1708 655 1878 695 habentes,

1145 720 1199 741 seu
1215 709 1336 742 babere
1353 709 1598 752 quomodolibet
1617 708 1878 751 praetendentes,

1145 762 1375 804 cuiuscumque
1412 766 1530 799 status,
1557 761 1674 803 gradus
1692 787 1699 800 ,
1729 760 1852 792 ordinis
1869 786 1877 800 ,

1145 814 1422 856 praeeminentiae
1456 818 1487 846 et
1519 813 1684 855 dignitatis
1719 813 1879 852 existant,

1146 877 1201 900 seu
1220 866 1298 899 alias
1315 866 1463 909 specifica
1483 871 1515 898 et
1531 866 1696 898 individua
1713 864 1880 898 mentione

1146 925 1177 951 et
1201 919 1406 962 expressione
1425 918 1523 961 digni,
1546 919 1667 951 eisdem
1692 917 1879 961 praemissis

1145 982 1210 1004 non
1234 972 1466 1011 consenserint,
1485 981 1544 1003 nec
1568 971 1608 1003 ad
1633 980 1670 1002 ea
1695 969 1809 1009 vocati,
1835 970 1881 1002 ci-

1147 1024 1198 1056 tati
1218 1029 1249 1056 et
1266 1024 1375 1063 auditi,
1391 1034 1498 1066 neque
1513 1033 1635 1063 causae,
1647 1027 1783 1065 propter
1800 1032 1879 1065 quas

1144 1081 1334 1119 praesentes
1359 1076 1549 1115 emanarint,
1569 1075 1733 1115 adductae,
1751 1075 1880 1118 specifi-

1145 1134 1232 1162 catae
1259 1134 1290 1161 et
1312 1128 1503 1161 justificatae
1528 1128 1657 1167 suerint,
1677 1132 1731 1160 aut
1754 1138 1792 1160 ex
1818 1127 1881 1159 alia

1145 1182 1349 1224 quantumvis
1368 1181 1460 1220 iusta,
1486 1181 1548 1224 pia,
1570 1180 1705 1213 iuridica
1729 1185 1762 1212 et
1785 1179 1882 1222 privi-

1144 1235 1261 1277 legiata
1277 1236 1382 1273 causa,
1398 1235 1518 1273 colore,
1536 1238 1706 1276 praetextu
1721 1238 1751 1266 et
1764 1233 1880 1275 capite,

1144 1288 1240 1320 etiam
1273 1288 1306 1319 in
1340 1297 1478 1330 corpore
1513 1287 1592 1319 iuris
1627 1287 1759 1325 clauso,
1785 1285 1880 1318 etiam

1145 1341 1295 1380 enormis,
1314 1340 1560 1373 cnormissimae
1586 1344 1617 1371 et
1636 1339 1742 1372 totalis
1768 1338 1882 1372 laesio-

1145 1394 1202 1432 nis,
1229 1395 1319 1426 nullo
1351 1403 1495 1436 unquam
1528 1398 1675 1435 tempore
1699 1392 1738 1424 de
1773 1392 1883 1424 subre-

1144 1446 1264 1489 ptionis
1281 1446 1331 1478 vel
1357 1445 1560 1488 obreptionis
1585 1450 1639 1477 aut
1662 1444 1821 1477 nullitatis
1840 1444 1883 1476 vi-

1145 1499 1198 1537 tio,
1213 1508 1269 1530 seu
1283 1497 1475 1530 intentionis
1495 1502 1624 1530 nostrae
1650 1501 1704 1529 aut
1720 1497 1881 1530 interesse

1147 1551 1335 1584 habentium
1369 1560 1568 1589 consensus,
1597 1549 1699 1582 aliove
1735 1549 1881 1592 quolibet

1146 1604 1242 1636 etiam
1268 1603 1471 1646 quantumvis
1487 1612 1605 1644 magno
1624 1607 1657 1634 et
1677 1601 1881 1634 substantiali

1146 1668 1181 1690 ac
1217 1656 1419 1699 incogitabili
1447 1655 1715 1698 individuamque
1752 1665 1883 1698 expres-

1146 1711 1271 1744 sionem
1295 1710 1481 1753 requirente
1500 1709 1625 1742 deseetu
1650 1708 1766 1747 notari,
1784 1708 1883 1751 impu·

1147 1763 1246 1805 gnari,
1276 1762 1421 1804 infringi,
1449 1761 1634 1800 retractari,
1662 1761 1701 1794 ad
1727 1760 1883 1793 terminos

1147 1816 1224 1848 iuris
1250 1815 1376 1854 reduci,
1407 1825 1463 1847 seu
1488 1815 1520 1847 in
1546 1813 1800 1847 controversiam
1828 1823 1883 1845 vo-

1147 1868 1223 1907 cari,
1242 1873 1296 1900 aut
1320 1868 1472 1899 adversus
1499 1868 1569 1900 illas
1589 1866 1781 1910 aperitionis
1806 1865 1881 1905 oris,

1147 1920 1357 1954 restitutionis
1382 1921 1413 1952 in
1439 1920 1610 1962 integrum,
1629 1919 1756 1952 aliudve
1783 1919 1885 1962 quod-

1147 1984 1284 2017 cumque
1309 1973 1385 2005 iuris
1410 1978 1441 2005 et
1465 1973 1537 2005 sacti
1558 1973 1606 2004 vel
1631 1971 1751 2014 gratiae
1779 1982 1886 2004 reme-

1148 2027 1235 2059 dium
1254 2025 1405 2058 intcntari
1435 2027 1484 2059 vel
1510 2025 1687 2068 impetrari,
1702 2029 1756 2057 aut
1780 2025 1885 2067 impe-

1148 2084 1252 2119 trato,
1279 2089 1335 2111 seu
1361 2079 1457 2111 etiam
1492 2083 1581 2111 motu
1616 2077 1748 2121 proprio
1781 2082 1812 2110 et
1843 2078 1883 2110 de

1147 2132 1347 2176 apostolicae
1372 2131 1541 2174 potestatis
1573 2130 1776 2174 plenitudine
1807 2140 1885 2163 con-

1148 2196 1237 2218 cesso
1256 2186 1305 2218 vel
1324 2189 1483 2223 emanato,
1501 2184 1687 2227 quempiam
1711 2183 1744 2215 in
1762 2183 1883 2216 iudicio

1149 2240 1198 2271 vel
1225 2243 1315 2270 extra
1340 2237 1419 2270 illud
1451 2237 1496 2268 uti
1526 2247 1582 2269 seu
1612 2247 1644 2268 se
1680 2236 1788 2269 iuvare
1817 2237 1884 2269 ullo

1148 2292 1243 2324 modo
1266 2301 1383 2333 posse,
1406 2291 1462 2323 sed
1486 2290 1573 2333 ipsas
1597 2289 1885 2332 praesenteslitte-

1149 2355 1199 2376 ras
1224 2354 1354 2386 semper
1383 2343 1500 2383 tirinas,
1526 2342 1646 2375 validas
1679 2346 1712 2374 et
1739 2341 1885 2375 efficaces

1149 2397 1288 2429 existere
1314 2402 1345 2429 et
1370 2396 1457 2437 sore,
1492 2405 1631 2438 suosque
1656 2394 1822 2437 plenarios
1854 2399 1886 2427 et

1149 2449 1293 2490 integros
1319 2447 1449 2481 etl'cctus
1474 2447 1584 2480 sortiri
1610 2452 1641 2479 et
1671 2446 1829 2487 obtinere,
1849 2456 1886 2478 ac

1150 2502 1188 2534 ab
1207 2501 1281 2541 illis,
1304 2501 1341 2533 ad
1368 2511 1448 2544 quos
1466 2504 1589 2543 spectat
1606 2503 1638 2532 et
1654 2509 1713 2542 pro
1738 2504 1896 2542 tempore·

1151 2555 1420 2598 quandocumque
1446 2553 1628 2597 spectabit,
1654 2552 1888 2586 inviolabiliter

1878 186 1928 213 An.
1951 187 1980 214 C.
2001 187 2067 216 ¹678

1916 508 2035 531 clausulae.
2058 512 2063 517 ”
