2111 3157
76 220 127 246 Αι..
147 217 176 244 c.
194 215 285 256 168641

95 2005 204 2036 *Litteras
225 2007 260 2036 nii-

79 2037 137 2054 nis-tri
151 2035 260 2059 generalis.

268 268 352 296 teras
370 262 592 306 praescriptis,
612 262 846 305 praedictarum
869 258 997 292 erectio-

266 327 344 349 num
380 315 632 358 protractionem
665 318 697 347 et
731 313 997 356 impedimentum

267 367 397 400 illarum
417 367 558 410 partium
575 365 798 409 superioribus
816 363 996 402 interdixit3

267 420 402 463 insuper
426 419 608 459 seminaria,
626 419 657 450 in
679 417 850 461 Hispaniae
875 415 999 459 provin-

268 471 325 504 ciis
348 472 411 504 iam
436 476 542 504 erecta
557 477 587 504 et
603 471 636 503 in
650 475 812 513 posterum
831 467 997 509 erigenda,

267 533 334 557 non
359 525 462 557 solum
487 524 526 556 ad
551 523 707 566 optimam
724 521 865 554 fidelium
883 520 1000 551 instru-

268 576 407 610 ctionem
434 581 465 609 et
488 586 661 618 pravorum
692 584 818 607 morum
847 571 1002 604 reforma-

268 629 389 661 tionem
420 628 596 667 ordinavit,
622 628 678 660 sed
712 626 807 659 etiam
839 635 875 658 oa
906 625 944 656 ad
969 623 1001 655 id

269 681 427 715 destinata
452 691 522 714 esse
546 680 656 720 voluit,
677 684 711 711 ut
735 679 887 711 transitus
904 678 935 709 in
952 677 1002 709 In-

270 734 394 767 diarum
411 733 579 766 missiones
594 732 744 765 omnibus
764 730 1003 774 provinciarum

268 786 442 829 Hispaniae
468 785 637 828 religiosis,
665 785 718 828 qui
736 784 825 828 prius
846 794 906 827 per
923 784 1002 816 duos

257 837 382 879 ''annOS,
406 840 455 872 vel
489 839 577 872 aliud
614 837 766 881 temporis
797 837 933 879 spatium
966 837 1003 869 ab

267 892 430 926 indiarum
455 891 677 925 commissario
711 890 855 933 generali
887 890 1003 922 Matriti

268 945 431 979 residente
469 945 721 987 assignandum,
758 944 788 976 in
826 943 936 986 aliquo
968 953 1003 975 ex

268 997 445 1042 praedictis
471 998 654 1030 seminariis
678 1008 755 1030 suae
770 996 1004 1039 religiositatis,

269 1051 456 1084 idoneitatis
480 1060 517 1083 ac
540 1050 718 1083 vocationis
737 1049 855 1082 indicia
871 1055 902 1082 et
919 1050 1005 1082 testi-

269 1103 412 1136 monium
436 1114 502 1136 non
528 1103 686 1143 dederint,
717 1103 848 1135 servatis
875 1113 1005 1135 servan-

270 1156 328 1196 dis,
353 1156 578 1199 prohibeatur,
605 1166 640 1188 ac
656 1156 750 1188 simul
768 1155 1004 1198 provinciarum

270 1208 303 1241 in
335 1208 432 1241 Indiis
469 1208 675 1241 existentium
704 1208 950 1247 reformationi,
979 1209 1005 1241 si

269 1260 325 1293 illa
350 1265 469 1301 carent,
495 1262 688 1300 consulatur,
712 1259 921 1303 fideliumque
943 1266 1004 1293 tam

270 1314 303 1346 in
327 1312 391 1346 illis
417 1323 513 1356 quam
538 1313 570 1345 in
594 1313 767 1355 Hispaniae
793 1313 938 1355 partibus
957 1314 1006 1346 de-

270 1365 414 1408 gentium
432 1364 659 1404 aedificationi,
677 1364 855 1398 infidelium
876 1375 1006 1398 eonver-

269 1418 361 1457 sioni,
395 1429 431 1450 ac
463 1418 606 1451 omnium
643 1418 822 1450 animarum
843 1418 948 1456 saluti,
975 1424 1005 1451 et

269 1476 397 1504 sanetae
423 1470 586 1504 Romanae
613 1476 643 1503 et
679 1471 873 1504 universalis
898 1471 1006 1504 Eccle-

270 1524 337 1556 siae
364 1523 544 1556 dilatationi
569 1523 690 1566 ubique
714 1523 879 1557 indefesse
904 1524 1006 1557 inser-

271 1577 389 1617 viatur,
408 1577 449 1610 ob
470 1577 577 1620 idque,
595 1588 656 1621 pro
674 1578 890 1620 praefatorum
911 1578 1006 1610 semi-

270 1630 436 1663 nariorum
470 1631 614 1663 omnium
646 1631 822 1673 gubernio,
849 1632 1005 1664 nonnulla

271 1684 393 1716 matura
418 1682 652 1715 deliberatione
686 1688 717 1715 et
749 1683 788 1715 de
820 1683 1003 1726 aliquorum

272 1735 532 1778 gravissimorum
554 1734 687 1767 fratrum
707 1734 843 1768 consilio
862 1735 1006 1768 condidit

273 1794 303 1821 et
318 1787 486 1831 disposuit,
508 1798 544 1819 ac
565 1787 654 1827 alias,
671 1793 768 1830 prout
786 1788 909 1830 plenius
932 1799 1006 1821 con—

272 1840 392 1873 tinetur
415 1839 447 1872 in
472 1840 540 1872 eius
564 1840 681 1873 litteris
702 1841 884 1884 patentibus
910 1841 1005 1874 desu-

271 1903 331 1936 per
355 1893 511 1926 emanatis
541 1893 661 1927 tenoris
689 1893 742 1937 qui
768 1893 933 1937 sequitur,
961 1894 1006 1927 vi-

271 1945 411 1979 delicet:

321 2011 334 2030 «
359 1998 469 2031 Frater
492 1998 603 2031 Petrus
627 1999 766 2032 Marinus
792 1999 964 2033 Sormanus
989 2009 1005 2031 a

273 2051 463 2090 Mediolano,
488 2052 592 2084 lector
617 2051 777 2092 iubilatus,
803 2058 931 2085 sanctae
957 2052 1005 2084 In-

273 2104 461 2147 quisitionis
500 2104 705 2147 qualificator
722 2132 730 2145 ,
772 2106 1005 2148 exguardianus

272 2157 596 2201 Ilicrosolymitanus‚
615 2167 650 2189 ac
672 2157 770 2190 totius
795 2157 923 2190 Ordinis
950 2158 1005 2190 fra-

273 2215 356 2242 trum
376 2210 536 2243 Minorum
550 2210 696 2243 minister
714 2211 874 2253 generalis
893 2216 924 2243 et
941 2221 1006 2244 ser-

271 2272 340 2302 vus,
363 2267 439 2302 etc.,
462 2261 672 2295 dilectissimo
700 2263 793 2295 nobis
821 2263 854 2295 in
879 2263 1005 2296 Christo

271 2314 355 2359 patri
381 2314 470 2346 fratri
496 2314 637 2347 Antonio
656 2314 761 2354 LinaZ,
781 2315 925 2348 eiusdem
950 2316 1006 2349 Or-

273 2368 358 2402 dinis
384 2367 494 2400 lectori
523 2367 680 2408 iubilato,
710 2373 839 2401 sanctae
870 2368 1006 2412 Inquisi-

273 2421 369 2454 tionis
394 2420 629 2464 qualificatori‚
662 2420 845 2464 provinciae
878 2427 1005 2455 nostrae

273 2473 305 2507 S.
332 2473 416 2506 Petri
443 2478 475 2506 et
499 2473 586 2506 Pauli
612 2473 651 2506 de
683 2473 887 2507 Mechoacam
913 2476 1006 2518 patri,

273 2526 457 2570 provinciae
474 2536 549 2559 vero
577 2526 794 2559 Maioricensis
818 2528 956 2568 alumno,
971 2539 1007 2560 ac

274 2579 464 2613 missionum
483 2579 586 2612 nostri
606 2579 734 2612 Ordinis
751 2579 784 2612 in
801 2579 899 2614 Indiis
920 2580 1007 2614 Occi-

385 2642 463 2672 Ball.
478 2643 558 2671 Rom.
576 2657 610 2663 —
629 2643 688 2671 Vol.
704 2643 785 2679 XIX-1
923 2645 957 2683 99

864 208 1073 236 Ixxocnix'rtt's
1096 210 1124 233 XI
1150 208 1198 233 1³1¹.

1040 256 1222 290 dentalibus
1239 254 1428 288 auctoritate
1452 250 1631 295 apostotica
1649 249 1774 292 praefe-

1040 315 1102 348 cto,
1122 310 1258 342 salutem
1278 308 1309 340 in
1334 307 1469 339 Domino
1496 304 1738 347 sempiternam.

1090 375 1102 393 α
1119 363 1206 395 Inter
1222 365 1329 394 cetera
1347 360 1474 393 divinae
1496 356 1654 390 maiestati
1674 357 1775 388 bene-

1042 416 1157 458 placita
1181 425 1281 457 opera
1307 419 1338 446 et
1361 411 1467 445 cordis
1493 410 1594 443 nostri
1613 409 1776 442 desidera-

1042 469 1128 508 bilia,
1155 468 1233 501 illud
1263 466 1406 510 profecto
1438 464 1637 508 potissimum
1670 462 1778 494 existit

1042 526 1078 553 ut
1102 520 1179 553 [ides
1204 519 1365 553 catholica
1390 522 1422 551 et
1446 516 1622 550 christiana
1645 514 1775 556 religio,

1042 583 1232 616 morumque
1265 572 1408 605 fidelium
1447 568 1648 608 reformatio,
1674 567 1778 600 nostri

1043 626 1169 660 Ordinis
1193 624 1418 668 religiosorum
1449 623 1576 662 studio,
1607 622 1718 655 labore
1743 629 1780 654 ac

1044 679 1156 711 sedula
1169 677 1398 716 sollicitudine,
1417 677 1583 715 exaltetur,
1598 679 1693 717 atque
1711 673 1780 706 ubi-

1045 732 1125 764 libet
1149 730 1334 773 amplietur,
1358 740 1395 761 ac
1418 739 1488 760 cum
1505 728 1684 760 animarum
1703 725 1781 759 sidc-

1046 785 1123 818 lium
1148 782 1307 826 profectU,
1334 781 1510 814 infidelium
1529 781 1567 812 ad
1589 780 1684 812 sidem
1710 789 1781 812 san-

1047 841 1129 870 ctam
1144 834 1341 873 reductione,
1355 833 1663 874 barbaricarumque
1677 831 1781 864 natio-

1047 900 1124 923 num
1150 888 1359 932 depressione
1377 887 1410 918 in
1430 891 1497 918 toto
1524 890 1683 918 terrarum
1701 884 1781 917 orbe

1048 944 1208 977 dilatetur.
1233 941 1336 981 Unde,
1366 950 1437 973 cum
1466 939 1560 972 nobis
1586 943 1700 971 notum
1729 937 1779 978 sit,

1049 1002 1100 1036 te,
1125 1006 1196 1029 cum
1227 994 1298 1028 aliis
1332 993 1587 1037 vigintiquatuor
1618 990 1781 1033 religiosis

1047 1060 1173 1083 morum
1186 1047 1385 1092 integritate,
1405 1046 1584 1080 litterarum
1602 1045 1737 1078 scientia
1751 1049 1784 1077 et

1047 1102 1158 1137 salutis
1184 1102 1361 1135 animarum
1386 1100 1456 1133 zelo
1473 1098 1681 1143 pollentibus,
1703 1108 1784 1141 quo-

1049 1167 1119 1189 rum
1150 1156 1314 1199 praelatus
1346 1165 1383 1186 ac
1411 1153 1562 1196 superior
1594 1162 1610 1184 a
1633 1150 1782 1184 ministro

1049 1208 1190 1252 generali
1216 1207 1468 1251 praedecessore
1492 1211 1601 1239 nostro
1630 1210 1661 1237 et
1678 1203 1785 1237 India-

1048 1273 1119 1294 rum
1134 1260 1356 1294 commissario
1378 1258 1521 1302 generali
1536 1259 1641 1291 fueras
1660 1257 1783 1290 electus

1048 1326 1084 1348 ac
1109 1326 1127 1347 a
1151 1314 1292 1357 capitulo
1318 1312 1461 1356 generali
1486 1311 1632 1355 proxime
1657 1315 1785 1354 praete-

1047 1367 1110 1400 rito
1135 1367 1355 1405 confirmatus,
1373 1366 1405 1398 in
1432 1364 1539 1398 indias
1565 1363 1785 1396 Occidentales

1047 1420 1152 1453 Novae
1175 1419 1360 1462 Hispaniae,
1387 1418 1483 1451 nullis
1508 1417 1673 1461 parcendo
1699 1415 1785 1459 peri-

1048 1473 1137 1514 culis,
1160 1483 1218 1516 pro
1243 1471 1448 1515 procuranda
1465 1470 1610 1504 fidelium
1627 1469 1785 1502 reforma-

1049 1525 1148 1565 tione,
1179 1530 1210 1558 et
1236 1524 1415 1557 infidelium
1443 1522 1623 1556 catholicae
1655 1521 1730 1555 fidei
1753 1526 1786 1555 et

1048 1577 1253 1612 obedientiae
1286 1577 1429 1610 Romano
1468 1575 1614 1609 Pontifici
1656 1575 1785 1608 debitae

1048 1631 1177 1664 salutari
1218 1630 1403 1671 agnitione,
1440 1629 1504 1662 Deo
1537 1628 1722 1668 assistente,
1754 1632 1785 1660 et

1049 1694 1124 1726 rege
1139 1683 1298 1716 catholico
1312 1693 1468 1726 expensas
1489 1682 1527 1715 ad
1543 1682 1573 1714 id
1588 1685 1783 1725 praestante,

1049 1736 1125 1770 olim
1143 1736 1249 1775 ivisse,
1265 1746 1300 1768 ac
1320 1736 1352 1767 in
1373 1735 1438 1768 illis
1456 1734 1610 1778 partibus,
1629 1734 1730 1777 gratia
1748 1744 1785 1766 ex

1048 1790 1111 1822 alto
1130 1790 1283 1822 concessa
1296 1792 1503 1830 cooperante,
1520 1786 1646 1819 vineam
1659 1785 1786 1819 Domini

1048 1842 1181 1875 ferventi
1202 1846 1318 1874 conatu
1341 1851 1376 1873 ac
1399 1840 1563 1873 indefesso
1592 1840 1662 1872 zelo
1693 1850 1787 1873 exco-

1048 1895 1157 1935 luisse,
1173 1899 1435 1936 conventumque
1454 1893 1485 1927 S.
1503 1893 1612 1927 Crucis
1630 1893 1669 1926 de
1687 1892 1787 1931 Quer-

1050 1953 1117 1982 tero
1144 1948 1304 1991 praefatae
1322 1947 1508 1990 provinciae
1526 1947 1564 1980 de
1582 1946 1787 1979 Mechoacam

1048 2001 1079 2033 in
1101 2000 1309 2034 seminarium
1326 2011 1386 2043 pro
1405 1999 1498 2032 dictis
1517 1999 1628 2041 viginti
1650 2004 1788 2042 quatuor

1049 2054 1210 2096 religiosis
1235 2053 1449 2086 missionariis
1473 2053 1532 2085 sub
1550 2052 1709 2094 aliquibus
1727 2057 1788 2084 sta-

1050 2107 1123 2139 tutis
1149 2107 1181 2139 in
1206 2106 1373 2150 praedicto
1402 2106 1543 2147 generali
1569 2106 1710 2148 capitulo
1736 2115 1787 2138 rc-

1048 2159 1135 2198 visis,
1157 2164 1187 2191 et
1211 2169 1229 2191 a
1252 2158 1305 2192 SS.
1332 2159 1365 2191 D.
1391 2158 1427 2190 N.
1454 2158 1642 2191 Innocentio
1666 2158 1704 2190 Xl
1730 2167 1788 2200 per

1049 2222 1123 2245 suas
1164 2212 1288 2245 litteras
1330 2211 1533 2244 Sacrosanclz'
1572 2210 1787 2254 incipientes,

1049 2264 1099 2297 die
1113 2274 1169 2298 v111
1188 2265 1261 2297 maii
1280 2274 1450 2298 mcnmxxu
1469 2264 1644 2306 expeditas,
1665 2264 1788 2306 specia-

1047 2317 1123 2350 liter
1148 2316 1335 2360 approbatis
1362 2327 1396 2348 ac
1422 2317 1625 2355 confirmatis,
1652 2317 1789 2361 aliisque

1048 2369 1276 2401 accedentibus
1302 2368 1503 2401 facultatibus
1536 2369 1699 2412 requisitis
1732 2370 1789 2403 ol)-

1049 2422 1210 2465 tentisque
1236 2432 1253 2453 a
1277 2424 1368 2454 sacra
1384 2421 1640 2464 Congregatione
1657 2423 1696 2456 de
1713 2423 1790 2455 Pro-

1048 2475 1194 2518 paganda
1223 2474 1312 2514 Fide,
1341 2475 1549 2509 laudabiliter
1572 2476 1730 2516 erexisse,
1753 2476 1789 2509 il-

1048 2528 1176 2571 liusque
1207 2528 1421 2570 guardianum
1458 2529 1543 2562 iuxta
1584 2530 1717 2563 formam
1757 2529 1789 2562 in

1048 2581 1226 2626 praedictis
1253 2582 1378 2616 statutis
1400 2583 1634 2627 praescriptam
1652 2583 1790 2617 electum

1779 199 1827 226 An.
1849 197 1876 225 C.
1894 196 1961 224 *1686
