2111 3157
169 199 218 226 An.
235 197 262 224 e.
287 196 354 224 ¹078
399 185 441 222 04

361 246 476 286 notari,
500 244 693 288 impugnari,
720 243 901 282 invalidari,
918 241 1093 280 retractari,

360 299 392 331 in
418 299 467 331 ius
492 300 541 331 vel
568 297 825 331 controversiam
850 295 1011 335 revocari,
1039 299 1094 326 aut

360 352 399 384 ad
425 351 583 384 terminos
609 350 687 382 iuris
711 349 835 387 reduci,
859 350 909 381 vel
941 348 1092 380 adversus

358 404 430 437 illas
454 403 669 437 restitutionis
696 402 728 434 in
746 402 921 443 integrum,
940 399 1093 443 aperitio-

358 457 409 489 nis
436 456 511 496 oris,
537 454 734 487 reductionis
760 455 798 487 ad
823 454 904 486 viam
930 458 961 485 et
985 451 1093 485 termi-

358 519 416 541 nos
442 508 531 546 iuris,
556 512 609 539 aut
632 506 718 539 aliud
745 507 967 549 quodcumque
1002 504 1090 544 iuris,

357 561 442 600 sacti,
463 560 583 603 gratiae
601 569 656 591 seu
675 559 817 591 iustitiae
836 558 1015 591 remedium
1032 557 1092 589 im-

355 613 487 656 petrari,
514 623 572 645 seu
608 612 704 644 etiam
737 617 824 644 motu
858 616 889 644 et
923 610 1090 654 potestatis

355 665 560 708 plenitudine
589 664 749 697 similibus
780 663 929 704 concedi,
962 668 1016 695 aut
1046 663 1090 694 sic

355 718 529 760 impetrato
566 722 619 750 aut
643 728 797 750 concesso
829 717 1013 760 quempiam
1044 716 1088 747 uti

355 781 412 803 scu
438 781 470 803 se
497 770 597 802 iuvari
624 771 656 802 in
681 771 799 803 iudicio
817 776 846 802 et
865 776 952 802 extra
968 779 1061 812 posse
1080 780 1087 808 ;

353 832 460 865 neque
475 828 663 865 praesentes
680 823 738 854 sub
757 822 920 865 quibusvis
938 821 1088 854 similium

353 876 405 908 vel
433 876 637 908 dissimilium
667 875 839 917 gratiarum
868 874 1085 907 revocationi-

352 929 423 968 bus,
451 928 728 971 suspensionibus,
763 928 1009 960 limitationibus
1035 932 1089 958 aut

353 982 424 1014 aliis
450 981 619 1014 contrariis
638 981 915 1023 dispositionibus,
933 990 992 1023 pro
1011 985 1089 1012 tem-

352 1044 432 1076 pore
465 1033 713 1076 quomodolibet
748 1033 913 1072 faciendis,
946 1043 1088 1074 compre-

352 1086 461 1125 hendi,
495 1086 551 1118 sed
588 1096 717 1128 semper
752 1086 791 1117 ab
828 1085 891 1117 illis
927 1089 1087 1127 exceptas,

351 1144 577 1181 perpetuoque
596 1137 718 1170 validas
736 1143 767 1169 et
785 1136 932 1169 efficaces
950 1137 1086 1169 existere

351 1196 383 1222 et
408 1191 493 1230 fore,
520 1200 660 1233 suosque
690 1190 855 1232 plenarios
880 1194 911 1221 et
942 1189 1086 1231 integros

323 1281 326 1284 Ι
351 1242 484 1275 etl'ectus
510 1242 618 1275 sortiri
645 1247 677 1275 et
701 1242 860 1280 obtinere,
883 1253 919 1274 ac
946 1242 986 1274 ab
1010 1241 1084 1281 illis,

157 2207 267 2229 Obstantia
279 2207 339 2229 tollit.

350 1295 389 1327 ad
416 1305 494 1338 quos
519 1300 643 1338 spectat
669 1299 699 1327 et
724 1305 783 1337 pro
809 1300 956 1336 tempore
988 1304 1087 1336 quan·

353 1348 533 1390 (iocumque
559 1347 724 1390 spectabit,
737 1347 968 1379 iuviolabiliter
989 1352 1021 1379 et
1038 1346 1086 1378 in-

351 1410 507 1432 concusse
534 1399 714 1439 observari,
741 1400 851 1442 sicque
877 1405 907 1432 et
925 1409 990 1432 non
1007 1399 1085 1432 alias

348 1453 382 1485 in
408 1453 596 1495 praemissis
622 1463 679 1495 per
710 1463 931 1495 quoscumque
964 1452 1085 1485 iudices

349 1511 381 1538 et
400 1507 573 1547 delegatos,
591 1505 870 1538 etiamcausarum
890 1505 997 1548 palatii
1013 1515 1085 1548 apo-

349 1558 457 1591 stolici
482 1558 657 1597 auditores,
673 1568 708 1590 ac
732 1558 760 1590 S.
780 1558 814 1590 R.
835 1558 870 1590 E.
895 1558 1083 1597 cardinales,

349 1611 445 1644 etiam
472 1611 510 1643 de
536 1612 635 1644 latere
660 1611 784 1652 legatos
816 1616 847 1643 et
878 1611 1083 1653 Apostolicae

348 1664 440 1697 Sedis
458 1664 601 1703 nuncios,
621 1663 739 1696 aliosve
759 1664 921 1706 quoslibet
937 1674 1085 1706 quacum-

349 1728 409 1760 que
435 1717 692 1760 praeeminentia
717 1722 747 1748 et
771 1722 929 1759 potestate
951 1717 1084 1758 fungen-

348 1775 407 1810 tes,
434 1770 559 1802 sublata
579 1769 624 1801 eis
645 1774 675 1801 et
694 1779 803 1801 eorum
824 1769 956 1802 cuilibet
974 1770 1083 1812 quavis

348 1823 442 1856 aliter
459 1823 620 1855 iudicandi
640 1828 669 1855 et
688 1823 921 1865 interpretandi
937 1823 1084 1855 facultate

347 1881 379 1908 et
403 1875 601 1913 auctoritate,
617 1874 752 1907 iudicari
779 1880 810 1907 et
835 1875 962 1907 definiri
989 1875 1085 1908 debe-

347 1938 381 1961 re
398 1955 405 1968 ,
429 1939 464 1961 ac
489 1928 616 1960 irritum
642 1933 673 1960 et
696 1928 793 1960 inane
818 1928 843 1959 si
869 1939 961 1960 secus
986 1939 1084 1971 super

347 1980 398 2013 his
418 1991 435 2013 a
453 1980 744 2023 quoquani,quavis
762 1981 962 2013 auctoritate.
982 1980 1084 2013 scien-

347 2038 398 2065 ter
420 2034 470 2066 vel
496 2033 690 2075 ignoranter,
718 2030 891 2075 contigerit
922 2033 1083 2072 attentari,

349 2087 527 2128 apostolica
548 2087 748 2125 auctoritate,
765 2086 949 2119 earumdem
969 2091 1082 2118 tenore

348 2139 578 2182 praesentium,
597 2139 799 2171 decernimus
814 2144 845 2170 et
869 2139 1080 2171 declat-amm.

393 2191 455 2235 §8.
479 2192 548 2224 Non
575 2192 779 2224 obstantibus
801 2192 1017 2234 praefatorum
1041 2193 1083 2224 se-

350 2244 420 2277 licis
446 2245 679 2277 recordationis
703 2244 826 2277 callixti
846 2245 891 2283 tll,
918 2245 963 2277 Pii
980 2245 1013 2282 ll,
1040 2244 1083 2276 ln-

349 2297 491 2330 nocentii
509 2297 584 2336 thl,
607 2297 652 2329 Pii
670 2298 701 2335 V,
727 2298 801 2329 Sixti
829 2298 938 2329 itidem
957 2297 988 2337 V,
1007 2297 1082 2329 Gre-

350 2350 431 2391 gorii
458 2349 507 2381 XV
544 2359 578 2381 ac
611 2350 784 2382 Clementis
808 2350 847 2382 lx
883 2355 914 2382 et
946 2350 1082 2382 aliorum

350 2403 568 2435 Romanorum
586 2402 772 2435 Pontificum
795 2404 1082 2445 praedecessorum

350 2461 535 2488 nostrorum
562 2455 845 2487 constitutionilnis
879 2461 910 2487 et
939 2456 1080 2495 indultis,

350 2508 528 2550 privilegiis
553 2507 736 2550 supradicto
761 2508 900 2550 collegio
930 2508 1081 2550 illiusque

350 2560 567 2603 singularibus
581 2560 730 2603 personis
745 2561 992 2603 quomodolibet
1007 2572 1082 2594 con-

941 190 1117 219 miLLAniutu
1144 190 1295 217 noitrxxttttt

1137 241 1243 279 cessis,
1277 250 1406 273 necnon
1438 240 1510 283 piae
1542 239 1718 273 memoriae
1740 240 1787 273 Pii
1812 240 1870 273 Pa-

1137 303 1195 335 pae
1210 293 1254 333 lV,
1278 293 1373 326 etiam
1391 293 1652 336 praedecessoris
1669 293 1779 334 nostri,
1799 303 1871 336 gra·

1137 346 1195 378 tias
1221 346 1385 379 Cameram
1409 345 1609 389 praedictam
1633 351 1868 379 concernentes

1136 398 1167 430 in
1193 399 1306 431 cadem
1324 398 1455 432 camera
1472 398 1604 431 omnino
1623 398 1790 440 registrari
1815 399 1869 431 de-

1135 452 1212 484 bere
1243 452 1454 495 disponente,
1488 462 1525 484 ac
1549 454 1660 484 nostra
1684 457 1716 484 et
1738 451 1870 485 Cancel-

1135 504 1233 537 lariae
1259 505 1458 547 apostolicae
1484 506 1595 547 regula
1620 505 1658 537 de
1684 504 1752 537 iure
1769 514 1870 547 quae·-

1134 557 1195 590 sito
1222 567 1284 589 non
1312 557 1467 595 tollendo,
1504 557 1641 599 aliisque
1666 557 1869 590 constitutio-

1134 610 1228 642 nibus
1242 615 1273 642 et
1286 609 1546 643 ordinationibus
1562 610 1756 652 apostolicis,
1772 610 1868 642 etiam

1133 663 1419 703 consistorialibuS,
1441 663 1581 706 desuper
1604 663 1637 695 in
1663 673 1780 705 genere
1817 663 1867 695 vel

1135 716 1166 748 in
1192 716 1300 758 specie
1327 715 1433 755 editis,
1456 716 1551 748 etiam
1568 720 1668 755 motu,
1686 715 1822 748 scientia
1836 720 1868 748 et

1132 769 1299 811 potestatis
1324 767 1526 811 plenitudine
1551 767 1720 808 similibus,
1745 773 1777 800 et
1796 767 1868 810 qui-

1133 822 1330 864 buscumque
1362 820 1458 853 etiam
1485 821 1688 863 quantumvis
1713 820 1867 853 efficacis-

1132 874 1220 905 simis
1246 873 1398 905 clausulis
1432 877 1463 905 et
1497 873 1635 905 decretis
1666 873 1762 906 etiam
1795 872 1867 905 irri-

1133 926 1273 958 tantibus
1286 925 1457 965 roboratis,
1474 936 1511 957 ac
1524 926 1601 958 alias
1616 925 1648 958 in
1665 925 1865 958 contrarium

1131 978 1370 1020 praedictorum
1410 978 1659 1020 quomodolibet
1693 978 1864 1018 concessis,

1131 1030 1329 1063 confirmatis
1347 1040 1383 1062 ac
1397 1030 1546 1072 superius
1561 1031 1732 1071 innovatis,
1749 1031 1866 1073 quibus

1131 1082 1290 1120 omnibus,
1319 1082 1441 1114 etiamsi
1460 1092 1519 1123 pro
1540 1082 1670 1114 illorum
1697 1083 1864 1115 sufficienti

1131 1135 1341 1176 derogatione
1368 1135 1407 1166 de
1433 1134 1497 1166 illis
1527 1144 1704 1178 eorumque
1727 1135 1801 1167 totis
1820 1140 1867 1168 te·

1130 1189 1275 1228 noribus,
1303 1187 1461 1230 specialis,
1480 1187 1637 1230 specifica,
1656 1199 1809 1231 expressa
1833 1193 1866 1221 et

1129 1241 1358 1280 individuasac
1383 1240 1421 1273 de
1447 1240 1544 1272 verbo
1570 1241 1610 1273 ad
1634 1242 1777 1281 verbum,
1798 1251 1864 1274 non

1129 1301 1235 1327 autem
1253 1305 1312 1337 per
1336 1294 1497 1326 clausulas
1519 1295 1685 1335 generales
1703 1294 1789 1327 idem
1805 1294 1865 1327 im-

1128 1353 1318 1390 portantes,
1342 1346 1463 1378 mentio
1488 1356 1545 1378 seu
1571 1347 1701 1389 quaevis
1727 1347 1788 1379 alia
1812 1358 1865 1380 ex-

1128 1399 1245 1442 quisita
1263 1399 1365 1431 forma
1382 1399 1421 1431 ad
1441 1399 1503 1431 hoc
1524 1399 1683 1432 servanda
1704 1399 1798 1440 soret,
1817 1404 1865 1432 te-

1128 1463 1222 1485 nores
1248 1451 1449 1491 huiusmodi,
1472 1461 1507 1483 ac
1524 1452 1551 1483 si
1569 1452 1607 1483 de
1627 1452 1724 1484 verbo
1742 1452 1782 1484 ad
1799 1462 1865 1484 ver-

1126 1506 1215 1545 bum,
1230 1506 1274 1538 nil
1300 1505 1428 1548 penitus
1446 1504 1564 1537 omisso
1582 1510 1614 1537 et
1629 1504 1732 1537 forma
1748 1504 1780 1536 in
1798 1505 1863 1537 illis

1127 1559 1242 1591 tradita
1260 1559 1440 1597 observata,
1453 1557 1563 1589 inserti
1581 1557 1697 1597 forent,
1710 1568 1864 1601 praescn-

1128 1612 1212 1643 tibus
1231 1621 1289 1653 pro
1307 1612 1405 1653 plene
1425 1615 1455 1642 et
1484 1609 1680 1642 sufficienter
1704 1610 1863 1653 expressis

1127 1674 1163 1696 ac
1182 1664 1219 1696 de
1239 1664 1336 1696 verbo
1355 1664 1393 1695 ad
1409 1663 1681 1695 verbuminsertis
1695 1663 1861 1703 habenteS,

1126 1718 1190 1750 illis
1216 1717 1294 1750 alias
1313 1716 1345 1749 in
1367 1727 1425 1748 suo
1450 1717 1569 1749 robore
1590 1716 1862 1759 permansusuris,

1127 1771 1188 1803 hac
1219 1771 1288 1802 vice
1320 1770 1485 1802 dumtaxat
1508 1775 1594 1802 motu
1628 1774 1658 1801 et
1693 1769 1859 1812 potestatis

1126 1823 1331 1867 plenitudine
1348 1823 1506 1855 similibus
1529 1822 1722 1865 derogamus
1747 1833 1783 1855 ac
1807 1823 1862 1855 de-

1126 1882 1273 1918 rogatum
1299 1886 1370 1908 esse
1397 1876 1541 1908 volumus
1572 1879 1604 1907 et
1631 1874 1860 1915 decernimus;

1127 1929 1308 1971 ceterisque
1337 1927 1506 1960 contrariis
1535 1927 1806 1970 quibuscumque.

1170 1982 1184 2023 g
1208 1981 1238 2013 9.
1266 1981 1304 2013 Et
1333 1981 1418 2023 quod
1451 1981 1652 2022 singulorum
1682 1980 1863 2022 officiorum

1127 2034 1362 2076 praedictorum
1382 2034 1629 2067 concessionum
1647 2038 1679 2065 et
1696 2033 1861 2066 titulorum

1127 2094 1266 2126 tenores,
1297 2087 1393 2119 etiarn
1423 2086 1574 2126 veriores,
1600 2096 1635 2118 ac
1655 2096 1764 2118 earum
1790 2085 1863 2118 data

1129 2140 1307 2171 habeantur
1343 2149 1401 2181 pro
1439 2139 1611 2182 expressis,
1637 2148 1693 2171 seu
1727 2137 1760 2170 in
1796 2143 1861 2170 toto

1127 2193 1175 2223 vel
1202 2197 1289 2234 parte
1315 2191 1449 2234 exprimi
1475 2191 1601 2234 possint
1625 2191 1658 2223 in
1683 2190 1806 2231 titteris,
1832 2195 1864 2222 et

1127 2246 1165 2277 de
1191 2245 1359 2288 perpetuis
1384 2246 1625 2287 suppressione,
1661 2244 1861 2283 abolitione,

1126 2297 1338 2336 extinctione,
1374 2297 1593 2335 restitutione,
1627 2295 1861 2339 applicatione,

1126 2350 1399 2393 incorporatione,
1438 2349 1658 2389 concessione,
1684 2349 1862 2388 voluntate,

1126 2408 1155 2435 et
1174 2403 1309 2444 singulis
1328 2402 1474 2441 decretis,
1491 2401 1710 2444 derogatione,
1725 2401 1862 2443 aliisque

1125 2455 1322 2498 praemissis,
1342 2466 1422 2498 quae
1445 2455 1497 2487 hic
1522 2465 1581 2497 pro
1607 2454 1806 2486 sufficienter
1831 2459 1863 2486 et

1125 2508 1162 2540 ad
1189 2514 1313 2550 partem
1338 2507 1482 2550 repetitis
1501 2507 1682 2539 habeantur
1702 2512 1737 2538 ut
1755 2516 1861 2549 supra,

1126 2561 1157 2593 in
1170 2561 1300 2601 litteris,
1319 2566 1350 2594 et
1367 2571 1437 2593 cum
1455 2561 1596 2593 clausula
1616 2560 1655 2593 ad
1673 2565 1861 2603 perpetuam

1879 188 1928 217 An.
1945 190 1973 219 c.
1992 185 2061 220 1678

1910 1988 2051 2010 Praesouuum

1874 2017 1939 2037 vator.
