2111 3157
159 135 210 166 nn.
230 138 259 166 c.
278 141 346 170 ¹682
399 133 464 166 4⁶22

364 191 499 224 stolicae
517 190 590 224 Scdi
608 190 792 223 immediate
810 190 976 229 subiectis,
994 190 1027 222 in
1049 200 1103 222 eo-

366 251 445 287 rum¹
461 244 667 287 promotione
692 244 731 276 ad
756 243 898 282 ordines,
918 243 951 275 in
969 242 1104 275 benedi-

365 296 470 328 ctione
496 296 660 333 abbatum,
689 301 720 328 et
743 295 776 327 in
801 294 942 327 licentiis
974 294 1103 338 praedi-

365 348 456 380 candi
484 353 515 380 et
547 347 771 380 consessiones
804 347 976 386 audiendi,
1008 347 1100 379 acin

365 399 426 432 alia
451 411 651 442 quacumque
677 400 857 441 occasione,
878 400 1101 433 obedientiam

365 462 434 484 cum
460 453 643 485 iuramento
668 453 843 493 fidelitatis,
878 453 935 485 sed
968 458 1031 485 tam
1062 452 1101 484 ab

365 504 607 547 archiepiscopo
624 515 719 547 quam
733 516 750 537 a
765 505 966 547 regularibus
986 504 1102 537 debeat

364 562 512 590 accurate
537 558 569 590 in
595 558 755 591 similibus
779 558 902 590 actibus
937 554 1101 590 observari

364 610 468 642 forma
494 615 525 643 et
550 611 717 654 dispositio
748 610 944 654 pontificalis
974 609 1101 642 romani

365 663 396 694 in
414 664 496 695 alma
513 663 595 696 Urbe
616 666 725 697 nostra
743 664 917 696 novissime
935 662 1100 705 impressi;

364 715 488 747 licitum
524 721 631 749 autem
675 717 716 748 sit
751 716 864 749 iisdem
895 715 1101 758 regularibus

365 773 494 809 gestare
518 768 551 800 in
576 769 713 811 publicis
738 768 999 812 processionibus
1030 778 1101 800 eum

365 820 569 853 sanctissimo
587 821 806 854 Eucharistiae
829 827 1030 854 sacramento
1053 831 1102 853 re-

365 872 481 915 liquias
505 878 536 905 et
556 874 712 915 imagines
737 873 944 913 Sanctorum,
970 874 1033 906 hoc
1058 878 1100 905 ta-

365 935 439 958 men
457 930 583 958 servato
601 932 636 958 ut
656 926 759 959 dictae
784 927 944 969 reliquiae
966 931 997 958 et
1024 926 1102 958 ima-

366 978 457 1019 gines
495 984 666 1020 portentur
702 979 733 1011 in
773 979 934 1022 principio
973 990 1102 1022 prores-

366 1029 465 1061 sionis
490 1029 576 1062 inter
599 1031 701 1072 prima
726 1031 869 1070 lumina,
901 1032 982 1064 itaut
1018 1032 1101 1064 inter

366 1081 454 1123 ipsas
483 1087 514 1113 et
539 1081 592 1114 SS.
623 1083 866 1116 Sacramentum
892 1084 933 1116 sit
961 1084 1102 1116 rationa-

366 1132 439 1165 bilis
472 1139 504 1165 et
526 1140 715 1176 competens
751 1135 915 1169 distantia.
955 1137 987 1168 ln
1022 1136 1100 1179 ipsis

369 1195 442 1217 vero
482 1186 743 1227 processionibus
787 1189 985 1230 procedatur
1029 1200 1100 1221 cum

367 1238 453 1269 omni
475 1238 583 1270 debita
600 1240 758 1273 modestia
783 1246 815 1273 et
839 1242 1023 1281 devotione,
1042 1253 1102 1275 nec

368 1291 441 1323 illae
458 1290 536 1323 fiant
553 1302 610 1334 per
626 1293 748 1334 plateas
763 1299 793 1326 et
810 1295 876 1327 vias
890 1301 1100 1335 mereatuum,

369 1352 403 1375 ac
427 1343 480 1375 ubi
507 1345 645 1386 populus
669 1345 701 1377 in
727 1347 870 1388 profanis
888 1349 1033 1381 coetibus
1052 1360 1103 1381 oc—

371 1401 504 1438 cupatus
530 1397 585 1435 sit3
612 1407 676 1429 non
703 1403 808 1431 tamen
834 1399 929 1432 liceat
945 1400 1038 1433 dictis
1056 1412 1103 1433 re-

369 1449 534 1490 gularibus
553 1450 656 1483 facere
671 1452 900 1493 processiones
917 1453 1102 1486 huiusmodi

370 1506 457 1533 extra
481 1502 619 1534 claustra
644 1514 774 1536 suorum
796 1511 1022 1547 conventuum,
1041 1507 1101 1539 nisi

370 1554 492 1586 duabus
526 1560 647 1587 tantum
682 1557 803 1589 vicibus
839 1558 872 1590 in
909 1569 1005 1599 anno,
1040 1562 1102 1591 una

370 1605 453 1638 intra
477 1613 621 1640 octavam
652 1609 831 1643 festivitatis
860 1611 1012 1658 Corporis
1045 1612 1104 1644 Do-

370 1659 446 1690 mini
472 1665 504 1691 et
527 1661 627 1693 altera
652 1661 683 1693 in
707 1665 770 1695 una
795 1664 845 1696 die
875 1664 1036 1697 dominica
1052 1666 1101 1698 vel

369 1711 481 1743 festiva
506 1712 544 1744 dc
570 1720 744 1757 praecepto
776 1721 923 1757 tantum,
949 1717 1102 1750 determi-

369 1765 476 1796 nanda
500 1765 539 1797 ab
565 1765 677 1799 iisdem
710 1770 914 1810 regularibus
940 1780 1011 1803 cum
1047 1782 1102 1813 ap-

368 1817 561 1858 probatione
586 1820 719 1861 praesati
744 1822 996 1866 archiepiscopi,
1018 1824 1102 1856 intra

368 1869 542 1902 terminum
565 1871 660 1903 unius
686 1874 823 1915 mensis,
854 1885 926 1907 cum
952 1880 1101 1918 expressa

369 1926 475 1954 tamen
501 1923 733 1965 declaratione,
754 1927 850 1969 quod,
868 1928 1027 1971 quidquid
1048 1939 1101 1961 su-

368 1985 428 2016 pra
453 1975 616 2009 stabilitur
640 1978 725 2011 circa
759 1981 941 2022 praedictas
970 1992 1102 2024 proees-

369 2026 487 2066 siones,
513 2038 578 2061 non
602 2029 804 2073 intelligatur
835 2033 1003 2076 suffragari
1038 2034 1101 2067 illis

369 2079 577 2114 societatibus
603 2087 635 2115 et
659 2084 990 2127 confraternitatibus,
1019 2098 1100 2130 quae

369 2131 400 2163 in
419 2134 566 2167 ecclesiis
580 2135 725 2178 ipsorum
741 2139 939 2180 regularium
961 2146 1099 2181 erectae,

369 2190 424 2217 aut
447 2186 511 2218 illis
535 2188 718 2231 adscriptae
741 2190 816 2223 sint.
839 2191 1033 2226 Occurrente
1052 2205 1102 2226 au-

369 2242 433 2269 tem
458 2238 562 2281 aliqua
587 2242 716 2283 publica
740 2248 771 2275 et
791 2244 877 2285 gravi
896 2248 998 2285 causa,
1020 2257 1100 2289 quae

369 2293 610 2326 reiterationem
624 2295 778 2329 similium
792 2298 1041 2339 processionum
1057 2310 1101 2332 re-

369 2343 525 2385 quireret,
553 2357 615 2379 non
642 2348 766 2390 possint
789 2351 954 2392 regulares
979 2361 1031 2384 cas
1058 2352 1102 2384 sa-

368 2406 440 2429 cere
455 2397 574 2441 absque
594 2401 809 2442 praecedente
829 2405 978 2446 expressa
1003 2404 1102 2437 licen-

368 2449 413 2481 tia
438 2452 570 2493 praefati
598 2454 854 2499 archiepiscopi,
876 2456 930 2499 qui
963 2466 1001 2489 eo
1027 2468 1101 2489 casu

367 2506 489 2548 poterit
520 2506 691 2549 providere
722 2509 904 2541 seeundum
929 2508 1102 2542 dictamina

940 143 1118 166 BULLARlUM
1144 144 1295 168 ROMANUM

1145 191 1297 233 propriae
1327 191 1519 234 prudentiae
1551 197 1584 225 et
1606 192 1746 236 pietatis,
1779 193 1881 227 Porro

1145 242 1241 275 liceat
1272 243 1388 277 iisdem
1420 244 1621 286 regularibus
1655 245 1811 289 exemptis
1848 245 1880 278 in

1144 305 1255 328 eorum
1289 297 1455 336 ecclesiis,
1482 298 1603 340 absque
1628 298 1689 330 alia
1712 298 1880 332 memorati

1144 349 1380 391 archiepiscopi
1405 349 1548 390 licentia,
1575 350 1664 383 horis
1689 350 1880 393 vespertinis

1145 410 1307 443 exponere
1332 402 1532 435 venerationi
1557 403 1667 446 populi
1699 403 1880 445 praefatum

1144 453 1383 486 sanctissimum
1409 460 1643 488 sacramentum
1669 455 1703 487 in
1735 460 1881 488 ostenso-

1144 505 1203 543 rio,
1230 506 1343 539 diebus
1368 512 1400 540 et
1425 507 1512 540 sestis
1533 507 1768 551 infrascriptis,
1792 507 1882 540 vide-

1144 558 1219 590 licet
1243 559 1275 591 in
1300 560 1448 592 omnihus
1473 560 1643 593 dominicis
1668 561 1755 599 anni,
1779 560 1811 592 in
1837 560 1883 593 se-

1144 611 1201 643 stis
1222 610 1400 645 Nativitatis
1427 613 1564 652 Domini,
1587 612 1688 645 saneti
1713 612 1878 656 Stephani,

1144 663 1247 696 sancti
1278 664 1406 697 Ioannis
1437 665 1681 708 Evangelistae,
1707 665 1882 698 Circumci-

1145 716 1246 748 sionis
1271 717 1566 758 Domini,secundo
1592 723 1623 750 et
1647 718 1742 751 tertio
1768 717 1880 751 diebus

1144 768 1310 802 Paschatis
1337 769 1595 803 Resurrectionis
1614 776 1646 803 et
1662 770 1878 812 Pentecostes,

1122 847 1123 854 ,
1144 821 1177 853 in
1202 822 1285 855 festo
1310 823 1518 855 Ascensionis
1543 823 1688 862 Domini,
1714 824 1746 856 in
1772 825 1882 857 octava

1144 874 1294 918 Corporis
1308 875 1444 917 Domini,
1463 876 1495 908 in
1510 876 1658 909 omnibus
1675 876 1881 910 beatissimae

1143 927 1283 970 Virginis
1316 928 1432 961 Mariae
1465 929 1691 961 festivitatibus
1726 929 1765 962 de
1789 940 1881 972 prae-

1144 986 1251 1023 cepto,
1272 981 1304 1013 in
1325 981 1414 1013 sestis
1431 987 1615 1014 sanctorum
1638 982 1880 1025 Apostolorum,

1143 1033 1176 1065 in
1202 1033 1253 1066 die
1278 1033 1426 1066 Omnium
1456 1034 1662 1074 Sanctorum,
1688 1035 1720 1066 in
1745 1034 1797 1068 die
1820 1035 1882 1068 De-

1144 1086 1314 1119 dicationis
1348 1087 1520 1126 eeclesiae,
1548 1087 1580 1119 in
1611 1087 1782 1121 festivitate
1806 1098 1882 1131 pro-

1145 1139 1277 1171 tectoris
1304 1140 1447 1172 eiusdem
1469 1140 1554 1172 intra
1579 1150 1720 1173 mensem
1746 1151 1764 1173 a
1787 1151 1882 1183 regu-

1144 1191 1265 1224 laribus
1289 1192 1447 1235 eligenda,
1466 1193 1492 1224 si
1519 1193 1655 1225 ecclesia
1679 1193 1788 1235 plures
1813 1203 1879 1226 uno

1146 1244 1313 1284 habuerit,
1340 1245 1371 1276 in
1397 1245 1510 1277 diebus
1536 1245 1753 1278 Dedicationis
1777 1245 1879 1278 sancti

1145 1296 1310 1329 Michaelis
1342 1297 1535 1339 Arcaugeli,
1568 1297 1746 1330 Nativitatis
1778 1297 1880 1330 sancti

1145 1349 1275 1382 Ioannis
1301 1350 1484 1392 Baptistae,
1510 1361 1546 1383 ac
1581 1356 1765 1383 sanctorum
1794 1351 1880 1384 Petri

1124 1422 1125 1436 1
1146 1406 1177 1434 et
1200 1401 1298 1441 Pauli,
1324 1408 1356 1435 et
1380 1403 1412 1434 in
1439 1403 1606 1436 festivitate
1632 1403 1810 1436 fundatoris
1826 1404 1882 1436 Or-

1146 1454 1243 1487 dinis.
1271 1455 1314 1487 Ac
1339 1456 1461 1498 pariter
1485 1456 1609 1488 licitum
1634 1456 1690 1496 sit,
1715 1462 1750 1488 ut
1770 1466 1879 1499 supra,

1145 1508 1297 1551 praefatis
1315 1508 1518 1551 regularibus
1543 1509 1699 1552 exemptis
1717 1519 1879 1552 exponere

1146 1561 1260 1592 iisdem
1286 1560 1374 1593 horis
1393 1561 1593 1604 vespertinis,
1615 1561 1671 1594 sed
1689 1562 1721 1594 in
1743 1562 1877 1602 ciborio,

1145 1614 1325 1656 praefatum
1364 1614 1603 1646 sanctissimum
1643 1619 1880 1648 sacramentum

1145 1665 1283 1707 singulis
1305 1666 1427 1709 quintis
1453 1667 1565 1707 seriis,
1594 1671 1648 1699 aut
1675 1667 1737 1700 alio
1759 1667 1811 1700 die
1835 1668 1881 1700 se-

1145 1718 1227 1751 riato
1260 1719 1344 1751 intra
1375 1719 1547 1751 terminum
1581 1719 1677 1752 unius
1700 1719 1820 1753 mensis
1846 1724 1880 1752 ut

1144 1782 1241 1814 supra
1262 1772 1434 1814 eligendo,
1458 1772 1543 1805 licita
1561 1782 1691 1815 quoque
1709 1773 1758 1814 sit,
1779 1778 1813 1805 ut
1829 1783 1880 1806 su—

1144 1834 1211 1867 pra,
1238 1824 1396 1867 expositio
1422 1824 1452 1855 in
1478 1824 1659 1857 ostensorio
1684 1835 1778 1858 mane
1804 1830 1880 1858 tem—

1143 1887 1221 1919 pore
1254 1876 1372 1909 missae
1404 1876 1618 1919 principalis,
1644 1877 1677 1909 in
1709 1878 1746 1910 iis
1771 1883 1879 1911 tamen

1144 1929 1221 1961 locis
1254 1933 1378 1961 tantum
1412 1930 1467 1961 ubi
1504 1930 1657 1962 hactenus
1691 1936 1879 1964 consuetum

1144 1987 1200 2022 est,
1221 1982 1254 2013 in
1279 1982 1394 2014 diebus
1419 1982 1539 2014 festivis
1564 1987 1687 2015 tantum
1716 1982 1880 2016 infrascri—

1143 2035 1231 2077 ptis,
1266 2044 1404 2076 nempe,
1431 2034 1608 2067 Nativitatis
1640 2035 1790 2076 Domini,
1821 2036 1879 2069 Pa-

1143 2087 1272 2125 seliatis,
1300 2087 1513 2127 Pentecostes,
1539 2087 1592 2120 SS.
1612 2087 1784 2129 Trinitatis,
1802 2088 1879 2122 Cor-

1143 2140 1231 2183 poris
1245 2140 1384 2179 Domini,
1400 2145 1431 2172 et
1449 2140 1606 2173 matutino
1625 2146 1773 2184 tempore
1789 2141 1877 2175 illius

1145 2192 1209 2225 diei
1227 2193 1310 2224 intra
1328 2197 1469 2224 octavam
1487 2192 1637 2236 Corporis
1658 2193 1796 2234 Domini,
1817 2204 1879 2238 qua

1144 2245 1311 2288 processio
1337 2255 1434 2288 supra
1456 2246 1622 2278 enuntiata
1641 2245 1704 2285 fiet,
1724 2256 1760 2279 ac
1784 2246 1815 2279 in
1838 2247 1879 2280 se-

1144 2297 1334 2330 stivitatibus
1360 2298 1597 2341 Assumptionis
1622 2299 1656 2331 B.
1678 2299 1794 2332 Mariae
1811 2299 1880 2332 Vir-

1145 2351 1237 2392 ginis,
1266 2356 1298 2383 et
1321 2350 1470 2383 Omnium
1497 2351 1697 2384 Sanctorum.
1717 2352 1751 2384 In
1775 2352 1879 2385 omni-

1144 2405 1203 2436 bus
1220 2410 1325 2437 autem
1343 2405 1598 2447 expositionibus
1611 2405 1878 2448 supradictisnon

1144 2456 1246 2498 possit
1269 2458 1392 2499 populo
1418 2457 1484 2489 dari
1510 2457 1570 2489 nisi
1594 2468 1657 2489 una
1683 2463 1803 2490 tantum
1821 2458 1878 2491 be-

1145 2509 1285 2543 nedictio
1310 2521 1380 2544 cum
1397 2510 1450 2544 SS.
1471 2511 1692 2553 sacramento,
1713 2512 1878 2552 necidem

1878 146 1930 173 An.
1949 148 1980 174 G.
2001 148 2069 178 ¹682
