2111 3157
0 204 50 234 An.
65 204 93 234 C.
116 202 181 234 1677

21 1362 98 1382 Preces
109 1388 113 1391 .
121 1366 170 1381 cou-

0 1391 132 1409 faternitatis.

15 1831 106 1855 Erigitur
123 1835 172 1849 coii-

0 1860 109 1885 ratcrnitas
139 1857 172 1876 Ρι-

3 1890 87 1904 enorum
106 1889 124 1902 in
140 1888 171 1902 ar-

0 1909 172 1930 citicensi-aterni-

0 1939 61 1957 atem.

368 256 562 284 Innocentius
589 257 667 290 rapa
686 257 740 290 Χῖ,

309 299 344 325 ad
366 303 538 333 perpetuam
556 300 603 327 rei
621 300 802 326 memoriam.

20 371 108 398 Species
119 370 176 392 sicu.
222 358 237 401 g
249 358 278 391 1.
291 359 413 403 Exponi
428 361 521 393 nobis
534 371 638 404 nuper
652 361 795 393 fecerunt
808 359 915 392 dilecti

186 409 242 444 filii
268 412 422 445 officiales
447 418 478 445 et
502 413 680 446 confratres
703 411 916 444 confraterni-

186 463 259 495 tatis
282 464 540 497 christifidelium
563 464 703 496 nationis
725 463 914 495 Picenorum

187 514 218 546 in
243 516 325 548 alma
342 515 425 548 Urbe
443 518 552 548 nostra
571 515 838 548 commorantium
857 515 914 546 sub

184 566 447 600 denominatione
464 568 566 600 almae
582 567 701 600 Domus
717 567 914 599 Lauretanae

184 619 339 652 canonice
372 625 508 659 erectae,
540 620 624 663 quod
656 620 775 652 dudum
812 619 913 652 felicis

183 672 418 704 recordationis
450 672 596 704 Urbanus
621 671 706 714 Papa
729 671 793 703 VllI
823 682 914 714 prae-

185 723 336 756 decessor
355 730 465 757 noster
481 735 544 767 per>
560 724 713 767 quasdam
733 734 803 756 suas
824 724 854 756 in
873 724 913 755 si-

183 775 250 808 mili
266 777 367 809 forma
382 777 488 809 Brevis
501 777 551 809 die
562 787 613 810 xlv
627 776 737 819 aprilis
750 785 913 809 mncxxxlu

184 829 350 871 expeditas
377 830 500 862 litteras
527 829 673 862 eamdem
705 829 914 861 confraterni-

184 886 281 914 tatem
313 882 372 914 sub
398 881 660 914 denomInatione
686 881 827 924 praefata
859 891 913 913 au-

182 933 330 979 ctoritate
357 933 534 976 apostolica
565 938 725 976 perpetuo
750 933 849 966 erexit
882 938 914 965 et

181 985 325 1025 instituit,
344 997 380 1019 ac
398 985 443 1019 illi
461 986 506 1019 sic
527 990 662 1025 erectae,
688 985 820 1028 eiusque
839 995 914 1017 con—

183 1037 332 1070 fratribus
355 1044 386 1072 et
409 1039 649 1077 consororibus,
673 1039 846 1071 nonnullas
867 1038 913 1070 in-

182 1089 362 1132 dulgentias
393 1097 425 1123 et
455 1096 662 1133 peccatorum
690 1090 910 1129 remissiones,

181 1153 218 1176 ac
242 1144 512 1186 poenitentiarum
529 1143 757 1183 relaxationes,
772 1143 831 1176 sub
848 1153 912 1175 cer-

183 1195 221 1227 tis
235 1196 331 1228 modo
349 1201 380 1228 et
401 1196 502 1228 forma
520 1201 594 1227 tune
615 1195 784 1238 expressis,
801 1194 911 1227 itidem

181 1253 340 1290 perpetuo
377 1248 558 1287 concessit,
592 1253 624 1280 et
648 1247 726 1279 alias
759 1253 856 1289 prout
880 1247 911 1279 in

181 1300 303 1333 eisdem
325 1300 441 1332 litteris
467 1294 816 1332 uberiusffiontinetur.

224 1352 239 1394 ἓ
263 1352 293 1385 2.
321 1352 396 1385 Cum
421 1358 539 1392 autem,
569 1352 651 1384 sicut
675 1352 787 1384 eadem
816 1361 914 1394 expo-

181 1404 255 1437 sitio
273 1405 497 1447 subiungebat,
518 1405 594 1437 dicti
616 1410 815 1447 exponentes
837 1414 913 1436 con-

180 1457 413 1490 fraternitatem
437 1457 622 1490 huiusmodi
645 1456 914 1489 archiconfrater-

179 1510 289 1542 nitatis
320 1509 413 1542 titulo
445 1509 591 1542 decorari
624 1508 797 1552 plurimum
831 1509 915 1541 desi-

181 1563 312 1602 derent,
339 1562 431 1595 nobis
456 1568 628 1605 propterea
653 1561 820 1594 humiliter
842 1572 914 1604 sup-

180 1615 294 1658 plicari
328 1615 473 1647 fecerunt
503 1620 537 1647 ut
568 1614 629 1646 sibi
665 1614 696 1645 in
726 1614 914 1656 praemissis

180 1674 367 1710 opportune
392 1667 561 1710 providere
586 1672 617 1699 et
641 1672 676 1698 ut
704 1667 786 1699 infra
810 1667 915 1698 indul—

181 1730 258 1763 gere
291 1721 330 1753 de
365 1720 562 1762 benignitate
595 1719 768 1762 apostoliea
802 1719 914 1761 digna-

181 1783 303 1806 remur.

225 1826 240 1868 ᾗ
263 1825 294 1858 3.
314 1824 376 1858 Nos
395 1815 501 1867 igitur,
519 1825 607 1867 ipsos
627 1830 824 1867 exponentes
842 1835 914 1867 spe-

182 1877 317 1910 cialibus
355 1877 515 1909 favoribus
547 1882 579 1909 et
614 1876 724 1918 gratiis
760 1876 914 1918 prosequi

184 1931 335 1970 volente&
362 1934 393 1962 et
416 1940 529 1961 eorum
554 1930 733 1971 singulares
759 1939 913 1971 personas

184 1993 201 2016 a
226 1982 389 2025 quibusvis
414 1982 764 2020 excommunicationis,
782 1991 917 2024 suspen-

184 2035 286 2068 sionis
304 2041 336 2068 et
352 2034 524 2073 interdicti,
539 2034 674 2076 aliisque
691 2034 916 2066 ecclesiasticis

184 2087 364 2126 sententiis,
389 2087 531 2119 censuris
549 2092 581 2118 et
596 2086 719 2129 poenis,
738 2097 755 2119 a
779 2087 849 2119 iure
866 2088 915 2119 vel

185 2141 225 2172 ab
250 2140 392 2179 homine,
422 2140 531 2182 quavis
556 2140 725 2171 occasione
749 2140 797 2172 vel
822 2141 916 2171 causa

184 2193 268 2233 latis,
291 2193 317 2225 si
343 2193 459 2235 quibus
479 2192 721 2234 quomodolibet
745 2192 917 2225 innodatae

186 2245 334 2285 existunt,
353 2246 392 2278 ad
417 2245 564 2278 ell'ectuin
588 2245 806 2287 praesentium
832 2245 918 2277 dum-

188 2302 272 2330 taxat
291 2297 563 2340 consequendum,
582 2297 695 2329 harum
713 2298 796 2330 serie
814 2298 920 2330 absol-

187 2356 298 2384 ventes
322 2356 355 2383 et
378 2351 541 2383 absolutas
565 2350 631 2382 fore
656 2356 836 2392 censentes,
863 2351 921 2383 liu-

186 2403 328 2440 iusmodi
353 2402 642 2446 supplicationibus
663 2402 819 2442 inclinati,
844 2414 921 2435 con-

191 2457 428 2490 fraternitatem
464 2455 662 2498 praedictam
695 2456 726 2488 in
752 2457 921 2489 arcliicou-

192 2508 427 2542 fraternitatem
450 2518 522 2540 eum
553 2508 701 2541 omnihus
731 2513 763 2540 et
786 2509 922 2551 singulis

194 2561 436 2605 praerogativiS,
451 2561 587 2601 iuribus,
602 2561 778 2593 bonoribus
793 2566 823 2593 et
837 2572 922 2604 prae-

763 208 974 233 ixsocnxrit's
996 209 1026 232 xi
1052 202 1100 232 οἱ).
1605 211 1623 229 ,a

1604 195 1639 230 *l

959 256 1141 288 eminentiis
1165 255 1269 289 solitis
1295 260 1326 289 et
1350 256 1520 294 consuetis,
1550 257 1688 288 auetori-

960 312 1023 341 tate
1048 309 1202 351 praefata,
1226 314 1339 341 tenore
1363 308 1592 351 praesentium,
1617 308 1686 341 sine

958 360 1147 404 cuiusquam
1177 361 1386 404 praeiudicio,
1416 367 1574 403 perpetuo
1603 363 1687 404 pari-

959 417 1008 444 ter
1031 414 1187 456 erigimus
1214 420 1245 446 et
1272 414 1488 453 instituinius;
1518 424 1553 446 ac
1583 414 1685 456 ipsius

957 465 1325 498 archiconfrateruitatis
1349 466 1394 498 sic
1419 472 1543 499 erectae
1568 467 1686 499 officia-

958 515 1041 548 libus
1059 522 1090 549 et
1107 518 1321 550 confratribus
1344 519 1567 560 praesentibus
1583 524 1614 551 et
1639 518 1686 550 fu-

958 568 1053 607 turis,
1086 574 1122 600 nt
1155 569 1215 611 ipsi
1251 570 1329 602 alias
1365 580 1580 612 quascumque
1609 581 1685 603 con-

957 622 1173 654 fraternitates
1212 622 1355 654 eiusdem
1393 622 1528 654 instituti
1548 650 1555 663 ‚
1597 630 1685 656 extra

956 673 1074 706 Urbem
1098 674 1295 716 praedictam
1323 674 1515 717 ubicumque
1541 677 1685 708 locorum

957 726 1151 773 existentes,
1177 726 1283 758 eidem
1307 724 1682 767 arcl'iiconfraternitati,

955 780 1080 810 servata
1105 783 1209 810 tamen
1240 778 1341 810 forma
1372 780 1609 812 constitutionis
1636 792 1685 812 re-

956 830 1110 862 colendae
1134 831 1307 863 memoriae
1329 831 1502 863 Clenientis
1519 832 1601 875 Papa
1622 834 1684 866 Vlll

955 882 1216 925 praedecessoris
1256 884 1376 926 pariter
1412 886 1511 916 nostri
1547 886 1686 929 desuper

955 934 1068 975 editae,
1087 945 1274 977 aggregare,
1299 936 1426 979 illisque
1448 947 1559 969 omnes
1578 944 1609 970 et
1625 940 1686 970 siu-

955 988 1044 1028 gulas
1067 987 1285 1029 indulgentias
1302 993 1333 1020 et
1350 993 1557 1030 peecatorum
1579 991 1686 1022 remis-

955 1039 1063 1071 siones
1088 1050 1123 1071 ac
1149 1040 1424 1081 poenitentiarum
1451 1042 1682 1081 relaxationes,

955 1091 1014 1134 ipsi
1040 1092 1297 1124 confraternitati
1329 1093 1373 1125 sic
1407 1093 1436 1125 in
1467 1094 1686 1127 archicont'ra-

957 1144 1138 1177 ternitatem
1165 1155 1182 1176 a
1206 1145 1300 1177 nobis
1322 1151 1446 1178 erectae
1467 1158 1484 1179 a
1509 1154 1685 1180 memorato

955 1196 1082 1229 Urbano
1107 1197 1359 1240 praedecessore
1385 1206 1575 1239 concessas,
1601 1212 1686 1233 com—

956 1248 1116 1281 municare
1142 1249 1244 1281 libere
1269 1255 1300 1281 et
1324 1249 1409 1282 licite
1430 1252 1555 1292 possint
1579 1257 1611 1284 et
1635 1264 1685 1285 va-

956 1301 1059 1340 leant,
1085 1301 1275 1333 auctoritate
1309 1307 1340 1334 et
1372 1308 1484 1334 tenore
1514 1305 1685 1346 praedictis

956 1353 1066 1385 itidem
1089 1359 1246 1396 perpetuo
1279 1355 1484 1387 concedimus
1519 1361 1550 1388 et
1580 1357 1686 1389 indul-

956 1416 1081 1448 gemus.

999 1457 1014 1499 ,ξ
1037 1457 1069 1489 4.
1100 1457 1316 1491 Decernentes
1344 1460 1472 1492 easdem
1501 1468 1686 1503 praesentes

956 1509 1079 1542 litteras
1094 1520 1222 1554 semper
1234 1510 1350 1551 sirmas,
1363 1513 1482 1545 validas
1497 1519 1529 1545 et
1541 1513 1685 1547 efficaces

956 1563 1095 1594 existere
1122 1569 1153 1595 et
1179 1564 1260 1604 fore,
1294 1575 1433 1607 suosque
1466 1566 1626 1608 plenari0s
1657 1574 1687 1600 et

956 1615 1100 1657 integros
1122 1614 1255 1649 effectus
1283 1617 1390 1649 sortiri
1411 1623 1441 1649 ct
1467 1619 1625 1657 obtinere,
1652 1631 1687 1652 ac

957 1667 1031 1707 illis,
1061 1669 1100 1700 ad
1125 1679 1206 1711 quos
1231 1675 1357 1711 spectat
1389 1675 1420 1702 et.
1450 1682 1510 1713 pro
1542 1678 1685 1715 ternpore

957 1721 1229 1764 quandoeui‘nque
1247 1722 1415 1764 spectabit,
1434 1723 1463 1754 in
1490 1725 1687 1757 omnibus-et

957 1783 1016 1815 per
1036 1773 1143 1805 omnia
1167 1774 1355 1816 plenissime
1380 1774 1565 1817 suffragari,
1593 1783 1624 1810 et
1647 1779 1686 1809 ab

958 1825 1004 1857 eis
1031 1826 1210 1868 respective
1245 1826 1475 1859 inviolabiliter
1505 1829 1684 1868 observari,

957 1877 1067 1920 sicque
1100 1878 1132 1909 in
1168 1878 1352 1920 praemissis
1382 1890 1440 1921 per
1468 1891 1687 1923 quoscumque

958 1931 1080 1963 iudices
1106 1930 1285 1963 ordinarios
1318 1937 1350 1963 et
1381 1932 1561 1974 delegatos,
1593 1934 1688 1965 etiam

958 1993 1121 2014 causarum
1145 1984 1254 2025 palatii
1272 1985 1439 2026 apostolici
1457 1986 1628 2025 auditores,
1645 1986 1688 2017 iu-

958 2034 1058 2067 dicari
1083 2040 1114 2067 et
1138 2035 1263 2067 definiri
1289 2037 1406 2068 debere
1421 2063 1428 2076 ‚
1450 2047 1485 2069 ae
1509 2037 1634 2069 irritum
1657 2043 1688 2069 et

958 2088 1053 2120 inane
1078 2088 1102 2120 si
1129 2099 1222 2120 secus
1259 2100 1356 2132 super
1391 2090 1440 2121 liis
1472 2100 1488 2121 a
1513 2100 1687 2133 quoquam,

959 2141 1069 2184 quavis
1094 2142 1293 2181 auctoritate,
1308 2143 1448 2175 scienter
1470 2144 1519 2176 vel
1541 2144 1690 2186 ignoran-

959 2199 1016 2233 ter,
1032 2194 1205 2236 contigerit
1227 2196 1386 2227 attentari.

1004 2247 1018 2289 ς
1036 2246 1066 2279 5.
1085 2246 1152 2279 Non
1179 2247 1383 2280 obstantibus
1406 2248 1690 2281 constitutionibus

961 2304 993 2331 et
1017 2299 1278 2332 ordinationibus
1302 2300 1499 2342 apostolicis,
1517 2306 1558 2341 et,
1580 2308 1690 2344 quate-

962 2362 1021 2383 nus
1046 2362 1127 2394 opus
1146 2352 1199 2391 sit,
1221 2352 1425 2394 supradictae
1446 2354 1690 2386 confraternita-

965 2403 1014 2443 tis,
1034 2404 1167 2446 aliisque
1186 2404 1363 2447 quibttsvis‚
1386 2405 1479 2437 etiam
1500 2406 1689 2445 iuramento,

964 2456 1207 2488 confirmatione
1225 2457 1419 2499 apostolica,
1434 2459 1484 2490 vel
1509 2459 1621 2500 quavis
1639 2458 1691 2489 fir-

965 2509 1075 2540 mitate
1108 2509 1169 2541 alia
1193 2509 1374 2549 roboratis,
1401 2511 1531 2541 statutis
1557 2516 1584 2541 et
1614 2520 1691 2542 eon-

966 2562 1210 2602 suetudinibus,
1229 2562 1408 2606 privilegiis
1431 2573 1571 2605 quoquo,
1590 2562 1691 2595 indul-

1692 206 1742 231 ΛΠ.
1763 205 1790 231 C,
1813 203 1875 230 1677

1723 1467 1834 1488 clausulae

1750 2250 1880 2270 Ulntiintiuiu

1700 2276 1815 2301 derogatio.
