2111 3157
186 227 234 253 Αη.
251 224 278 252 C.
302 223 368 251 1688
413 213 477 249 798

379 278 411 306 et
435 272 542 306 statim
569 270 679 303 afferet
702 269 790 302 illam
807 267 846 300 ad
870 277 1013 300 mensam
1039 276 1115 299 con-

377 325 592 364 firmatorum,
611 322 665 356 ubi
685 328 771 355 stans
785 326 897 365 aperto
915 319 1029 363 capite,
1042 329 1114 362 pau-

377 380 477 413 lulum
502 379 652 421 porrecta
677 386 782 415 manu,
810 379 842 407 ct
867 373 1000 406 manicis
1022 372 1115 405 redu-

377 432 444 471 ctis,
458 430 609 463 immittet
624 427 729 462 illam¹
749 428 779 460 in
793 438 846 460 vas
858 427 896 460 ad
916 427 979 459 hoc
993 426 1113 458 ibidem

376 489 618 528 praeparatum.
645 482 718 515 Post
736 482 817 514 haec
840 481 925 514 idem
944 479 1115 513 confirma-

377 543 425 570 tor
454 537 546 570 iubet
570 535 788 579 antiquiorem
809 534 1038 577 antiquiorum,
1061 533 1113 576 qui

375 590 529 623 assistunt
552 588 715 628 electioni,
741 588 786 620 ire
813 588 852 620 ad
878 589 985 620 locum
1010 586 1113 629 depu-

376 648 474 675 tatum
494 643 531 676 ad
558 642 767 675 scribendum
792 640 983 674 schedulam
1008 650 1111 680 suam,

374 696 472 729 modo
490 706 554 739 quo
579 706 697 739 supra;
720 695 773 737 qui
791 704 945 734 reversus,
963 693 1113 726 immittet

376 750 465 783 illam
491 749 523 781 in
548 759 612 788 vas,
630 754 665 780 ut
688 747 907 791 supradictum
938 752 999 780 est.
1026 747 1112 779 Idem

374 802 494 836 facient
517 802 572 836 alii
598 802 662 835 duo
688 800 886 843 antiquiores
912 800 1111 840 assistentes,

374 860 407 888 et
423 860 535 899 postea
552 855 652 888 ceteri
667 865 725 898 per
739 854 900 893 ordinem,
920 859 954 886 ut
974 854 1111 896 quisque

373 909 539 952 praecedit
563 907 806 951 antiquioritate
831 906 1055 950 professionis.

415 972 498 996 xxxi.
518 961 692 994 Schedulis
710 961 853 993 omnium
870 959 998 992 iniectis
1019 965 1049 992 et
1067 970 1113 992 re-

373 1015 476 1057 ceptis
504 1014 535 1046 in
557 1024 619 1054 vas,
641 1013 695 1045 ubi
717 1013 772 1046 ille
798 1013 851 1056 qui
876 1014 1008 1045 ultimus
1032 1012 1113 1045 inie-

372 1067 416 1100 cit
433 1078 554 1100 sessum
580 1078 614 1099 se
639 1066 808 1109 receperit,
827 1072 937 1099 monet
955 1067 1112 1099 electores

371 1120 562 1164 principalis
588 1119 799 1152 confirmator
818 1119 959 1151 intentos
980 1129 1050 1152 esse
1066 1130 1113 1151 va-

371 1174 414 1206 sis
440 1173 600 1206 eversioni
634 1178 665 1205 et
690 1172 905 1205 numerationi
940 1173 1113 1205 schedula-

372 1237 455 1259 rum.
476 1226 535 1259 Ubi
553 1227 584 1259 id
603 1226 738 1265 monuit,
762 1226 942 1265 confestim,
958 1227 1041 1259 benc
1059 1236 1112 1258 ex-

371 1282 521 1323 porrecta
550 1290 657 1319 manu,
684 1279 796 1312 evertit
822 1290 875 1312 vas
900 1290 998 1322 super
1022 1290 1113 1312 men-

372 1344 450 1371 sam,
471 1339 503 1365 et
520 1339 669 1366 numerat
686 1333 767 1371 illas,
787 1333 1042 1375 inspectantibus
1061 1343 1113 1364 an-

372 1387 566 1429 tiquioribus
604 1387 657 1429 qui
690 1387 854 1418 assistunt.
880 1386 1026 1419 Nondum
1067 1391 1112 1418 ta-

371 1450 444 1471 men
472 1449 525 1472 eas
551 1440 657 1482 aperit
682 1449 741 1471 nee
766 1439 855 1481 legit,
883 1439 938 1471 sed
964 1444 1112 1471 numerat

373 1492 546 1532 dumtaxat,
563 1497 597 1524 ut
610 1491 773 1533 intelligat
790 1502 829 1524 an
850 1502 1004 1524 numerus
1019 1492 1110 1524 sche-

373 1545 521 1578 dularum
548 1550 707 1587 congruat
731 1555 803 1577 cum
829 1555 964 1577 numero
991 1545 1112 1586 eligen-

373 1597 466 1630 tium.
486 1598 632 1630 Totidem
658 1608 776 1640 nempe
792 1597 912 1630 debent
928 1608 1011 1637 esse,
1035 1602 1112 1640 quot

373 1652 546 1684 electores.
573 1650 603 1683 Si
630 1661 694 1683 non
721 1651 889 1692 congruit,
919 1651 974 1683 sed
1001 1652 1110 1693 plures

372 1711 447 1737 sunt
471 1715 618 1743 numero,
634 1704 779 1737 declarat
803 1704 1014 1747 repetendam
1041 1714 1110 1736 esse

373 1758 576 1797 electionem,
599 1757 764 1799 corrigens
789 1768 859 1789 eum
887 1757 939 1800 qui
967 1757 1110 1789 fraudem

372 1811 456 1849 feeit,
475 1817 509 1843 ut
527 1811 680 1853 respiciat
705 1821 721 1842 a
744 1813 830 1842 tanta
848 1809 986 1852 Spiritus
1003 1809 1109 1841 Sancti

373 1865 570 1897 contumelia
589 1869 619 1896 et
634 1870 758 1906 patrum
773 1868 975 1905 contemptu‘,
992 1868 1023 1895 et
1038 1871 1108 1895 mox

372 1917 405 1949 in
430 1917 576 1950 omnium
602 1922 780 1959 conspectu
813 1916 973 1948 comburit
997 1926 1110 1948 omnes

373 1970 558 2010 schedulas,
578 1975 620 2009 et,
641 1969 665 2001 si
689 1969 819 2011 quidem
843 1975 968 2011 tempus
993 1979 1111 2011 suppe-

372 2023 418 2062 tit,
440 2023 530 2055 iubet
558 2023 636 2055 alias
657 2022 752 2054 scribi
780 2034 796 2054 a
821 2021 957 2063 singulis
984 2021 1014 2053 in
1041 2022 1110 2053 loeo

373 2076 537 2118 deputato,
563 2080 594 2108 et
618 2080 653 2107 ut
677 2085 776 2118 supra
807 2075 839 2107 in
866 2085 917 2106 vas
944 2073 1058 2107 coniici
1081 2079 1111 2106 et

372 2128 548 2161 numerari.

418 2193 514 2215 xxxu.
535 2181 634 2214 Porro
662 2181 686 2213 si
714 2192 862 2213 numerus
882 2180 1108 2213 schedularum

375 2235 557 2273 conveniat,
587 2240 650 2266 tum
677 2235 830 2274 demum,
855 2234 908 2266 ubi
936 2234 966 2265 itt
992 2233 1110 2265 consti-

376 2288 459 2326 terit,
476 2287 672 2330 aperientur,
692 2293 722 2319 et
739 2287 817 2319 rotis
843 2287 1016 2328 diligenter
1037 2296 1109 2317 euu-

376 2341 530 2379 meratis,
555 2347 585 2372 ct
612 2350 758 2373 scorsum
785 2340 815 2371 iu
842 2350 964 2382 pappo
990 2339 1110 2371 ‹leseri-

377 2394 453 2436 ptis,
477 2394 731 2426 considerabunt
749 2392 1002 2431 confirmatores,
1022 2392 1107 2434 quod

374 2445 459 2479 idem
475 2452 524 2478 est
542 2457 576 2478 ac
591 2452 785 2479 scrutatores
804 2446 862 2488 (a),
879 2444 1109 2486 utrumaliquis

411 2525 422 2551 ¹
445 2523 510 2550 Male
526 2524 589 2550 edit.
606 2524 683 2550 Mam.
700 2525 764 2559 legit
779 2524 844 2551 illas
859 2525 897 2554 (n.
914 2526 961 2553 TA.

411 2568 440 2602 a)
456 2568 473 2593 Λ
486 2569 550 2594 solis
566 2568 799 2594 confirmatoribus
810 2568 908 2594 debent
926 2567 1007 2593 xicleri
1025 2570 1049 2591 et
1061 2566 1109 2600 legi

371 2616 437 2647 sota
449 2612 613 2647 eligentium,
627 2617 654 2638 ut
666 2617 807 2644 secretum,
819 2613 843 2637 in
857 2612 906 2638 hoe
920 2611 1021 2638 seriari
1038 2619 1112 2637 mau-

959 216 1138 243 nULLAan
1163 215 1316 241 nontANUM

1158 265 1280 297 electus
1306 263 1346 296 sit
1370 262 1540 297 sufficienti
1566 273 1702 297 numero
1727 266 1889 298 votorum.

1157 317 1292 360 Oportet
1316 322 1435 357 autem,
1453 322 1498 357 ut,
1520 317 1574 361 qui
1592 316 1747 350 canonice
1768 318 1893 353 futurus

1157 371 1196 403 sit
1220 370 1321 414 prior,
1347 371 1469 404 habeat
1493 369 1557 404 tot¹
1581 375 1672 411 vota,
1699 381 1782 414 quae
1799 381 1893 405 exce-

1158 423 1233 456 dant
1264 423 1471 457 medietatem
1505 424 1604 457 totius
1635 430 1812 459 conventus
1835 425 1894 459 eli·

1158 477 1272 519 gentis.
1300 476 1389 514 Quod
1412 476 1436 509 si
1455 477 1565 510 nullus
1590 477 1752 517 habuerit,
1776 477 1894 512 confir·

1157 535 1298 563 matores
1325 530 1387 563 hoc
1412 530 1542 574 publice
1569 531 1824 573 denunciabunt,
1851 537 1893 574 et,

1157 583 1180 615 si
1208 584 1336 626 quidem
1362 584 1473 626 plures
1510 583 1606 617 electi
1631 584 1768 626 fuerint,
1793 585 1895 619 nemi-

1157 646 1229 668 nem
1256 640 1362 668 tamen
1387 636 1618 677 nominabunt,
1637 637 1694 671 sed
1720 639 1823 672 solum
1848 638 1894 671 di-

1156 694 1229 722 cent
1247 694 1327 733 quot
1350 690 1472 722 fuerint
1488 690 1593 730 electi,
1612 696 1644 724 et
1661 696 1740 734 quot
1757 691 1894 736 quisque

1155 743 1325 776 schedulas
1344 749 1373 776 et
1390 749 1462 777 vota
1486 744 1648 778 habuerit.
1665 744 1799 784 Etcum,
1818 755 1895 789 sup·

1155 801 1266 838 putato
1286 801 1432 829 votorum
1454 801 1485 829 et
1501 806 1612 829 eorum
1634 796 1688 840 qui
1706 797 1802 831 electi
1820 802 1896 831 sunt

1155 858 1301 888 numero,
1322 848 1451 891 publice
1469 849 1651 882 constiterit
1667 860 1773 883 coram
1790 850 1895 883 omni-

1156 901 1214 933 bus
1236 901 1399 934 neminem
1425 912 1535 935 eorum
1564 902 1714 936 hahuisse
1738 903 1894 937 sufficien-

1157 960 1220 987 tem
1252 965 1433 994 numerum,
1460 960 1536 988 tunc
1568 955 1689 989 ibidem
1726 965 1834 989 coram
1859 967 1895 990 0-

1156 1007 1282 1039 mnibus
1300 1007 1531 1040 comburentur
1548 1008 1737 1048 schedulae,
1753 1014 1785 1041 et
1798 1008 1893 1043 toties

1155 1061 1347 1093 scribendae
1372 1061 1437 1093 sive
1468 1061 1633 1094 faciendae
1659 1066 1754 1094 erunt
1777 1071 1893 1103 novae,

1156 1113 1260 1146 donec
1279 1113 1394 1156 aliquis
1418 1113 1629 1146 sufficientem
1648 1124 1818 1148 numerum
1837 1115 1894 1149 ha-

1155 1167 1278 1199 buerit:
1304 1166 1366 1199 nisi
1393 1167 1473 1199 forte
1499 1166 1594 1199 toties
1619 1166 1751 1200 effectae
1767 1167 1829 1200 iam
1847 1178 1895 1200 es-

1155 1224 1245 1258 sent,
1271 1225 1306 1251 ut
1330 1219 1363 1251 in
1396 1219 1516 1252 iudicio
1552 1218 1814 1253 confirmatorum
1841 1221 1895 1253 de-

1155 1272 1277 1315 sperari
1304 1273 1343 1305 de
1368 1272 1527 1305 electione
1552 1277 1671 1315 posset,
1689 1277 1721 1305 et
1740 1272 1893 1306 obstinati

1155 1331 1349 1368 apparerent
1374 1325 1485 1358 animi.
1513 1325 1577 1364 Qua
1603 1337 1637 1359 re
1662 1326 1892 1369 contingente,

1155 1379 1343 1412 cessandum
1362 1380 1423 1412 erit
1439 1379 1478 1411 ab
1496 1379 1665 1419 electione,
1681 1389 1718 1412 ac
1737 1390 1796 1423 per
1811 1380 1895 1413 viam

1155 1432 1249 1464 aliam
1269 1432 1393 1464 scilicet
1412 1432 1605 1474 provisionis
1630 1433 1893 1475 procedendum,

1156 1490 1189 1516 ut
1206 1485 1340 1527 negocio
1356 1485 1462 1517 delato
1480 1485 1518 1517 ad
1537 1485 1750 1518 reverendum
1766 1490 1892 1529 patrem

1155 1538 1351 1576 Carthusiae,
1369 1542 1568 1581 expectetur,
1586 1538 1671 1581 quod
1694 1537 1772 1572 ilta⁹
1789 1549 1823 1571 re
1850 1539 1894 1571 in-

1157 1592 1285 1624 tellectu
1300 1591 1557 1634 respoudeatvel
1574 1591 1678 1623 faciat.
1695 1591 1828 1624 Videtur
1840 1602 1893 1624 au-

1156 1650 1217 1676 tem
1237 1644 1330 1676 nobis
1349 1644 1424 1676 satis
1438 1643 1650 1686 probabiliter
1667 1644 1834 1687 desperari
1852 1645 1892 1678 de

1155 1697 1313 1730 electione
1333 1707 1439 1740 posse,
1458 1696 1492 1736 si,
1512 1702 1586 1740 post
1606 1702 1730 1729 ternam
1751 1698 1892 1730 schedu-

1156 1752 1257 1783 larum
1294 1750 1545 1793 repetitionem,
1572 1761 1668 1783 nemo
1700 1750 1890 1784 'inveniatur

1155 1806 1277 1837 electus
1298 1814 1369 1836 cum
1383 1803 1555 1835 sufficienti
1576 1813 1712 1836 numero
1727 1809 1888 1837 votorum.

1197 1867 1304 1890 xxxin.
1325 1856 1440 1888 Verum
1461 1856 1685 1898 permittimus,
1706 1861 1749 1895 ut,
1769 1856 1794 1888 si
1813 1867 1892 1890 con·

1156 1910 1334 1942 firmatores
1351 1909 1459 1951 aliqua
1471 1908 1630 1951 probabili
1645 1918 1701 1951 spe
1716 1909 1888 1950 ducantur,

1155 1964 1279 2006 possint
1303 1962 1399 1995 etiam
1427 1962 1503 1994 dare
1522 1967 1712 2003 quaternam
1735 1971 1890 1995 novarum

1153 2017 1380 2049 schedularum
1395 2020 1426 2047 et
1443 2020 1590 2046 votorum
1605 2014 1888 2057 conscriptionem:

1154 2070 1199 2101 ><ic
1219 2075 1322 2101 tamen
1338 2073 1372 2100 ut
1390 2067 1504 2100 eodem
1524 2067 1575 2099 dic
1598 2071 1629 2099 et
1647 2072 1791 2109 tempore
1808 2067 1889 2100 haec

1154 2123 1246 2163 tiant3
1273 2132 1377 2164 neque
1403 2126 1498 2153 antea
1517 2119 1612 2152 liceat
1633 2120 1744 2162 egredi
1768 2120 1889 2163 capitu-

1154 2178 1228 2214 lum,
1255 2181 1310 2207 aut
1333 2176 1438 2207 locum
1464 2173 1495 2205 in
1527 2183 1591 2215 quo
1616 2174 1799 2206 celebratur
1822 2174 1888 2207 ele-

1152 2230 1238 2268 ctio,
1267 2238 1361 2271 quam
1387 2226 1459 2259 finis
1489 2226 1517 2259 ei
1543 2226 1748 2268 imponatur;
1781 2235 1887 2266 neque

1152 2282 1280 2313 interim
1298 2281 1338 2313 sit
1354 2279 1459 2322 aliqua
1485 2279 1570 2311 inter
1588 2278 1747 2320 eligentes
1765 2284 1797 2311 et
1813 2288 1889 2312 con·

1153 2336 1332 2368 firmatores
1354 2332 1616 2366 communicatio.
1640 2332 1704 2364 llac
1721 2337 1826 2364 autem
1842 2333 1888 2365 ul-

1154 2388 1227 2419 tima
1250 2388 1319 2419 vice
1344 2386 1369 2419 si
1396 2387 1502 2418 nullus
1528 2386 1648 2417 electus
1673 2384 1712 2417 sit
1738 2395 1808 2417 cum
1829 2394 1888 2417 nu-

1151 2477 1242 2502 datum
1262 2484 1329 2502 sess.
1360 2482 1418 2506 xxv,
1449 2483 1507 2509 cap.
1530 2481 1555 2500 vi
1575 2472 1686 2500 Concilii
1714 2472 1884 2509 Tridentini,

1152 2521 1344 2548 convenit-ule?
1363 2520 1530 2546 ObSOUW'RUH‘.

1190 2567 1196 2590 1
1224 2564 1292 2590 Edit.
1311 2564 1388 2589 Malu.
1407 2564 1469 2594 lega
1486 2566 1543 2589 lota
1563 2570 1610 2598 pro
1631 2564 1670 2590 tot
1692 2561 1800 2597 (kt-⁴1¹.)-

1187 2609 1203 2635 2
1224 2608 1321 2635 Forsan
1344 2608 1390 2636 ille
1410 2606 1494 2643 (ns.)

1897 214 1948 243 An.
1965 215 1992 244 C.
2012 217 2078 248 1688
