2111 3157
25 190 74 218 An.
91 188 210 218 0.-1679

39 1139 69 1159 De
91 1144 195 1160 convoca·

13 1165 69 1186 [iona
82 1167 194 1187 vocalium.

40 2399 70 2421 Da
87 2399 196 2427 syndieatu

13 2430 27 2454 Ρ
34 2428 158 2448 vunculis.

214 239 404 272 sententiam
419 239 662 274 declaratoriam
680 240 712 273 in
731 239 861 272 exilium
878 239 945 271 mit-

214 298 299 324 tatur
321 294 370 326 vel
395 293 507 326 missus
529 294 633 333 suerit,
651 304 715 326 non
742 293 943 326 obstantibus

211 345 376 388 praedicto
400 346 495 379 exilio
523 351 554 379 et
585 346 842 389 quibuscumque
870 345 942 377 aliis

212 398 251 430 ad
276 399 422 431 eumdem
452 403 642 431 conventum
677 403 818 441 tempore
856 398 943 430 cele-

211 450 368 483 brationis
383 451 513 494 capituli
535 449 747 493 provinciam,
766 460 942 492 congrega-

212 503 307 535 tionis
343 503 554 536 intermediae
591 504 640 535 vel
672 501 855 541 definitorii,
881 512 940 544 pro

212 554 365 597 suffragio
391 555 522 588 ferendo
551 556 600 588 vel
629 555 659 587 in
686 554 867 587 definitorio
893 554 940 586 iu-

210 607 429 640 risdictionem
453 607 645 647 exercendo,
671 607 773 639 libere
799 611 829 639 et
854 606 937 639 licite

209 659 362 692 accedere
376 660 480 702 possit
503 665 534 692 et
550 661 665 699 valeat,
682 670 741 692 nec
760 664 853 702 pater
869 671 939 702 pro-

208 712 352 744 vincialis
378 717 431 745 aut
456 713 652 755 quicumque
679 712 762 758 alius
789 713 936 745 eumdem

207 763 240 796 in
259 765 311 797 tali
331 775 458 797 accessu
482 766 549 797 ullo
568 765 664 797 modo
690 764 846 807 impedire
869 775 936 807 pos-

207 816 257 856 sit,
272 817 330 849 sub
354 819 460 859 poena
484 817 671 859 privationis
696 817 865 859 utriusque
890 827 938 849 vo-

207 869 252 902 cis
277 879 334 912 per
358 869 612 912 quinquennium
630 870 699 912 ipso
726 869 806 903 sacto
831 870 938 902 incur-

207 922 325 954 renda:
352 921 490 964 capitulo
528 927 633 953 autem
665 921 853 964 provinciali
889 923 936 954 vel

207 975 459 1016 congregatione
484 974 691 1014 intermedia,
718 976 765 1007 vel
797 975 937 1007 delinito-

206 1026 255 1058 rio
281 1037 337 1059 seu
363 1027 553 1061 delinitoriis
579 1027 668 1059 finito
693 1033 724 1060 et
748 1026 856 1067 finitis,
882 1033 937 1059 sta-

208 1078 263 1111 tim
289 1079 430 1118 recedat,
457 1084 488 1111 et
512 1078 641 1111 exilium
665 1084 782 1112 servet.

248 1142 312 1164 xv1.
337 1131 397 1164 Per
420 1131 686 1171 convocatoriam,
702 1143 784 1174 quae
809 1142 825 1164 a
846 1136 936 1174 pati-e

204 1183 394 1226 provinciali
419 1185 469 1216 vel
494 1195 510 1216 a
527 1184 673 1226 quolibet
690 1184 752 1217 alio
773 1184 935 1227 superiori

205 1236 237 1268 in
269 1236 412 1279 capitulo
446 1236 650 1278 provinciali,
683 1236 934 1279 congregatione

204 1287 396 1321 intermedia
413 1289 461 1321 vel
481 1288 543 1320 alia
558 1299 758 1331 quacumque
776 1289 935 1321 electione

202 1340 273 1373 fieri
297 1342 390 1380 solet,
416 1345 610 1373 convocatos
635 1340 771 1382 intelligi
789 1341 935 1372 volumus

204 1397 235 1425 et
259 1393 459 1425 declaramus
483 1402 595 1425 omnes
621 1398 652 1424 et
668 1392 857 1434 singulosin
880 1393 936 1424 ha-

202 1446 271 1479 bitu
296 1448 346 1479 vel
371 1452 453 1485 actu,
471 1446 580 1488 vigore
600 1446 867 1478 constitutionum
884 1446 933 1478 vel

203 1498 361 1542 privilegii
388 1498 542 1541 autquasi
561 1498 777 1540 possessionis
791 1499 829 1531 ad
847 1509 934 1541 prae-

203 1552 360 1594 scriptum
392 1551 511 1584 decreti
544 1553 602 1584 suh
628 1562 763 1584 numero
790 1561 812 1584 11
837 1562 934 1593 supra

203 1603 310 1646 positi,
325 1604 358 1636 in
383 1604 499 1636 iisdem
525 1603 572 1635 ius
597 1604 738 1646 eligendi
768 1604 932 1641 habentes,

203 1662 352 1699 respectu
377 1667 514 1699 quorum
539 1657 629 1689 nulla
652 1657 720 1689 lieri
740 1657 842 1699 possit
861 1668 935 1699 pro-

204 1709 332 1747 hibitio,
346 1719 436 1751 quac,
455 1709 480 1741 si
498 1708 561 1747 siat,
582 1719 640 1751 pro
662 1710 748 1742 nulla
767 1710 931 1749 habeatur,
959 1714 961 1718 ’

204 1765 305 1804 eaque
330 1773 394 1795 non
420 1762 570 1794 obstante
596 1763 635 1795 ad
667 1763 861 1795 electionem
886 1764 934 1795 vel

204 1814 422 1847 definitorium
436 1815 591 1847 accedere
605 1815 731 1857 possint
742 1820 773 1847 et
787 1815 934 1847 debeant.

203 1867 494 1910 Congregationem
537 1867 670 1911 insuper
709 1868 936 1900 intermediam

203 1925 295 1963 pater
320 1919 526 1963 provincialis
552 1926 607 1952 aut
627 1926 735 1953 rector
751 1920 936 1963 provinciae

204 1973 294 2005 nullo
319 1972 439 2005 motivo
453 1972 502 2004 vel
517 1977 684 2014 praetextu
700 1983 872 2015 prerogare
890 1984 936 2004 va-

204 2025 284 2064 leat,
303 2025 358 2057 sed
383 2029 500 2057 statuto
525 2030 668 2068 tempore
686 2025 717 2057 in
736 2025 843 2058 medio
861 2036 938 2067 qua—

205 2078 358 2118 driennii,
383 2078 435 2111 die
460 2078 582 2111 scilicet
607 2088 679 2111 xxiv
704 2079 823 2111 mensis
856 2079 935 2118 iulii,

205 2131 389 2174 praedictae
421 2131 681 2173 congregationis
710 2131 845 2174 primam
871 2142 937 2163 ses-

206 2183 332 2216 sionem
356 2193 416 2227 per
441 2194 474 2216 se
501 2183 548 2215 vel
574 2193 632 2226 per
657 2183 752 2216 alium
771 2184 935 2217 celebrare

205 2241 361 2276 teneatur,
383 2235 442 2268 sub
467 2236 582 2278 poenis
609 2235 796 2278 privationis
820 2238 937 2269 utrius-

206 2299 268 2332 que
285 2289 369 2322 vocis
379 2299 438 2331 per
448 2288 704 2331 quinquennium
716 2290 937 2333 nullitatisque

206 2342 406 2385 agendorum
431 2342 501 2384 ipso
528 2341 610 2374 sacto
630 2341 848 2375 incurrendis.

250 2405 326 2428 xvii.
351 2394 560 2428 Provincialis
591 2404 646 2426 seu
678 2399 786 2427 rector
809 2395 938 2438 provin-

207 2447 287 2488 ciae,
314 2448 423 2490 elapso
448 2447 495 2480 sui
521 2446 616 2480 officii
642 2452 806 2490 tempore,
833 2457 938 2481 coram
962 2492 965 2496 ι

208 2499 394 2533 definitorio
419 2499 548 2543 capituli
574 2498 781 2542 provincialis
796 2505 879 2532 stare
899 2506 938 2532 te-

209 2558 323 2587 neatur
338 2553 457 2586 iudicio
475 2553 658 2598 syndicatus
672 2563 727 2585 seu
746 2553 793 2596 (ut
807 2555 936 2597 vocant>

793 191 1005 216 INNOCENTIL'S
1027 193 1057 216 XI
1083 192 1130 216 PP.

987 240 1204 280 residentiam
1231 240 1430 284 praedictum
1448 246 1552 274 autem
1571 241 1721 274 delinito-

986 292 1077 327 rium.
1088 293 1240 335 privative
1253 294 1354 336 quoad
1371 294 1464 326 aliam
1480 304 1719 337 quamcumque

985 345 1207 379 auctoritatem
1221 348 1269 379 vel
1287 346 1544 379 iurisdictionem
1560 347 1655 379 etiam
1670 357 1721 389 pa-

986 397 1041 428 tris
1064 398 1270 440 provincialis
1289 404 1319 432 et
1336 399 1597 442 congregationis
1620 399 1720 431 inter-

985 449 1120 489 mediae,
1137 456 1201 482 tum
1219 451 1257 482 ad
1278 450 1460 484 instantiam
1482 451 1629 494 partium,
1649 456 1718 484 tum

984 512 1019 533 ex
1035 501 1153 541 officio,
1170 503 1208 534 de
1224 503 1406 535 excessibus
1429 504 1717 536 administrationis

983 553 1088 593 officii,
1108 565 1234 587 necnon
1252 556 1477 598 personalibus
1497 557 1630 589 durante
1648 556 1718 589 offi-

982 605 1029 638 cio
1048 607 1236 647 commissis,
1255 613 1351 649 prout
1369 608 1407 640 de
1432 608 1511 648 iure,
1536 608 1714 651 inquirere,

982 658 1120 691 iudicare
1135 664 1165 691 et
1182 659 1396 692 determinare
1414 664 1572 693 teneatur.
1588 661 1715 701 Verum,

981 711 1006 741 si
1031 710 1136 753 aliqua
1156 712 1204 743 vel
1227 711 1351 754 aliquae
1378 717 1490 744 contra
1514 718 1638 754 patrem
1663 721 1716 745 ex-

982 764 1260 805 traprovincialem
1277 769 1329 796 aut
1351 769 1510 797 rectorem
1529 765 1713 807 provinciae

980 816 1165 848 deserantur
1189 827 1302 849 causae
1325 827 1407 859 quae
1426 827 1442 849 a
1459 817 1643 850 definitorio
1664 828 1715 850 ca-

980 868 1069 910 pituli
1096 869 1301 911 provincialis
1326 869 1408 901 intra
1433 870 1616 912 quindecim
1644 870 1712 902 dies

980 931 1053 953 suae
1079 922 1257 954 durationis
1282 923 1408 955 definiri
1434 928 1610 965 nequeant,
1635 923 1714 955 defi-

981 974 1098 1006 nitorio
1116 974 1246 1016 capituli
1268 975 1397 1017 privati,
1417 974 1466 1007 cui
1493 975 1712 1017 praesentium

980 1031 1169 1059 statutorum
1197 1032 1291 1069 atque
1318 1027 1574 1060 declarationum
1602 1028 1712 1070 vigore

980 1079 1082 1111 omnis
1104 1079 1234 1112 facultas
1254 1080 1394 1122 desuper
1410 1080 1595 1113 neccssaria
1612 1086 1641 1113 et
1660 1091 1713 1123 op-

980 1137 1117 1173 portuna
1133 1136 1291 1174 perpetuo
1310 1132 1498 1165 conceditur
1512 1139 1542 1165 et
1558 1143 1713 1166 concessa

979 1184 1180 1224 declaratur,
1207 1185 1410 1223 deserantur,
1439 1191 1596 1227 quatenus
1629 1185 1713 1217 intra

981 1236 1151 1267 terminum
1176 1236 1357 1278 praecisum
1383 1237 1517 1269 duorum
1550 1238 1712 1270 mensium

978 1299 1104 1320 causam
1117 1290 1164 1321 vel
1179 1300 1292 1321 causas
1306 1290 1365 1321 sibi
1379 1290 1511 1328 delataS,
1524 1296 1619 1333 prout
1633 1291 1710 1323 iuris

980 1340 1083 1380 l'uerit,
1103 1340 1191 1372 finiat
1216 1346 1246 1372 et
1270 1341 1474 1381 determinet,
1499 1341 1654 1384 finireque
1681 1347 1712 1375 et

978 1393 1190 1426 determinare
1210 1394 1342 1426 omnino
1361 1399 1527 1434 teneatur3
1547 1395 1713 1437 exprovin-

977 1446 1064 1477 cialis
1086 1452 1191 1478 autem
1215 1447 1262 1478 vel
1284 1452 1391 1480 rector
1413 1447 1607 1490 provinciae,
1634 1458 1712 1490 quo-

977 1509 1076 1541 usque
1094 1498 1247 1531 iudicium
1273 1499 1455 1542 syndicatus
1475 1500 1711 1533 sententialiter

977 1552 1159 1584 absolutum
1175 1563 1240 1584 nen
1260 1552 1364 1591 suerit,
1380 1552 1418 1584 ad
1434 1564 1653 1596 quaecumque
1668 1553 1709 1586 os-

977 1603 1047 1636 licia
1070 1604 1165 1637 etiam
1181 1605 1312 1637 minima
1329 1604 1482 1637 inhabilis
1507 1606 1638 1638 omnino
1659 1616 1710 1637 re-

977 1662 1113 1689 maneat.

1020 1720 1108 1743 xviii.
1136 1709 1408 1754 Quandocumque
1436 1711 1611 1754 contigerit
1636 1711 1709 1744 reli-

979 1815 1163 1856 provinciae
1195 1815 1337 1853 Quitensi
1367 1817 1507 1857 astiliari,
1540 1822 1607 1849 tum
1636 1805 1768 1850 con-biii'c'

979 1868 1141 1900 firmantes
1166 1873 1197 1900 et
1215 1869 1332 1911 partim
1351 1870 1559 1902 moderantes
1582 1871 1710 1902 decreta

980 1920 1324 1953 reverendissimorum
1350 1927 1478 1964 patrum
1496 1923 1528 1954 in
1547 1923 1710 1965 praedicta

979 1972 1139 2015 provincia
1164 1973 1313 2013 admissa,
1332 1984 1457 2007 necnon
1475 1975 1561 2007 iuxta
1579 1976 1710 2007 decreta

979 2025 1107 2067 capituli
1127 2026 1287 2068 generalis
1307 2026 1461 2059 celebrati
1481 2037 1565 2059 anno
1580 2037 1709 2068 mecm,

980 2083 1041 2110 tam
1074 2078 1233 2110 licentiam
1271 2089 1287 2111 a
1312 2084 1401 2121 patre
1437 2079 1709 2112 reverendissimo

980 2131 1121 2172 generali
1157 2131 1189 2162 in
1220 2131 1349 2174 scriptis
1383 2131 1582 2171 habendam,
1614 2142 1710 2174 quam

979 2193 1171 2215 consensum
1185 2183 1407 2216 authenticum
1421 2183 1587 2227 utriusque
1604 2183 1713 2216 desini-

982 2236 1052 2268 torii
1074 2238 1186 2269 saltem
1201 2237 1315 2280 privati
1331 2237 1425 2269 unius
1443 2243 1473 2269 et
1489 2237 1622 2269 alterius
1637 2247 1713 2280 pro-

981 2289 1112 2328 vinciae,
1130 2300 1150 2321 a
1167 2300 1232 2332 qua
1254 2289 1379 2322 scilicet
1404 2295 1435 2322 et
1458 2290 1500 2322 ad
1525 2301 1631 2333 quam,
1650 2301 1709 2333 pro

980 2342 1142 2375 validitate
1179 2342 1372 2375 astiliationis
1404 2343 1536 2376 omnino
1573 2344 1714 2376 interve·

982 2395 1050 2427 nire
1072 2396 1189 2427 debere
1208 2395 1414 2428 decernimus
1438 2401 1470 2428 et
1492 2396 1712 2438 declarainus;

981 2458 1072 2480 secus
1097 2447 1238 2480 assiliatio
1275 2447 1365 2480 irrita
1401 2453 1433 2481 et
1456 2447 1545 2481 nulla
1577 2449 1617 2481 sit
1640 2449 1712 2491 ipso

983 2502 1063 2533 sacto
1082 2505 1113 2533 et
1130 2501 1250 2543 absque
1271 2501 1332 2533 alia
1351 2501 1579 2534 declaratione.
1599 2501 1714 2535 Nullus

982 2554 1057 2586 item
1075 2553 1205 2586 alterius
1218 2553 1414 2597 provinciae,
1426 2553 1486 2587 nisi
1501 2553 1591 2596 prius
1606 2554 1713 2590 eidem

1605 173 1682 217 'i57
1727 173 1821 221 Αἷιζο.
1844 193 1911 221 ¹679

1772 1719 1800 1739 De
1822 1720 1900 1740 adseri·

1719 1747 1789 1771 ptime
1819 1747 1900 1771 religio-

978 1762 1082 1803 giosos
1108 1763 1239 1795 alterius
1264 1764 1448 1806 provinciae
1467 1766 1615 1797 alumnos
1634 1764 1787 1817 huicsoruffj
1811 1774 1892 1817 :“,''·‚¹‚,''¹'¹

1783 1826 1884 1848 Quitensi.
