2111 3157
182 199 232 224 An.
250 196 277 224 c,
301 197 367 225 1689
412 188 476 222 94⁶2

204 262 365 282 pff-omnism-
420 247 552 281 praeses
572 256 736 280 carcerum
761 256 825 278 non
851 244 1011 278 concedat
1030 242 1113 275 inhi-

184 296 254 311 “mm
357 300 517 348 3bitiones
532 306 562 333 et
576 310 639 332 non
654 304 808 342 φανείην
822 297 1023 331 debitoribus
1037 305 1112 328 non-

379 356 454 389 dum
471 354 639 388 carceratis
656 354 765 395 rigore
784 350 1029 388 memorialium,
1048 348 1110 381 nisi

378 409 409 441 in
430 408 491 441 illis
517 407 602 439 adsit
625 405 774 448 specialis
793 404 872 436 ordo
894 401 1108 435 Sanctissimi.

422 462 490 494 Non
516 461 741 497 decernantur,
766 467 872 499 neque
892 455 971 487 siant
994 454 1033 486 ab
1058 453 1113 486 ali-

379 525 441 557 quo
464 513 569 546 iudice
594 511 799 544 executiones
815 519 911 551 super
930 506 1047 540 belluis
1065 506 1113 538 in-

378 566 592 600 servientibus
613 575 672 608 pro
693 563 897 596 confectione
922 559 1062 603 pulveris
1081 564 1113 591 et

379 619 516 659 salnitri,
544 619 594 650 vel
620 615 792 655 caldariis,
817 619 869 646 aut
894 613 964 646 aliis
996 611 1114 644 instru-

378 673 519 712 mentis,
546 671 607 703 nisi
634 681 693 713 pro
720 668 836 702 debitis
862 665 1112 710 particularibus

379 727 537 768 appaltus,
556 724 603 757 vel
625 722 857 760 ministrorum,
876 720 962 753 iuxta
979 719 1112 752 sormam

378 778 676 811 bannimcntorum.

423 829 636 862 lnhibitiones
660 828 699 861 ad
724 827 864 859 savorem
884 830 1045 858 textorum
1071 833 1115 855 ar·

380 884 420 916 tis
439 885 529 916 lanae
555 882 588 914 in
613 887 777 924 posterum
807 890 869 912 non
897 877 1116 910 concedantur

381 936 443 969 nisi
470 936 508 968 de
535 935 648 967 ordine
673 930 936 966 Eminentissimi.

424 988 637 1021 lnliibitiones
655 984 849 1018 venerabilis
868 982 1008 1015 fabricae
1026 980 1116 1013 Prin—

381 1042 461 1085 cipis
487 1040 711 1083 Apostolorum
743 1036 1030 1081 procuratoribus,
1058 1044 1116 1066 no·

381 1094 473 1133 uxrio,
490 1092 658 1131 ministris,
672 1090 843 1134 operariis,
862 1094 893 1122 et
914 1089 1116 1131 quibuscum-

381 1157 442 1190 que
469 1146 539 1179 aliis
558 1145 590 1177 in
609 1151 772 1187 posterum
798 1153 860 1175 non
886 1141 1116 1179 concedantur,

382 1206 415 1232 et
434 1200 601 1241 hueusque
629 1207 801 1230 concessae
828 1196 917 1227 nullo
937 1194 1031 1226 modo
1051 1192 1116 1225 sus-

382 1253 546 1294 sragentur
563 1250 622 1283 nisi
653 1260 711 1293 pro
735 1250 832 1281 rebus
856 1248 1003 1281 camdem
1022 1245 1117 1278 sabri-

381 1316 448 1337 can]
474 1303 763 1337 concernentibus.

187 1365 373 1412 „11¹,i?<³¹³c¹.2*.li,¹.³‚27
425 1356 675 1390 Eininentissimi
694 1355 873 1387 cardinales
891 1353 1118 1396 archipresby-

188 1420 370 1449 maroneae-1³5-
384 1411 441 1443 teti
467 1411 498 1442 S.
526 1409 653 1442 Ioannis
677 1407 913 1445 Lateranensis,
931 1406 961 1438 S.
981 1405 1065 1438 Petri
1088 1410 1119 1437 et

188 1449 241 1471 ‘en'
382 1464 413 1496 S.
441 1463 556 1495 Mariae
582 1461 710 1494 Maioris
741 1470 805 1493 non
831 1459 1010 1492 concedant
1035 1458 1119 1491 inlii-

383 1517 522 1548 bitiones
545 1515 723 1557 generales,
742 1524 796 1545 seu
812 1513 1034 1555 particulares,
1051 1516 1117 1543 tan-

384 1569 545 1602 tummodo
571 1568 663 1599 citata
687 1572 789 1609 parte,
807 1571 838 1598 et
858 1565 943 1597 iuxta
963 1564 1116 1596 terminos

382 1622 626 1665 privilegiorum
662 1619 912 1662 apostolicorum
939 1618 1115 1656 dumtaxat,

382 1682 414 1708 et
443 1676 520 1708 alias
539 1684 710 1707 concessae
737 1683 802 1705 non
823 1677 998 1711 serventur,
1027 1676 1059 1704 et
1083 1671 1118 1703 li-

382 1728 467 1766 bere,
490 1727 535 1759 eis
562 1737 624 1759 non
648 1725 859 1764 obstantibus,
885 1724 938 1756 fiat
962 1723 1117 1756 executio.

424 1781 667 1823 Emphyteutae,
697 1778 868 1821 inquilini,
894 1777 1012 1815 coloni,
1039 1777 1118 1809 affit—

383 1833 477 1866 tuarii
504 1838 535 1865 et
559 1834 776 1865 conductores
794 1841 857 1863 non
879 1830 1039 1872 gaudeant
1056 1829 1119 1872 pri-

382 1886 505 1928 vilegiis
531 1885 726 1928 supradictis
756 1884 814 1916 nisi
849 1883 978 1926 quando
1014 1882 1119 1925 agitur

384 1939 423 1972 de
448 1939 608 1971 interesse
635 1937 790 1970 ecclesiae
807 1963 814 1976 ,
844 1941 875 1968 et
909 1934 1046 1968 ecclesia
1069 1940 1119 1967 est

384 1992 417 2024 in
442 1994 551 2024 causa.

428 2044 644 2077 Inhibitiones
669 2043 838 2085 hospitalis
863 2041 894 2074 S.
922 2041 1013 2081 Sixti,
1039 2040 1120 2074 Neo·

385 2098 555 2140 phytorum
577 2102 608 2128 et
632 2096 960 2134 Cateeliuinenorum,
985 2096 1118 2127 Annun-

377 2150 542 2189 ,riatae,S.
560 2149 713 2187 Marcelli,
729 2148 967 2190 Orphanoruin,
983 2147 1035 2180 SS.
1053 2146 1120 2178 Tri-

386 2203 507 2243 nitatis,
532 2202 562 2235 S.
583 2201 771 2244 Hieronymi
792 2200 972 2240 Chai-itatis,
992 2205 1023 2233 et
1041 2210 1119 2242 quo-

386 2266 595 2298 rumcumque
615 2257 758 2288 locorum
784 2254 923 2296 piorum,
941 2253 1036 2285 etiam
1058 2253 1118 2284 sub

386 2308 588 2351 protectione
624 2306 952 2340 eminentissimorum
977 2306 1119 2338 cardina-

387 2362 472 2401 lium,
499 2371 563 2393 non
589 2361 725 2397 dentur,
748 2359 809 2390 nisi
836 2364 924 2401 parte
951 2358 1062 2397 citata,
1089 2364 1120 2390 et

388 2414 514 2455 quando
540 2413 644 2454 agitur
676 2413 714 2444 de
740 2413 838 2444 rebus
874 2413 922 2443 vel
959 2412 1117 2444 interesse

388 2466 543 2498 dictorum
569 2467 714 2498 locorum
741 2465 888 2507 piorum,
916 2470 946 2496 et
971 2464 1009 2496 ad
1037 2465 1118 2496 t'ato—

390 2529 455 2550 rem
480 2518 694 2551 ministrorum
721 2523 794 2550 actu
828 2524 858 2550 et
883 2518 1031 2550 mercede
1059 2516 1119 2549 illis

389 2571 643 2603 i12÷ervieiiti1un.

212 475 242 496 1⁸⁸⁶
262 474 368 495 intumen-

185 504 245 523 nutai-
257 508 293 527 pro
305 503 368 521 certis

185 534 263 550 rebus:

201 842 239 861 rra
254 841 368 863 texturibus

187 868 247 888 lana-e
259 876 263 892 ;

227 999 266 1018 Pro
289 998 370 1018 fabrita

187 1025 210 1046 S.
227 1025 291 1045 Petri.

219 2052 318 2072 Lacr-rum
329 2051 373 2076 pio-

192 2083 243 2098 Iuni.

948 185 1136 219 'nrt'ixmcu
1161 195 1310 219 noxixxun

1887 188 1988 222 ''An.(2.
2012 195 2077 224 ¹689

1198 243 1243 275 Ad
1269 242 1456 275 instantiam
1488 238 1666 277 locatorum
1690 241 1817 276 aedium
1845 253 1886 275 ne
1914 257 2076 281 neexocuuona

1154 294 1207 327 fiat
1223 296 1331 338 aliqua
1351 296 1522 338 exequutio
1547 306 1644 339 super
1666 295 1761 328 bonis
1776 305 1793 327 a
1810 305 1887 328 con·
1896 285 2077 334 iliani'rlilif'ussffl

1154 347 1284 380 ductore
1309 347 1455 379 invectis.
1898 337 1962 357 d'u'n'

1197 401 1242 432 Ad
1262 401 1447 433 instantiam
1466 399 1578 443 patris⁴
1593 411 1632 434 ne
1647 400 1700 433 fiat
1717 401 1887 444 exequutio
1915 416 2034 445 paramo
2044 417 2079 439 00.

1154 463 1212 495 pro
1238 453 1354 485 debitis
1386 452 1443 486 filii
1477 464 1575 496 super
1609 453 1702 487 bonis
1732 453 1765 486 in
1791 442 1943 487 domobno
1957 443 2009 468 '³¹⁶⁵

1154 506 1316 539 communi
1341 506 1484 539 habitata
1501 506 1725 548 existentibus;
1748 508 1823 540 item
1848 518 1889 541 ne

1154 560 1209 592 siat
1233 570 1329 603 super
1353 559 1452 603 pallio
1478 560 1565 602 quod
1591 558 1674 593 tilius
1697 566 1810 604 gestat.

1199 613 1246 645 Ad
1261 612 1447 645 instantiam
1465 612 1584 645 domini
1611 613 1725 646 domus
1747 615 1796 647 vel
1813 624 1889 650 con·
1917 624 2080 647 Dominidnmns

1156 664 1296 698 ductoris
1321 675 1360 697 ne
1380 665 1434 697 fiat
1462 665 1637 707 exequutio
1661 665 1694 698 in
1719 666 1814 699 domo
1830 653 1932 699 suavel
1948 652 2080 673 ⁰⁰⁰⁴¹⁰⁰²⁰⁸⁸

1158 719 1205 751 vel
1231 718 1269 750 ab
1294 727 1333 750 eo
1354 718 1513 750 conducta
1537 728 1596 761 pro
1620 718 1729 752 debito
1753 719 1891 752 cuiusvis

1157 779 1316 813 personae
1341 770 1437 803 etiam
1462 770 1689 811 coliabitantis,
1713 771 1823 813 vigore
1844 778 1892 804 te·
1929 782 1954 803 vi
1969 782 2064 808 nemum

1157 823 1251 855 stium
1266 823 1531 863 examinatorum,
1548 824 1663 866 quibus
1677 824 1709 856 in
1724 824 1801 858 actis
1819 825 1891 868 quis

1158 876 1343 918 probaverit
1367 876 1441 908 talia
1465 877 1550 909 bona
1575 887 1646 909 esse
1672 877 1829 917 instantis
1851 877 1891 910 ad

1158 929 1382 972 impediendas
1407 929 1613 963 executiones
1645 929 1786 965 cuiusvis
1813 931 1891 963 alte-

1158 983 1234 1014 rius.

1202 1035 1247 1067 Ad
1279 1034 1465 1068 instantiam
1498 1034 1694 1068 filiifamilias
1720 1034 1758 1069 ad
1791 1035 1892 1078 impe·
1927 1042 2067 1064 Filiiramitian

1159 1089 1291 1123 diendas
1318 1088 1527 1120 executiones
1546 1094 1655 1121 contra
1673 1099 1744 1121 eum
1769 1089 1894 1121 relaxa-

1160 1146 1206 1173 tas
1223 1141 1272 1172 rel
1290 1140 1490 1180 relaxandas,
1513 1140 1571 1172 sub
1590 1146 1760 1183 praetextu
1785 1140 1893 1173 statuti

1159 1193 1356 1225 annullantis
1374 1198 1556 1225 contractus
1579 1193 1869 1226 tiliorumsamiliaS.

1203 1247 1248 1278 Ad
1275 1246 1462 1278 instantiam
1486 1246 1556 1287 viri,
1577 1257 1615 1278 ne
1641 1245 1696 1278 fiat
1720 1246 1893 1289 exequutio
1931 1254 2053 1280 visanum

1159 1310 1255 1342 super
1280 1299 1374 1332 bonis
1398 1299 1431 1331 in
1456 1300 1552 1332 domo
1582 1310 1640 1341 per
1664 1310 1736 1332 eum
1762 1299 1896 1332 coniun-

1160 1352 1235 1384 ctim
1262 1362 1333 1384 cum
1365 1363 1462 1384 uxore
1488 1352 1630 1385 habitata
1660 1352 1893 1392 existentibus,

1161 1406 1270 1446 vigere
1288 1405 1512 1437 mandatorum
1532 1411 1644 1438 contra
1659 1416 1791 1438 uxorem
1813 1405 1896 1438 rela-

1163 1464 1328 1498 xatorum,
1354 1458 1464 1500 vigore
1490 1458 1599 1490 statuti
1623 1469 1680 1500 pro
1705 1458 1895 1492 mulieribus

1162 1510 1320 1552 obligatis,
1346 1510 1469 1553 absque
1500 1511 1629 1542 decreto
1655 1516 1687 1542 et
1710 1511 1896 1543 solemnita-

1164 1564 1259 1595 tibus.

1206 1616 1357 1649 Inliibitio
1383 1616 1498 1648 dotalis
1523 1620 1659 1658 propter
1683 1615 1896 1658 hypothecam
1927 1625 2086 1646 Deinhibiunne

1162 1669 1269 1701 uxoris
1294 1669 1326 1701 in
1352 1669 1447 1702 bonis
1471 1669 1540 1709 viri,
1570 1668 1632 1701 nisi
1659 1679 1814 1711 expresso
1840 1652 1980 1701 no-dofflh

1164 1723 1265 1761 tario,
1290 1722 1340 1755 die
1366 1728 1397 1754 et
1429 1732 1514 1754 anno
1550 1732 1615 1764 quo
1650 1721 1898 1756 instrumentum

1163 1777 1246 1809 dotis
1275 1776 1333 1808 suit
1357 1781 1515 1817 rogatum.

1207 1830 1252 1862 Ad
1271 1829 1458 1861 instantiam
1476 1827 1654 1860 venditoris
1673 1827 1780 1870 rigore
1798 1838 1900 1860 reser-
1929 1836 2087 1866 Ani-mianum

1162 1882 1297 1915 vationis
1316 1881 1458 1915 domini²
1480 1892 1576 1923 super
1602 1891 1636 1913 re
1654 1880 1791 1921 vendita,
1809 1891 1850 1914 ne
1866 1862 2029 1924 inf⁰⁰⁶¹¹⁰m⁸

1163 1938 1199 1968 ea
1225 1935 1277 1967 [iat
1308 1933 1481 1977 exequutio
1514 1944 1572 1976 pro
1605 1933 1715 1966 debite
1747 1933 1900 1976 emptoris

1162 1994 1215 2020 aut
1240 1988 1302 2020 alio
1328 1987 1493 2029 quopiam.

1207 2041 1253 2074 Ad
1278 2039 1465 2073 instantiam
1499 2038 1754 2078 commodantis,
1780 2049 1821 2070 ne
1847 2037 1901 2070 fiat

1163 2093 1337 2136 exequutio
1363 2102 1460 2135 super
1484 2102 1517 2124 re
1544 2092 1746 2124 commodata
1766 2087 1824 2134 pro
1845 2091 1901 2123 de-

1162 2147 1230 2179 bito
1256 2145 1516 2179 commodatarii.
1543 2144 1660 2186 Yigore
1685 2149 1799 2186 captae
1829 2153 1901 2186 pos-

1162 2199 1316 2232 sessionis
1333 2199 1371 2231 tle
1390 2197 1504 2231 iudicis
1522 2198 1682 2236 mandato,
1696 2207 1735 2229 ne
1754 2197 1835 2229 alter
1848 2207 1887 2228 au

1163 2253 1235 2285 deat
1260 2252 1403 2285 eiusdem
1429 2251 1475 2284 rei
1502 2250 1743 2293 possessionem
1769 2259 1897 2292 capere,

1163 2306 1222 2338 nisi
1248 2306 1346 2338 citato
1366 2316 1403 2338 eo
1429 2305 1483 2348 qui
1510 2304 1570 2336 suit
1594 2314 1611 2336 a
1636 2303 1751 2343 iudice,
1770 2303 1818 2336 vel
1844 2302 1900 2336 im-

1163 2359 1288 2398 missus,
1313 2359 1361 2390 vel
1387 2363 1606 2395 manutentus,
1623 2357 1670 2388 vel
1689 2366 1725 2388 ex
1745 2365 1900 2398 quacum-

1163 2422 1300 2454 cumque
1325 2413 1420 2443 causa
1445 2409 1633 2442 associatus.

1207 2464 1363 2496 Adversus
1388 2462 1537 2494 mandata
1567 2460 1756 2504 suspicionis
1783 2460 1897 2502 sugae,
1923 2466 2088 2489 Adra-suamn-

1963 2045 1987 2065 Vi
1997 2073 2000 2075 .
2014 2046 2088 2076 captu

1909 2077 2056 2098 possessivum

1199 2536 1207 2559 1
1232 2533 1299 2559 Mate
1319 2533 1383 2559 edit.
1405 2531 1484 2558 Μαίη.
1505 2531 1569 2563 legit
1588 2531 1681 2563 partis
1701 2533 1738 2563 (n.
1759 2530 1808 2563 T.).

1198 2577 1212 2603 ἐξ
1235 2576 1332 2603 Forsan
1354 2576 1478 2604 domimi
1499 2582 1534 2608 ω’.
1563 2582 1607 2608 1.).
