2111 3157
197 186 244 211 An.
267 185 295 210 c.
317 184 382 211 loss
430 174 492 207 75¹2

388 232 484 263 Caper
507 240 584 261 xxiv.
608 231 646 260 De
670 230 906 269 reprehensione.

427 297 464 303 --
486 289 553 310 XXV.
578 279 615 309 De
638 279 803 308 criminosis
825 282 853 307 et
876 277 1015 315 fugitivis.

425 345 464 353 —
486 337 562 358 xxvi.
587 327 738 358 Conclusio
759 330 944 356 statutorum.

594 402 687 423 Not'AE
710 400 918 422 COLLECTIONIS

466 449 663 473 STATCTORt‘M
685 449 800 470 onnlxls
824 447 1053 469 GAR'rnt'StENsls

635 499 708 520 PARS
731 498 873 519 SECt'xDA.

234 563 301 583 Cim
321 562 334 582 1,

363 588 366 591 ‚
431 560 452 584 1.
469 550 561 582 Anno
579 548 703 581 Domini
721 546 866 582 nomini*
885 547 987 580 visum
1009 552 1057 580 est
1076 558 1126 579 ca-

194 588 494 647 „÷J.'X1.¹J'L'.¹';2'.AEIpitulo
531 601 685 644 generali,
723 601 807 644 qnod
841 611 953 634 omnes
985 600 1123 642 scriptae

190 641 376 697 ἶὲέῖἶὶιῗιξτζῖῗῖἒῖξῖξὲ
388 655 639 688 consuetudines
664 659 696 686 et
715 659 832 687 statuta
856 654 986 687 Ordinis
1012 653 1124 691 nostri,

193 695 470 750 iii0¹¹¹⁰emnfssif1¹1⁴iissqnae
492 707 523 740 in
543 707 683 750 antiquis
703 712 734 739 et
751 707 842 739 novis
863 718 899 739 ac
921 706 1016 739 tertia
1039 717 1125 739 com-

193 748 543 803 lllZ-‘Yess'isssillffipilatione
563 758 708 802 dispersa
729 765 832 798 erant,
848 759 944 792 simul
967 759 999 791 in
1016 770 1123 800 unam,

192 799 374 850 51¹gflssltt’.‘·⁵⁶⁰s·
386 817 541 857 quantum
566 811 723 855 possibile
748 812 841 852 soret,
869 817 1124 854 aggregarentur

385 866 645 906 consonantiam,
669 871 703 898 ut
727 866 865 899 inveniri
891 867 995 907 citius,
1022 872 1053 899 et
1080 868 1123 899 sa-

386 919 480 952 cilins
516 924 650 962 possent
680 920 855 953 memoriae
888 920 1120 953 commendari.

384 970 415 1004 Si
442 982 524 1015 quae
556 982 631 1004 vero
663 972 813 1005 addenda
842 973 891 1005 vel
918 973 1121 1005 emendanda

383 1029 499 1063 essent,
522 1023 719 1056 adderentur
742 1025 790 1057 vel
817 1025 1082 1058 emendarentur.

427 1087 462 1110 n.
491 1076 581 1115 Quod
601 1088 682 1120 opus
699 1079 883 1120 perplures
907 1088 1009 1111 annos
1029 1089 1045 1110 a
1059 1089 1120 1121 pa-

382 1129 484 1162 tribus
509 1129 637 1162 Ordinis
663 1129 746 1162 serio
772 1135 803 1162 et
828 1135 950 1163 mature
982 1131 1119 1163 revisum

381 1187 413 1215 et
438 1182 668 1222 examinatum,
695 1183 825 1215 tandem
842 1194 926 1216 anno
944 1194 1117 1224 MDLxxvlil,

381 1235 573 1268 auctoritate
611 1235 752 1268 eiusdem
789 1236 922 1279 capituli
948 1237 1118 1279 generalis,

381 1288 544 1331 totiusque
562 1293 741 1321 conventus
753 1287 941 1322 Cartbnsiae
960 1299 1117 1322 consensu

381 1347 414 1374 et
438 1341 585 1381 consilio,
618 1342 650 1374 in
682 1347 887 1385 praesentem
912 1343 1046 1375 sormam
1073 1349 1117 1376 est

380 1394 556 1434 redactum,
581 1400 612 1427 et
637 1405 694 1437 per
720 1395 779 1428 tria
804 1395 945 1438 capitula
962 1396 1118 1438 approba-
1140 1417 1141 1420 =

382 1452 449 1480 tum
474 1453 506 1480 et
529 1447 764 1480 confirmatum.

426 1510 472 1533 111.
500 1500 599 1533 Huius
617 1506 722 1532 antem
749 1501 855 1543 operis
875 1507 938 1534 tres
957 1507 1032 1534 sunt
1047 1513 1118 1546 par-

381 1557 443 1586 tes.
471 1552 609 1590 Quarum
644 1553 747 1595 prima
784 1554 929 1587 continet
965 1565 1011 1593 ea,
1038 1566 1118 1598 qnae

382 1606 421 1639 ad
448 1606 641 1639 nnisormeni
668 1606 763 1638 ritum
790 1618 824 1639 ac
856 1608 988 1640 modun]
1013 1608 1119 1641 divina

382 1658 568 1692 celebrandi
600 1658 703 1691 officia
734 1659 764 1692 in
790 1659 908 1693 Ordine
940 1666 1051 1694 nostro
1076 1651 1141 1694 fast

381 1710 478 1751 ciunt,
505 1722 600 1755 quam
627 1717 800 1755 propterea
824 1713 909 1745 idem
941 1714 1117 1756 capitulum

382 1764 483 1797 voluit
513 1764 571 1796 snb
594 1763 769 1797 Ortlinarii
793 1766 922 1798 nomine
947 1767 1118 1809 separatim
1139 1782 1141 1789 ¹

381 1828 399 1850 a
434 1816 565 1860 reliquis
602 1817 746 1860 partibus
779 1818 859 1860 typis
896 1818 1051 1857 mandari,
1085 1825 1119 1851 nt

381 1869 532 1902 monachi
570 1880 682 1902 omnes
720 1869 844 1902 facilins
880 1876 1014 1913 possent
1050 1882 1119 1904 eam

382 1923 555 1964 diligenter
579 1928 610 1955 et
634 1933 705 1954 enm
732 1923 865 1963 iudicio,
885 1924 1011 1966 quoties
1038 1935 1119 1967 opus

383 1975 489 2014 suerit,
518 1975 629 2017 legere
666 1980 697 2007 et
732 1976 926 2008 consulere:
963 1982 1120 2019 quatenns

385 2027 527 2060 divinum
553 2027 691 2060 officinm
718 2028 756 2059 ab
783 2027 935 2060 omnibns
968 2039 1031 2061 uno
1057 2029 1119 2061 ritn

383 2085 415 2112 et
435 2090 506 2112 enm
529 2080 651 2112 eisdem
672 2081 886 2113 caeremoniis
905 2082 1117 2123 persolvatur.

428 2143 469 2165 iv.
496 2133 642 2166 Secunda
659 2144 732 2176 pars
758 2144 795 2166 ea
813 2139 936 2172 tractat,
954 2145 1034 2177 quae
1052 2145 1121 2167 con-

384 2192 520 2219 cernunt
547 2192 717 2219 externnm
742 2186 947 2219 Cartltusiani
985 2186 1120 2218 instituti

384 2239 528 2282 regimen
545 2251 552 2279 ·‚
581 2245 729 2272 externas
748 2239 824 2272 item
843 2239 1064 2272 observantias
1091 2245 1122 2272 et

386 2291 491 2324 officia
529 2292 568 2324 ad
604 2293 782 2325 monachos
815 2292 917 2334 magis
957 2302 1051 2335 quam
1083 2293 1120 2325 ad

386 2354 555 2377 conversos
572 2345 769 2388 pertinentia
787 2345 838 2388 (').
859 2344 943 2383 Quae
966 2355 1040 2388 pars
1059 2346 1123 2377 sin-

421 2432 443 2463 ·)
455 2431 607 2458 Ordinatio
618 2432 738 2465 capituli
748 2432 893 2466 qeneralis
902 2432 974 2459 anni
984 2438 1122 2459 Meetxxvt.

391 2485 403 2498 ι
423 2474 523 2508 Singuli
545 2476 667 2501 monachi
685 2476 802 2502 babeant
822 2476 848 2502 in
869 2476 936 2502 cella
958 2479 1057 2502 statuta
1077 2475 1124 2501 Or-

389 2518 458 2545 dinis
475 2519 588 2553 integra‚
608 2523 635 2545 ut
659 2527 709 2546 non
734 2519 820 2546 solum
847 2520 950 2555 possint
969 2519 1060 2546 auditu
1079 2519 1125 2546 illa

389 2563 537 2591 nescivere.
549 2564 595 2591 sed
607 2564 685 2591 etiam
701 2564 770 2599 apud
786 2573 815 2592 se
831 2565 968 2592 revolvere
984 2570 1010 2591 et
1026 2564 1123 2600 legere,

970 180 1147 204 nt'LLAmrn
1174 178 1323 203 nonum-,1

1173 227 1257 268 gulis
1283 228 1376 260 annis
1409 228 1440 260 in
1477 229 1618 262 clanstro
1649 230 1699 262 vel
1732 229 1823 270 alibi,
1849 239 1907 273 pro

1172 279 1339 312 domorum
1365 281 1607 320 consuetudine,
1634 287 1807 324 praese-nte
1832 292 1909 314 con-

1173 333 1466 375 ve1'1t11‚exit]tegi‘o
1481 334 1616 375 legatur,
1633 345 1649 366 a
1664 334 1743 368 sesto
1758 334 1908 368 Omnium

1170 384 1358 418 Sanctorum
1377 396 1478 429 usque
1494 387 1532 419 ad
1552 387 1674 419 Pascha
1691 387 1825 428 singulis
1843 387 1909 420 dise-

1171 437 1229 470 bus
1245 438 1374 481 capituli
1391 444 1466 481 post
1481 439 1615 479 Nonam,
1633 440 1774 482 exceptis
1793 440 1907 475 diebus

1171 490 1323 530 Paschae,
1343 490 1463 524 Natalis
1479 497 1511 524 et
1528 491 1652 526 Coenae
1673 492 1810 532 Domini,
1827 501 1908 527 cete—

1170 543 1277 587 risque
1296 543 1385 576 sestis
1403 544 1533 587 capituli
1552 555 1652 588 snper
1668 545 1906 579 hebdomadam

1169 596 1201 629 in
1219 596 1472 640 Quadragesima
1490 599 1746 632 occurrentibus.

1212 661 1241 684 v.
1268 651 1374 683 Tertia
1399 656 1431 684 et
1456 651 1569 684 ultima
1601 663 1675 695 pars
1707 662 1906 693 conversos,

1168 704 1305 737 donatos
1330 710 1362 737 et
1386 704 1544 737 moniales
1571 705 1673 738 nostri
1699 705 1826 738 Ordinis
1859 706 1906 738 in-

1167 757 1270 796 struit,
1301 767 1384 800 qnae
1420 759 1519 790 semel
1553 758 1592 790 ad
1626 757 1731 791 minus
1767 758 1906 800 singulis

1166 811 1258 843 annis
1284 811 1348 853 legi
1375 810 1472 843 debet
1504 810 1536 843 in
1561 811 1704 853 capitulo
1736 822 1906 845 converso-

1166 874 1235 895 rum
1271 864 1376 906 quoad
1413 874 1450 896 ea
1483 874 1564 906 quae
1590 864 1628 896 ad
1655 874 1710 896 eos
1743 870 1774 897 et
1805 865 1906 897 dona-

1167 921 1213 948 tos
1240 916 1416 958 pertinent,
1432 921 1464 948 et
1488 916 1521 948 in
1546 916 1689 959 capitulo
1716 917 1906 950 monialium

1166 969 1272 1011 quoad
1298 968 1353 1001 illa
1378 979 1460 1011 quae
1486 969 1525 1001 ad
1551 979 1604 1001 eas
1629 975 1788 1012 spectant.

1208 1031 1250 1053 vr.
1271 1020 1346 1053 Cum
1371 1026 1477 1054 autem
1505 1021 1536 1053 in
1562 1021 1629 1064 ipsa
1651 1027 1845 1055 statutorum
1863 1023 1906 1056 le-

1165 1074 1273 1107 ctione
1316 1074 1494 1107 occurrerit
1539 1076 1627 1117 quod
1663 1075 1768 1108 minus
1808 1075 1906 1109 fuerit

1163 1128 1376 1167 observatum,
1403 1127 1493 1160 finita
1514 1128 1666 1169 lectione,
1684 1134 1737 1161 aut
1753 1126 1831 1162 alias
1851 1139 1904 1173 op-

1164 1185 1303 1222 portuno
1329 1181 1400 1213 loco
1428 1185 1459 1213 et
1485 1185 1637 1223 tempore,
1663 1180 1782 1224 singuli
1807 1182 1906 1215 inter·

1163 1233 1328 1275 loquendo
1354 1238 1491 1265 tractent
1526 1238 1558 1266 et
1588 1233 1763 1276 diligenter
1796 1235 1905 1268 consi-

1163 1285 1278 1318 derent
1311 1286 1476 1328 quomodo
1498 1286 1583 1318 istud
1602 1287 1706 1330 possit
1734 1292 1767 1320 et
1786 1287 1905 1321 debeat

1163 1338 1342 1371 emendari.
1366 1338 1403 1370 Et
1419 1339 1444 1370 si
1469 1339 1561 1382 prior
1586 1345 1633 1372 est
1658 1339 1819 1383 in·culpa,
1838 1341 1904 1384 pri·

1163 1391 1257 1423 vatim
1283 1402 1354 1423 cum
1379 1391 1465 1423 omni
1491 1392 1673 1425 reverentia
1689 1397 1721 1426 et
1745 1393 1903 1427 modestia

1162 1449 1331 1476 moneatur
1351 1450 1385 1476 ut
1409 1445 1483 1477 inde
1506 1454 1538 1477 se
1560 1446 1710 1488 corrigat.
1738 1446 1769 1479 Si
1795 1453 1903 1481 antem

1162 1497 1214 1531 alii
1242 1503 1316 1530 sunt
1339 1499 1529 1541 culpabiles,
1549 1499 1784 1532 denuntientur
1800 1500 1902 1543 priori

1139 1558 1141 1565 '
1163 1556 1197 1583 ut
1222 1561 1277 1584 eos
1303 1551 1422 1594 corrigi
1449 1551 1554 1584 saciat.
1581 1551 1671 1590 Quod
1707 1552 1732 1585 si
1763 1563 1823 1586 nec
1859 1553 1903 1586 ita

1163 1603 1347 1637 eu.cndatio
1365 1604 1463 1637 suerit
1483 1604 1668 1645 subsecuta,
1689 1605 1904 1639 denuncietur

1163 1656 1265 1699 prinio
1292 1656 1512 1690 visitatoribus
1536 1658 1594 1700 (a),
1620 1658 1748 1698 deinde,
1774 1658 1799 1692 si
1821 1669 1903 1702 opus

1163 1709 1268 1749 fucrit,
1294 1709 1390 1742 etiam
1414 1711 1595 1743 reverendo
1613 1710 1696 1754 patri
1717 1711 1902 1746 Carthusiae

1162 1763 1210 1795 vel
1235 1763 1377 1806 capitulo
1404 1763 1559 1806 generali.

1205 1826 1261 1849 vn.
1280 1815 1416 1859 Insuper
1440 1821 1591 1849 statutum
1613 1816 1813 1862 firmiterque
1835 1829 1902 1853 san-

1163 1870 1259 1903 citum
1285 1874 1334 1901 est
1361 1874 1396 1901 ut
1416 1869 1560 1902 divinum
1581 1870 1741 1904 Ecclesiae
1761 1871 1902 1906 officium

1162 1934 1221 1966 per
1245 1932 1357 1956 omnes
1379 1922 1492 1955 domos
1516 1933 1580 1955 uno
1604 1924 1666 1955 ritu
1692 1928 1723 1956 et
1747 1934 1819 1958 curn
1844 1925 1904 1959 eis-

1164 1977 1235 2008 dem
1248 1975 1458 2008 caeremoniis
1472 1976 1666 2016 celebretur,
1680 1976 1762 2009 sicut
1772 1977 1803 2009 in
1817 1978 1904 2011 ordi-

1163 2028 1266 2067 nario,
1294 2027 1460 2060 breviariis
1485 2033 1514 2060 et
1540 2028 1726 2062 missalibus
1757 2030 1904 2064 contine-

1165 2087 1226 2114 tnr.
1253 2080 1361 2123 Neque
1381 2081 1558 2114 reverendo
1581 2082 1676 2124 patri,
1697 2092 1802 2125 neque
1821 2089 1903 2118 cete-

1165 2134 1207 2165 ris
1233 2133 1443 2176 quibuslibet,
1470 2134 1508 2166 de
1543 2133 1594 2166 liis
1628 2134 1788 2175 omnibus,
1821 2145 1902 2178 qnae

1165 2187 1203 2219 ad
1229 2186 1371 2219 divinum
1397 2186 1535 2219 officinm
1561 2187 1726 2229 pertinent
1750 2188 1798 2220 vel
1819 2193 1904 2221 cete-

1166 2250 1216 2272 ras
1242 2239 1402 2282 quaslibet
1427 2239 1680 2272 consuetudines
1712 2239 1745 2272 in
1776 2240 1904 2274 statutis

1165 2303 1348 2335 expressas,
1374 2292 1443 2326 sine
1464 2292 1595 2338 capituli
1616 2293 1779 2335 generalis
1799 2293 1904 2328 consi-

1166 2392 1192 2415 et
1211 2397 1305 2416 omnes
1320 2392 1395 2416 aetus
1411 2397 1473 2416 snos
1489 2388 1522 2415 ad
1539 2389 1644 2416 illorum
1664 2388 1777 2416 t'ormam
1797 2390 1904 2418 consor·

1166 2441 1238 2459 mare
1257 2441 1364 2468 semper
1383 2433 1508 2459 studeant
1529 2443 1552 2459 ».

1201 2478 1230 2511 α)
1250 2476 1322 2503 Mens
1355 2485 1418 2512 ergo
1438 2477 1530 2503 statuti
1555 2480 1596 2504 est
1621 2480 1649 2503 ut
1669 2476 1734 2504 ordo
1760 2477 1786 2504 in
1814 2486 1906 2506 recur-

1166 2520 1239 2547 sibus
1250 2524 1382 2554 servetnr,
1395 2524 1421 2547 et
1433 2521 1520 2555 primo
1531 2520 1563 2547 ad
1576 2520 1726 2548 visitatores
1741 2521 1904 2557 provinciae,

1167 2564 1264 2592 deinde
1284 2564 1317 2592 ad
1336 2564 1516 2592 reverendum
1536 2568 1640 2601 patrem
1659 2569 1824 2593 recurratur.

1910 181 1958 206 Αη,
1974 180 2002 207 C.
2027 182 2090 210 tt'88
