2111 3157
52 209 100 236 An.
120 207 149 234 C.
168 204 236 234 1088

833 205 1042 230 INNOCE'NTIUS
1064 205 1094 230 Χῖ
1120 206 1168 230 ΡΡ.

239 252 292 296 qui
318 252 530 286 denunciatus
561 257 593 286 et
622 257 790 286 accusatus
822 258 880 286 est.
912 252 969 291 Qui

239 305 264 338 si
289 305 430 339 attulerit
455 305 503 338 sui
529 306 601 338 sacti
627 305 899 346 insufflationem,
925 306 972 338 iu-

237 357 385 391 stificatio
419 358 522 401 ipsius
547 359 580 391 in
604 359 796 392 recitatione
827 358 970 391 scrutinii

239 411 430 451 declaretur,
456 411 481 444 si
506 412 623 444 sactum
641 412 720 445 illud
738 412 776 444 ad
797 412 970 444 multorum

238 463 384 497 notitiam
409 463 470 497 iam
497 464 643 504 devenit;
671 475 743 497 nam
765 464 790 497 si
808 465 970 497 occultum

239 521 270 547 et
293 515 401 558 paucis
427 516 591 558 cognitum
616 516 731 555 fuerit,
763 526 829 548 non
854 516 915 548 erit
938 516 970 547 in

238 567 430 601 recitatione
451 569 694 611 publicandum3
713 569 769 601 sed
787 568 970 600 iustificatio

238 619 326 653 illius
351 620 545 653 declaranda
575 620 625 653 his
651 621 816 653 dumtaxat
845 620 898 662 qui
934 620 971 651 il-

238 673 292 706 lud
318 673 564 706 denunciarunt.
591 673 622 706 Si
647 683 740 712 vero,
767 673 820 716 qui
847 673 970 705 denun-

238 725 338 758 ciatus
365 732 420 764 est,
446 726 568 758 nullam
594 726 666 757 sacti
699 725 746 758 sui
772 725 970 757 iustificatio-

237 788 312 810 nem
348 778 522 820 legitimam
559 778 719 817 attulerit,
757 778 813 811 sed
847 778 968 810 crimen

237 841 344 863 coram
371 831 505 863 testibus
526 831 695 864 consessus
712 833 761 864 vel
780 831 818 863 de
836 831 969 863 crimine

236 893 295 926 per
326 883 462 917 idoneos
494 889 591 917 testes
626 884 769 927 legitime
806 884 969 917 convictus

236 936 350 976 suerit,
378 937 438 969 erit
462 946 521 980 pro
546 937 701 980 qualitate
734 937 878 969 criminis
912 947 970 979 pu-

235 989 374 1022 niendus
399 989 531 1023 arbitrio
556 990 769 1023 visitatorum.

278 1052 360 1076 xxxi.
376 1041 453 1074 Cum
467 1042 565 1085 igitur
581 1043 762 1076 visitatores
776 1043 967 1075 scrutinium

234 1094 439 1137 perfecerint,
465 1096 613 1128 omnibus
637 1105 764 1127 rursum
789 1096 820 1127 in
846 1096 969 1137 capitu-

236 1148 301 1180 lum
340 1147 546 1188 convocatis,
583 1148 727 1180 districte
764 1148 965 1191 praecipiant

234 1200 404 1239 universis,
421 1210 462 1232 ne
479 1200 546 1239 itta,
563 1211 646 1244 quae
660 1201 761 1244 magis
779 1201 968 1234 occultanda

235 1258 309 1285 sunt
333 1263 428 1296 quam
454 1254 611 1293 dicenda,
638 1254 742 1296 quivis
767 1264 878 1286 eorum
904 1264 969 1286 ma—

235 1305 351 1338 nifesta
368 1306 473 1339 facere
491 1312 691 1349 praesumat:
713 1307 769 1339 scd
788 1317 860 1339 cum
882 1307 968 1349 quis-

234 1368 297 1400 que
323 1368 382 1391 suo
407 1359 479 1391 loco
504 1369 637 1391 manens
666 1359 828 1402 patienter
859 1359 968 1391 audiat

235 1421 318 1453 quae
343 1411 403 1443 sibi
422 1422 439 1443 a
456 1411 621 1444 visitatore
639 1412 796 1449 dicentur,
817 1417 856 1450 et,
878 1411 901 1443 si
928 1413 966 1444 de.

234 1463 343 1502 aliquo
363 1464 590 1506 interrogetur,
607 1474 719 1507 puram
738 1465 826 1497 nullo
844 1465 966 1497 incerto

234 1516 416 1556 meimacm,
442 1521 550 1556 stans,
578 1517 723 1560 nihilque
748 1518 871 1556 celans,
896 1527 968 1560 pro-

234 1569 368 1602 nunciet
384 1570 562 1603 veritatem.

277 1631 373 1654 xxxtt.
393 1622 540 1654 Districte
558 1623 652 1656 etiam
677 1623 847 1665 iniungant
867 1623 965 1666 priori

234 1683 274 1706 ne
299 1674 457 1717 cuiquam,
475 1676 530 1718 qui
556 1676 677 1718 aliquid
694 1681 807 1708 contra
823 1686 892 1708 eum
915 1676 968 1708 de-

234 1726 446 1768 nunciaverit,
463 1728 590 1760 solitam
611 1729 852 1769 humanitatem,
873 1739 966 1771 qnam

234 1779 350 1811 ceteris
376 1780 531 1820 exhibet,
558 1780 590 1813 in
616 1781 801 1820 communi,
830 1781 877 1813 vel
909 1791 966 1823 pro

234 1830 430 1865 infirmitatis
463 1833 680 1866 debilitatisve
717 1834 843 1866 ratione
880 1834 968 1866 debi-

235 1889 316 1923 tam,
350 1885 597 1926 subtrahendo,
632 1886 802 1920 vindictam
836 1887 903 1918 ullo
935 1887 966 1918 in

233 1942 379 1981 tempore
403 1939 533 1972 inferat.
570 1939 632 1972 Sed
656 1944 688 1972 et
719 1939 889 1972 monachis
921 1939 968 1971 ni-

235 1989 410 2024 hilominus
450 1992 653 2034 iniungatur‚
696 2003 736 2025 ne
772 1993 880 2026 odium
916 1999 969 2025 aut

234 2053 402 2076 rancorem
429 2050 541 2077 contra
573 2055 606 2078 se
638 2046 775 2078 invicem
809 2046 968 2089 accipiant

235 2103 290 2129 aut
313 2103 460 2139 teneant,
485 2108 545 2131 nec
575 2099 688 2138 alieni,
714 2110 809 2142 quern
838 2105 968 2142 putave-

235 2150 301 2183 rint
319 2157 432 2183 contra
460 2161 492 2184 se
513 2151 634 2194 aliquid
655 2152 881 2191 denunciasse‚
898 2164 968 2185 vcr-

234 2202 285 2236 bis
308 2214 452 2246 unquam
476 2205 526 2236 vel
551 2205 640 2237 sactis
665 2206 791 2238 molesti
816 2206 964 2238 existant.

235 2255 299 2289 Nec
324 2256 490 2299 inquirant
519 2257 591 2300 quis
629 2259 676 2291 vel
702 2258 755 2301 qui
781 2258 819 2291 de
839 2268 872 2291 se
894 2259 967 2292 talia

237 2309 468 2353 deposuerint3
504 2311 562 2343 sed
578 2337 585 2350 ,
611 2310 719 2343 omnia
749 2321 787 2343 ex
811 2311 966 2344 charitato

235 2362 333 2395 fuisse
358 2362 442 2396 dicta
465 2362 525 2395 sibi
543 2364 785 2406 persuadentes,
807 2365 915 2397 omnia
935 2365 966 2397 in

237 2415 395 2448 charitate
432 2421 464 2448 et
500 2416 680 2450 humilitate
722 2416 910 2459 suscipiant,
936 2423 967 2450 et

237 2477 312 2502 suos
336 2468 480 2501 detectus
498 2474 722 2511 agnoscentes,
740 2470 915 2504 emendent
933 2481 966 2503 se

238 2525 269 2554 et
291 2520 330 2553 de
351 2525 461 2553 cetero
484 2521 709 2563 prudentiores
727 2522 877 2555 existant.

278 2581 385 2607 xxxur.
423 2571 508 2611 Quae
541 2573 670 2615 omnia,
695 2573 775 2607 sicut
799 2574 938 2608 diximus
955 2601 965 2618 ,

1013 259 1185 297 postquam
1202 253 1233 286 in
1251 254 1485 288 monachorum
1502 262 1661 288 conventu
1681 258 1745 290 suc-

1012 306 1077 338 rint
1099 306 1278 339 visitatores
1303 308 1477 350 prosecuti,
1494 318 1578 347 mox,
1596 310 1744 342 eamdem

1013 360 1144 392 omnino
1170 359 1200 392 in
1226 370 1454 393 conversorum
1488 367 1518 393 et
1551 362 1742 395 donatorum

1013 412 1159 454 personis
1185 413 1317 445 formam
1342 419 1520 453 servantes,
1540 415 1578 447 ad
1596 415 1745 448 universa

1012 464 1197 507 singillatim
1223 475 1240 497 a
1264 465 1398 508 singulis
1422 466 1614 509 inquirenda
1638 468 1744 500 studio

1013 517 1174 549 attentiori
1201 519 1385 559 procedant,
1401 522 1430 551 et
1455 519 1580 561 singula
1603 520 1745 562 pruden-

1013 573 1062 600 ter
1085 569 1305 602 examinantes
1329 570 1397 602 sine
1423 581 1632 613 personarum
1653 582 1745 604 exce-

1012 620 1121 662 ptione
1142 622 1283 655 debitam
1304 622 1457 655 iustitiam
1481 623 1609 657 faciant.

1055 683 1158 706 xxxiv.
1186 674 1351 708 Neminem
1378 681 1484 709 tamen
1520 677 1662 710 iudicent
1692 684 1745 711 aut

1012 726 1231 759 condemnent
1252 729 1301 760 vel
1327 729 1500 769 incartent,
1527 731 1586 763 nisi
1616 732 1654 764 de
1683 733 1743 764 sihi

1011 777 1168 821 impositis
1193 780 1319 812 duobus
1349 783 1462 814 saltem
1481 784 1633 825 legitimis
1655 785 1744 817 testi-

1011 830 1070 863 bus
1096 833 1258 864 convictus
1290 833 1387 866 suerit
1419 840 1469 866 aut
1490 836 1667 876 consessus,
1686 848 1745 870 nec

1012 883 1151 917 recitent
1173 885 1205 917 in
1232 886 1353 918 lectura
1377 892 1483 919 cartae
1510 888 1622 921 frivola
1647 899 1746 931 quae-

1012 936 1083 969 dam
1109 943 1141 970 et
1172 939 1277 979 levia,
1311 950 1392 982 quae
1422 940 1481 972 sibi
1519 941 1678 974 interdum
1712 943 1744 975 in

1011 990 1165 1023 scrutinio
1189 992 1385 1031 reseruntur,
1404 1003 1486 1036 quae
1510 1004 1620 1037 pacem
1638 995 1744 1038 potius

1012 1043 1139 1076 turbant.
1181 1055 1272 1087 quam
1309 1046 1481 1085 nutriunt,
1519 1057 1578 1079 nec
1614 1054 1745 1080 servent.

1010 1096 1162 1128 scrutinia
1185 1098 1267 1129 ultra
1292 1103 1416 1140 tempus
1442 1103 1517 1131 tunc
1543 1100 1637 1132 suturi
1662 1101 1755 1143 capi-¹

1011 1148 1078 1187 tuli,
1101 1149 1157 1181 sed
1178 1159 1214 1181 ea
1236 1151 1434 1183 comburant.

1053 1210 1142 1234 xxxt'.
1180 1201 1266 1240 Quos
1298 1204 1497 1246 culpabiles,
1531 1205 1742 1246 criminosos,

1010 1253 1165 1286 natalias
1198 1255 1403 1288 incartandos
1440 1257 1644 1296 invenerint,
1676 1269 1741 1291 non

1010 1306 1115 1338 statim
1141 1307 1308 1347 incartent‚
1335 1314 1366 1340 et
1394 1309 1477 1341 iuxta
1496 1321 1589 1343 casus
1615 1312 1742 1353 exigen-

1010 1358 1084 1391 tiam
1110 1360 1254 1402 puniant,
1286 1366 1316 1392 ut
1344 1371 1449 1403 poena
1481 1373 1554 1395 suos
1590 1370 1741 1397 auctores

1011 1416 1127 1451 teneat,
1154 1418 1186 1443 ct.
1210 1422 1248 1443 ne
1266 1414 1359 1455 culpa
1376 1414 1470 1445 unius
1492 1421 1544 1447 aut
1563 1416 1742 1458 aliquorum

1011 1469 1082 1495 nota
1107 1464 1146 1496 sit
1171 1470 1224 1496 aut
1250 1465 1378 1498 infamia
1403 1469 1589 1500 multorum.

1052 1526 1153 1549 xxxvi.
1181 1518 1355 1552 Monachos
1380 1525 1433 1551 aut
1462 1520 1540 1553 alias
1572 1522 1739 1555 domorum

1010 1579 1173 1611 personas,
1211 1580 1294 1613 quac
1324 1581 1357 1604 se
1391 1573 1429 1605 do
1463 1574 1741 1608 administratione

1009 1622 1177 1655 domorum
1210 1624 1444 1665 intromittunt,
1470 1628 1555 1659 ultra
1592 1628 1621 1660 id
1655 1630 1739 1671 quod

1009 1680 1125 1707 statuta
1159 1677 1367 1717 concedunt,
1393 1678 1472 1711 dure
1498 1680 1739 1721 reprehendant

1009 1732 1040 1759 ct
1064 1727 1253 1770 corripiant.
1281 1728 1370 1761 Circa
1394 1730 1595 1764 inordinatos
1616 1738 1647 1764 et
1668 1733 1742 1765 irrc-

1009 1782 1145 1824 quietos,
1173 1787 1204 1814 et
1228 1788 1339 1815 contra
1363 1784 1509 1816 ordinem
1535 1786 1739 1826 excedentes,

1010 1845 1130 1876 poenas
1170 1841 1361 1869 statutorum
1397 1837 1535 1870 strictius
1573 1840 1739 1872 observari

1011 1887 1125 1920 saciant
1144 1914 1152 1927 ,
1179 1893 1211 1920 et
1245 1899 1324 1931 quos
1350 1890 1574 1923 ordinationes
1610 1892 1741 1934 capituli

1010 1940 1168 1982 generalis
1204 1942 1251 1973 vel
1284 1943 1512 1984 praecedentis
1549 1943 1740 1976 visitationis

1009 1992 1190 2024 invenerint
1214 2003 1278 2025 non
1304 2004 1458 2032 servasse,
1485 2000 1538 2027 aut
1561 2006 1613 2027 eas
1638 1996 1743 2038 impu-

1010 2055 1136 2087 gnasse,
1162 2057 1179 2078 a
1203 2047 1276 2079 vino
1298 2053 1351 2080 aut
1376 2048 1509 2080 cervisia
1530 2049 1739 2091 suspendant,

1009 2098 1112 2130 donec
1136 2108 1190 2131 cas
1214 2099 1420 2142 impleverint
1444 2110 1513 2132 cum
1541 2101 1664 2141 etl'ectu,
1687 2107 1762 2146 aut3

1009 2151 1095 2190 alias,
1120 2157 1219 2195 prout
1243 2163 1334 2184 casus
1354 2154 1508 2195 exegerit,
1526 2154 1672 2196 puniant.

1051 2214 1164 2237 xxxvu.
1191 2205 1361 2246 Licentias,
1385 2216 1438 2238 seu
1464 2207 1581 2248 gratias
1607 2218 1741 2250 genera-

1009 2259 1063 2297 leS‚
1084 2258 1134 2290 vel
1160 2258 1260 2290 semel
1286 2258 1380 2290 alicui
1407 2259 1581 2302 denegatas
1608 2270 1666 2303 per
1690 2272 1732 2294 ca-
1759 2253 1772 2261 ”

1009 2311 1145 2354 pitulum
1171 2311 1323 2354 generale
1354 2313 1402 2345 vel
1438 2323 1497 2355 per
1528 2316 1741 2348 reverendum

1008 2369 1143 2407 patrem,
1164 2364 1240 2396 dare
1262 2374 1328 2396 non
1352 2371 1501 2407 possunt,
1528 2367 1588 2399 nisi
1614 2368 1653 2400 de
1678 2368 1742 2401 hoc

1009 2417 1182 2450 habuerint
1217 2418 1358 2460 speciale
1390 2419 1594 2461 mandatum,
1622 2425 1653 2453 et
1677 2421 1741 2453 nisi

1008 2474 1119 2513 petens
1144 2471 1239 2503 talem
1263 2470 1427 2503 licentiam
1455 2482 1511 2505 seu
1539 2473 1673 2515 gratiam
1700 2474 1740 2506 de

1008 2523 1068 2556 sihi
1099 2524 1181 2556 lacta
1215 2524 1387 2567 negatione
1423 2534 1606 2569 expressam
1645 2527 1741 2560 saciat

1008 2576 1219 2610 mentionem.

1642 198 1705 233 807
1752 209 1800 236 An.
1822 209 1851 236 c.
1869 210 1935 237 1088
