2111 3157
377 162 442 196 998

421 236 486 269 quo
518 225 709 268 permissum
745 223 803 256 suit
832 228 867 255 ut
898 221 1080 265 superiores

421 278 547 312 Ordinis
583 276 840 310 praedicatorum
870 273 1080 316 Portugalliae

422 329 604 374 provinciae
622 333 752 372 possent
773 336 939 360 removere
956 336 992 358 ex
1010 335 1081 358 con-

422 383 567 416 ventibus
591 381 759 424 religiosos
777 379 1079 413 conventualitatum

422 435 549 468 indultis
574 434 723 474 munitos,
749 431 801 466 68.

332 489 462 522 XXVIII.
488 487 672 520 Declaratur
697 486 730 518 in
754 485 855 525 Brevi,
873 495 936 528 quo
960 485 1080 517 electus

419 541 478 573 fuit
502 540 591 584 prior
613 538 818 582 provincialis
850 537 976 570 Ordinis
1000 536 1076 570 Car-

421 594 601 626 melitarum
620 592 651 624 in
672 591 788 631 Sicilia,
806 590 864 623 sub
882 589 1011 623 nomine
1026 599 1082 632 pa-

423 651 509 678 trum
523 645 713 689 prouinciae
730 643 940 686 aliorumque
957 642 995 674 de
1011 642 1081 674 eius

419 699 543 742 yrenzio
569 697 678 731 venire
704 696 867 730 dumtaxat
890 701 996 739 patres
1027 694 1081 727 de-

422 751 566 791 finitorii,
593 750 645 783 71.

331 805 436 838 XXIX.
470 804 623 837 Indicitur
648 802 877 846 capitularibus
901 801 930 834 S.
956 801 1081 834 Ioannis

420 859 453 891 in
477 859 631 890 Laterano
656 857 694 889 de
717 856 810 897 Urbe,
830 856 887 887 sub
914 865 1017 898 poena
1034 864 1082 887 ex-

423 910 722 945 communicationis
732 910 812 942 latae
825 908 996 941 sententiae
1005 907 1083 940 Pon-

422 965 497 998 tifici
530 968 707 997 reservatae
728 990 735 1003 ,
773 962 933 995 silentium
969 971 1080 994 eorum

421 1028 502 1061 quae
527 1018 559 1049 in
584 1017 648 1049 suis
673 1016 818 1059 capitulis
843 1018 1001 1057 aguntur,
1029 1014 1080 1046 72.

332 1071 420 1104 XXX.
452 1070 664 1104 Confirmatur·
696 1069 857 1101 decretum
884 1067 1000 1110 prioris
1025 1077 1081 1110 ge-

420 1124 538 1157 neralis
575 1123 701 1156 Ordinis
737 1122 950 1155 Eremitarum
983 1121 1082 1154 sancti

421 1176 610 1219 Augustini,
635 1186 698 1219 quo
724 1176 790 1218 ipse
816 1174 999 1207 moderatus
1023 1174 1082 1206 fuit

421 1231 638 1264 alternativam
654 1229 736 1262 inter
754 1229 868 1260 fratres
885 1228 916 1259 in
931 1227 1082 1270 Hispania

420 1290 510 1316 natos
536 1289 566 1316 et
590 1283 668 1315 alios
702 1281 841 1316 Criollos
872 1280 973 1313 dictos
1003 1290 1081 1323 pro-

420 1337 540 1369 vinciae
564 1335 722 1375 Onitensis
747 1335 778 1366 in
802 1333 897 1366 Indiis
922 1332 1081 1366 Occiden-

420 1389 608 1429 dentalibus,
635 1387 686 1420 73.

331 1443 434 1476 XXXI.
461 1441 682 1476 Conceduntur
707 1440 920 1482 indulgentiae
949 1439 1081 1481 singulis

420 1496 585 1538 utriusque
617 1505 709 1527 sexus
742 1500 805 1526 tam
830 1492 956 1526 Ordinis
985 1502 1080 1535 quam

420 1548 686 1582 confraternitatis
734 1547 859 1579 habitus
907 1546 1079 1579 Servorum

418 1602 531 1634 Beatae
551 1601 666 1634 Mariae
685 1600 821 1642 Virginis
837 1599 972 1632 orationi
997 1608 1081 1631 men-

418 1655 473 1687 tali
498 1654 692 1693 vacantibus,
719 1653 769 1686 77.

329 1709 446 1742 XXXII.
472 1708 685 1741 Confirmatur
703 1711 733 1739 et
755 1705 937 1739 moderatur
962 1705 1082 1739 Consti-

418 1762 498 1794 tutio
521 1760 636 1794 Urbani
655 1760 720 1792 VIII
738 1760 822 1792 circa
840 1759 1080 1791 translationem

418 1816 621 1859 pensionum,
649 1812 699 1845 78.

330 1870 459 1902 XXXIII.
501 1868 713 1901 Confirniatur
749 1866 912 1899 decretum
950 1864 1079 1908 capituli

419 1922 449 1954 S.
470 1922 552 1953 Petri
568 1921 604 1952 de
623 1920 715 1956 Urbe,
736 1931 798 1963 quo
816 1919 975 1961 adscripta
991 1918 1080 1950 suere

418 1974 572 2007 beneficia
604 1973 748 2005 abbatiae
778 1973 806 2005 S.
834 1972 939 2005 Rufilli
974 1971 1076 2004 Foro-

417 2027 638 2071 pompiliensis
669 2025 792 2058 clericis
825 2024 947 2058 idoneis
980 2024 1079 2066 ipsius

419 2080 583 2119 dioecesis,
610 2080 660 2112 812.

331 2135 462 2167 XXXIV.
498 2133 688 2166 Conceditur
719 2132 914 2174 indulgentia
937 2131 1079 2174 plenaria

419 2190 571 2230 perpetua
596 2185 795 2218 visitantibus
819 2185 956 2228 aliquam
972 2195 1008 2216 ex
1026 2194 1077 2216 ec—

420 2239 523 2272 clesiis
548 2245 610 2270 tam
630 2238 856 2270 canonicorum
882 2237 1077 2279 regularium

419 2303 513 2335 quam
540 2292 725 2325 monialium
752 2291 878 2323 Ordinis
902 2291 930 2324 S.
950 2290 1077 2323 Antonii

420 2346 601 2378 Viennensis
635 2346 664 2377 in
703 2346 788 2378 sestis
822 2344 920 2377 sancti
952 2343 1077 2376 Antonii

420 2400 556 2437 abbatis,
583 2399 680 2432 sancti
708 2398 874 2441 Augustini
900 2403 929 2430 et
955 2401 1079 2430 sanctae

424 2452 573 2491 Monicae,
598 2451 649 2483 ⁸4.

333 2505 446 2538 XXXV.
481 2504 680 2536 Transfertur
713 2504 908 2546 indulgentia
938 2503 1080 2547 plenaria

423 2563 576 2600 perpetua
604 2558 632 2588 in
663 2558 757 2590 alium
784 2558 866 2590 diem
892 2568 952 2601 pro
977 2557 1079 2590 eccle—

930 169 1107 193 nummum
1131 168 1283 193 Romnum

1221 219 1275 252 siis
1306 219 1441 252 fratrum
1475 224 1502 251 et
1537 217 1720 252 monialium
1752 218 1877 252 Ordinis

1221 271 1433 304 Eremitarum
1452 271 1549 304 sancti
1565 270 1729 312 Augustini
1748 270 1778 302 in
1791 271 1881 304 Etru-

1221 325 1278 365 ria,
1304 323 1356 357 84.

1132 377 1262 410 XXXVI.
1288 377 1452 410 Habentur
1469 382 1556 409 ratae
1578 382 1608 409 et
1624 376 1737 409 firmae
1757 376 1880 410 electio-

1221 439 1276 462 nes
1301 439 1426 471 omnes,
1461 429 1554 462 etiam
1579 428 1716 468 dubiae,
1749 438 1831 472 quae
1861 438 1880 461 a

1220 483 1372 516 fratribus
1407 483 1548 516 eremitis
1583 482 1680 516 sancti
1712 481 1882 523 Augustini

1220 536 1252 568 in
1277 536 1423 580 capitulis
1447 535 1695 579 provincialibus
1718 534 1879 567 Indiarum

1221 589 1311 632 siunt,
1332 589 1433 622 donec
1453 582 1534 622 illuc
1557 588 1739 632 pervenerit
1761 588 1879 632 prioris

1223 642 1270 674 vel
1296 641 1404 674 vicarii
1429 641 1586 684 generalis
1604 640 1641 673 de
1658 640 1696 672 iis
1721 640 1880 674 contraria

1223 694 1374 735 definitio,
1400 693 1452 727 85.

1133 747 1279 780 XXXVII.
1305 747 1523 791 Supprimitur
1553 746 1722 789 collegium
1749 751 1882 779 secreta-

1222 800 1345 833 riorum
1371 800 1618 843 apostolicorum
1645 810 1663 832 a
1687 799 1817 833 Callixto
1841 799 1881 831 111

1224 853 1355 896 aliisque
1380 854 1528 886 Romanis
1553 852 1761 886 Pontificibus
1793 851 1882 884 insti-

1224 912 1338 947 tutum,
1359 905 1411 939 88.

1133 960 1293 993 XXXVIII.
1336 959 1570 992 Confirmantur
1610 959 1882 992 confraternitates

1224 1022 1334 1045 omnes
1351 1013 1409 1045 sub
1436 1012 1526 1046 titulo
1546 1012 1688 1045 Nominis
1709 1011 1763 1044 Dei
1779 1011 1812 1043 in
1832 1022 1883 1044 ee-

1224 1066 1327 1098 clesiis
1358 1065 1492 1098 fratrum
1524 1065 1650 1098 Ordinis
1682 1065 1882 1097 Praedicato-

1222 1129 1294 1152 rum
1319 1118 1481 1151 dumtaxat
1506 1119 1683 1159 existentes,
1701 1118 1758 1150 etsi
1776 1117 1815 1150 de
1835 1128 1883 1150 ea-

1224 1182 1294 1204 rum
1329 1172 1480 1204 canonica
1514 1171 1673 1204 erectione
1703 1180 1767 1204 non
1799 1180 1879 1204 con-

1223 1229 1292 1265 stet,
1318 1223 1370 1256 95.

1133 1277 1267 1310 XXXIX.
1293 1277 1505 1311 Confirmatur
1528 1277 1692 1310 decretum
1714 1276 1882 1309 cardinalis

1223 1330 1424 1374 protectoris,
1434 1341 1496 1373 quo
1511 1335 1659 1363 statutum
1673 1329 1732 1362 suit
1748 1334 1783 1362 ut
1799 1339 1883 1362 com-

1224 1384 1388 1417 missarius
1405 1385 1630 1417 Terresanctae
1647 1383 1772 1416 Ordinis
1787 1383 1884 1416 Mino-

1224 1448 1295 1470 rum
1313 1437 1411 1470 sancti
1427 1437 1587 1470 Francisci
1605 1436 1735 1480 Neapoli
1752 1436 1881 1479 degens,

1223 1491 1248 1524 si
1273 1491 1367 1523 suerit
1384 1491 1422 1524 de
1440 1490 1656 1530 Observantia,
1673 1490 1705 1522 in
1726 1494 1883 1523 conventu

1223 1544 1253 1577 S.
1280 1544 1394 1577 Mariae
1427 1545 1552 1586 Novae,
1579 1542 1709 1575 minime
1745 1552 1821 1575 vero
1850 1542 1883 1574 in

1223 1598 1322 1630 altero
1356 1597 1407 1631 SS.
1433 1596 1592 1631 Trinitatis
1626 1596 1882 1629 Reformatorum

1222 1655 1448 1692 commoretur,
1475 1649 1527 1683 99.

1133 1704 1192 1737 XL.
1214 1703 1429 1737 Committitur
1447 1704 1595 1747 episcopo
1613 1702 1797 1736 Malacitano
1814 1711 1882 1734 ere-

1223 1758 1285 1790 ctio
1309 1757 1455 1790 coenobii
1480 1756 1613 1790 fratrum
1638 1755 1794 1788 Minorum
1811 1765 1882 1788 san-

1223 1810 1263 1843 cti
1282 1810 1441 1843 Francisci
1462 1810 1728 1842 Discalceatorum
1753 1808 1785 1840 in
1809 1808 1883 1841 civi-

1223 1869 1285 1896 tate
1298 1863 1433 1895 Malacae
1451 1862 1624 1895 secundum
1640 1861 1881 1895 constitutiones

1222 1916 1412 1960 apostolicas
1438 1915 1588 1956 facienda,
1616 1914 1689 1947 100.

1233 1968 1423 2002 Conceditur
1439 1968 1634 2010 indulgentia
1651 1967 1793 2011 plenaria
1809 1977 1882 2010 per-

1221 2028 1314 2066 petua
1340 2021 1388 2054 bis
1413 2021 1443 2053 in
1470 2031 1563 2061 anno,
1584 2031 1620 2053 ae
1645 2026 1764 2064 septem
1788 2030 1882 2053 anno-

1222 2086 1293 2108 rum
1327 2080 1357 2107 et
1381 2074 1513 2107 totidem
1547 2074 1823 2118 quadragenarum
1849 2073 1879 2105 in

1222 2129 1352 2172 reliquis
1378 2129 1549 2170 mensibus,
1567 2128 1660 2161 etiam
1679 2138 1737 2171 per
1751 2127 1879 2160 modum

1221 2182 1362 2224 suffragii
1393 2181 1597 2225 applicanda,
1628 2181 1664 2213 iis
1696 2180 1749 2223 qui
1781 2180 1879 2212 inter-

1221 2235 1339 2268 fuerint
1359 2234 1493 2267 orationi
1519 2234 1616 2266 semel
1642 2234 1671 2266 in
1699 2243 1805 2266 mense
1821 2243 1880 2276 pro

1222 2289 1421 2321 moribundis
1455 2289 1486 2320 in
1521 2288 1662 2320 ecclesiis
1690 2286 1879 2320 clericorum

1222 2343 1416 2385 regularium
1461 2341 1701 2374 Ministrantium
1744 2339 1880 2372 Infirmis

1222 2396 1292 2428 fieri
1311 2395 1431 2436 solitae,
1457 2394 1532 2427 10-2.

1133 2449 1224 2483 XLII.
1250 2449 1462 2483 Confirmatur
1478 2448 1640 2480 decretum
1658 2445 1880 2489 Congregatio-

1222 2503 1270 2535 nis
1291 2501 1570 2544 indulgentiarum,
1589 2510 1651 2544 quo
1672 2498 1880 2533 confraterni-

1222 2561 1302 2589 tates
1326 2555 1376 2589 SS.
1403 2554 1595 2588 Sacramenti
1611 2554 1691 2586 fiunt
1711 2551 1878 2596 participes

1133 1969 1206 2002 XLI.
