2111 3157
814 209 908 233 merx
935 208 1038 233 aarum
1592 195 1656 229 969

167 265 279 298 Clerici
304 264 466 307 regulares
491 262 677 296 Scholarum
698 262 835 303 Piarum,
860 262 922 295 526
948 272 991 302 α,·
1017 261 1093 304 ipsis
1117 261 1279 294 decretum
1300 259 1559 302 Congregationis
1579 259 1705 301 episco-

255 326 368 360 porum
389 321 420 349 et
443 315 637 358 regularium
652 341 659 355 ,
684 325 747 358 quo
770 315 948 348 declaratur
976 314 1047 347 illos
1071 324 1139 347 esse
1164 318 1326 357 exemptos
1353 323 1371 345 a
1405 311 1621 345 iurisdictione
1646 310 1703 344 Or-

255 368 451 401 dinariorum
477 371 507 400 et
537 366 676 409 gaudere
699 367 846 400 omnibus
875 367 1117 400 Mendieantium
1145 365 1333 410 privilegiis,
1361 365 1579 405 confirmatur,
1606 364 1704 404 ibid„-

256 420 388 453 elericos
413 419 592 462 praedictos
616 429 746 461 capaces
766 429 834 453 esse
857 419 1048 463 possidendi,
1072 419 1261 458 declaratur,
1287 418 1350 451 708
1375 418 1401 450 b.

167 473 362 506 Clericorum
396 471 590 513 regularium
626 471 868 504 Ministrantium
901 471 1037 504 Infirmis
1062 471 1201 504 ecclesiis
1234 471 1430 513 indulgentia
1460 469 1601 514 plenaria
1632 479 1705 512 per-

254 529 348 567 petua
366 533 424 567 pro
445 523 493 564 iis,
515 523 566 566 qui
585 523 738 558 intersunt
751 524 885 557 orationi
902 534 960 567 pro
977 523 1174 557 moribundis
1200 523 1269 555 fieri
1287 523 1396 556 solitae
1417 523 1448 554 in
1473 531 1583 555 eorum
1606 521 1709 554 eccle·

255 577 319 617 siis,
345 576 539 617 conceditur,
565 576 628 609 103
653 587 696 616 a,·
723 577 865 620 ipsorum
883 577 954 610 laici
980 577 1010 609 in
1036 582 1197 619 posterum
1222 585 1285 609 non
1309 575 1466 618 eligantur
1490 576 1522 607 in
1547 574 1706 607 consulto-

255 640 317 669 res,
342 629 407 662 594
432 629 458 661 b.

167 682 360 716 Clericorum
378 681 571 724 regularium
589 681 744 714 Minorum
762 681 983 725 Congregatio,
1000 682 1059 714 ¹131
1080 682 1114 721 b;
1132 681 1301 724 appellatio
1316 681 1457 724 ipsorum
1480 680 1518 712 ad
1538 680 1708 713 consilium

253 735 376 778 regium
395 740 504 768 contra
522 733 672 767 Castellae
689 735 836 767 nuntium
856 735 1065 778 apostolicum
1084 735 1115 766 in
1132 734 1281 777 Hispania
1299 734 1454 774 irritatur,
1474 733 1539 766 ‘13⁹2
1557 744 1577 766 a
1594 738 1625 766 et
1644 744 1705 777 seq.

167 787 360 820 Clericorum
386 786 595 820 saecularium
621 787 652 819 in
677 788 835 820 communi
857 788 1028 820 viventium
1053 788 1229 821 institutum
1261 786 1422 829 quomodo
1452 786 1648 819 inchoaverit
1678 791 1708 818 et

254 840 438 881 excreverit,
459 845 576 880 narrat,
598 839 657 871 241
687 840 723 879 ὸ;
749 840 935 873 eorumdem
961 840 1138 872 institutum
1163 839 1339 872 subiectum
1362 839 1419 871 fuit
1437 839 1638 871 immediatae
1655 839 1709 872 Or-

254 893 449 925 dinariorum
471 891 680 925 iurisdictioni
704 903 740 925 ac
761 893 927 926 directioni
954 893 1046 925 unius
1073 893 1215 936 supremi
1238 892 1402 936 praesidis,
1426 891 1490 924 242
1516 903 1558 931 a,·
1581 892 1707 935 praedi-

254 951 377 978 ctorum
402 945 642 978 constitutiones
666 945 834 978 nonnullas
858 945 897 978 ab
918 945 1035 978 eisdem
1061 956 1119 988 pro
1143 945 1191 978 sui
1213 945 1344 978 instituti
1365 944 1539 977 directione
1563 955 1599 977 ac
1623 946 1709 977 recta

253 998 422 1030 iuventutis
448 997 643 1031 institutione
667 1003 828 1031 emanatas
852 1003 1004 1039 recenset,
1020 998 1099 1031 ibid.
1117 1009 1123 1036 ;
1149 998 1187 1030 de
1204 998 1280 1030 cura
1298 997 1446 1041 propriae
1463 997 1571 1029 salutis
1591 1002 1621 1030 et
1640 1007 1709 1040 pro-

254 1051 351 1084 fectus
368 1050 400 1082 in
417 1050 541 1093 spiritu,
558 1049 622 1082 242
647 1050 680 1089 b;
705 1050 744 1082 de
769 1051 994 1084 communitate
1017 1050 1186 1091 bonorum,
1210 1050 1275 1082 244
1299 1051 1333 1090 b,
1356 1050 1395 1082 de
1418 1050 1557 1083 fraterna
1581 1050 1709 1083 cohabi-

254 1103 380 1142 tatione,
404 1102 469 1134 245
493 1102 525 1142 b3
550 1102 589 1135 de
612 1102 810 1145 separatione
834 1103 1014 1143 mulierum,
1039 1103 1139 1143 ibid.;
1169 1103 1207 1136 de
1231 1103 1421 1144 obedientia,
1443 1103 1542 1143 2‘hid.;
1570 1103 1609 1135 de
1633 1104 1710 1136 cura

254 1156 451 1195 animarum,
476 1154 540 1187 247
565 1165 600 1194 α;
626 1154 738 1187 deinde
769 1155 982 1188 subiiciuntur
1010 1156 1249 1189 constitutiones
1274 1156 1444 1188 iuventutis
1473 1156 1511 1188 ad
1536 1155 1630 1188 vitam
1654 1165 1706 1188 sa-

255 1207 446 1241 cerdotalem
472 1207 662 1241 clericorum
688 1208 896 1240 saecularium
922 1208 953 1240 in
978 1209 1138 1241 communi
1170 1209 1341 1241 viventium
1363 1209 1564 1249 educandae,
1589 1208 1652 1241 248
1677 1209 1708 1257 b,

255 1271 369 1304 nempe
395 1261 433 1294 de
465 1261 579 1304 pietate
604 1261 785 1301 christiana,
809 1261 873 1293 249
899 1272 939 1300 a,
965 1262 1003 1294 de
1035 1272 1161 1294 morum
1192 1262 1366 1301 honestate,
1391 1262 1450 1294 251
1473 1262 1505 1301 b,
1531 1262 1569 1294 de
1599 1262 1710 1295 studiis

254 1315 442 1355 litterarum,
460 1313 525 1347 254
551 1315 583 1354 ὸς
609 1314 749 1357 praefata
766 1314 942 1347 institutum
960 1320 991 1347 et
1007 1315 1247 1347 constitutiones
1265 1315 1494 1348 confirmantur
1511 1325 1527 1347 a
1548 1315 1708 1356 Pontifiee,

254 1367 318 1400 255
343 1368 375 1407 b,
401 1367 524 1400 clericis
549 1366 666 1399 eisdem
692 1366 846 1399 condendi
872 1367 948 1399 alias
974 1368 1231 1408 constitutiones,
1257 1372 1287 1401 et
1318 1368 1479 1400 obtinendi
1504 1378 1710 1411 quaecunque

253 1420 405 1453 beneficia
437 1419 631 1460 saecularia,
656 1420 787 1453 facultas
817 1420 1022 1461 conceditur,
1046 1421 1143 1460 ibid.;
1176 1421 1365 1454 clericorum
1397 1421 1581 1454 eorumdem
1606 1424 1710 1463 'novas

253 1473 491 1506 constitutiones
516 1482 574 1515 pro
600 1472 681 1505 felici
705 1482 925 1516 prosperoque
949 1474 1081 1507 instituti
1099 1475 1240 1517 ipsorum
1266 1475 1422 1517 regimine
1442 1475 1593 1516 conditas,
1616 1480 1710 1518 atque

253 1526 285 1558 in
310 1531 373 1558 tres
398 1530 505 1568 partes
529 1525 701 1566 distinctas,
726 1526 831 1564 refert,
857 1525 921 1558 530
945 1526 962 1558 (a
987 1531 1016 1559 et
1040 1537 1118 1570 seq.;
1144 1527 1276 1560 clericos
1301 1528 1459 1571 praefatos
1483 1538 1613 1571 capaces
1642 1538 1710 1561 esse

253 1578 480 1611 beneficiorum
499 1578 653 1618 omnium,
667 1578 728 1610 frui
748 1578 922 1621 privilegiis
940 1579 1130 1612 clericorum
1152 1580 1372 1622 saecularium,
1398 1584 1428 1614 et
1451 1580 1592 1613 ordinari
1617 1591 1710 1624 posse

252 1631 291 1664 ad
315 1631 440 1663 titulum
462 1631 709 1671 communitatis,
734 1631 922 1672 declaratur,
941 1631 1005 1663 613
1026 1643 1046 1665 α
1071 1637 1101 1664 et
1125 1633 1154 1671 l›;
1181 1632 1306 1665 clericis
1330 1632 1448 1665 eisdem
1468 1633 1635 1665 nonnullas
1660 1633 1709 1665 in-

253 1684 432 1727 dulgentiae
456 1690 630 1728 perpetuae
655 1684 883 1724 conceduntur,
909 1684 973 1717 02⁴⁴»
998 1685 1014 1716 b
1039 1690 1069 1717 et.
1093 1696 1155 1728 seq.

164 1738 292 1780 Collegii
324 1738 353 1771 S.
386 1738 623 1771 Bonaventurae
654 1737 779 1770 Ordinis
810 1738 966 1770 Minorum
1001 1737 1218 1780 collegialibus
1249 1738 1412 1770 decretum
1446 1737 1708 1780 Congregationis

251 1791 474 1835 episcoporum
511 1794 541 1824 et
576 1791 790 1833 regularium,
824 1791 862 1823 dc
899 1791 1043 1834 ipsorum
1075 1791 1215 1834 primatu
1251 1800 1346 1834 supra
1371 1796 1494 1824 ceteros
1527 1791 1709 1833 collegiales

252 1844 475 1877 conventuales
500 1843 626 1877 Ordinis
650 1844 679 1877 S.
704 1844 880 1883 Francisei,
906 1844 1130 1884 confirmatur,
1155 1843 1218 1875 927
1237 1844 1263 1876 b.

164 1896 292 1939 Collegii
317 1896 477 1930 Comensis
501 1896 648 1929 doctores
679 1897 810 1929 comites
835 1897 965 1940 palatini
991 1902 1021 1929 et
1046 1896 1166 1939 equites
1190 1902 1318 1929 auratae
1342 1897 1472 1929 militiae
1497 1896 1708 1936 declarantur,

253 1948 317 1982 923
343 1960 362 1981 (ι
391 1955 421 1982 et
453 1960 529 1993 seq.;
566 1949 642 1993 ipsis
678 1949 861 1982 doctoribus
896 1949 1027 1982 facultas
1059 1949 1195 1992 eligendi
1227 1950 1388 1990 notarios,
1419 1949 1599 1983 declarandi
1629 1949 1708 1991 legi-

252 2003 356 2042 timos,
381 2003 538 2044 doctores,
564 2013 599 2035 ac
624 2008 739 2036 statuta
764 2002 929 2042 condendi,
954 2003 1157 2043 conceditur,
1181 2003 1258 2035 ibid.

164 2055 293 2098 Collegii
319 2055 563 2088 secretariorum
587 2055 836 2099 apostolicorum
862 2060 960 2097 ortus,
981 2065 1181 2098 progressus,
1201 2055 1367 2097 privilegia
1392 2060 1423 2087 et
1439 2065 1535 2087 onera
1552 2055 1618 2087 fuse
1635 2064 1708 2087 nar-

254 2113 312 2149 rat,
338 2108 379 2141 88
405 2108 420 2141 I]
444 2113 474 2141 et
498 2119 584 2151 seq.;
611 2108 678 2141 eius
702 2108 883 2152 suppressio
909 2113 938 2141 et
962 2108 1121 2149 extinctio,
1142 2107 1178 2140 91
1209 2108 1226 2139 b
1251 2113 1283 2140 et
1309 2118 1390 2151 seq,
1416 2107 1541 2150 collegii
1567 2107 1708 2140 eiusdem

254 2161 468 2194 emolumenta
492 2161 599 2194 omnia
623 2161 774 2195 Gamerae
798 2161 996 2204 Apostolicae
1019 2160 1186 2203 adscripsit
1210 2161 1368 2201 Pontifex,
1393 2161 1436 2193 92
1460 2171 1500 2200 a,
1530 2160 1613 2193 illius
1638 2161 1708 2194 offi-

254 2214 387 2247 cialibus
412 2214 579 2257 pecuniam
606 2214 756 2247 Gamerae
779 2214 915 2247 solutam
941 2213 1029 2246 reddi
1050 2213 1222 2257 praecepit,
1247 2213 1289 2246 93
1314 2225 1344 2246 a..

164 2266 367 2300 Conclavistis
392 2266 510 2309 gratias
530 2272 561 2299 et
578 2267 745 2310 privilegia
761 2266 906 2300 concedit
922 2266 1074 2305 Pontifex,
1092 2266 1199 2309 eisque
1219 2276 1337 2299 novum
1355 2268 1454 2299 robur
1473 2266 1592 2307 adiicit,
1609 2266 1652 2299 24
1669 2278 1706 2308 α;

256 2321 398 2363 ipsorum
424 2319 688 2352 conclavistarum
713 2319 853 2359 nomina,
877 2318 921 2351 24
944 2319 961 2348 l>
985 2324 1016 2350 et
1041 2329 1101 2362 seq.

164 2372 381 2406 Confessiones
416 2372 625 2405 saecularium
661 2371 808 2404 audiendi
844 2372 875 2404 in
906 2371 1047 2404 ecclesiis
1083 2371 1347 2404 monasteriorum
1381 2371 1409 2404 S.
1443 2371 1653 2405 Scholasticae
1678 2377 1708 2405 et

251 2425 280 2459 S.
307 2426 424 2469 Specus
449 2425 646 2458 Sublacensis
663 2425 787 2458 Ordinis
805 2425 834 2458 S.
853 2424 1011 2457 Benedicti
1032 2424 1212 2457 facultatem
1238 2424 1313 2458 dare
1337 2425 1474 2468 pertinet
1499 2425 1536 2457 ad
1561 2424 1706 2458 abbatem

253 2478 569 2518 commendatarium,
594 2478 636 2510 17
661 2489 681 2511 (ι
706 2484 736 2511 ct
760 2488 820 2521 seq.

164 2531 409 2565 Confraternitas
433 2531 533 2563 almae
556 2531 675 2564 Domus
699 2531 893 2563 Lauretanae
910 2529 1046 2562 nationis
1063 2529 1251 2562 Picenorum
1268 2529 1307 2562 de
1331 2529 1415 2563 Urbe
1440 2529 1470 2562 in
1496 2530 1707 2563 archiconfra-

253 2584 431 2617 ternitatem
457 2588 561 2616 crecta
581 2588 637 2624 est,
663 2583 698 2615 51
729 2593 749 2615 α
774 2588 803 2615 et
828 2592 906 2625 seq.;
932 2581 1179 2615 confraternitati
1197 2582 1388 2625 praedictae,
1405 2588 1440 2616 ut
1463 2582 1539 2616 alias
1564 2582 1704 2616 eiusdem

308 2646 382 2673 Bull.
400 2646 483 2673 Rom.
506 2661 535 2663 —
561 2644 621 2672 Vol.
638 2644 712 2671 XIX.
878 2643 928 2669 122
