2111 3157
155 263 203 289 An.
226 264 254 290 c.
273 263 339 290 1031
387 253 451 287 7611

203 2488 311 2510 innovatio
327 2490 348 2508 et
402 2483 416 2525 ἓ
431 2482 449 2505 ί)

165 2519 296 2535 emtus-nano
316 2520 347 2534 Γῦ-

347 312 432 344 inter
457 311 519 344 alia
548 311 580 343 in
605 309 682 353 §20
707 308 1026 341 excommunicarunt
1051 312 1082 338 et

347 364 659 397 anathematizarunt
689 371 801 395 omncs
834 361 915 399 ilios,
935 359 1005 403 qui,
1023 370 1083 402 per

347 428 380 450 se
406 428 463 450 seu
489 417 579 455 alios,
606 416 726 448 directe
752 415 800 447 vcl
826 414 997 452 indirecte,
1022 413 1081 445 sub

347 479 554 513 quocumque
580 468 673 500 titulo
698 468 748 500 vel
773 467 894 505 colore,
918 465 1080 504 invadere,

347 523 534 561 destruere,
567 531 728 563 occupare
765 525 796 552 et
820 519 964 552 detinere
990 528 1082 561 prae-

346 575 560 617 sumpsissent
574 574 604 606 in
624 579 723 606 totum
741 573 790 605 vel
808 572 840 604 in
858 576 981 615 partem
998 571 1081 603 banc

345 628 460 659 almam
485 626 614 667 Urbem,
632 631 806 668 ceteraque
824 626 893 657 loca
917 624 949 656 in
970 624 1081 656 eadem

344 680 435 712 Bulla
461 689 610 722 expressa
635 679 673 711 ad
698 679 799 722 ipsam
826 678 1000 710 Romanam
1026 676 1082 708 Ec-

344 732 475 765 clesiam
502 732 714 775 pertinentia,
744 741 871 764 necnon
897 740 1080 773 supremam

343 786 602 819 iurisdictionem
632 786 663 818 in
684 784 746 817 illis
767 785 910 817 Romano
935 782 1080 815 Pontifici

344 851 380 872 ac
404 840 508 872 eidem
534 839 698 872 Romanae
716 837 877 871 Ecclesiae
895 842 1082 879 competen-

344 898 407 926 tem
434 893 473 925 de
506 893 588 924 sacto
623 896 855 933 usurpassent,
893 889 1082 931 perturbas-

344 950 426 985 sent,
447 945 667 983 retinuissent,
689 945 738 976 vel
760 943 831 975 aliis
855 941 958 974 modis
976 951 1081 974 vexas-

344 1005 434 1038 sent,
460 1009 587 1031 necnon
619 999 854 1036 adhaerentes,
882 996 1020 1028 fautores
1051 1000 1083 1028 et

345 1052 536 1083 defensores
552 1061 673 1089 eorum,
686 1050 739 1093 qui
755 1049 819 1082 illis
834 1048 997 1088 auxilium,
1009 1058 1082 1080 con-

343 1104 450 1136 silium
474 1104 523 1135 vel
549 1103 691 1135 favorem
718 1101 963 1145 quomodolibet
989 1110 1082 1142 prae-

344 1157 522 1196 stitissent,
549 1166 672 1198 nosque
706 1155 801 1187 ctiam
827 1153 962 1195 singulis
988 1152 1081 1185 annis

345 1210 492 1242 eamdem
528 1209 651 1242 Bullam
687 1207 848 1251 publicari
886 1205 1080 1239 iusserimus

345 1274 380 1295 ac
398 1263 588 1302 fecerimus,
609 1269 639 1294 et
657 1272 730 1294 cum
748 1261 787 1293 ab
806 1260 875 1303 ipso
892 1259 991 1292 nostri
1006 1269 1082 1302 pon-

344 1316 484 1348 tificatus
510 1316 601 1348 initio
626 1314 715 1347 cordi
745 1319 857 1346 nostro
883 1322 1013 1355 semper
1037 1312 1082 1343 in-

343 1368 405 1400 fixa
419 1368 515 1401 fuerit
528 1371 804 1411 supramemorata
817 1364 1081 1398 constitutionum

345 1421 557 1461 observantia,
574 1421 674 1453 verbo
701 1426 732 1452 et
756 1419 845 1451 sactis
870 1428 930 1461 per
947 1417 1082 1460 praede-

345 1484 492 1507 cessores
514 1480 643 1507 nostros
662 1473 747 1506 omni
767 1478 912 1515 tempore
938 1470 1081 1502 studiose

345 1533 502 1570 promota,
532 1527 722 1560 corumdem
752 1525 886 1567 vestigia
911 1529 1080 1562 sectantes,

347 1588 379 1614 et
395 1582 559 1624 signanter
584 1580 685 1613 felicis
710 1577 946 1612 recordationis
963 1575 1080 1608 Urbani

346 1634 452 1677 Papae
477 1634 562 1673 VIII,
594 1633 647 1676 qui
680 1633 711 1665 in
746 1631 878 1665 exordi0
905 1630 953 1661 sui
979 1629 1082 1673 ponti-

346 1687 468 1727 ficatus,
486 1688 635 1720 videlicet
652 1686 703 1720 die
721 1697 738 1718 v
756 1684 892 1717 ianuarii
911 1681 1081 1722 iincxxw',

346 1741 513 1784 peculiare
553 1740 691 1773 edictum
732 1739 772 1771 ad
816 1737 1081 1780 tranquillitatem

348 1800 379 1827 ct
403 1795 543 1836 quietem
564 1793 658 1825 huius
681 1793 783 1825 almae
802 1791 896 1823 Urbis
918 1800 976 1833 per
1001 1790 1085 1821 eius-

349 1849 421 1880 dem
449 1847 540 1879 Urbis
567 1853 643 1879 tune
665 1846 918 1888 gubernatorem
942 1843 1085 1886 promul-

347 1901 416 1943 gari
442 1900 614 1939 mandarit,
640 1905 673 1932 et
695 1897 873 1931 successive
895 1897 946 1929 die
966 1906 1004 1928 xv
1029 1906 1085 1928 no-

350 1954 489 1986 vembris
521 1963 678 1987 nncxxxtv
710 1950 818 1985 111010ἰ
843 1950 983 1984 edictum
1008 1960 1087 1993 spe—

350 2007 421 2040 ciali
451 2017 507 2039 suo
539 2005 761 2048 chirographo
787 2004 984 2043 declaravit,
1012 2014 1087 2036 nos-

352 2070 413 2103 que
440 2059 564 2102 pariter
593 2059 654 2091 alia
684 2058 746 2091 duo
773 2057 891 2090 similia
916 2056 1022 2089 edicta
1046 2056 1086 2088 ob

352 2113 480 2144 easdem
503 2121 624 2150 causas,
650 2121 748 2143 unum
775 2111 834 2143 sub
860 2110 911 2142 dic
936 2120 1007 2142 xxvi
1034 2120 1088 2142 no-

351 2165 492 2198 vembris
518 2174 708 2203 MDCLxxvn,
740 2169 771 2196 et
795 2164 933 2196 alterum
958 2162 1015 2194 sub
1037 2163 1087 2195 dic

351 2229 415 2252 xxu
442 2217 593 2250 februarii
619 2226 776 2255 i1DCLxxx,
798 2226 856 2259 per
873 2221 1019 2248 nostrum
1038 2215 1089 2248 Ur-

352 2271 401 2303 bis
425 2271 675 2313 gubernatorem
702 2269 859 2312 publicari
888 2268 1089 2301 mandaveri-

354 2335 435 2363 mus,
456 2335 591 2367 quorum
616 2323 860 2366 dispositionem
886 2322 917 2354 in
942 2321 1090 2354 omnibus

357 2382 389 2409 et
406 2387 463 2419 per
483 2376 588 2409 omnia
607 2375 637 2407 in
664 2386 722 2409 suo
751 2375 869 2408 robore
898 2385 1089 2418 permanere

356 2431 523 2462 volumus:

398 2606 406 2631 1
431 2605 500 2631 Edit.
517 2605 597 2631 Main.
614 2605 678 2639 legit
699 2605 770 2633 1616
790 2608 826 2635 (rt.
847 2605 895 2636 Τ.).

397 2648 413 2676 2
434 2648 550 2676 Pessime
570 2649 633 2676 edit.
654 2648 733 2676 Itlain.
755 2649 818 2683 legit
837 2649 927 2676 Iidem
947 2649 983 2683 (n.
1000 2649 1048 2683 13).

434 2506 460 2513 ...
477 2482 557 2514 llinc
575 2487 623 2514 est
638 2482 724 2525 quod
739 2492 809 2520 nos,
824 2480 1042 2514 abominabile
1062 2485 1092 2512 et

165 2543 279 2564 tumtum
300 2535 551 2568 ton-detestabile
579 2535 827 2567 francbitiarum
856 2545 985 2572 nomen,
1012 2543 1091 2577 ‹juzie

930 259 1108 283 arimanni
1134 258 1286 281 aomuun
1863 254 1913 282 An.
1933 253 1962 282 G.
1981 255 2047 285 1687

1123 307 1219 348 vulgo
1245 306 1395 339 dicuntur
1421 303 1600 344 Quartieri,
1626 307 1739 338 contra
1762 314 1856 337 omne
1867 316 2050 370 2¹‡L⁰,'{,⁰„'¹J¹„'{‘¹¹¹¹'

1910 351 1913 363 ί
2007 351 2048 366 11Ιὲ-

1124 358 1172 390 ius
1204 358 1318 401 sasque
1343 356 1686 399 usurpatum,penitus
1710 356 1917 396 abolei'c,10r·s
1932 375 2049 393 exram-nu.

1125 421 1251 444 necnon
1278 411 1434 444 dictarum
1460 409 1727 442 constitutionum
1746 410 1857 444 maiori
1869 397 2050 446 iiiiiii'i'iiss'ssiiss

1124 469 1156 496 et
1179 463 1313 496 firmiori
1348 474 1384 496 ac
1418 462 1597 495 inviolabili
1634 450 1920 499 observantiaeiiiisss¹
1955 455 2050 472 ¹⁰⁵⁰m'

1124 521 1156 548 et
1177 516 1359 549 executioni
1386 516 1554 549 consulere
1580 517 1745 556 volentes,
1770 521 1859 549 motu

1125 569 1269 613 proprio,
1293 575 1324 602 ct
1349 580 1384 602 ex
1418 571 1526 601 nostra
1551 568 1683 601 scientia
1707 571 1859 613 moraque

1124 623 1371 662 deliberatione,
1391 633 1516 655 necnon
1542 622 1637 655 etiam
1662 623 1701 655 dc
1726 623 1859 656 fratrum

1124 682 1306 708 nostrorum
1324 676 1353 709 S.
1375 675 1412 708 R.
1432 675 1466 708 Ε.
1489 675 1701 708 cardinalium
1722 675 1860 709 consilio

1125 734 1156 760 et
1180 739 1340 768 assensu,
1375 739 1410 760 ac
1444 730 1650 771 praematura
1674 728 1861 762 considera·

1124 781 1212 814 tione
1238 781 1439 824 praehabita,
1464 781 1684 823 praeinsertas
1708 781 1862 815 constitu-

1125 834 1229 867 tiones
1254 834 1512 877 supradictorum
1537 834 1620 873 Iulii,
1638 834 1696 874 Pii,
1716 833 1860 877 Gregorii

1125 899 1160 920 ac
1184 887 1261 920 Sixti
1280 888 1483 930 aliorumque
1501 888 1786 930 praedecessorum
1803 898 1862 921 no—

1124 946 1261 973 strorum
1288 940 1499 979 innovamus,
1523 939 1772 980 confirmamus,
1805 951 1862 984 ap-

1124 994 1311 1035 probamus.
1337 999 1369 1025 et
1393 992 1570 1035 apostolica
1595 992 1797 1033 auctoritate,
1817 998 1862 1026 tc-

1125 1056 1204 1079 nore
1229 1046 1457 1089 praesentium,
1483 1045 1678 1079 roboramus
1702 1046 1734 1078 in
1761 1045 1863 1078 omni-

1123 1099 1183 1131 bus
1205 1104 1236 1132 et
1260 1110 1320 1142 per
1344 1098 1470 1138 omnia,
1495 1109 1530 1130 ac
1556 1099 1672 1138 etiam,
1700 1105 1860 1142 quatenus

1125 1163 1208 1195 opus
1233 1153 1283 1192 sit,
1307 1153 1345 1185 de
1372 1163 1452 1185 novo
1479 1151 1689 1194 disponimus,
1717 1152 1863 1185 decerni-

1124 1216 1204 1245 mus,
1223 1216 1259 1238 ac
1288 1211 1446 1248 perpetuo
1473 1210 1502 1237 ct
1533 1205 1764 1238 inviolabiliter
1790 1215 1863 1238 exe-

1125 1259 1177 1301 qui
1204 1260 1352 1291 volumus
1373 1264 1405 1291 et
1425 1258 1626 1291 mandamus.
1650 1259 1694 1291 Ac
1713 1257 1859 1301 insuper,

1126 1311 1328 1345 inhaerendo
1362 1311 1458 1343 etiam
1487 1311 1673 1354 praedictae
1698 1311 1808 1344 Bullae
1829 1311 1861 1344 in

1125 1365 1230 1397 Coena
1254 1364 1389 1403 Domini,
1408 1374 1489 1407 quae
1518 1364 1610 1397 firma
1627 1368 1659 1396 et
1684 1363 1808 1397 illibata
1825 1374 1863 1396 ac

1128 1417 1157 1449 in
1184 1428 1242 1449 suo
1268 1417 1384 1449 robore
1401 1422 1602 1459 permaneat,
1621 1427 1734 1450 omnes
1752 1422 1784 1450 et
1800 1416 1864 1449 sin-

1127 1472 1219 1512 gulos
1236 1470 1268 1502 in
1287 1470 1463 1513 praedictis
1484 1469 1766 1503 constitutionibus
1781 1480 1867 1503 com-

1127 1518 1315 1565 prehensos,
1342 1533 1544 1566 quacumque
1570 1523 1727 1565 dignitate
1754 1529 1786 1556 et
1810 1533 1866 1556 au-

1127 1576 1273 1609 ctoritate
1299 1582 1362 1608 tam
1390 1576 1611 1609 ecclesiastica
1634 1587 1730 1620 quam
1756 1587 1866 1610 saecu-

1127 1630 1185 1662 lari
1212 1630 1466 1673 praefulgentes,
1493 1629 1618 1662 etiamsi
1645 1630 1684 1663 de
1708 1629 1773 1663 illis
1794 1639 1866 1673 spe-

1128 1684 1239 1724 cialis,
1264 1681 1436 1726 specifica,
1467 1693 1620 1726 expressa
1644 1688 1676 1716 et
1700 1682 1866 1716 individua

1128 1736 1249 1769 mentio
1275 1736 1423 1769 facienda
1452 1741 1556 1775 esset,
1583 1737 1637 1779 qui
1663 1737 1694 1768 in
1721 1735 1864 1769 futurum

1129 1790 1160 1822 in
1187 1790 1247 1822 hac
1272 1790 1355 1822 alma
1380 1788 1465 1821 Urbe
1491 1789 1700 1830 francbitias,
1726 1799 1808 1832 quae
1831 1794 1867 1822 ut.

1128 1844 1222 1885 vulgo
1237 1842 1385 1875 dicuntur
1400 1842 1577 1881 chnrlieri,
1595 1842 1717 1875 babere
1732 1848 1763 1875 et
1781 1841 1866 1875 tueri

1129 1897 1434 1940 quomodocumque
1459 1901 1670 1938 praesument
1690 1906 1746 1928 seu
1771 1905 1868 1939 prae·

1131 1950 1273 1988 tendent,
1295 1953 1349 1981 aut
1365 1948 1494 1980 illarum
1513 1953 1695 1990 praetextu,
1715 1953 1769 1981 aul.
1787 1948 1867 1982 alias

1131 2000 1705 2045 quomodolibet,iustitiaeministros
1716 2006 1867 2034 eteorum

1131 2055 1358 2088 mandatorum
1381 2055 1432 2087 vel
1458 2053 1609 2087 ordinum
1635 2054 1770 2087 liberam
1795 2063 1869 2088 exc-

1131 2108 1295 2141 cutionem
1321 2112 1384 2140 tam
1408 2107 1440 2139 in
1473 2107 1697 2140 criminalibus
1723 2117 1817 2150 quam
1835 2107 1867 2140 in

1132 2161 1279 2194 civilibus
1304 2160 1478 2204 impedire,
1498 2160 1704 2202 perturbare,
1720 2159 1786 2192 sive
1810 2169 1870 2203 per

1132 2226 1174 2254 sc,
1194 2214 1258 2246 sive
1285 2225 1343 2257 per
1367 2214 1459 2253 alios,
1481 2213 1605 2246 directe
1630 2214 1679 2246 vel
1700 2212 1868 2254 indirecte,

1132 2267 1190 2299 sub
1222 2276 1424 2310 quocumque
1450 2265 1545 2298 titulo
1570 2266 1621 2298 vel
1657 2266 1768 2299 colore
1803 2272 1871 2299 ten·

1134 2320 1269 2359 tabunt,
1296 2320 1345 2352 rel
1372 2319 1495 2352 eisdem
1520 2318 1805 2352 constitutionibus
1830 2319 1870 2352 ad

1133 2383 1274 2416 unguem
1299 2383 1364 2406 non
1391 2372 1568 2415 parebunt,
1593 2377 1691 2415 prout
1711 2372 1807 2406 etiam
1832 2373 1871 2406 il-

1134 2427 1203 2465 los,
1231 2426 1284 2469 qui
1311 2425 1342 2458 in
1369 2425 1480 2458 eadem
1506 2426 1578 2458 loca
1602 2429 1715 2458 contra
1740 2425 1869 2459 easdem

1134 2478 1385 2511 constitutiones
1411 2488 1445 2510 se
1472 2477 1648 2521 recipient,
1680 2477 1744 2511 sive
1773 2478 1812 2511 ad
1833 2488 1880 2512 eav

1135 2531 1334 2572 confugient,
1354 2533 1438 2565 ultra
1462 2541 1582 2573 poenas
1599 2531 1632 2563 in
1650 2530 1772 2564 eisdem
1797 2541 1872 2564 con-

1136 2584 1355 2618 stitutionibus
1381 2589 1549 2618 contentas
1565 2610 1572 2624 ,
1597 2583 1629 2616 in
1655 2583 1874 2617 excommuni-

1137 2639 1272 2672 cationis
1288 2638 1418 2672 maioris
1440 2649 1476 2672 ac
1493 2639 1577 2672 latae
1599 2638 1779 2672 sententiae
1795 2647 1881 2689 poe-⁴
