2111 3157
173 193 222 221 An.
244 193 272 221 e.
295 194 364 223 taso
408 186 472 219 tm

365 250 425 285 tur,
445 245 475 277 in
502 255 565 288 quo
591 244 797 276 documenta.
819 252 899 285 quae
919 241 1102 274 universam

365 298 658 341 Congregationem
673 299 884 333 concernunt,
897 295 1103 327 asservabun—

364 356 419 383 tur
443 362 459 383 a
485 350 610 383 duobus
644 350 693 381 vel
720 348 823 380 tribus
849 347 888 380 ab
914 347 1028 380 eodem
1054 359 1104 381 ca-

364 403 468 447 pitulo
495 401 701 446 deputandis.

409 457 545 499 Insuper
569 454 786 488 necessarium
812 454 872 487 erit
896 454 1035 498 aliquale
1053 465 1103 487 ae-

363 511 483 542 rarium
509 509 718 548 constituere,
738 508 771 541 in
794 518 857 550 quo
884 508 1011 550 singula
1036 518 1104 541 mo-

362 563 505 596 nastcria
531 561 812 605 pioportionatam
839 561 981 605 aliquam
1007 562 1103 595 colla-

362 616 486 649 tionem
511 616 681 673 pecuniae
696 615 861 647 annuatim
892 615 1029 653 saciant,
1063 625 1101 648 eo

362 669 435 709 fine,
458 674 493 701 ut
516 669 548 701 in
574 657 685 711 primis
711 678 870 711 expensae
893 679 910 701 a
927 668 1102 701 visitatori-

361 721 421 756 bus
447 722 478 754 in
505 722 640 754 transitu
666 721 704 753 ab
724 731 787 753 uno
810 721 847 754 ad
874 721 1012 754 alterum
1034 730 1101 754 mo-

361 774 537 808 nasterium
562 774 740 814 faciendae,
771 774 839 806 sine
867 785 949 807 novo
970 785 1101 807 monas-

360 828 518 861 teriorum
558 836 680 867 onere,
717 826 835 859 deinde
881 827 977 860 etiam
1013 828 1098 868 alia,

361 892 444 924 quae
464 880 705 923 emergentibus
725 880 852 913 casibus
869 881 1002 913 nomine
1021 880 1101 914 Con-

361 934 560 978 gregationis
591 934 805 977 expendenda
830 939 945 974 erunt,
973 944 1010 967 ex
1037 935 1100 967 hoc

361 987 526 1021 communi
552 986 678 1019 aerario
713 986 797 1018 sumi
828 987 967 1030 possint.
996 987 1099 1030 Atque

359 1040 422 1073 hoc
447 1040 606 1073 aerarium
621 1040 681 1072 sub
696 1039 843 1072 custodia
861 1040 984 1072 domini
1006 1051 1100 1083 prae-

360 1094 438 1126 sidis
466 1094 534 1133 erit,
554 1093 607 1136 qui
630 1104 701 1126 cum
727 1093 850 1125 duobus
876 1094 1037 1136 deputatis
1062 1093 1100 1126 il-

359 1147 421 1180 lius
448 1146 648 1186 monasterii,
667 1146 699 1178 in
719 1157 782 1190 quo
801 1146 961 1179 aerarium
986 1147 1100 1180 extite-

359 1201 411 1239 rit,
431 1200 668 1244 inspectionem
695 1205 727 1233 et
745 1210 855 1232 curam
875 1201 1015 1234 debitam
1042 1202 1099 1233 ha-

358 1254 469 1294 bebit,
497 1259 592 1297 atque
619 1253 821 1296 singulorum
846 1254 1015 1297 portiones
1042 1264 1098 1288 seu

359 1313 446 1339 taxas
473 1307 575 1350 <certo
602 1306 677 1339 anni
703 1308 864 1350 tempore)
890 1307 1036 1350 recipiet,
1054 1314 1096 1348 et,

358 1361 520 1402 completo
547 1360 687 1392 triennio
714 1370 782 1399 suo,
808 1360 847 1393 de
873 1360 1021 1393 omnibus
1047 1371 1098 1393 ac-

358 1413 459 1456 ceptis
482 1419 513 1446 et
538 1413 687 1456 expensis
712 1413 880 1452 rationem,
899 1416 1027 1457 unaque
1049 1425 1098 1447 re-

357 1466 484 1499 siduam
510 1466 700 1509 pecuniam,
726 1466 758 1498 111
784 1467 923 1510 capitulo
950 1468 1096 1509 generali

358 1520 512 1563 deponet,
539 1530 622 1552 novo
647 1520 790 1563 praesidi
816 1522 1048 1553 numerandam
1067 1526 1098 1553 et

357 1573 635 1612 committendam,
654 1584 690 1605 ac
716 1573 975 1614 custodiendam,
993 1579 1027 1605 ut
1046 1585 1097 1606 su-

356 1637 415 1670 pra
440 1627 607 1660 decretum
633 1632 691 1659 est.

400 1681 555 1713 Dominus
580 1691 714 1723 praeses
741 1681 888 1721 curabit,
915 1691 932 1713 a
958 1682 1096 1725 quodam

356 1734 396 1766 ad
422 1733 453 1766 id
483 1733 669 1776 specialiter
700 1734 854 1777 deputato
888 1734 1027 1767 describi
1061 1746 1097 1768 ea

357 1797 440 1830 quae
466 1792 578 1819 notatu
612 1787 709 1829 digna
743 1797 801 1830 per
826 1798 944 1820 annum
971 1789 1097 1821 accide-

356 1841 420 1873 rint
444 1841 623 1884 spectantia
647 1842 685 1873 ad
711 1841 1031 1883 Congregationern,
1053 1848 1096 1874 ut-

355 1893 447 1937 pote¹
465 1894 738 1926 monasteriorum
763 1895 981 1935 accessiones,
1002 1906 1097 1939 supe-

355 1948 477 1981 riorum
503 1947 735 1986 instimtiones,
753 1948 932 1981 amotiones
951 1954 982 1981 et
1000 1949 1095 1992 depo-

356 2001 511 2042 sitiones,
538 2001 564 2032 si
591 2011 673 2043 quae
699 2000 794 2040 siant,
823 2006 854 2033 et
879 2001 940 2034 alia
966 2003 1097 2044 negotia

356 2054 463 2096 magni
490 2054 654 2093 momenti,
682 2065 765 2097 quae
791 2060 942 2098 suscepta
966 2066 1025 2098 per
1042 2066 1096 2088 an-

355 2118 431 2140 nuui
464 2109 512 2141 vel
551 2108 723 2140 terminata
748 2108 890 2148 suerint3
920 2113 951 2141 et
975 2109 1007 2140 in
1033 2109 1095 2142 alio

355 2161 439 2194 libro
455 2161 586 2194 nomina
603 2166 826 2203 patronorum,
844 2161 1092 2201 benefactorum,

355 2219 386 2247 et
412 2215 590 2247 amicorum
616 2214 908 2257 Congregassonis,
937 2225 973 2247 ac
999 2215 1093 2247 etiam

356 2268 610 2300 extraordinaria
641 2268 890 2300 benevolentiae
924 2268 1029 2300 officia
1054 2268 1093 2300 ab

355 2320 433 2363 ipsis
455 2327 593 2364 recepta,
612 2327 647 2353 ut
671 2322 709 2353 de
734 2321 772 2353 iis
790 2330 998 2354 successores
1018 2332 1093 2354 suos

356 2379 387 2407 et
405 2374 485 2406 alios
510 2375 626 2407 docere
646 2375 757 2417 possit:
777 2385 855 2417 quos
883 2375 964 2407 duos
990 2375 1092 2408 libros

355 2427 393 2459 ad
420 2427 595 2469 capitulum
620 2429 772 2470 generale
798 2428 929 2469 deseret,
947 2428 1092 2472 patribus

355 2479 570 2513 exhibendos.

399 2533 550 2572 Quolibet
582 2534 720 2567 triennio
753 2546 884 2579 praeses
908 2536 1092 2581 Congrega-

392 2597 404 2624 ¹
425 2596 521 2627 Aptius
541 2596 599 2631 lege
620 2600 739 2632 utputa
759 2602 797 2632 (n.
819 2600 869 2633 1.).

949 194 1128 217 1111111111211
1155 192 1304 217 ROlIXNUM

1145 241 1242 273 tionis
1277 240 1416 274 officium
1448 242 1612 284 deponet,
1639 242 1683 275 ita
1714 246 1821 277 tamen
1846 247 1882 276 ut

1145 294 1312 333 sexennio,
1332 299 1363 326 et
1379 294 1528 338 amplius,
1548 295 1635 328 illius
1652 295 1791 329 officium
1805 306 1882 330 con-

1146 346 1261 379 tinuari
1288 347 1402 390 possit,
1430 347 1455 380 si
1481 347 1525 380 ita
1545 359 1606 392 pro
1630 349 1718 382 bono
1743 345 1887 393 Congre-'

1144 400 1284 442 gationis
1301 400 1540 444 disponendum
1558 402 1700 445 capitulo
1712 402 1882 444 videbitur,

1146 454 1323 488 dummodo
1356 460 1463 488 tamen
1500 455 1703 489 confirmatio
1735 455 1791 490 fiat
1824 467 1884 500 per

1145 512 1269 540 secreta
1286 506 1436 550 suffragia
1454 519 1471 541 a
1492 508 1616 541 duabus
1631 519 1668 541 ex
1687 509 1790 542 tribus
1809 511 1884 553 parss

1145 560 1228 593 tibus
1252 561 1411 594 vocalium
1432 561 1464 594 in
1489 562 1634 606 capitulo
1659 563 1880 596 existentium.

1188 614 1227 647 Ut
1250 614 1454 648 visitationes
1479 615 1770 656 monasteriorum,
1796 616 1881 651 unde

1143 667 1331 710 plurimum,
1346 673 1409 700 tarn
1427 668 1621 712 disciplinae
1638 668 1796 712 regularis
1811 679 1884 703 con·

1142 828 1290 861 executio
1309 828 1441 871 pendet,
1461 839 1531 862 curn
1557 828 1749 862 auctoritate
1770 833 1802 862 et
1817 828 1868 861 sru

1142 885 1194 913 ctu
1220 880 1307 921 fiant,
1327 881 1396 924 ipse
1422 881 1572 914 dominus
1597 892 1730 926 praeses
1750 881 1812 915 erit
1832 891 1883 915 or-

1142 934 1267 967 dinarie
1291 934 1415 978 primus
1440 935 1583 968 omnium
1607 935 1880 969 monasteriorum

1141 988 1302 1021 visitator:
1327 994 1459 1031 praeter
1484 999 1580 1032 quem
1606 989 1669 1022 duo
1695 988 1749 1022 alii
1773 989 1882 1022 visita-

1142 1046 1227 1073 tores
1263 1041 1426 1084 eligantur
1466 1042 1499 1074 in
1532 1042 1676 1085 capitulo
1712 1042 1881 1085 generali,

1142 1103 1278 1136 quorum
1295 1104 1378 1126 unus
1401 1104 1533 1137 semper
1549 1105 1619 1127 curn
1639 1094 1772 1127 domino
1790 1105 1881 1138 prae-

1141 1147 1210 1179 side
1236 1147 1475 1180 visitationibus
1500 1147 1662 1181 intererit.
1690 1147 1720 1181 Si
1745 1158 1881 1191 praeses

1141 1211 1205 1233 non
1230 1200 1335 1243 possit
1366 1200 1476 1233 omnia
1505 1201 1702 1234 monasteria
1728 1201 1880 1242 visitare,

1141 1255 1293 1299 disponet
1306 1266 1379 1289 cum
1396 1256 1628 1296 visitatoribus,
1647 1265 1805 1299 quaenam
1820 1255 1880 1290 soli

1139 1308 1324 1342 visitatores
1364 1308 1494 1342 visitare
1528 1308 1679 1342 debeant.
1721 1308 1881 1342 Monaste-

1139 1362 1223 1394 rium
1250 1362 1371 1395 domini
1398 1362 1558 1405 praesidis
1583 1373 1601 1395 a
1626 1361 1752 1396 duobus
1777 1361 1882 1395 convi-

1140 1414 1327 1448 sitatoribus
1345 1415 1540 1448 visitabitur.
1557 1415 1590 1448 In
1606 1425 1692 1455 casu,
1710 1425 1786 1458 quo,
1803 1425 1880 1459 pro-

1139 1474 1211 1511 pter
1236 1467 1474 1511 aegritudinem
1499 1469 1551 1501 vel
1583 1467 1645 1500 alia
1677 1467 1880 1504 inevitabilia

1139 1533 1241 1565 eaque
1260 1523 1411 1555 diuturna
1429 1521 1672 1565 impedimenta,
1691 1521 1755 1555 sive
1782 1521 1880 1555 domi-

1138 1586 1197 1608 nus
1241 1585 1372 1619 praeses
1409 1574 1474 1607 sive
1507 1574 1562 1608 alii
1599 1575 1663 1608 duo
1696 1574 1878 1609 visitatores

1138 1639 1201 1661 non
1227 1632 1364 1671 possent
1401 1626 1508 1660 officio
1542 1626 1878 1670 visitationis·fungi,

1137 1692 1198 1724 per
1222 1681 1402 1724 capitulum
1426 1681 1581 1724 generale
1607 1680 1754 1723 quolibet
1779 1691 1877 1722 anno,

1138 1736 1240 1768 donec
1266 1735 1352 1768 alitid
1379 1740 1534 1768 statutum
1551 1734 1591 1766 sit
1608 1734 1641 1766 in
1666 1734 1809 1777 capitulo
1826 1744 1881 1778 ge-

1138 1788 1250 1827 nerali,
1265 1788 1410 1832 provisio
1437 1787 1594 1827 sacienda,
1611 1791 1643 1820 et
1667 1787 1880 1820 eventualiter

1138 1843 1191 1875 alii
1217 1841 1433 1874 substituendi
1460 1846 1544 1881 sunt,
1562 1851 1602 1874 ne
1628 1851 1680 1873 res
1705 1845 1770 1873 tam
1795 1841 1879 1874 salu-

1138 1896 1223 1935 taris,
1243 1894 1367 1939 scilicet
1398 1894 1540 1927 visitatio
1576 1893 1777 1938 singulorum
1810 1903 1879 1927 mo-

1138 1946 1365 1989 misteriorum,
1382 1948 1559 1987 omittatur,
1577 1947 1635 1980 sed
1650 1947 1781 1981 omnino
1806 1957 1879 1991 per-

1137 2002 1262 2034 ticiatui
1286 2007 1318 2035 et
1343 2001 1548 2034 teiminetur.

1181 2055 1273 2093 Quod
1299 2055 1328 2087 si
1353 2065 1403 2098 pi
1395 2064 1485 2087 ‘reses
1511 2064 1577 2087 non
1604 2053 1689 2088 adsit
1713 2064 1786 2087 curn
1810 2064 1877 2088 uno

1136 2109 1327 2148 visitatoie,
1355 2118 1462 2152 neque
1488 2107 1618 2151 ipsimet
1641 2107 1705 2141 duo
1731 2108 1877 2141 visitato-

1138 2173 1189 2194 ies
1216 2161 1384 2194 constituti
1421 2160 1515 2194 simul
1541 2161 1655 2194 adesse
1681 2165 1820 2204 possunt
1843 2161 1876 2194 in

1135 2216 1332 2255 xisitatione,
1360 2214 1557 2257 adiungetur
1582 2225 1599 2250 a
1624 2214 1784 2258 praeside,
1803 2216 1885 2248 cum'

1136 2269 1276 2302 consilio
1293 2268 1437 2302 xlsltatOt
1441 2279 1504 2310 um
1519 2268 1574 2301 uni
1591 2268 1748 2301 visitatori
1766 2268 1873 2302 socius

1136 2323 1216 2362 eius,
1234 2323 1281 2355 vir
1300 2333 1410 2365 capax,
1432 2320 1478 2355 et¹
1504 2322 1537 2355 in
1563 2322 1690 2355 statutis
1715 2321 1871 2355 faciendis

1136 2375 1293 2408 visitatori
1320 2374 1439 2408 auxilio
1465 2385 1536 2408 esse
1562 2375 1677 2418 possit,
1697 2374 1751 2418 qui
1769 2375 1808 2408 ad
1833 2375 1876 2407 si-

1135 2429 1271 2462 lentium
1297 2429 1499 2469 servandum,
1526 2429 1559 2461 in
1584 2428 1623 2461 iis
1650 2438 1733 2471 quae
1758 2427 1799 2461 ad
1824 2428 1872 2461 ot*-

1135 2482 1241 2514 ticium
1268 2493 1359 2515 suum
1397 2482 1584 2525 pertinent,
1610 2492 1647 2515 eo
1678 2481 1775 2515 modo
1808 2491 1872 2525 quo

1136 2535 1292 2575 visitator,
1319 2535 1550 2578 adstringetur.

1172 2599 1182 2624 1
1207 2597 1314 2625 Videtur
1335 2598 1430 2625 deesse
1450 2598 1502 2634 qui
1519 2599 1557 2634 (n.
1575 2598 1624 2633 τ.).

1888 194 1936 222 An.
1957 195 1988 223 C.
2007 195 2074 224 1686

1919 682 1930 709 Ξ
1945 682 1964 703 3
1982 681 2012 703 De
2027 682 2076 704 vut-

1894 710 1953 730 tator·
1957 710 1995 730 bus
2011 712 2053 729 nti
2046 711 2076 731 1-1·

1129 721 1292 761 'seivatio,
1312 732 1409 765 quarn
1432 732 1558 762 eorum,
1579 732 1660 766 quae
1681 722 1713 755 in
1732 715 2036 766 capitulissnau'untbus.

1127 775 1350 817 generalibus
1386 775 1564 809 salubriter
1592 775 1771 809 constituta
1794 781 1881 817 sunt,
