2111 3157
205 204 255 232 Λη.
274 203 302 231 c.
326 202 392 231 1589
439 195 502 228 044

236 2217 355 2238 clausulae.

398 255 557 286 declarata
583 260 614 286 et
639 258 743 291 aucta,
765 262 824 284 nec
850 259 914 283 non
935 260 951 282 a
968 249 1062 282 nobis
1080 258 1133 280 ex-

397 312 488 341 tensa
505 312 534 340 et
552 307 713 350 ampliata,
738 305 923 337 nullatenus
939 307 1062 335 attento
1080 311 1133 333 eo-

397 360 543 393 rumdem
570 360 774 391 decretorum
799 356 876 389 alias
905 359 1059 388 oretenus
1080 364 1134 396 ap-

397 413 619 457 probatorum,
646 411 799 453 iussuque
824 414 933 441 nostro
957 407 1134 451 publicato-

397 476 478 505 rum,
505 471 539 497 ut
562 463 753 508 praefertur,
774 473 811 495 ac
836 462 931 494 etiam
956 461 1134 503 impresso-

398 529 467 551 rum
493 517 676 561 aliqualiter
690 516 815 549 diverso
834 520 956 554 tenore,
974 517 1132 557 perpetuo

397 570 689 613 inviolabiliterque
714 567 893 607 observari,
917 572 948 600 et
979 565 1133 599 constitu-

396 624 491 658 tionis
508 628 640 656 nostrae
657 621 836 654 munimine
854 621 1008 653 roborare
1029 620 1134 652 volen-

397 682 462 715 tes,
488 681 575 708 motu
609 675 763 718 proprio,
787 684 851 706 non
877 673 917 705 ad
941 672 1131 715 cuiusquam

396 728 488 762 nobis
513 737 609 772 super
640 728 703 760 hoc
734 727 861 760 oblatae
892 725 1059 769 petitionis
1085 724 1133 757 in-

397 781 567 820 stantiam,
593 780 650 813 sed
675 791 712 813 ex
738 781 825 812 certa
849 778 987 812 scientia
1012 783 1043 810 et
1067 788 1132 810 ma-

396 837 466 868 tura
480 834 724 874 deliberatione,
746 833 850 876 deque
868 832 1063 876 apostolicae
1080 841 1133 875 po-

396 888 520 921 testatis
540 887 754 931 plenitudine,
776 886 978 930 praeinserta
1002 885 1131 917 decreta

395 941 567 984 omniaque
586 946 617 973 et
638 940 763 982 singula
779 939 812 972 in
834 939 879 972 eis
904 943 1066 977 contenta,
1085 942 1131 970 te-

395 1004 476 1028 nore
493 993 724 1037 praesentium,
742 992 932 1026 auctoritate
946 991 1130 1034 apostolica,

395 1046 622 1080 confirmamus
637 1051 668 1078 et
682 1045 911 1089 approbamus,
925 1054 1051 1076 necnon
1066 1043 1130 1076 illis

394 1100 592 1134 inviolabilis
616 1104 647 1132 et
671 1098 904 1140 irrefragabilis
934 1097 1130 1140 apostolicae

395 1152 555 1186 firmitatis
581 1152 680 1185 robur
698 1157 729 1185 et
746 1151 921 1185 efficaciam
947 1149 1129 1190 adimimus,

395 1206 540 1250 quinimo
558 1210 658 1243 motu,
675 1204 818 1244 scientia,
829 1203 1082 1242 deliberatione,
1097 1214 1131 1235 ac

394 1258 564 1303 potestatis
596 1257 801 1301 plenitudine
837 1256 996 1289 similibus
1025 1256 1131 1289 onmia

395 1316 428 1345 et
452 1311 579 1353 singula
603 1310 635 1342 in
666 1309 859 1352 supradictis
891 1309 1031 1342 decretis
1056 1319 1132 1341 con-

395 1369 482 1397 tenta
507 1364 545 1396 de
571 1373 654 1396 novo
673 1362 853 1402 statuimus,
877 1362 1080 1395 decernimus
1102 1367 1132 1394 et

396 1417 592 1455 ordinamus,
612 1421 641 1448 et
668 1421 731 1448 tam
757 1416 820 1455 illa,
840 1426 935 1458 quam
957 1415 1131 1458 praefatam

395 1470 484 1503 Pauli
510 1468 786 1513 praedecessoris,
812 1468 843 1500 in
868 1468 907 1500 iis
934 1478 1015 1510 quae
1040 1478 1133 1511 prae-

396 1522 502 1556 missis
517 1532 582 1554 non
600 1520 835 1560 adversantia-¹,
855 1520 1132 1561 constitutionem,

397 1576 436 1609 ab
454 1575 604 1609 omnibus
623 1579 654 1608 et
671 1575 929 1618 quibuscumque
949 1574 1045 1608 etiam
1061 1585 1134 1617 spe-

397 1628 470 1662 ciali
495 1633 527 1661 et
558 1627 721 1660 individua
753 1629 828 1660 nota
859 1627 986 1669 dignis,
1020 1628 1133 1660 eodem

396 1682 493 1714 modo
526 1691 591 1725 quo
622 1680 653 1713 in
679 1682 859 1713 memorata
883 1680 973 1713 Pauli
998 1681 1134 1724 praede-

397 1733 534 1767 cessoris
559 1733 790 1766 constitutione
823 1732 1009 1774 caveatur⁴²,
1043 1733 1134 1766 cuius

398 1794 543 1821 tenorem
567 1786 793 1830 praesentibus
818 1797 877 1830 pro
903 1788 1001 1830 plene
1019 1793 1049 1820 et
1070 1787 1135 1819 sus-

398 1839 545 1873 sicienter
569 1849 723 1883 expresso
747 1845 779 1872 et
802 1840 924 1873 inserto
944 1840 1056 1873 haberi
1081 1850 1136 1873 vo-

398 1894 515 1932 lumus,
539 1902 666 1925 necnon
691 1892 749 1926 sub
773 1893 897 1936 poenis,
918 1903 1001 1936 quae
1027 1894 1059 1926 in
1085 1895 1136 1929 ca-

399 1946 471 1979 dem
496 1945 727 1979 constitutione
753 1951 783 1978 et
806 1945 838 1978 in
869 1946 1053 1989 praemissis
1082 1948 1136 1980 de-

399 1999 494 2033 cretis
513 1999 729 2039 continentur,
748 1999 928 2043 ceterisque
953 2004 1065 2033 nostro
1085 2002 1135 2034 vel

400 2052 534 2085 Romani
554 2052 717 2085 Pontificis
741 2062 802 2096 pro
823 2057 971 2096 tempore
997 2053 1137 2087 existen-

401 2106 441 2139 tis
459 2106 592 2139 arbitrio
611 2105 828 2148 iniungendis,
846 2106 1047 2140 exactissime
1065 2118 1138 2151 per-

401 2164 566 2203 petuoque
585 2158 704 2191 servari
722 2159 866 2191 volumus
886 2164 918 2191 et
933 2159 1135 2192 mandamus.

445 2212 460 2255 g
484 2211 515 2244 3.
543 2211 767 2252 Decernentes,
784 2211 901 2251 omnia,
922 2222 1003 2255 quae
1025 2218 1138 2245 contra

402 2263 590 2297 huiusmodi
614 2264 854 2297 constitutionis
879 2264 1088 2308 omniumque
1108 2271 1138 2299 et

403 2316 604 2359 singulorum
629 2317 661 2349 in
686 2318 723 2350 ea
750 2321 977 2351 contentorum
1003 2318 1138 2352 sormam

405 2374 436 2401 et
449 2374 597 2402 tenorem
616 2369 754 2409 decreta,
774 2374 844 2402 acta
868 2370 917 2403 vel
932 2380 1138 2414 quocumque

405 2421 501 2454 modo
526 2422 575 2454 vel
599 2427 747 2465 tempore
774 2427 864 2465 gesta
887 2422 1015 2462 suerint,
1038 2425 1137 2463 nulla,

406 2474 545 2507 invalida
570 2479 601 2507 et
625 2480 760 2515 extorta,
785 2475 972 2520 nulliusque
996 2476 1137 2517 roboris,

443 2544 454 2570 1
476 2543 546 2578 Lege
566 2544 737 2572 adversatur
756 2545 795 2578 (n.
812 2545 861 2578 τ.).

442 2587 457 2615 2
476 2586 590 2615 Videtur
609 2587 751 2623 legendum
770 2592 888 2619 cavetur
905 2589 944 2625 (R.
957 2589 1007 2626 τ.).

982 200 1053 225 nrt!
1065 201 1078 223 ,t
1084 201 1159 223 l'lll’lll
1184 199 1335 223 nommtit

1176 247 1348 287 efficaciae,
1367 248 1416 280 vel
1442 247 1597 280 momenti
1621 249 1688 281 sore
1715 254 1746 280 et
1770 259 1910 290 censeri,

1176 299 1364 344 neminique
1379 305 1551 342 praeterea
1564 301 1708 333 ullatenu
1726 300 1911 344 ssuss'ragari

1176 363 1273 395 posse
1297 353 1345 385 vel
1372 352 1509 393 debere,
1536 358 1567 386 et
1592 353 1633 385 ita
1657 364 1714 397 per
1738 364 1912 397 quoscum-

1176 415 1236 448 que
1257 405 1381 438 iudices
1408 410 1472 438 tam
1497 406 1679 439 ordinarios
1704 417 1799 449 quam
1824 407 1913 440 dele-

1176 464 1276 501 gatos,
1289 458 1402 502 quavis
1416 459 1607 492 auctoritate
1623 459 1803 502 fungentes,
1815 460 1911 493 etiam

1175 511 1206 544 S.
1226 512 1263 545 R.
1281 511 1315 544 Ε.
1343 512 1535 552 cardinales,
1553 512 1649 545 etiam
1675 513 1714 545 de
1739 513 1838 546 latere
1865 514 1912 546 le-

1175 570 1275 608 gatos,
1295 570 1326 598 et
1341 575 1510 598 causarum
1535 565 1647 609 palatii
1667 566 1837 610 apostolici
1855 577 1912 599 au-

1176 618 1318 658 ditores,
1346 619 1472 651 suhlata
1497 618 1543 651 eis
1569 623 1601 651 et
1625 629 1740 652 eorum
1777 619 1911 652 cuilibet

1176 672 1286 715 quavis
1312 672 1408 705 aliter
1427 672 1592 706 iudicandi
1618 677 1649 705 et
1672 671 1909 716 interpretandi

1176 725 1325 758 facultate
1343 752 1350 764 ‚
1378 724 1510 758 iudicari
1547 730 1578 758 et
1613 725 1738 758 definiri
1766 725 1906 766 ‘debere;

1175 777 1301 811 irritum
1326 788 1456 822 quoque
1474 783 1504 810 et
1525 778 1620 811 inane
1646 777 1801 822 quidquid
1819 789 1910 811 secus

1174 840 1274 874 super
1308 831 1456 864 omnibus
1481 835 1512 863 et
1535 830 1669 873 singulis
1702 830 1909 874 praemissis,

1175 884 1222 916 vel
1247 883 1332 916 circa
1356 894 1402 924 ea,
1420 894 1437 916 a
1462 888 1640 927 quoquam,
1667 883 1776 926 quavis
1803 889 1911 917 aucto-

1174 937 1277 976 ritate,
1302 937 1446 970 scienter
1468 938 1520 970 vel
1545 937 1743 980 ignoranter,
1771 937 1912 980 contige-

1174 991 1215 1023 rit
1239 990 1403 1023 attentari.

1921 201 1969 228 An.
1986 200 2014 228 C.
2036 202 2101 231 1689

1218 1043 1232 1086 ἓ
1257 1043 1288 1075 4.
1315 1043 1385 1076 Non
1411 1042 1611 1076 obstantibus
1635 1043 1823 1086 apostolicis
1840 1070 1848 1085 ,
1874 1053 1911 1077 ac
1947 1055 2099 1085 Contrariorum

1175 1095 1204 1128 in
1230 1095 1468 1129 universalibus
1498 1097 1819 1140 provincialibusque
1852 1082 2037 1130 et¹⁰⁰m⁸²⁶¹⁰¹

1174 1149 1383 1192 synodalibus
1408 1149 1555 1182 conciliis
1580 1149 1685 1190 editis,
1705 1150 1910 1193 generalibus

1173 1203 1221 1234 vel
1240 1202 1447 1245 specialibus,
1469 1202 1752 1235 constitutionibus
1769 1208 1800 1235 et
1825 1203 1912 1236 ordi-

1175 1254 1374 1294 nationibus,
1393 1264 1519 1287 necnon
1540 1255 1675 1297 legibus,
1695 1255 1790 1288 etiam
1809 1255 1911 1299 impe-

1174 1308 1310 1340 rialibus
1335 1312 1366 1340 et
1390 1307 1647 1351 municipalibus,
1674 1319 1711 1341 ac
1735 1308 1838 1341 dictae
1859 1308 1912 1341 Ur-

1176 1361 1224 1394 bis
1251 1366 1282 1394 et
1305 1361 1553 1404 provinciarum,
1578 1361 1751 1402 civitatum,
1773 1361 1911 1405 oppido-

1177 1424 1258 1453 rum,
1278 1419 1446 1453 terrarum,
1461 1414 1616 1454 locorum,
1636 1424 1671 1446 ac
1690 1413 1910 1455 basilicarum,

1176 1466 1377 1509 aliarumque
1416 1466 1644 1508 ecclesiarum,
1680 1466 1910 1508 tribunalium,

1177 1519 1415 1562 collegiorum,
1451 1519 1735 1559 monasteriorum,
1768 1519 1909 1553 societa-

1177 1579 1254 1613 tum,
1272 1573 1570 1615 congregationum,
1589 1572 1822 1614 institutorum,
1841 1583 1913 1606 con-

1177 1626 1432 1666 fraternitatum,
1460 1625 1666 1669 hospitalium
1703 1630 1734 1659 et
1764 1627 1912 1660 locorum

1177 1679 1304 1723 piorum
1328 1689 1627 1722 quorumcumque,
1646 1679 1756 1712 aliisve
1781 1679 1913 1722 quibus-

1176 1733 1232 1772 vis,
1247 1732 1343 1765 etiam
1360 1732 1557 1773 iuramento,
1578 1731 1824 1766 confirmatione
1842 1743 1914 1776 apo-

1177 1785 1306 1825 stolica,
1336 1786 1385 1818 vel
1411 1785 1519 1829 quavis
1554 1784 1702 1818 firmitate
1731 1785 1793 1819 alia
1817 1786 1912 1819 robo-

1178 1839 1264 1879 ratis,
1298 1838 1443 1879 statutis,
1476 1846 1655 1882 eorumque
1681 1839 1913 1873 reformationi-

1178 1892 1236 1924 bus
1262 1897 1293 1925 et
1317 1892 1408 1925 novis
1429 1891 1658 1932 additionibus,
1675 1892 1796 1932 usibus,
1815 1892 1926 1936 stylis„

1178 1946 1273 1979 etiam
1310 1945 1499 1978 inveteratis
1514 1972 1521 1985 ‚
1547 1950 1578 1978 et
1602 1945 1888 1979 consuetudinibus
1903 1973 1911 1987 ,

1179 1998 1383 2042 quantumvis
1416 1998 1753 2039 immemorabilibus‚
1786 1998 1915 2042 privile-

1179 2053 1239 2094 giis
1266 2062 1408 2095 quoque,
1433 2051 1565 2085 indultis
1591 2057 1623 2084 et
1645 2052 1760 2084 litteris
1786 2058 1916 2095 aposto-

1179 2106 1260 2146 licis,
1279 2105 1336 2138 sub
1362 2105 1620 2148 quibuscumque
1638 2106 1808 2138 verborum
1825 2110 1916 2138 teno·
1932 2122 1935 2125 ·

1180 2160 1267 2193 ribus
1293 2164 1325 2192 et
1349 2158 1468 2198 formis,
1486 2163 1605 2191 etcum
1631 2157 1797 2201 quibusvis
1820 2158 1916 2191 etiam

1181 2211 1458 2254 derogatoriarum
1497 2210 1713 2253 derogatoriis
1731 2237 1738 2250 ,
1780 2210 1916 2254 aliisque

1181 2263 1426 2304 efficacioribus,
1453 2262 1681 2296 efficacissimis
1713 2267 1744 2295 et
1780 2262 1916 2296 insolitis

1181 2317 1343 2357 clausulis,
1360 2315 1640 2359 irritantibusque,
1660 2321 1690 2348 et
1714 2315 1786 2348 aliis
1809 2316 1917 2350 decre-

1182 2371 1231 2410 tis,
1248 2371 1279 2402 in
1305 2379 1423 2412 genere
1449 2369 1498 2402 vel
1515 2368 1547 2401 in
1565 2368 1682 2411 specie,
1703 2368 1800 2401 etiam
1818 2373 1916 2410 motu,

1182 2423 1317 2456 scientia
1330 2428 1361 2455 et
1375 2421 1543 2465 potestatis
1561 2420 1762 2464 plenitudine
1776 2421 1916 2465 paribus,

1182 2487 1218 2509 ac
1242 2474 1529 2515 consistorialiter,
1556 2479 1588 2507 et
1612 2474 1691 2507 alias
1715 2474 1919 2518 quomodoli-

1182 2529 1237 2562 bet
1261 2528 1293 2562 in
1322 2527 1522 2562 contrarium
1559 2525 1815 2571 praemissorum
1845 2537 1919 2561 con-

1219 2591 1230 2618 1
1253 2589 1382 2619 Voculam
1401 2596 1435 2617 ac
1453 2588 1574 2617 delemus
1593 2588 1632 2624 (a.
1655 2587 1704 2624 r.)-
