2111 3157
28 186 120 215 An.c.
144 187 212 215 1684
289 226 295 227 ⁷
800 192 1011 218 JNNOCENTJUS
1033 196 1064 219 xl
1090 196 1138 220 rr.

26 250 138 279 aniona„
166 249 207 270 :ini
217 235 366 270 molestia
391 237 527 271 seorsim
552 238 648 272 vitam
678 238 817 283 quietam
841 241 948 274 vivere

27 278 54 299 ²⁶
75 279 207 298 ‘'mmmm‘'
219 294 250 322 et
273 299 400 323 cursum
425 301 518 324 suum
549 291 582 324 in
614 293 780 326 sanctitate
812 294 950 326 feliciter

1627 187 1691 221 575
1736 197 1828 226 An.C.
1852 200 1916 227 ¹654

991 243 1053 276 alia
1078 243 1204 277 occasio
1237 254 1291 277 eos
1324 244 1363 277 ad
1399 254 1507 278 curam
1543 244 1724 280 animarum

991 296 1177 339 applicandi
1202 297 1380 330 emerserit.

27 306 106 326 dumus.

218 352 408 377 consumare
431 345 571 385 valeant,
590 345 622 377 in
640 345 751 388 quavis
768 346 949 379 archidioe-

218 395 299 437 cesi,
324 397 374 429 vel
399 396 494 430 etiam
520 397 677 441 ampliore
702 399 839 441 quadam
863 398 949 431 dioe-

218 448 302 489 cesi,
330 449 441 482 domus
473 449 579 493 aliqua
610 450 759 483 omnibus
784 455 849 483 tam
880 452 949 484 cor-

216 501 382 544 poralibus
417 512 512 545 quam
533 502 753 545 spiritualibus
770 503 852 537 vitae
876 504 948 535 sub-

216 554 306 587 sidiis
340 554 442 598 probe
472 554 627 588 instructa
659 555 800 598 erigatur
824 560 855 588 et
878 556 948 589 sun-

216 607 320 640 detur.

259 670 295 693 11.
322 660 369 693 Ad
394 660 476 694 hanc
502 661 634 693 domum
658 661 762 704 primo
787 661 947 704 recipian-

215 717 268 745 tur
291 712 429 753 emeriti,
456 712 522 745 sive
547 723 642 746 senes
668 714 867 754 sacerdotes,
893 714 944 757 qui

215 765 248 798 in
272 765 328 799 illa
353 765 588 798 archidioecesi
618 766 667 799 vel
697 766 840 799 dioecesi
871 772 946 810 post

215 818 332 851 multas
358 818 439 851 vitae
456 818 620 862 impensas
645 829 760 863 operas
785 819 945 863 reliquum

213 871 296 904 vitae
332 876 458 915 tempus
490 873 523 905 in
559 873 680 906 maiore
712 873 944 916 tranquillitate

215 928 247 956 et
269 923 353 957 vitae
373 926 641 968 contemplativae
661 926 945 960 exercitationibus

214 977 395 1020 transigere
426 983 609 1011 constanter
633 979 898 1017 desideraverint.

258 1041 307 1065 111.
335 1030 490 1072 Secundo,
516 1032 542 1064 si
567 1042 646 1075 quos
671 1042 809 1076 corpore
833 1033 882 1066 vel
908 1033 945 1065 ad

213 1084 363 1118 obeunda
386 1084 495 1118 munia
519 1085 734 1118 ecclesiastica
755 1085 796 1118 ob
821 1085 946 1118 canoni-

214 1147 285 1170 cum
303 1137 436 1180 aliquod
453 1137 721 1180 impedimentum
738 1148 774 1171 ex
795 1148 947 1181 quocum-

215 1201 276 1234 que
310 1200 387 1223 casu
425 1195 624 1223 contractum
662 1190 823 1224 inhabiles
854 1191 946 1224 reddi

215 1242 399 1286 contigerit,
433 1242 632 1286 recipiantur
666 1243 789 1286 pariter
822 1243 854 1276 in
890 1244 947 1276 do-

214 1305 301 1328 mum
324 1295 544 1335 emeritorum,
568 1295 621 1328 ubi
647 1295 725 1339 ipsis
741 1296 773 1328 in
789 1296 945 1329 charitate

215 1348 323 1381 omnia
346 1347 428 1380 vitae
453 1347 637 1381 necessaria
672 1358 774 1392 usque
799 1348 839 1381 ad
862 1348 945 1381 vitae

214 1401 312 1434 finem
336 1400 633 1434 subministrentur.

258 1464 301 1488 lv.
328 1453 451 1494 Tertio,
477 1454 504 1486 si
529 1454 600 1497 quis
625 1454 846 1495 sacerdotum,
869 1454 947 1488 vile-

215 1507 378 1541 scentihus
402 1506 463 1540 sibi
487 1506 638 1541 omnibus
662 1518 742 1551 quae
766 1508 799 1540 in
826 1507 946 1540 mundo

215 1565 298 1600 sunt,
323 1560 568 1593 vehementiore
598 1560 734 1603 Spiritus
759 1560 865 1594 Sancti
891 1562 946 1594 im-

215 1614 312 1657 pulsu
336 1613 375 1646 ad
399 1612 479 1646 vitae
505 1614 772 1656 contemplativae
797 1614 947 1646 exercita-

216 1667 321 1700 tiones
347 1666 584 1709 quodammodo
614 1666 682 1710 rapi
708 1667 863 1707 videatur,
896 1678 946 1700 su-

216 1719 370 1763 periores,
388 1719 525 1762 probato
541 1719 628 1752 illius
645 1719 770 1762 spiritu,
790 1731 861 1753 cum
878 1730 948 1753 con-

216 1781 312 1805 sensu
335 1772 598 1805 reverendissimi
625 1772 745 1806 domini
770 1773 945 1815 Ordinarii‚

216 1823 402 1868 permittere
437 1824 484 1857 illi
519 1828 681 1868 poterunt,
717 1830 752 1857 ut
782 1825 815 1857 in
850 1826 946 1859 domo

217 1877 423 1910 emeritorum
458 1877 561 1910 libere
598 1878 755 1911 eiusmodi
786 1878 947 1911 exercitiis

216 1930 297 1963 vitae
332 1930 599 1974 contemplativae
632 1936 733 1963 totum
768 1941 802 1964 se
828 1931 947 1964 dedere

219 1983 331 2027 possit.

261 2048 291 2070 v.
317 2036 445 2078 Quarto,
460 2037 513 2081 qui
538 2037 615 2070 ibris
641 2038 766 2071 educati
793 2043 824 2071 et
848 2039 947 2072 adulti

219 2091 281 2124 hoc
311 2090 460 2124 clericale
494 2091 677 2124 institutum
711 2092 860 2135 amplecti
896 2103 950 2125 vo-

219 2143 347 2184 luerint,
366 2144 398 2176 in
418 2144 564 2177 eamdem
589 2144 720 2177 domum
737 2145 947 2188 recipientur,

221 2197 334 2237 donec,
360 2207 472 2230 eorum
491 2196 660 2230 vocatione
685 2197 881 2230 sufficienter
898 2209 951 2231 ex-

220 2250 355 2293 plorata,
392 2249 607 2282 iuramentum
643 2254 779 2292 quatuor
809 2256 948 2294 puncto-

221 2311 292 2335 rum
315 2301 575 2334 substantialium
599 2302 638 2335 ad
662 2312 774 2336 manus
806 2303 953 2347 superio-

221 2364 292 2387 rum
315 2354 444 2388 saciant.

265 2417 309 2441 v1.
328 2405 451 2448 Quinto,
470 2407 747 2450 supernumerarii
761 2409 951 2450 sacerdotes,

223 2464 434 2505 recenterque
458 2460 606 2501 ordinati,
633 2465 665 2494 et
689 2462 811 2502 exules,
836 2461 869 2495 in
894 2463 954 2496 hac

1034 359 1090 382 vn.
1117 349 1151 381 In
1176 349 1237 382 hac
1269 350 1364 383 domo
1395 350 1622 393 delinquentes
1648 361 1725 394 poe-

991 400 1158 434 nitentiam
1190 408 1340 436 statutam
1371 414 1388 436 a
1412 398 1648 446 superioribus,
1674 407 1723 439 vel

991 453 1035 496 (si
1061 454 1212 488 delictum
1237 457 1277 489 sit
1293 457 1469 500 publicum,
1487 462 1540 490 aut
1559 458 1636 492 alias
1655 458 1723 492 eius

991 507 1127 549 qualitas
1147 511 1312 551 postulare
1330 511 1491 553 videatur)
1517 511 1555 544 ab
1580 511 1725 554 ipsismet

990 561 1264 595 reverendissimis
1289 563 1427 596 dominis
1458 565 1602 597 locorum
1631 564 1724 597 Ordi-

990 612 1088 645 nariis
1114 613 1276 654 dictatam,
1306 615 1391 648 iuxta
1420 617 1610 649 eorumdem
1636 617 1723 650 ordi-

989 664 1153 698 nationem
1177 672 1284 708 agant‚
1311 667 1413 700 donec
1449 678 1559 701 eorum
1591 671 1724 702 vulnera

990 717 1168 760 spiritualia
1191 725 1360 752 sanentur.
1397 720 1538 753 Seorsim
1570 722 1665 754 etiam
1690 723 1723 755 in

990 769 1101 802 eadem
1135 770 1230 803 domo
1264 772 1447 805 sacerdotes
1482 773 1721 815 incorrigibiles

988 821 1020 853 in
1045 822 1189 855 custodia
1209 826 1366 866 perpetua
1383 830 1597 865 asserventur,
1620 827 1723 859 donec

988 874 1020 906 in
1045 875 1245 918 poenitentia
1276 876 1371 908 vitam
1403 887 1491 910 suam
1523 877 1645 917 finiant,
1671 880 1721 912 vel

989 927 1147 960 sinceram
1172 939 1207 960 ac
1231 934 1433 962 constantem
1461 931 1722 965 emendationem

989 990 1045 1023 per
1061 979 1123 1013 alia
1143 980 1233 1023 signa
1250 983 1480 1024 praeseferant,
1501 988 1544 1024 ut,
1563 984 1630 1017 sine
1649 995 1722 1027 pro-

989 1032 1133 1075 quinquo
1165 1035 1312 1076 relapsus
1343 1034 1490 1077 periculo
1510 1063 1517 1076 ‚
1558 1037 1721 1079 prudente

989 1085 1191 1128 superiorum
1216 1087 1356 1128 iudicio,
1383 1087 1458 1121 inde
1491 1088 1593 1122 dimiti
1625 1100 1721 1133 posse

989 1138 1170 1171 videantur.

1032 1185 1100 1225 vui.
1126 1192 1207 1225 Ante
1239 1193 1346 1226 omnia
1379 1193 1640 1238 circumspicient
1670 1207 1720 1228 su·
1758 1208 1914 1229 neoniam-,uo-

1731 1241 1756 1255 ue
1781 1238 1801 1255 et
1824 1236 1913 1261 ‹iuposi-

989 1244 1132 1286 periores
1169 1245 1264 1277 huius
1300 1245 1437 1279 instituti
1468 1252 1502 1279 ut
1533 1247 1635 1281 dictae
1664 1249 1913 1283 do-uoneaumomm.

989 1307 1056 1330 mus
1081 1297 1288 1331 emeritorum
1312 1299 1345 1331 in
1378 1300 1451 1332 loco
1476 1305 1555 1341 tuto,
1587 1312 1664 1335 sano
1689 1306 1722 1335 et

989 1350 1028 1382 ab
1054 1350 1240 1383 hominibus
1264 1357 1389 1385 remoto
1415 1352 1593 1395 erigantur,
1619 1351 1737 1387 medi?

989 1414 1045 1436 cus
1071 1404 1168 1436 etiam
1193 1404 1314 1437 ibidem
1344 1405 1503 1447 resideat,
1530 1412 1583 1439 aut
1607 1409 1721 1441 saltem

989 1455 1022 1488 in
1046 1456 1161 1489 vicinia
1185 1457 1224 1489 ad
1248 1467 1378 1490 manum
1403 1459 1573 1492 commode
1607 1460 1721 1493 haberi

990 1509 1098 1551 possit.
1124 1509 1170 1542 Ad
1196 1510 1332 1543 Formam
1357 1511 1525 1544 domorum
1549 1512 1723 1545 instituen-

990 1562 1049 1595 dae
1074 1562 1265 1603 iuventutis,
1292 1563 1324 1596 in
1350 1569 1413 1597 tres
1438 1563 1722 1608 consignationes¹

991 1613 1237 1657 distinguantur,
1273 1616 1306 1648 in
1332 1627 1469 1660 quarum
1500 1618 1603 1660 prima
1636 1619 1723 1651 dese-

990 1667 1106 1707 ctuosi‚
1141 1667 1174 1700 in
1206 1670 1347 1702 secunda
1377 1670 1483 1703 animo
1519 1680 1722 1715 corporeque

990 1720 1142 1759 valentes,
1160 1726 1191 1753 et
1211 1721 1351 1764 denique
1376 1721 1409 1754 in
1435 1722 1530 1755 tertia
1553 1724 1722 1767 poeniten-

991 1776 1036 1804 tes
1061 1777 1092 1804 ct
1115 1773 1352 1817 incorrigibiles
1377 1775 1514 1808 seorsim
1547 1785 1724 1809 accommo-

991 1824 1117 1857 dentur.

1033 1878 1067 1910 In
1091 1878 1304 1914 instructione
1329 1881 1530 1915 conclavium
1556 1893 1615 1926 pro
1634 1883 1725 1915 habi-

992 1931 1110 1964 tatione
1135 1932 1271 1976 singulis
1296 1935 1553 1977 deputandorum
1579 1936 1641 1969 duo
1663 1946 1721 1969 ex-

992 1990 1091 2017 trema
1126 1985 1298 2028 diligenter
1333 1986 1462 2020 vitanda
1502 1993 1596 2020 sunt:
1636 1988 1725 2031 prius

992 2042 1040 2070 est
1063 2048 1103 2070 ne
1128 2038 1205 2081 quid
1230 2040 1450 2073 necessarium
1476 2040 1508 2073 in
1533 2041 1597 2074 illis
1623 2041 1724 2082 desit,

992 2092 1151 2134 posterius
1177 2103 1216 2125 ne
1241 2093 1318 2136 quid
1342 2093 1375 2126 in
1400 2094 1513 2128 iisdem
1545 2095 1586 2127 sit
1616 2105 1726 2138 super-

993 2146 1102 2178 tluum.
1143 2144 1227 2183 Quae
1263 2147 1445 2180 necessaria
1473 2153 1573 2188 sunt,
1605 2148 1725 2181 munda

993 2198 1057 2231 sint
1081 2204 1112 2231 et
1136 2200 1274 2242 pulchro
1292 2200 1416 2240 ordine,
1436 2201 1568 2244 suisque
1594 2201 1625 2233 in
1647 2201 1725 2234 locis

994 2251 1158 2295 disposita,
1177 2251 1285 2295 idque,
1303 2253 1407 2295 quoad
1424 2252 1493 2285 sieri
1519 2258 1632 2296 potest,
1657 2254 1726 2286 uni-

995 2305 1150 2345 formiter,
1176 2305 1325 2338 videlicet
1348 2316 1469 2346 mensa,
1498 2306 1621 2350 aliquot
1644 2307 1727 2340 sedi-

996 2357 1049 2397 lia,
1075 2358 1215 2402 pluteus,
1240 2359 1520 2399 atramentarium,
1546 2364 1577 2393 et
1601 2360 1726 2404 reliqua

995 2411 1034 2443 ad
1059 2410 1263 2444 scribendum
1288 2411 1453 2454 requisita,
1482 2411 1661 2446 scabellum
1685 2414 1725 2447 ad

995 2464 1216 2497 meditandum
1241 2468 1273 2496 et
1306 2463 1383 2496 alias
1415 2464 1601 2499 devotiones
1636 2466 1724 2499 flexis

226 2513 321 2546 domo
356 2523 395 2547 eo
427 2525 526 2558 usque
561 2520 812 2555 commorentur,
850 2516 954 2549 donec
996 2517 1130 2559 genibus
1156 2518 1363 2557 exercendas,
1387 2518 1419 2550 in
1445 2519 1533 2551 cuius
1559 2519 1665 2553 medio
1686 2519 1724 2552 sit

225 2576 284 2610 pro
308 2565 345 2599 iis
369 2577 482 2600 vacans
511 2568 641 2612 aliquod
666 2568 876 2609 beneficium,
905 2571 952 2603 vcl

1033 2581 1040 2605 1
1066 2578 1164 2605 Forsan
1184 2580 1410 2614 contiynaciones
1428 2581 1466 2616 (a.
1482 2581 1531 2616 T.)-
