2111 3157
370 195 434 224 00⁶>

373 222 435 232 a--a

333 256 471 289 Primam
486 252 624 293 dimidia,
636 248 967 296 postCompletorium
983 248 1065 280 hora

334 310 435 341 altera
451 308 481 340 in
500 307 643 340 oratione
655 303 784 337 mentali
801 302 985 344 persistant.
1003 299 1064 332 Sed

333 371 351 393 a
376 359 621 392 Resurrectione
646 366 747 399 usque
771 355 809 387 ad
834 353 1064 386 Exaltationem

333 413 467 445 Sanctae
493 411 601 443 Crucis
634 414 767 452 propter
794 406 936 439 noctium
960 405 1066 437 brevi-

334 472 450 503 tatem,
478 465 558 496 hora
582 468 656 505 post
683 460 873 493 matutinum
909 457 1066 491 orationis

334 518 366 550 in
392 518 504 549 horam
530 515 675 547 ciusdem
702 518 774 556 post
791 513 916 545 Sextam
942 516 974 543 et
993 515 1065 542 ante

335 569 504 612 prandium
531 567 713 599 habendam
739 569 966 597 commutetur.

380 631 414 653 11.
441 620 609 653 Silentium
643 630 678 651 ac
710 618 806 651 lectio
836 615 1009 659 spiritualis
1034 614 1066 646 in

337 674 510 706 refectorio
543 673 631 705 nulla
663 673 759 704 causa
784 669 1008 712 dispensetur:
1036 666 1066 698 in

336 725 532 758 dormitoriis
558 729 672 763 autem,
697 722 845 755 claustris
870 727 901 753 et.
925 719 1068 752 sacristia

336 778 380 810 ita
419 777 583 810 silentium
624 776 834 811 observetur,
872 778 906 805 ut
946 777 1067 804 tantum

336 830 467 863 omniuo
485 828 670 862 necessaria
689 833 721 860 et
738 826 895 859 submissa
912 835 989 857 voce
1008 825 1069 856 sra-

338 889 401 915 tres
427 884 614 925 loquantur.

381 945 430 968 111.
445 935 641 972 Saeculares,
652 932 714 965 nisi
727 931 877 964 officiales
892 934 1069 963 conventus

338 987 411 1025 sint,
434 987 471 1019 ad
497 985 650 1018 interiora
675 989 847 1016 conventus
870 993 935 1015 non
960 980 1071 1013 admit-

338 1044 460 1077 tantur,
486 1038 542 1071 sed
568 1048 625 1080 pro
650 1038 747 1069 rebus
780 1034 973 1068 necessariis
998 1044 1069 1065 cum

337 1092 416 1134 ipsis
441 1091 613 1123 tractandis
637 1090 670 1122 in
692 1090 829 1121 claustro
855 1086 999 1119 inferiori
1020 1097 1070 1117 ca-

337 1155 425 1177 mera
450 1144 566 1185 aliqua,
583 1144 720 1175 honeste
739 1142 939 1184 disponatur,
955 1140 989 1171 in
1010 1150 1071 1181 qua

337 1196 503 1239 praedicta
527 1195 681 1238 praestari
705 1193 843 1237 possint.

383 1259 426 1281 lv.
452 1248 703 1281 Communitates
734 1246 825 1278 chori
851 1250 883 1277 et
907 1244 1069 1277 refectorii

339 1312 451 1334 omnes
478 1302 592 1333 fratres
622 1305 813 1342 sequantur,
839 1308 897 1330 nec
923 1298 1006 1329 ullus
1032 1297 1071 1328 ab

340 1354 448 1396 aliqua
472 1353 540 1385 sine
566 1354 717 1395 expressa
748 1349 917 1393 guardiani
943 1349 1072 1381 licentia

340 1412 524 1439 excusetur.

385 1470 412 1490 v.
429 1458 544 1490 Tribus
558 1457 671 1490 diebus
686 1457 717 1489 in
732 1455 945 1493 hebdomada,
957 1464 1072 1496 nempe
1093 1440 1096 1484 i

342 1511 422 1544 seria
447 1511 609 1549 secunda,
636 1512 747 1552 quarta
779 1513 811 1540 et
843 1508 976 1539 sabbato
1002 1512 1072 1549 post
1095 1515 1096 1521 ¹

340 1574 493 1606 vesperas
519 1563 715 1599 immediate,
733 1560 957 1593 assistentibus
982 1569 1075 1602 prae-

340 1615 406 1656 Jato
432 1621 463 1647 et
487 1615 634 1648 omnibus
653 1613 814 1651 fratribus,
834 1612 928 1645 lectio
950 1611 1075 1654 exposi-
1095 1615 1097 1632 ι’

341 1668 440 1700 tionis
466 1669 597 1709 regulae
627 1672 681 1699 aut
716 1666 898 1707 theologiae
924 1665 1098 1714 mysticaej

341 1720 513 1759 habeatur,
531 1720 610 1751 itaut
624 1719 747 1751 duobus
768 1728 803 1750 ex
822 1717 996 1760 praedictis
1015 1717 1075 1749 die·
1097 1745 1098 1753 ,

340 1772 401 1806 bus
437 1777 616 1814 exponatur
647 1772 775 1813 regula,
805 1772 905 1802 altero
938 1780 1012 1802 vero
1038 1770 1076 1802 de

342 1825 509 1866 theologia
533 1824 673 1866 mystica,
692 1834 745 1855 seu
765 1823 803 1855 de
828 1822 891 1854 vita
915 1822 1075 1864 spirituali
1097 1857 1099 1871 1

342 1883 513 1910 tractetur:
539 1877 576 1909 ad
598 1877 658 1909 hoc
677 1876 857 1908 instituatur
871 1886 953 1907 unus
967 1876 1076 1911 lector,

344 1930 399 1973 qui
425 1930 466 1961 sit
490 1930 522 1961 in
549 1929 714 1969 theologia
745 1928 859 1960 morali
891 1932 923 1959 et
949 1923 1101 1970 mystica}

343 1987 507 2015 versatus:
528 1982 588 2020 cui,
609 1987 643 2013 ut
666 1986 790 2023 tempus
807 1991 864 2022 pro
886 1980 1079 2012 lectionibus
1098 1969 1101 1986 ¹

346 2033 555 2066 conficiendis
594 2033 737 2072 habeat,
778 2033 967 2065 conceditur
996 2037 1031 2063 ut
1063 2042 1102 2071 a;

140 210 189 238 An.
209 210 239 238 C.
256 207 326 236 1679

168 636 196 656 De
213 636 303 657 silentio.

143 977 148 997 l
170 950 198 969 De
210 949 329 970 saeculau*

152 983 190 998 uis,

173 1263 200 1283 Dc
214 1268 327 1288 congrega⁴

145 1290 244 1309 tionibus.

170 1499 173 1502 Α
191 1472 219 1492 Ad
248 1472 330 1497 pruole-

147 1502 235 1519 ctioues.

911 197 1091 224 acturum!
1113 195 1265 222 nonaum!

1849 194 1895 221 An.
1913 193 1940 220 C.
1964 191 2028 222 1670

1106 246 1305 289 spiritualem
1329 243 1509 287 profectum
1527 239 1707 276 excitentur
1723 247 1753 276 et
1773 243 1840 275 ani-

1107 305 1244 332 mentur.

1150 363 1206 384 vu.
1232 352 1408 394 Paupertas
1433 350 1536 383 nostri
1557 355 1665 388 status,
1685 355 1839 393 quantum

1108 403 1177 436 sieri
1204 408 1326 446 potest,
1352 403 1462 435 stricte
1487 404 1520 434 in
1546 403 1703 435 communi
1731 403 1842 435 obser—

1108 462 1209 488 vetur.
1235 456 1272 487 Et
1291 461 1326 487 ut
1346 456 1387 487 ita
1406 456 1500 487 etiam
1521 455 1575 487 fiat
1590 455 1622 486 in
1643 455 1840 497 particulari,

1109 508 1274 550 guardiam
1306 508 1344 540 tle
1380 508 1531 540 omnibus
1570 507 1774 545 necessariis,
1801 507 1841 539 ad

1109 572 1200 592 usum
1245 560 1389 592 strictum
1434 559 1622 602 seraphicae
1660 558 1841 600 paupertati

1109 623 1297 654 congruum,
1335 612 1483 644 fratribus
1521 611 1725 654 provideant3
1762 609 1843 642 itart

1110 675 1257 696 recursus
1275 664 1517 707 particularium
1542 664 1580 696 ad
1617 663 1843 695 benefactores

1111 722 1163 748 aut
1187 717 1306 749 amicos
1331 717 1516 759 spirituales
1537 716 1586 748 via
1603 716 1733 747 omnino
1751 724 1845 757 prae-

1110 769 1277 808 cludatu1·;
1304 770 1476 811 nullusque
1501 768 1676 810 quidquam
1697 767 1733 805 ad
1750 777 1844 799 usum

1111 831 1203 853 suum
1223 822 1340 853 habeat
1356 821 1425 864 sine
1443 823 1594 863 expressa
1612 821 1738 853 licentia
1755 829 1846 861 guar·

1112 873 1207 913 diuni,
1241 873 1294 915 qui
1327 883 1418 905 usum
1458 873 1503 905 rei
1540 878 1572 905 et
1610 871 1845 915 suppellictilis

1113 936 1176 957 non
1196 925 1398 957 necessariae
1427 926 1505 958 nulli
1523 925 1679 958 concedat
1707 931 1758 957 aut
1775 934 1846 967 per-

1113 978 1237 1009 mittat:
1271 978 1354 1020 quod
1387 982 1421 1009 ut
1457 977 1596 1010 exactius
1633 978 1843 1017 observetur,

1113 1031 1220 1062 nullus
1257 1030 1432 1072 quidquam
1467 1030 1506 1062 ad
1548 1031 1717 1073 proprium
1752 1040 1846 1062 usum

1113 1084 1256 1115 clausum
1282 1082 1410 1121 habeat,
1429 1087 1460 1115 et
1477 1082 1515 1114 ad
1537 1082 1767 1125 cuiuscumque
1784 1083 1847 1115 cel·
1895 1098 1898 1103 ·

1113 1136 1176 1167 lam
1200 1144 1328 1176 semper
1357 1133 1459 1166 aditus
1483 1134 1644 1176 superiori
1669 1139 1784 1176 pateat,
1815 1139 1848 1166 et

1114 1193 1176 1220 tam
1202 1187 1331 1219 novitiis
1366 1197 1460 1228 quam
1486 1187 1601 1219 ceteris
1625 1187 1786 1229 religiosis
1811 1197 1848 1218 u-

1114 1251 1167 1272 sus
1183 1240 1318 1272 duarum
1335 1239 1516 1271 tunicarum
1538 1239 1694 1279 talariam,
1713 1249 1848 1282 quarum

1114 1303 1177 1325 una
1203 1292 1265 1324 erit
1290 1303 1363 1324 cum
1388 1292 1542 1334 capuccio
1567 1297 1599 1324 et
1623 1292 1684 1324 alia
1708 1292 1776 1323 sine
1802 1301 1850 1323 ca-

1114 1345 1240 1388 puceio,
1266 1345 1348 1377 iuxta
1367 1346 1497 1386 regulae
1515 1344 1749 1387 praescriptum
1774 1354 1851 1376 con-

1116 1399 1227 1437 cedat,
1272 1408 1333 1430 nec
1381 1397 1530 1440 cuiquam
1566 1397 1770 1439 permittatur
1814 1401 1850 1428 ut

1116 1450 1254 1489 sudaria,
1280 1450 1435 1487 sachetos,
1461 1454 1514 1480 aut
1539 1450 1601 1481 alia
1633 1449 1761 1492 quaevis
1786 1458 1851 1480 non

1117 1512 1270 1535 concessa
1295 1502 1326 1533 in
1351 1502 1461 1542 regula
1487 1501 1547 1533 sub
1576 1506 1746 1543 praetextu
1779 1510 1852 1543 por-

1118 1554 1248 1586 tationis
1273 1553 1374 1585 solius
1401 1553 1529 1585 habitus
1555 1553 1690 1585 deserat.

1160 1617 1228 1639 vui.
1257 1606 1427 1648 Postquam
1463 1605 1629 1648 praedicta
1663 1604 1850 1638 recollectio
1877 1612 1924 1643 ,ne
1947 1613 2043 1641 wardia-

1117 1670 1175 1703 per
1193 1659 1368 1691 triennium
1386 1658 1511 1690 firmata
1529 1658 1633 1697 suerit,
1655 1658 1761 1690 nullus
1782 1646 1901 1700 pos-⁰¹⁵¹

1118 1713 1157 1744 sit
1172 1711 1299 1744 institui
1320 1711 1514 1753 guardianus
1531 1711 1563 1742 iu
1581 1710 1756 1753 praedictis
1777 1720 1854 1743 con-

1118 1765 1278 1804 ventibus,
1296 1764 1349 1806 qui
1370 1764 1401 1795 in
1419 1764 1527 1805 aliquo
1545 1764 1674 1796 illorum
1693 1773 1750 1806 per
1767 1762 1855 1795 bien-

1119 1819 1206 1850 nium
1231 1817 1427 1855 immediate,
1452 1815 1547 1847 vitam
1573 1826 1777 1848 communem
1803 1825 1856 1847 re-

1119 1869 1321 1902 collectionis
1358 1879 1505 1911 sequens,
1539 1873 1756 1900 commoratus
1788 1877 1855 1900 non

1121 1923 1190 1955 suit.

1165 1986 1207 2008 1x.
1226 1974 1335 2006 Nullus
1352 1973 1521 2016 religiosus
1539 1973 1771 2016 cuiuscumque
1785 1983 1857 2016 qua·
1894 1981 1924 2003 ne
1939 1980 2048 2007 religiosis.
2063 1974 2065 1977 '

1122 2027 1219 2060 litatis
1245 2026 1285 2058 sit
1310 2027 1341 2058 in
1367 2032 1527 2058 conventu
1557 2026 1798 2058 recollectionis
1819 2026 1858 2059 de

1851 390 1902 409 tatu.

346 2087 450 2119 Prima
464 2091 496 2118 et
513 2086 659 2118 oratione
677 2091 752 2128 post
769 2085 871 2128 ipsam
891 2089 1078 2123 excusetur,
1123 2079 1243 2112 familia
1268 2079 1419 2111 collocari
1443 2078 1555 2121 possit,
1582 2083 1636 2111 aut
1660 2078 1692 2110 in
1714 2089 1752 2111 eo
1771 2089 1859 2112 com·

348 2138 402 2182 qui
424 2144 496 2181 post
514 2139 673 2181 expletam
695 2138 930 2180 expositionem
950 2137 1081 2179 regulae
1124 2132 1253 2171 morari,
1281 2132 1335 2174 qui
1374 2133 1504 2173 regulae
1541 2138 1715 2174 praecepta
1750 2131 1860 2164 obser-

349 2245 563 2276 instructione
590 2244 741 2275 iuvenum
767 2242 940 2284 explicare.

392 2307 437 2329 VI.
464 2296 663 2329 Guardianus
700 2295 737 2327 ad
774 2295 878 2326 minus
916 2294 1015 2326 semel
1051 2293 1083 2325 in

351 2360 464 2382 mense
498 2349 575 2381 seria
606 2350 693 2380 sexta
727 2353 801 2389 post
832 2346 1083 2389 Completoriuni

351 2402 528 2435 celebrabit
552 2401 724 2442 capitulum
744 2401 917 2442 culparum,
935 2410 972 2431 eo
990 2399 1084 2431 modo

353 2466 415 2498 quo
434 2455 465 2486 in
478 2453 761 2487 constit[uinculum
780 2452 984 2493 generalibus
995 2461 1086 2492 prae.-

354 2508 512 2544 scribitur,
549 2507 657 2539 habita
693 2507 730 2537 ad
773 2508 886 2537 l'ratres
926 2504 1084 2547 spirituali

354 2561 527 2595 collatione
563 2559 593 2591 in
622 2570 681 2601 qua
718 2559 754 2590 asi
791 2558 1024 2600 perlectionem
1056 2562 1082 2588 et

197 2306 225 2326 Du
246 2305 339 2331 capitula

156 2334 272 2359 culparum.

347 2191 470 2235 poterit
495 2191 684 2232 decalogum
709 2191 792 2222 clare
819 2195 849 2221 et
866 2189 1007 2221 breviter
1022 2199 1081 2232 pro
1102 2175 1105 2248 ἒ

1104 2319 1106 2360 l

1126 2195 1198 2217 vare
1224 2195 1289 2216 non
1314 2184 1428 2226 possit:
1455 2194 1571 2226 nempe
1597 2183 1725 2224 ieiunia,
1758 2184 1861 2217 excal-

1126 2238 1317 2275 ceationem,
1352 2237 1486 2268 duarum
1524 2241 1645 2268 tantum
1681 2235 1862 2268 tunicarum

1126 2302 1228 2330 usum,
1255 2290 1529 2333 praedicationem
1557 2289 1647 2321 chori
1674 2289 1724 2321 die
1750 2293 1863 2322 noctu·

1128 2355 1200 2387 quc,
1233 2349 1481 2385 ceterarumque
1516 2343 1782 2375 communitatum
1815 2352 1863 2375 se-

1127 2399 1266 2440 quelam.
1295 2397 1381 2435 Cum,
1397 2407 1456 2439 pro
1483 2406 1545 2428 non
1575 2396 1756 2428 valentibus
1781 2396 1861 2428 adeo

1127 2451 1232 2482 stricte
1258 2450 1372 2487 vivere,
1400 2449 1496 2482 ceteri
1524 2448 1708 2491 provinciae
1730 2457 1863 2480 conven-

1129 2509 1177 2534 tus
1195 2503 1335 2542 expediti
1354 2508 1511 2540 maneant,
1531 2507 1562 2533 et
1584 2506 1645 2532 tam
1666 2500 1861 2541 guardianus

1128 2555 1197 2596 ipec.
1228 2566 1322 2596 quam
1341 2556 1436 2586 ceteri
1463 2564 1574 2586 oniues
1603 2555 1716 2585 tratres
1743 2552 1864 2585 hebdo-

1891 360 1919 380 De
1942 365 2032 387 pauper·
2059 381 2063 388 ¹
