2111 3157
114 178 166 206 An.
189 179 218 206 c.
237 178 304 207 ¹684
351 169 416 204 584

142 2407 243 2428 Procibun
263 2406 299 2426 mi-

116 2434 174 2454 nvtri
196 2433 300 2457 aenei-alu

117 2457 403 2491 ³¹¹⁰⁰¹¹P⁰⁰1·'⁰¹·nistri
418 2459 586 2500 generalis,
605 2459 644 2492 de
670 2460 822 2501 religiosa
837 2460 1042 2493 subditorum

890 180 1070 205 BULLARIUM
1093 180 1245 205 ROMANUM

305 228 426 262 neralis
451 228 529 262 dicti
546 228 674 262 Ordinis
691 228 786 261 nobis
802 237 907 272 nuper
927 228 1043 271 exponi
1087 234 1154 262 tute
1168 229 1480 269 solliciti,desiderio
1490 230 1702 266 favorabilem
1712 244 1824 267 assen-

305 280 392 321 secit,
420 281 533 314 fratres
557 282 688 325 quidem
714 281 878 313 ambarum
903 281 1042 324 partium

304 334 521 377 praefatarum
542 333 752 377 publicationi
772 338 803 367 et
823 333 1042 367 stabilimento

304 386 513 420 alternativae
558 386 742 419 huiusmodi
789 387 1040 427 consenserint,

304 444 417 472 contra
433 449 509 472 vero
525 439 695 483 protestati
721 439 786 472 sint
809 439 956 473 eiusdem
969 450 1043 483 pro-

302 492 426 525 vinciae
451 492 567 526 fratres
585 502 621 525 ex
647 492 719 526 aliis
735 492 965 536 Hispaniarum
992 504 1042 526 re-

302 544 389 587 gnis,
419 555 536 588 nempe
569 545 730 579 Castellae
762 545 886 587 Novae,
920 546 1039 589 Arago-

302 598 388 638 niae,
413 597 583 638 Navarrae,
609 599 749 640 Beticae,
777 599 1038 640 Extremadurae,

301 650 435 695 aliisque
460 652 649 694 regionibus
682 653 861 697 respective
886 653 1038 694 oriundi,

301 704 422 748 quippe
449 715 589 748 quorum
613 706 645 738 in
670 706 900 739 distributione
924 706 1039 740 officio-

301 768 371 790 rum
403 758 590 801 provinciae
622 759 809 792 huiusmodi
843 760 932 793 nulla
956 760 1038 793 ratio

301 810 491 851 haberetur,
518 811 644 844 tametsi
675 812 860 855 praeteritis
886 812 1040 856 tempori-

300 864 362 897 bus
387 874 424 897 ex
450 864 500 897 his
519 865 628 908 regnis
653 870 686 898 et
710 866 901 908 regionibus
920 866 1037 899 exteris

301 917 363 950 orti
390 917 510 950 suerint
527 918 548 950 ii
575 918 689 951 fratres
714 918 767 961 qui
794 919 940 952 eamdem
965 929 1038 967 pro-

299 969 438 1002 vinciam
463 970 600 1003 maxime
626 971 852 1011 illustrarunt,
877 977 908 1004 et
932 970 1038 1004 adhuc

301 1023 340 1056 de
366 1023 530 1066 praesenti
564 1023 657 1056 multi
690 1024 898 1067 reperiantur
921 1024 1036 1057 fratres

300 1076 402 1108 exteri
429 1075 483 1119 qui
509 1076 656 1109 habitum
685 1077 870 1119 regularem
896 1077 929 1109 in
955 1077 1037 1110 dicta

299 1128 463 1172 provincia
479 1134 708 1172 susceperunt,
729 1129 882 1173 idemque
898 1130 1037 1173 posthac

299 1192 428 1226 quoque
462 1181 603 1215 futurum
629 1192 698 1215 esse
722 1182 836 1216 merito
861 1182 1036 1216 existimari

297 1240 415 1279 potest,
437 1245 508 1268 cum
526 1245 563 1269 ex
587 1235 739 1268 omnibus
759 1236 866 1279 regnis
883 1241 915 1269 et
932 1236 1038 1279 regio-

298 1287 393 1321 nibus
429 1289 546 1322 exteris
586 1288 771 1322 huiusmodi
811 1289 1037 1323 adolescentes

299 1341 478 1375 studiorum
503 1343 600 1375 causa
633 1342 671 1375 ad
697 1342 944 1376 celeberrimam
977 1343 1034 1377 lli-

299 1394 431 1438 spaniae
469 1394 713 1428 universitatem
750 1395 1036 1430 Salmanticensem

299 1447 486 1488 confluant,
510 1447 565 1480 ubi
590 1448 761 1491 religionis
785 1453 949 1490 statutum,
973 1450 1037 1483 Deo

298 1505 453 1541 vocante,
478 1501 512 1533 in
544 1501 688 1544 praefata
719 1501 750 1534 S.
785 1501 890 1534 lacobi
915 1504 1039 1545 ample-

300 1558 449 1593 ctuntur3
476 1564 512 1586 ac
536 1553 674 1597 proinde
699 1554 785 1588 idem
810 1554 923 1588 Petrus
949 1555 1038 1588 Mari-

299 1617 359 1640 nus
383 1606 531 1640 minister
556 1607 731 1650 generalis,
758 1608 817 1649 cui,
843 1613 975 1651 praeter
992 1609 1039 1642 di-

300 1665 382 1692 ctam
400 1659 679 1704 protestationem,
695 1671 731 1693 ex
746 1661 1038 1705 subscriptionibus

300 1713 484 1757 graviorum
500 1709 644 1754 fratrum,
663 1725 743 1758 quas
760 1723 860 1758 penes
877 1726 910 1748 se
929 1716 1036 1754 habet,

299 1777 374 1800 vere
399 1772 527 1800 constat
556 1767 673 1800 fratres
699 1773 827 1801 exteros
854 1768 1038 1811 praedictos

300 1820 334 1853 in
366 1820 527 1853 bonor-um
564 1820 794 1854 distributione
830 1821 1038 1855 defraudatos

301 1873 461 1916 reperiri,
494 1883 635 1917 aequum
672 1884 708 1906 ae
749 1874 848 1918 quieti
884 1875 1037 1918 bonoque

301 1926 434 1969 publico
460 1926 604 1959 eiusdem
629 1927 814 1969 provinciae
835 1927 1038 1960 conducibile

303 1979 373 2012 fore
387 1978 571 2020 existimatu
587 1980 611 2012 si
628 1979 689 2023 ipsi
703 1990 835 2024 quoque
852 1991 913 2024 pro
927 1991 1037 2014 eorum

303 2032 428 2065 meritis
445 2037 478 2066 et
497 2033 671 2073 laboribus
691 2044 770 2077 quos
786 2033 818 2066 in
843 2034 1038 2078 obsequium

303 2086 472 2129 religionis
504 2087 684 2127 sustinent,
716 2088 903 2121 eorumdem
936 2089 1039 2123 liono-

304 2149 376 2172 rum
401 2140 546 2183 praemia
566 2140 688 2183 pariter
712 2147 968 2184 consequantur:
985 2152 1040 2174 no-

304 2192 354 2225 bis
378 2199 553 2237 propterea
573 2194 740 2228 humiliter
764 2195 940 2238 supplicari
966 2194 1039 2227 fecit

305 2250 341 2278 ut
372 2246 405 2278 in
436 2246 622 2289 praemissis
653 2253 837 2290 opportune
868 2247 1039 2290 providere

308 2302 340 2331 et
355 2303 389 2330 ut
406 2298 488 2332 infra
506 2299 675 2342 indulgere
694 2300 732 2333 de
750 2300 950 2343 benignitate
968 2311 1041 2344 apo-

309 2351 422 2385 stolica
443 2352 660 2395 dignaremur.

355 2405 369 2448 ἓ
385 2403 417 2438 3.
436 2404 499 2438 Nos
517 2405 623 2448 igitur,
642 2406 743 2449 ipsius
761 2406 846 2440 Petri
862 2406 973 2440 Marini
990 2406 1042 2440 mi-

312 2521 444 2544 suorum
456 2511 685 2553 tranquillitate
697 2513 940 2557 animarumque
952 2512 1044 2546 servi-

349 2573 360 2602 ¹
384 2571 473 2600 Potius
492 2571 550 2608 lege
570 2572 713 2601 existimet
734 2574 773 2608 (n.
789 2574 839 2608 T.)-

1086 292 1157 314 sum
1170 282 1230 315 bac
1244 282 1276 315 in
1291 293 1336 324 re,
1351 288 1508 326 quantum
1522 295 1595 317 cum
1605 285 1739 320 Domino
1751 298 1823 330 pos-

1086 345 1206 375 sumus,
1225 336 1382 379 praebere
1396 336 1556 377 volentes,
1569 348 1706 381 eumque
1721 349 1739 372 a
1752 340 1822 383 qui-

1086 387 1193 420 busvis
1209 389 1570 429 excommunicationis,
1596 390 1822 434 suspensionis

1084 445 1116 473 et
1140 440 1314 482 interdicti,
1339 442 1478 487 aliisque
1504 443 1731 477 ecclesiasticis
1749 455 1823 478 sen-

1085 493 1204 535 tentiis,
1221 495 1369 529 censuris
1386 501 1417 529 et
1438 496 1568 540 poenis,
1587 507 1603 529 a
1620 496 1690 530 iure
1711 499 1761 532 vel
1781 498 1821 532 ab

1084 547 1229 588 homine,
1244 548 1354 592 quavis
1369 549 1539 583 occasione
1556 551 1605 583 vel
1620 551 1718 583 causa
1736 551 1822 592 latis,

1084 600 1241 644 siquibus
1256 603 1503 645 quomodolibet
1516 603 1690 636 innodatus
1703 603 1820 644 existit,

1083 654 1121 687 ad
1147 653 1296 689 et'r'ectum
1320 656 1540 699 praesentium
1560 656 1727 690 dumtaxat
1742 668 1805 691 con

1083 708 1297 751 sequendum,
1324 709 1438 742 harum
1459 708 1544 742 serie
1562 709 1766 743 absolventes
1787 715 1820 744 et

1082 761 1263 794 absolutum
1303 760 1373 794 lbre
1408 766 1598 802 censentes,
1632 763 1818 797 huiusmodi

1082 813 1376 856 supplicationibus
1395 814 1560 855 inclinati,
1586 814 1748 862 exquisita
1767 826 1819 848 su-

1083 876 1142 908 per
1166 866 1352 909 praemissis
1385 867 1549 900 sententia
1574 867 1742 900 memorati
1766 868 1820 901 At-

1082 919 1192 951 derani
1218 919 1363 963 episcopi
1389 930 1476 953 nunc
1503 920 1691 954 Portuensis
1715 921 1820 954 cardi·

1082 972 1163 1005 nalis
1189 977 1221 1005 et
1246 973 1441 1017 protectoris
1458 1000 1465 1014 ,
1495 974 1548 1007 cui
1573 973 1678 1007 dictus
1703 974 1817 1008 Petrus

1082 1024 1220 1058 Marinus
1256 1025 1405 1058 minister
1431 1027 1593 1069 generalis
1626 1032 1658 1060 et
1682 1027 1818 1061 dilectus

1081 1078 1176 1111 etiam
1201 1078 1287 1111 filius
1312 1078 1554 1114 commissarius
1578 1080 1742 1122 generalis
1766 1091 1820 1113 cu-

1081 1131 1146 1164 riae
1171 1131 1247 1164 dicti
1272 1130 1412 1172 Ordinis,
1439 1132 1580 1176 desuper
1603 1133 1755 1173 consulti,
1780 1144 1818 1167 ex

1081 1184 1286 1218 documentis
1321 1185 1516 1218 authenticis
1548 1190 1699 1220 constare
1735 1186 1820 1220 sece-

1081 1243 1178 1278 runt,
1212 1238 1390 1282 praefatam
1422 1238 1453 1271 S.
1481 1239 1587 1272 lacobi
1617 1238 1818 1282 1rovinciam

1081 1291 1230 1334 componi
1254 1302 1322 1324 non
1347 1293 1452 1326 solum
1479 1302 1515 1325 ex
1541 1291 1718 1335 praedictis
1742 1292 1819 1326 dua-

1080 1344 1139 1376 bus
1166 1343 1351 1377 nationibus
1379 1345 1515 1378 fratrum
1535 1344 1759 1378 Gallaecorum
1779 1355 1818 1378 ex

1082 1399 1152 1437 una,
1172 1402 1204 1430 et
1220 1397 1353 1430 fratrum
1371 1397 1631 1440 Legionensium,
1649 1397 1818 1431 Asturien—

1081 1450 1164 1483 sium
1189 1456 1220 1483 et
1244 1450 1399 1484 Castellae
1424 1450 1546 1483 Veteris
1564 1460 1601 1483 ex
1626 1451 1742 1490 altera,
1761 1451 1818 1484 sed

1081 1503 1177 1536 etiam
1202 1513 1260 1547 pro
1286 1504 1388 1537 altera
1412 1503 1507 1537 tertia
1530 1509 1622 1547 parte
1648 1514 1686 1537 ex
1711 1503 1819 1537 fratri-

1082 1557 1140 1589 bus
1159 1557 1344 1590 forensibus
1362 1557 1495 1599 (nempe
1512 1567 1549 1590 ex
1568 1557 1684 1590 ceteris
1708 1557 1819 1601 Hispa-

1082 1610 1226 1649 niarum,
1252 1609 1470 1652 Portugalliae
1499 1614 1532 1642 et
1567 1609 1744 1643 Hiberniae
1767 1620 1819 1643 re-

1081 1662 1167 1705 gnis)
1194 1662 1429 1704 religiositate,
1456 1662 1603 1695 doctrina
1634 1668 1665 1695 et
1695 1662 1819 1696 meritis

1081 1715 1198 1748 ceteris
1224 1725 1288 1748 non
1313 1715 1513 1758 imparibus;
1544 1716 1672 1749 attentis
1703 1715 1756 1749 his
1789 1727 1819 1749 o-

1081 1769 1218 1809 mnibus,
1237 1779 1296 1812 pro
1314 1770 1401 1802 bono
1422 1768 1510 1812 pacis
1527 1774 1560 1801 et
1575 1769 1818 1812 tranquillitatis

1081 1822 1228 1856 eiusdem
1253 1821 1449 1865 provinciae,
1476 1821 1667 1854 auctoritate
1687 1827 1819 1865 aposto-

1081 1875 1153 1914 lica,
1176 1879 1290 1907 tenore
1314 1874 1546 1917 praesentium,
1566 1874 1738 1908 statuimus
1762 1886 1820 1919 pa-

1081 1929 1160 1962 riter
1184 1939 1221 1961 ac
1246 1927 1451 1961 decernimus
1476 1932 1508 1960 et
1543 1927 1756 1968 ordinamus,
1783 1932 1820 1961 ut

1082 1983 1113 2015 in
1138 1980 1206 2024 ipsa
1230 1980 1397 2024 provincia
1413 1979 1602 2014 alternativa
1620 1985 1651 2013 et
1668 1980 1821 2014 distribu-

1082 2035 1126 2067 tio
1151 2033 1330 2067 officiorum
1352 2032 1421 2067 fieri
1446 2032 1566 2066 debeat
1590 2033 1770 2077 aequaliter
1785 2033 1821 2069 in

1082 2094 1145 2121 tres
1170 2092 1289 2131 partes,
1308 2086 1433 2121 scilicet
1452 2091 1487 2120 ut
1506 2097 1572 2120 uno
1598 2087 1741 2123 triennio
1761 2087 1821 2124 mi-

1082 2141 1183 2173 nister
1207 2139 1415 2183 provincialis
1441 2143 1473 2172 et
1496 2149 1581 2172 unus
1606 2138 1758 2173 definitor
1781 2149 1820 2175 ex

1082 2204 1220 2237 corpore
1246 2194 1381 2226 fratrum
1405 2192 1640 2234 Gallaecorum,
1660 2197 1767 2227 custos
1788 2197 1822 2227 et

1083 2247 1161 2280 alius
1188 2246 1340 2280 definitor
1371 2257 1409 2280 ex
1434 2256 1572 2290 corpore
1597 2246 1733 2281 fratrum
1762 2245 1821 2280 Le-

1083 2300 1308 2342 gionensium,
1334 2299 1572 2334 Asturiensium
1603 2304 1636 2333 et
1665 2299 1821 2334 Castellae

1084 2354 1217 2393 Veteris,
1233 2358 1265 2386 et
1283 2353 1382 2387 ceteri
1403 2354 1467 2387 duo
1489 2352 1679 2387 definitores
1695 2363 1733 2386 ex
1749 2363 1815 2387 cor-

1085 2417 1164 2450 pore
1201 2407 1336 2440 fratrum
1376 2406 1573 2440 forensium:
1609 2405 1822 2450 subsequenti

1088 2459 1226 2492 triennio
1252 2459 1398 2493 minister
1428 2459 1650 2502 provincialis,
1676 2465 1707 2492 et
1737 2469 1822 2492 unus

1087 2512 1237 2545 definitor
1255 2522 1289 2545 ex
1304 2523 1442 2557 corpore
1459 2512 1719 2556 Legionensium,
1734 2511 1821 2549 Astu-

1088 2565 1244 2598 riensiuin
1277 2570 1310 2599 et
1344 2565 1504 2601 Castellae
1537 2564 1681 2607 Veteris,
1715 2569 1822 2599 custos

1826 185 1877 213 An.
1900 185 1929 213 C.
1947 186 2018 215 ¹084
