2111 3157
1 267 61 309 Ἀιιξ
75 277 104 306 c.
127 275 193 305 ¹687

48 1178 180 1200 cnnttrmatio

1 1205 62 1228 rotati
74 1205 161 1227 decreti.

31 2490 148 2517 muman.

197 324 274 358 cede
291 328 413 357 tantum
430 324 611 357 facultatem
625 323 779 357 recitandi
795 322 932 355 officium

179 384 228 411 ⁷et
252 377 438 411 celebrandi
464 377 592 410 missam
618 377 649 409 in
674 377 831 409 honorem
857 375 932 407 dicti

196 431 280 464 beati
306 430 391 463 Petri
409 431 583 473 Armengol
605 431 644 462 de
658 429 819 462 communi
836 428 931 460 unius

195 482 344 526 martyris
369 483 541 525 quotannis
565 482 615 515 die
636 493 646 515 1
671 480 865 524 septembris
882 490 933 512 an-

195 535 370 568 niversaria
401 535 510 568 obitus
542 535 687 568 eiusdem
723 533 831 573 Beati,
858 543 930 565 cum

194 587 391 620 lectionibus
417 593 447 619 et
470 587 617 619 oratione
643 587 764 629 pariter
788 586 826 618 de
851 596 932 618 com-

195 639 295 679 muni,
321 639 379 671 sub
404 639 467 671 ritu
492 639 613 682 duplici
634 638 795 671 secundae
821 638 930 670 classis

195 702 267 725 cum
292 694 412 731 octava,
439 697 474 724 ut
498 692 529 724 in
556 691 667 724 libello
685 691 841 733 impresso
867 690 931 722 offi-

194 744 318 778 ciorum
338 745 494 787 praedicti
509 743 648 782 Ordinis,
664 754 720 775 seu
738 742 898 785 religiosis
910 741 928 782 ¹,

193 798 219 831 si
235 791 444 831 ‘sanctissimo
468 797 600 830 domino
626 802 737 829 nostro
759 796 930 838 placuerit:

193 850 255 883 hac
279 851 331 884 die
355 861 431 883 xxm
457 849 593 882 ianuarii
612 858 815 882 Mnetxxxvn.
835 848 872 880 Et
890 849 930 880 sa-

192 908 244 936 cto
261 904 300 936 de
317 902 491 945 praedictis
504 901 603 934 verbo
623 912 692 933 cum
712 901 927 939 sanctissimo,

191 954 348 988 Sanctitas
367 955 428 987 Sua
452 954 593 996 benigne
612 954 743 986 annuit:
763 953 813 985 dic
833 963 865 986 ιιι
885 953 929 985 se-

190 1008 314 1042 bruarii
348 1017 552 1041 moetxxxvn.
583 1026 595 1030 --
624 1007 661 1039 Il.
689 1006 721 1039 C.
749 1006 930 1038 Lunoviers

191 1061 382 1097 Bssnxanncs
397 1060 555 1097 Cassttts,
570 1070 680 1092 sacrae
705 1059 833 1091 Rituum
854 1058 929 1090 Con-

191 1113 387 1157 gregationis
411 1112 604 1145 secretarius
631 1125 660 1144 ».

233 1167 248 1210 ἓ
271 1166 301 1199 2.
329 1166 407 1198 Cum
432 1171 549 1204 autem,
575 1165 657 1197 sicut
676 1165 778 1197 dictus
797 1164 930 1197 Bartho-

188 1220 336 1253 lomaeus
361 1219 497 1251 vicarius
515 1223 545 1251 et
562 1223 751 1260 procurator
769 1218 929 1260 generalis

188 1273 284 1306 nobis
310 1272 449 1304 subinde
475 1271 593 1314 exponi
620 1271 701 1309 fecit,
727 1270 797 1314 ipse
823 1271 930 1303 decre-

189 1331 256 1358 tum
283 1324 491 1364 huiusmodi,
520 1334 582 1367 quo
608 1324 728 1356 firmius
755 1324 926 1363 subsistat,

189 1378 383 1421 apostolicae
402 1377 655 1410 confirmationis
673 1382 803 1410 nostrae
822 1382 929 1419 patro-

189 1431 275 1463 cinio
313 1431 504 1463 communiri
531 1430 708 1473 plurimum
745 1430 927 1462 desideret:

189 1493 255 1521 nos
272 1483 449 1527 specialem
467 1483 529 1525 ipsi
547 1483 795 1515 Bartholomaeo
808 1482 927 1515 vicario

189 1541 222 1569 et
246 1535 445 1579 procuratori
481 1536 625 1577 generali
661 1536 795 1578 gratiam
821 1536 926 1568 facere

187 1590 344 1628 volentes,
358 1599 497 1631 eumque
519 1600 535 1620 a
553 1589 717 1631 quibusvis
740 1599 927 1622 excommu-

187 1641 370 1681 nicationis,
389 1642 613 1684 suspensionis
630 1648 662 1674 et
678 1642 852 1681 interdicti,
871 1643 927 1675 ali-

189 1695 280 1738 isque
299 1694 525 1727 ecclesiasticis
543 1695 720 1733 sententiis,
738 1696 882 1728 censuris
897 1702 928 1728 et

188 1749 322 1791 poenis,
349 1758 366 1780 a
394 1747 463 1780 iure
489 1748 537 1779 vel
568 1748 607 1779 ab
634 1748 789 1788 homine,
816 1749 927 1791 quavis

189 1800 359 1834 occasione
383 1802 431 1833 vel
453 1803 549 1833 causa
566 1800 648 1840 latis,
665 1801 689 1833 si
716 1801 832 1843 quibus
849 1813 927 1844 quo-

188 1854 368 1887 modolibet
385 1853 557 1885 innodatus
577 1853 694 1893 existit,
715 1854 752 1886 ad
777 1854 925 1887 effectum

187 1906 407 1950 praesentium
444 1906 608 1938 dumtaxat
640 1908 924 1949 consequendum,

189 1959 303 2002 harum
327 1959 411 1992 serie
445 1960 651 1991 absolventes
688 1965 719 1991 et
744 1960 925 1993 absolutum

188 2012 258 2045 sore
276 2018 453 2051 censentes,
475 2011 767 2055 sup1‘11icationibus
785 2012 852 2045 eius
871 2024 926 2046 no-

188 2065 274 2098 mine
294 2066 385 2098 nobis
402 2076 499 2108 super
514 2066 574 2098 lioc
589 2066 755 2098 humiliter
768 2067 926 2109 porrectis

189 2118 345 2158 inclinati,
365 2119 529 2151 decretum
550 2118 796 2160 praeinsertum,
819 2125 927 2152 aucto-

189 2171 281 2204 ritate
295 2172 480 2214 apostolica,
496 2177 606 2203 tenore
621 2172 853 2214 praesentium,
872 2184 926 2216 ap-

190 2224 364 2268 probamus
391 2229 421 2256 et
442 2224 680 2264 confirmamus,
697 2224 808 2267 illique
826 2225 926 2258 invio-

191 2277 298 2311 labilis
331 2277 527 2320 apostolicae
556 2276 711 2308 firmitatis
728 2278 827 2309 robur
847 2278 926 2311 adii-

192 2330 310 2370 cimus·,
330 2332 416 2363 salva
438 2335 543 2362 tamen
570 2340 697 2372 semper
722 2330 753 2361 in
768 2331 926 2373 praemis-

191 2381 233 2415 sis
257 2382 449 2415 auetoritate
471 2387 666 2414 memoratae
693 2373 926 2425 Congregatio-

192 2435 241 2467 nis
267 2434 490 2467 cardinalium.

236 2488 250 2531 ᾗ
274 2487 306 2521 3.
333 2488 549 2520 Decernentes
581 2487 710 2520 easdem
736 2494 927 2531 praesentes

192 2541 318 2575 litteras
335 2551 465 2584 semper
480 2541 597 2580 su·maS‚
616 2541 738 2574 validas
764 2547 797 2574 et
820 2542 926 2575 estlea-

195 2604 248 2628 ces
275 2593 413 2627 existere
438 2599 469 2626 et
494 2594 572 2634 sore,
598 2604 739 2637 suosque
762 2595 927 2637 plenarios

232 2657 242 2684 ¹
265 2655 361 2691 Aptius
381 2656 438 2691 tege
457 2655 605 2689 retiyionis
627 2656 722 2690 (adn).

794 273 1004 299 INNOCENTH'S
1028 273 1057 297 XI
1084 274 1131 296 PF.

953 321 955 331 '
976 327 1006 353 et
1024 321 1166 363 integros
1183 320 1314 354 effectus
1331 320 1441 354 sortiri
1456 325 1488 353 et
1504 320 1661 358 obtinere,
1676 330 1712 352 ac

975 374 1053 413 illis,
1077 375 1115 407 ad
1141 385 1222 417 quos
1254 380 1379 418 spectat
1411 380 1443 407 et
1474 385 1531 417 pro
1565 379 1711 416 tempore

974 428 1144 469 spectabit,
1163 428 1194 460 in
1213 428 1364 460 omnibus
1390 433 1422 460 et
1437 437 1496 470 per
1520 426 1628 459 onmia
1645 426 1713 468 ple-

974 479 1108 511 nissime
1134 479 1322 522 suffragari,
1349 479 1458 523 sicque
1476 479 1507 511 in
1525 478 1710 522 praemissis

974 541 1033 572 per
1054 542 1279 574 quoscumque
1304 533 1428 565 iudices
1463 531 1648 565 ordinarios
1680 535 1712 563 et

974 583 1157 625 delegatos,
1183 585 1279 616 etiam
1305 596 1477 617 causarum
1502 584 1612 627 palatii
1634 594 1712 627 apo-

972 636 1078 668 stolici
1096 636 1273 677 auditores,
1300 637 1435 670 iudicari
1452 643 1483 670 et
1507 637 1635 670 definiri
1662 637 1713 670 de-

972 688 1071 727 bere,
1105 699 1141 720 ac
1165 689 1289 721 irritum
1316 695 1347 722 et
1372 690 1468 722 inane
1493 691 1517 722 si
1544 701 1636 723 secus
1660 701 1713 722 su-

972 741 1100 782 perbis
1126 752 1142 773 a
1167 753 1344 785 quoquam,
1373 743 1483 785 quavis
1508 743 1711 783 auctoritate,

970 793 1111 825 scienter
1128 796 1175 827 vel
1194 794 1394 836 ignoranter,
1417 795 1591 837 eontigerit
1607 801 1713 828 atten-

972 845 1043 877 tari.
1076 845 1144 877 Non
1184 846 1385 879 obstantibus
1425 848 1711 881 constitutionibus

971 903 1001 929 et
1025 898 1287 931 ordinationibus
1304 900 1501 942 apostolicis,
1524 901 1711 944 ceterisque

970 950 1144 982 contrariis
1170 951 1438 995 quibuscumque.

1013 1003 1027 1045 g
1058 1003 1089 1036 4.
1126 1004 1278 1037 Volumus
1315 1012 1421 1038 autem
1458 1012 1492 1038 ut
1523 1008 1710 1041 earumdem

968 1057 1192 1098 praesentium
1211 1058 1391 1090 litterarum
1414 1061 1637 1104 transumptis,
1654 1073 1710 1094 seu

969 1110 1135 1152 exemplis,
1150 1111 1247 1143 etiam
1264 1111 1442 1154 impressis,
1461 1124 1557 1146 manu
1573 1114 1711 1147 alicuius

970 1162 1086 1194 notarii
1122 1163 1245 1205 publici
1282 1165 1498 1208 subscriptis,
1536 1173 1569 1199 et
1599 1167 1710 1210 sigillo

968 1224 1127 1256 personae
1153 1216 1185 1247 in
1211 1217 1429 1250 ecclesiastica
1450 1218 1609 1260 dignitate
1633 1230 1711 1252 con-

969 1267 1099 1300 stitutae
1133 1269 1290 1309 munitis,
1322 1269 1435 1302 eadem
1471 1281 1604 1313 prorsus
1630 1272 1710 1305 fides

970 1325 1033 1351 tam
1069 1321 1100 1352 in
1131 1321 1251 1354 iudicio
1285 1333 1379 1365 quam
1403 1328 1493 1356 extra
1523 1324 1604 1357 illud
1635 1325 1711 1366 ¹ubi-

970 1383 1030 1414 que
1057 1374 1202 1406 locorum
1221 1375 1392 1415 habeatur,
1414 1387 1497 1418 quae
1519 1377 1599 1420 ipsis
1615 1388 1710 1420 prae-

968 1426 1114 1458 sentibus
1153 1427 1330 1459 haberetur
1355 1428 1382 1460 si
1408 1429 1519 1462 forent
1544 1429 1710 1464 exhibitae

969 1479 1017 1510 vel
1043 1484 1206 1511 ostensae.

1013 1531 1125 1564 Datum
1155 1532 1285 1572 Romae,
1301 1535 1385 1576 apud
1414 1534 1444 1567 S.
1463 1535 1591 1568 Mariam
1610 1536 1707 1570 Maio-

970 1595 1047 1624 rem,
1064 1585 1121 1617 sub
1134 1587 1252 1618 annulo
1267 1586 1452 1627 Piscatoris,
1469 1588 1519 1620 die
1537 1599 1611 1621 xvill
1628 1590 1709 1632 apri·

969 1637 1006 1669 lis
1032 1648 1240 1678 ntoetxxxvn,
1276 1639 1484 1681 pontificatus
1517 1641 1620 1673 nostri
1653 1652 1706 1674 an-

969 1700 1009 1721 ΠΟ
1028 1700 1070 1722 XI.

1005 1751 1062 1778 Dat.
1080 1752 1124 1779 die
1144 1753 1173 1780 ¹8
1192 1753 1284 1788 aprilis
1308 1754 1386 1788 1687,
1407 1755 1504 1790 pontif.
1527 1765 1598 1783 anuo
1616 1763 1652 1784 M.

1256 1958 1422 1992 CLXXXV.

970 2064 1190 2105 Confirnmtur
1235 2064 1397 2097 decretum
1439 2066 1706 2109 ConsyrryatrTom‘s

1011 2117 1231 2160 episcoporum
1257 2122 1285 2149 et
1309 2119 1511 2160 reyitlarium
1537 2119 1715 2167 declarans

1011 2170 1231 2212 superioribus
1246 2170 1403 2202 localibus
1419 2172 1561 2213 fratrum
1582 2173 1705 2206 Dt'scul-

1011 2227 1173 2254 ceatorum
1210 2223 1249 2255 B.
1274 2223 1316 2255 M.
1355 2223 1393 2255 de
1423 2225 1563 2257 Mercede
1585 2226 1705 2259 redem-

1008 2276 1131 2319 ptionis
1144 2277 1342 2318 euplii-orum
1360 2287 1420 2308 von
1440 2277 1534 2310 licere
1547 2280 1704 2321 pecunias

1010 2333 1123 2360 minuo
1147 2329 1300 2371 accipere,
1326 2330 1392 2362 nisi
1410 2329 1495 2362 iures
1512 2331 1625 2364 ordine
1641 2343 1704 2365 ser-

1010 2386 1082 2414 vato
1095 2381 1117 2414 ¹.

1003 2479 1015 2504 1
1035 2478 1111 2505 Aliud
1127 2478 1265 2505 decretum
1285 2487 1333 2514 pro
1348 2479 1477 2513 magistro
1496 2469 1614 2516 generali
1631 2482 1703 2510 circa

968 2524 1127 2551 electionem
1151 2523 1336 2557 magistrorum
1360 2529 1432 2550 extat
1455 2525 1480 2551 in
1498 2526 1604 2552 constit.
1630 2526 1703 2553 edita

968 2573 1124 2599 noetxxxtn,
1136 2568 1179 2594 die
1192 2570 1222 2593 ts
1233 2568 1394 2601 decembris,
1412 2569 1505 2603 pontif.
1523 2575 1576 2601 vin,
1593 2574 1619 2596 et
1634 2578 1702 2596 non-

969 2612 1040 2639 nulla
1051 2614 1148 2638 statuta
1160 2612 1264 2646 capituli
1282 2612 1414 2646 generalis
1429 2613 1581 2639 reseruntur
1596 2613 1621 2639 in
1635 2621 1701 2639 con-

968 2657 1021 2684 stit.
1043 2656 1113 2684 edita
1132 2663 1299 2687 mcccxxxvn.
1320 2656 1362 2684 die
1381 2657 1415 2683 15
1434 2657 1511 2691 maii,
1531 2657 1624 2692 pontif.
1646 2663 1681 2694 xi.

1604 262 1668 295 757
1716 271 1767 298 An.
1782 271 1811 298 c.
1837 269 1902 297 1037

1772 1013 1833 1034 Fiden
1849 1016 1894 1036 tran

1721 1044 1810 1066 sumptui
1817 1047 1858 1062 uui.
