2111 3157
11 233 60 259 nu.
81 231 110 258 C.
131 232 194 256 msa

785 231 996 255 INNOCENTIL'S
1017 231 1049 254 xt
1074 231 1121 254 Pr‘.
1170 237 1178 245 ·

200 279 348 312 nasteriis
373 286 500 313 nostrae
518 279 785 322 Congregationis
798 279 929 322 parisor-

199 332 294 364 miter
326 332 561 365 introducenda
594 338 624 365 et
657 331 868 364 observanda.
895 330 929 362 ln

199 385 313 426 quibus
342 390 377 417 ut
401 385 610 418 conformitas
643 390 673 417 et
697 383 799 417 solida
834 393 930 425 regu-

199 436 274 469 laris
308 436 478 480 disciplina
509 437 754 477 introducatur,
788 436 930 479 desuper

199 488 448 521 constitutiones
461 488 928 532 particularesconscribantur,

199 542 323 583 singula
347 542 450 585 capita
475 542 605 584 regulae
635 541 733 574 saneti
766 540 929 573 Benedicti

200 594 407 634 declarantes,
418 593 561 626 adinstar
577 593 840 626 constitutionum
854 593 931 626 Con-

199 645 396 688 gregationis
421 645 617 678 Cassinensis
646 651 678 678 et
702 645 805 678 sancti
830 645 929 677 Mauri

198 703 230 730 et
243 698 379 731 aliarum
398 703 428 730 et
446 698 530 730 iuxta
547 698 724 731 laudabiles
745 698 929 731 earumdem

198 760 325 792 praxes,
352 750 552 792 colligendae
578 761 595 782 a
620 750 812 793 quibusdam
837 750 876 783 ad
897 751 928 784 id

197 802 411 835 habilioribus
442 813 460 834 a
484 802 625 846 capitulo
658 802 802 845 generali
828 802 930 845 depu-

197 854 311 893 tandis,
338 860 370 887 et
396 855 480 887 intra
511 854 686 888 trienninm
721 855 753 887 in
785 855 928 888 debitum

196 907 345 940 ordinem
369 907 577 949 redigendae,
591 912 684 950 atque
712 917 729 939 a
755 907 863 940 futuro
878 918 930 940 ca-

196 959 297 1002 pitulo
327 959 469 1002 generali
494 959 689 992 revidendae
705 986 712 1000 ,
738 970 812 992 eum
837 960 870 992 in
895 960 930 992 ti-

196 1022 269 1044 nem
295 1017 330 1044 ut
349 1011 422 1045 Sedi
441 1013 648 1055 Apostolicae
669 1023 730 1056 pro
759 1012 930 1045 confirma-

196 1065 283 1098 tione
308 1070 571 1109 praesententur.

238 1117 323 1157 Quae
348 1119 455 1152 futuro
481 1124 627 1162 tempore
656 1120 794 1153 ulterius
820 1120 930 1163 dispo-

196 1172 301 1205 nenda
325 1176 357 1205 et
381 1172 574 1215 corrigenda
591 1178 774 1213 occurrunt,
795 1173 878 1206 circa
893 1183 929 1205 ea

196 1224 228 1256 in
246 1224 483 1258 visitationibus
505 1230 537 1257 et
552 1225 701 1268 capitulis
716 1225 928 1259 triennalibus

195 1276 436 1320 inquirendum,
462 1283 556 1320 atque
581 1278 725 1310 desectus
743 1278 929 1311 huiusmodi

196 1339 254 1372 per
278 1329 405 1362 chartas
429 1329 648 1362 visitationum
670 1335 701 1362 et
720 1340 867 1362 recessus
882 1340 930 1362 ca-

195 1382 370 1425 pitulorum
395 1381 588 1414 emendandi
614 1387 719 1414 erunt.
746 1382 783 1414 Et
799 1382 929 1425 quidem

195 1434 281 1468 circa
310 1435 518 1478 parisormem
548 1435 812 1469 introductionen
838 1445 931 1478 regu-

194 1488 271 1521 laris
297 1487 509 1532 disciplinae,
543 1488 784 1532 respiciendum
810 1489 843 1521 in
867 1488 931 1532 pri-

195 1541 255 1574 mis
276 1541 339 1575 erit
363 1542 402 1574 ad
427 1546 570 1574 sanctam
598 1542 755 1584 regulam,
781 1542 835 1574 ubi
854 1542 930 1575 satis

196 1603 384 1636 expressum
421 1598 453 1626 et
483 1599 689 1636 prospectum
724 1599 790 1633 est,
824 1605 928 1638 neque

196 1645 281 1678 aliud
305 1645 372 1678 sere
397 1645 609 1686 desideratur,
636 1656 729 1688 quam
755 1647 864 1680 debita
878 1647 931 1680 ob·

195 1698 356 1730 servantia
380 1703 412 1731 et
435 1698 593 1731 executio.

238 1750 360 1784 Deinde
375 1751 482 1784 sicuti·
499 1751 537 1784 ad
555 1757 695 1785 sanctam
712 1753 854 1795 regulam
873 1753 928 1787 de-

195 1803 374 1837 claratione
404 1803 511 1847 aliqua
545 1805 594 1837 vel
631 1804 787 1848 singulari
824 1806 929 1839 studio

196 1867 277 1900 opus
303 1856 481 1896 videbitur,
507 1856 544 1889 ad
570 1862 685 1890 statuta
717 1858 849 1891 aliarum
875 1869 928 1891 su-

195 1909 413 1952 pradictarum
438 1909 734 1952 Congregationum
759 1921 929 1944 recurren-

197 1962 282 2003 dum,
307 1972 412 2005 eoque
438 1972 568 2007 semper
592 1963 824 1997 collimandum
851 1965 928 2007 erit,

196 2020 232 2048 ut
256 2015 341 2048 inter
365 2014 474 2048 omnia
505 2015 696 2048 monasteria
721 2022 829 2050 nostra
853 2028 930 2051 con-

196 2067 340 2100 formitas
365 2078 435 2100 cum
457 2068 650 2111 supradictis
668 2068 929 2112 Congregationi-

195 2121 272 2160 bns,
299 2127 362 2153 tam
388 2120 419 2153 in
445 2121 666 2154 celebratione
692 2123 852 2164 generalis
876 2134 928 2156 ca-

195 2166 303 2216 pituti',
329 2183 422 2216 quam
447 2173 480 2205 in
506 2172 664 2206 electione
690 2175 859 2216 praesidis,
884 2176 928 2208 vi-

196 2226 360 2259 sitatorum
373 2230 403 2258 et
416 2225 576 2265 abbatum,
590 2226 634 2257 uti
645 2226 739 2259 etiam
753 2227 785 2259 in
796 2228 929 2271 reliquis

196 2278 356 2318 omnibus,
382 2288 461 2321 quae
488 2278 686 2321 spiritualem
713 2284 745 2311 et
769 2284 929 2323 tempora-

196 2330 260 2363 lem
287 2331 384 2364 totius
414 2330 683 2373 Congregationis
715 2339 845 2366 nostrae
870 2334 928 2366 Ba-

196 2383 321 2416 varinae
357 2388 389 2416 et
423 2382 625 2425 singulorum
658 2386 926 2419 monasteriorum

197 2435 408 2469 directionem
435 2441 644 2475 concernunt,
660 2437 927 2476 conformatione,

196 2489 285 2521 omni
310 2488 435 2521 mellori
457 2489 550 2521 modo
576 2489 810 2522 introducatur.

240 2541 330 2574 Unde
362 2542 564 2574 dominorum
603 2541 926 2576 visitatorum-curae

232 2603 244 2632 ¹
265 2602 375 2631 Videtur
395 2604 536 2640 legendum
556 2604 648 2632 situm*
665 2605 700 2640 (tt,
720 2605 769 2638 12).

926 2684 942 2704 ἓ

1599 220 1656 250 (tul

972 278 1156 320 specialiter
1179 277 1387 311 committitur
1410 282 1445 309 nt
1469 276 1573 309 statim
1591 276 1622 308 in
1640 276 1701 319 pri-

972 332 1022 362 ma
1045 330 1226 363 visitatione
1253 330 1498 372 diligentissime
1525 329 1701 372 inquirant,

971 382 1025 415 ubi
1055 388 1086 415 et
1119 383 1150 415 in
1183 383 1299 426 quibus
1336 382 1550 424 discrepantia
1589 386 1620 414 et
1645 381 1704 414 dit·-

972 435 1115 468 i'ormitas
1139 445 1198 467 usu
1223 436 1272 468 vel
1305 435 1403 467 abusu
1436 434 1618 467 introducta
1642 434 1701 475 sit,

971 487 1129 530 simulque
1154 487 1296 520 rationes
1321 493 1352 519 et
1376 497 1489 520 causas
1507 480 1702 530 disparitatis

972 544 1025 571 aut
1049 540 1255 573 relaxationis
1280 540 1490 583 perquirant:
1517 546 1559 579 et,
1577 540 1601 573 si
1626 539 1702 583 quid

971 591 1088 624 alicubi
1106 592 1374 626 irrationabiliter
1391 593 1587 626 declinatum
1606 604 1704 636 agno-

971 650 1069 684 scant,
1081 656 1117 677 ex
1132 645 1318 678 melioribus
1329 645 1510 678 rationibus
1521 647 1704 690 superiores

972 701 1003 728 et
1028 698 1259 730 conventuales
1279 698 1316 729 ad
1335 698 1553 740 parisormem,
1568 710 1649 742 quae
1671 699 1703 732 in

972 749 1066 781 dietis
1087 749 1156 782 aliis
1174 750 1390 792 praefatarum
1409 750 1705 793 Congrogationum

971 801 1704 846 monasteriislaudabiliterviget,disciplinam

972 853 1158 896 disponant.
1186 853 1275 891 Quod
1307 854 1331 885 si
1357 865 1433 886 vero
1458 855 1624 888 obstacula
1648 867 1704 889 scu

971 916 1082 940 causae
1107 907 1351 939 contradicendi
1384 907 1518 940 alicuius
1548 909 1704 942 momenti

972 963 1003 990 et
1026 958 1266 1001 probabilitatis
1290 965 1507 1002 opponantur,
1528 971 1580 993 res
1598 962 1637 994 ad
1655 972 1705 994 ca-

971 1010 1107 1053 pitulum
1122 1011 1280 1044 triennale
1299 1012 1477 1051 reserenda,
1496 1013 1606 1056 ibique
1620 1024 1705 1047 com-

972 1063 1059 1095 muni
1093 1063 1228 1096 consilio
1262 1064 1466 1097 statuendum
1494 1066 1576 1106 erit,
1602 1067 1702 1109 quod,

972 1116 1184 1149 consideratis
1209 1116 1465 1157 considerandis,
1499 1119 1704 1161 practicabile

972 1168 1181 1209 iudicabitur,
1207 1169 1330 1209 habito,
1355 1175 1389 1202 ut
1413 1172 1616 1213 praedictum
1642 1179 1703 1213 est,

972 1227 1118 1264 respectu
1142 1228 1209 1255 tum
1233 1222 1272 1255 ad
1297 1228 1438 1255 sanctam
1462 1226 1621 1267 regulam,
1636 1230 1704 1258 tum

971 1275 1008 1307 ad
1035 1274 1191 1308 dictarum
1217 1275 1508 1318 congregationum
1535 1282 1661 1319 statuta,
1688 1290 1705 1312 a

972 1327 1088 1370 quibus
1111 1332 1233 1360 temere
1259 1328 1327 1360 sine
1353 1331 1440 1361 certa
1464 1335 1495 1362 et
1512 1330 1597 1364 iusta
1611 1334 1706 1364 causa

972 1388 1036 1413 non
1058 1380 1284 1413 declinabitur.

1010 1433 1056 1464 Ad
1068 1432 1184 1465 harum
1193 1434 1455 1468 constitutionum
1466 1435 1705 1471 observantiam

972 1486 1169 1517 tenebuntur
1193 1495 1304 1518 omnes
1330 1492 1361 1519 et
1380 1487 1497 1530 singuli
1523 1490 1654 1523 abbates
1676 1496 1708 1523 et

971 1537 1115 1580 religiosi
1133 1539 1403 1572 monasteriorum
1423 1541 1565 1574 omnium
1585 1542 1615 1574 in
1633 1543 1709 1575 Bre-

972 1591 1000 1623 vi
1026 1591 1205 1634 apostolico
1230 1592 1413 1632 erectionis,
1440 1595 1499 1627 sub
1516 1595 1624 1628 datum
1645 1596 1707 1629 Ro-

971 1654 1051 1683 mae,
1072 1644 1123 1677 die
1139 1654 1208 1677 xxvi
1227 1645 1353 1687 augusti
1370 1655 1558 1688 iinctxxxtv,
1577 1658 1708 1691 expres-

971 1707 1103 1737 sorum,
1138 1707 1265 1730 necnon
1305 1698 1442 1731 aliorum
1483 1700 1521 1732 de
1559 1700 1705 1735 dominio

972 1750 1137 1782 dumtaxat
1154 1749 1350 1783 serenissimi
1370 1752 1520 1784 electoris
1537 1753 1707 1797 utriusque

971 1803 1121 1836 Bavariae
1137 1803 1239 1843 ducis,
1254 1810 1326 1843 etc.,
1342 1814 1479 1846 quorum
1490 1806 1635 1847 abbates,
1648 1818 1707 1850 pro

972 1856 1051 1888 sacta
1076 1855 1134 1893 sibi
1161 1867 1178 1888 a
1208 1859 1318 1889 saneta
1343 1858 1526 1900 Apostolica
1557 1859 1638 1893 Sede
1664 1861 1707 1893 sa-

971 1909 1088 1941 cultate
1105 1935 1112 1948 ‚
1139 1913 1268 1941 nostrae
1293 1909 1544 1953 Congregationi
1569 1913 1617 1944 vel
1643 1912 1706 1946 iam

972 1967 1185 2002 accesserunt,
1210 1963 1259 1994 vel
1285 1962 1316 1994 in
1349 1969 1514 2005 posterum
1539 1965 1703 1998 accedent.

1015 2015 1045 2047 Si
1072 2015 1147 2058 quid
1180 2025 1279 2058 porro
1305 2025 1375 2048 cum
1408 2021 1555 2060 tempore
1582 2024 1706 2052 mutan·

971 2068 1056 2107 dum,
1083 2068 1311 2108 innovandum⁷
1331 2069 1381 2101 vel
1405 2069 1626 2111 minuendum,
1652 2076 1707 2104 aut

972 2121 1050 2153 alias
1083 2121 1265 2154 addendum
1297 2122 1502 2161 censebitur,
1529 2124 1648 2166 poterit
1674 2125 1704 2158 id

971 2173 1039 2206 sieri
1067 2174 1098 2207 in
1121 2174 1270 2217 capitulis
1296 2175 1512 2217 generalibus,
1539 2176 1580 2209 ita
1599 2182 1705 2210 tamen

970 2233 1110 2270 ut,quae
1137 2226 1242 2259 taliter
1267 2227 1298 2258 in
1323 2227 1464 2269 capitulo
1489 2229 1629 2269 generali
1653 2230 1706 2262 de-

971 2286 1153 2319 cernentur,
1179 2280 1241 2312 vim
1268 2279 1346 2321 legis
1369 2290 1432 2312 non
1457 2280 1604 2321 habeant,
1626 2283 1702 2325 quin

970 2344 986 2365 a
1012 2334 1154 2376 capitulo
1179 2333 1328 2376 sequenti
1356 2333 1475 2365 suerint
1499 2334 1703 2376 confirmata,

970 2391 1010 2423 et,
1026 2391 1185 2428 quatenus
1203 2385 1252 2417 liis
1269 2385 1555 2418 constitutionibus
1577 2393 1706 2420 coutra-

971 2438 1017 2470 ria
1053 2438 1192 2478 suerint,
1218 2448 1234 2469 a
1260 2439 1369 2470 sancta
1401 2437 1483 2471 Sede
1518 2440 1706 2482 Apostolica

970 2492 1202 2534 apsuobcntur.

1013 2544 1101 2582 Quod
1121 2544 1145 2576 si
1165 2544 1235 2587 quis
1260 2544 1367 2584 abbas,
1386 2545 1436 2578 vel
1457 2546 1609 2579 monachi
1629 2556 1649 2586 3,
1668 2557 1704 2578 ex

968 2597 1121 2643 praetatis
1154 2597 1358 2631 monasteriis
1395 2598 1440 2632 sie
1464 2598 1495 2631 in
1521 2598 1703 2643 Congreget-

1707 229 1759 254 Au.
1782 229 1808 255 C.
1831 230 1895 255 trr3
