2111 3157
59 206 109 236 Ᾰιι.
130 205 158 235 C.
176 206 244 236 1680

104 1210 176 1234 indute
166 1211 222 1262 nen'ti
216 1217 235 1230 ia

51 1237 124 1284 Elenar
127 1238 162 1257 ia·

68 1264 140 1284 usdam
154 1243 219 1284 festqts.

832 211 907 235 inno
914 209 1045 234 CENTiI'S
1068 211 1097 235 Χῖ
1122 209 1172 235 ΓΡ.

248 258 312 290 una
337 258 499 292 dominica
517 259 687 292 cuiuslibet
702 260 822 292 mensis
843 260 873 291 in
888 259 980 292 dictis
999 265 1001 296 J

249 312 397 344 ecclesiis
411 312 538 345 Ordinis
555 312 622 344 fieri
640 313 750 345 solitae
767 312 978 350 interfuerint,
999 301 1001 333 ῗ

250 369 282 396 et
304 364 347 396 ibi
370 375 430 407 pro
446 364 692 397 christianorum
716 364 894 407 principum
913 374 974 395 con

249 416 381 455 cordia,
409 417 580 449 haeresum
606 417 821 458 extirpatione
847 426 883 448 ac
910 425 1000 465 san-¹¹

247 474 316 501 ctae
348 469 458 501 matris
488 469 649 501 Ecclesiae
685 469 876 500 exaltatione
910 468 1000 513 piasy'

246 521 285 554 ad
321 521 419 554 Deum
454 531 566 563 preces
601 521 765 559 fuderint,
798 520 1000 562 plenariam·

246 573 389 606 omnium
413 578 620 615 peccatorum
651 583 780 604 suorum
807 572 978 614 indulgen-

244 626 319 658 tiam
340 631 372 658 et
395 626 631 658 remissionem.

287 687 362 709 xvn.
388 676 425 708 Et
450 677 524 719 quia
549 678 587 709 ad
612 677 855 719 consequendas
872 674 999 714 indul-3

245 729 392 771 gentitis,
419 730 458 762 de
494 729 609 771 quibus
635 739 771 761 numero
797 740 825 767 x,
852 720 1000 772 ordinat}

243 780 391 813 Summus
414 781 577 820 Pontifex,
603 787 651 820 ut,
676 786 750 823 post
775 787 840 813 tres
866 780 977 813 oratio-

244 843 301 865 nes
326 833 504 866 dominicas
530 838 561 866 et
585 839 631 866 tot
652 834 862 866 salutationes
880 842 977 874 ange-

243 884 321 917 licas
339 895 410 917 cum
435 885 592 918 versiculo
619 885 732 918 Gloria
755 886 860 924 Patri,
882 885 975 917 etiam

243 937 391 969 versiculi
418 942 449 969 et
465 938 621 970 nonnulla
642 938 848 980 responsoria
870 936 977 969 dican-

245 995 295 1022 tur
318 1001 336 1022 a
359 991 580 1033 superioribus
606 990 759 1032 praedicti
781 990 909 1022 Ordinis
927 1000 976 1021 as-

243 1043 377 1085 signata,
403 1044 522 1087 poterit
546 1044 606 1076 dici
631 1054 694 1076 una
718 1042 813 1076 Salve
839 1043 973 1084 Reqt'na.

243 1099 432 1139 Indulgentiae
457 1112 472 1130 a
498 1102 588 1139 felicis
617 1101 811 1129 recordationis
841 1099 976 1129 Clemente

459 1149 537 1185 Papa
560 1149 586 1178 X
608 1158 756 1178 concessae.

288 1201 435 1234 Clemens
459 1202 542 1244 Papa
568 1202 591 1233 Β.
621 1200 838 1233 confratribus
870 1204 902 1232 et
926 1210 998 1232 so-¹

219 1245 373 1285 ''··101ihus
393 1264 466 1285 vere
491 1253 732 1310 poenitentibus
765 1258 797 1284 et
820 1251 976 1283 confessis

244 1316 280 1338 ac
297 1316 384 1338 sacra
407 1305 633 1338 communione
660 1304 814 1342 refectis
843 1303 896 1346 qui
923 1303 977 1335 ali-

243 1368 337 1400 quam
363 1368 398 1390 ex
425 1357 572 1390 ecclesiis
597 1357 673 1389 dicti
692 1356 820 1389 Ordinis
838 1361 978 1387 autcon-

240 1410 459 1448 fraternitates
482 1411 531 1442 vel
564 1409 742 1442 oratorium
776 1409 919 1441 eiusdem
945 1407 976 1440 in

241 1461 441 1505 quibuslibet
475 1461 686 1504 infrascriptis
723 1462 837 1493 diebus
863 1462 998 1498 devote?

997 1531 998 1538 ι
1018 1525 1100 1547 nova
1124 1526 1196 1547 crux
1215 1515 1399 1557 apponitur,
1426 1520 1457 1547 et
1481 1515 1519 1547 de
1545 1526 1627 1548 novo
1653 1517 1753 1549 bene-

239 1515 462 1554 visitaverint,
489 1520 519 1547 et
551 1514 593 1546 ibi
631 1525 690 1557 pro
723 1514 976 1547 christianorum

239 1568 423 1611 principum
449 1567 630 1605 concerdia,
651 1567 821 1599 haeresum
843 1567 977 1610 extirpa·
996 1575 998 1607 ζ

241 1621 328 1653 tione
353 1630 389 1652 ac
413 1625 539 1651 sanctae
564 1619 674 1651 matris
702 1619 865 1651 Ecclesiae
893 1620 977 1651 exal-

241 1672 371 1710 tatione,
397 1681 455 1714 pro
476 1671 673 1713 captivorum
699 1671 851 1703 libertate
870 1676 901 1703 ct
921 1682 976 1703 eo-

237 1734 309 1757 rum
328 1724 358 1756 in
383 1723 443 1756 fide
469 1723 718 1765 perseverantia,
737 1723 805 1765 pias
822 1723 860 1754 ad
877 1723 973 1754 Deum

238 1786 354 1819 preces
381 1775 560 1813 effuderint,
585 1774 706 1807 scilicet
738 1775 769 1806 in
797 1774 974 1806 Nativitatis

239 1834 270 1861 et
295 1828 528 1860 Purificationis
560 1829 673 1859 beatae
699 1827 813 1858 Mariae
837 1826 996 1867 Virginisr

238 1874 482 1919 lmrnaculatae‚
509 1879 539 1911 in
565 1880 613 1911 ὃς.
640 1879 806 1910 Michaelis
836 1879 973 1910 archan-

239 1933 312 1974 geli,
331 1932 504 1964 Clementis
522 1932 624 1973 Papae
643 1937 673 1963 et
687 1931 846 1973 martyris,
863 1931 974 1963 Inven-

239 1984 334 2017 tionis
351 1990 478 2016 sanctae
492 1984 612 2022 Crucis,
639 1983 813 2015 Natiritatis
831 1984 861 2016 S.
882 1984 972 2016 Ioan-
991 2019 992 2023 ,

238 2037 288 2068 nis
320 2036 483 2078 Baptistae
509 2036 596 2068 festis
633 2036 761 2075 diebus,
788 2037 968 2078 plenariam

239 2089 381 2121 omnium
406 2094 610 2131 peccatorum
634 2099 765 2120 suorum
799 2088 992 2133 indulgen-⁴

240 2141 314 2172 tiam
328 2146 359 2173 et
375 2140 610 2172 remissionem.
627 2140 782 2172 Similiter
806 2140 838 2172 in
854 2140 903 2173 Ss.
923 2140 971 2172 Io-

240 2193 331 2225 annis
349 2193 387 2225 de
413 2193 518 2224 Matha
542 2198 573 2224 et
597 2192 711 2224 Felicis
733 2193 770 2224 de
787 2193 891 2225 Valois
915 2197 991 2236 χιιι-ξ

238 2249 323 2277 trum
347 2251 529 2277 nostrorum
556 2244 667 2276 diebus
699 2244 786 2276 festis
820 2245 970 2277 ecclesias

238 2297 366 2330 Ordinis
389 2297 588 2329 visitantibus
606 2323 613 2336 ,
640 2297 874 2339 indulgentiam
903 2300 969 2340 ple-

240 2350 361 2382 nariam
388 2354 419 2382 et
450 2349 592 2382 omnium
623 2355 826 2391 peccatorum
858 2351 969 2382 remis-

240 2402 374 2434 sionem.

284 2455 370 2487 ldem
397 2454 540 2486 Clemens
564 2454 649 2496 Papa
665 2454 688 2486 X
708 2454 920 2488 confratribus
940 2461 970 2488 et
988 2490 990 2496 ,

241 2507 407 2539 sororibus
431 2507 581 2538 ecclesias
606 2506 734 2538 Ordinis
758 2512 812 2538 aut
845 2508 969 2540 confra-

240 2559 399 2592 ternitatis
423 2559 471 2592 vel
485 2559 646 2602 cappellas
664 2564 718 2591 aut
733 2559 969 2593 oratoria-eins-

1022 259 1092 291 dem
1118 259 1326 297 visitantibus,
1344 258 1561 301 indulgentias
1579 259 1754 292 stationum

1022 312 1115 344 Urbis
1142 313 1172 344 in
1199 313 1321 345 missali
1358 321 1492 346 rodano
1527 322 1753 354 expressarum

999 385 1001 390 ,
1022 363 1052 395 in
1068 365 1181 397 diebus
1197 366 1380 398 earumdem
1395 366 1566 398 stationum
1580 365 1750 397 concessit.

1074 416 1217 458 Denique
1256 418 1478 459 indulgentiae
1516 417 1679 460 plenariae
1719 417 1753 449 in

1020 467 1050 499 S.
1078 468 1241 501 Michaelis
1273 470 1477 511 archangeli,
1508 470 1539 502 S.
1577 470 1751 502 Clementis

1021 520 1123 562 Papae
1149 527 1181 553 et
1206 522 1374 564 martyris⁷
1402 523 1595 555 inventionis
1624 527 1751 555 sanctae

1019 572 1125 605 Crucis
1140 584 1175 605 ac
1188 574 1367 607 Nativitatis
1389 576 1488 607 sancti
1507 575 1634 608 loannis
1651 575 1754 617 Bapti-

1020 630 1086 657 stae
1109 625 1196 657 festis
1212 626 1325 658 diebus
1342 627 1467 669 pridem
1486 638 1667 665 concessae,
1686 638 1753 659 mo-

1020 677 1060 709 do
1085 678 1122 709 ad
1145 677 1223 710 alios
1250 683 1396 720 quatuor,
1416 679 1569 711 videlicet
1593 678 1677 711 diem
1703 679 1752 711 Ci-

1019 739 1142 767 nerum,
1165 731 1339 762 secundam
1366 731 1559 762 dominicam
1586 731 1748 770 octobris,

1019 787 1147 814 sanctae
1172 782 1363 814 Catharinae
1389 782 1519 824 virginis
1545 788 1573 815 et
1592 783 1751 825 martyris,

1019 838 1052 865 et
1075 840 1202 866 sanctae
1228 835 1359 876 Agnetis
1385 835 1528 867 secundo
1555 835 1623 867 dies
1649 841 1751 867 trans-

1018 887 1100 919 latae
1127 887 1266 925 suerunt,
1285 892 1382 929 prout
1396 897 1431 919 ex
1450 887 1541 919 Brevi
1557 887 1750 919 sanctissimi

1017 938 1142 970 Domini
1167 939 1269 970 nostri
1306 939 1481 971 Innocentii
1507 938 1610 981 Papae
1632 939 1670 970 xl
1691 939 1750 970 sub

1018 991 1069 1023 die
1094 1001 1145 1023 xiv
1170 991 1350 1023 decembris
1379 1001 1562 1023 iinctxxvnl
1599 991 1750 1034 expedito

1018 1048 1153 1075 constat.

1097 1099 1272 1137 Cousratrttm
1296 1103 1321 1128 et
1346 1109 1466 1128 sororum
1490 1099 1671 1136 obliqaliones.

1061 1147 1243 1179 Confratres
1269 1153 1299 1179 et
1325 1158 1454 1180 sorores
1479 1149 1578 1180 nostri
1605 1149 1751 1181 habitum

1019 1210 1075 1232 seu
1102 1199 1318 1241 scapularium
1337 1201 1503 1242 parvulum
1523 1210 1559 1232 ex
1575 1202 1647 1233 lana
1664 1201 1748 1242 alba,

1018 1261 1113 1284 cruce
1140 1252 1234 1283 rubra
1262 1257 1293 1283 et
1317 1253 1442 1284 cerulea
1466 1252 1622 1285 munitum
1641 1254 1680 1285 ab
1698 1254 1751 1286 ali-

996 1297 998 1324 i
1019 1315 1081 1346 quo
1107 1305 1250 1337 eiusdem
1276 1304 1402 1336 Ordinis
1430 1306 1595 1347 superiore
1620 1306 1752 1338 henedi-

1018 1362 1101 1388 ctum
1119 1367 1243 1388 sumere
1263 1361 1292 1387 et
1310 1366 1406 1399 super
1423 1366 1456 1388 se
1474 1362 1599 1398 gestare
1619 1357 1750 1397 del>ent·,

1019 1409 1146 1452 quando
1173 1420 1250 1442 vcro
1276 1409 1491 1451 scapularium
1518 1410 1649 1441 scissum
1676 1411 1749 1451 erit,

1018 1462 1153 1504 eiusque
1178 1462 1292 1494 amissa
1317 1462 1426 1500 forma,
1454 1468 1637 1502 renovatur,
1657 1463 1750 1506 eique

1018 1567 1145 1606 dicitur,
1171 1573 1265 1610 prout
1289 1568 1417 1609 quando
1443 1578 1562 1599 novum
1588 1569 1736 1601 sumitur.

1063 1621 1107 1652 Ad
1127 1620 1305 1662 praedictas
1323 1619 1538 1661 indulgentias
1553 1631 1751 1664 consequen-

1017 1673 1071 1704 das
1097 1682 1159 1704 non
1186 1677 1336 1704 tenentur
1361 1672 1536 1704 confratres
1561 1677 1589 1703 et
1620 1683 1748 1706 sorores

1017 1724 1168 1766 praedicti
1184 1724 1222 1756 ad
1241 1723 1445 1756 emissionem
1463 1723 1538 1763 voti,
1558 1725 1662 1756 carnis
1679 1725 1750 1757 alsis-

1017 1777 1183 1808 tinentiam
1220 1782 1251 1808 et
1282 1776 1475 1807 ieiuniorum
1497 1777 1746 1818 observantiam,

1015 1830 1099 1861 ultra
1124 1839 1160 1861 ea
1184 1839 1264 1871 quae
1285 1829 1323 1860 ab
1348 1829 1487 1861 Ecclesia
1511 1830 1713 1862 mandantur.

1058 1881 1095 1913 Ut
1121 1882 1252 1914 caedem
1279 1881 1500 1922 indulgentiae
1526 1881 1695 1920 lucrifiant,
1716 1894 1749 1915 0-

1014 1933 1154 1966 rationcs
1179 1933 1313 1966 recitare
1339 1939 1369 1965 ct
1394 1944 1522 1976 operaa
1540 1934 1746 1967 Pontificibus

1013 1986 1208 2028 praescripta
1233 1996 1380 2017 exercere
1407 1996 1539 2017 neccsse
1565 1991 1624 2018 est.
1643 1987 1759 2019 Diver-

990 2049 1065 2070 rsae
1091 2038 1311 2079 indulgentiae
1344 2048 1402 2079 pro
1436 2038 1568 2070 diversis
1593 2039 1750 2071 orationi1

1011 2091 1070 2122 bus
1089 2096 1119 2122 ct
1133 2090 1286 2132 operibus
1300 2090 1531 2122 conceduntur.
1548 2091 1657 2133 ltaque
1672 2102 1750 2124 con-

1011 2143 1125 2175 fratres
1167 2148 1198 2174 et
1233 2153 1360 2175 sorores
1401 2143 1547 2184 quotidie
1591 2144 1746 2186 quasdam

1011 2194 1227 2235 indulgentias
1264 2194 1380 2226 lucrari
1407 2195 1498 2227 facile
1525 2201 1693 2237 poterunt·,
1719 2197 1746 2228 st

1012 2252 1115 2279 tamen
1142 2257 1256 2289 preces
1282 2247 1417 2279 recitare
1443 2248 1493 2279 vel
1519 2258 1619 2290 opera
1652 2258 1748 2291 prae-

1010 2300 1093 2331 dicta
1111 2309 1259 2331 exercere
1274 2299 1451 2338 omiserint,
1470 2310 1533 2331 non
1553 2302 1742 2342 peccabunt.

1053 2352 1198 2394 Quinque
1224 2352 1293 2384 dies
1314 2351 1548 2384 benedictionis
1567 2358 1598 2384 et
1618 2354 1746 2385 absolu-

1010 2405 1107 2436 tionis
1133 2405 1294 2446 geucralis
1321 2405 1420 2445 (licet
1451 2414 1467 2436 a
1493 2406 1587 2447 culpa
1612 2406 1742 2448 proprie

1009 2467 1071 2489 non
1093 2457 1286 2496 absolvatur,
1314 2457 1399 2488 iuxta
1424 2457 1673 2489 declarationem
1700 2459 1744 2490 fc-

988 2498 1078 2542 5licis
1103 2509 1334 2541 recordationis
1363 2509 1534 2541 Clementis
1561 2509 1643 2551 Vlll)
1670 2515 1744 2541 sunt

1009 2562 1088 2594 feria
1112 2571 1224 2604 quarta
1240 2561 1399 2601 Cincrum,
1419 2561 1496 2593 feria
1517 2561 1628 2603 quinta
1646 2562 1743 2595 maio-

1643 197 1708 235 ⁴235
1754 210 1804 238 An.
1821 210 1851 238 c.
1874 211 1944 238 ieso
