2111 3157
172 196 221 222 An.
246 195 273 222 C.
295 197 359 223 ¹280
406 187 470 222 056

185 2275 193 2300 ,Ε
211 2276 228 2296 2.
242 2275 270 2296 Do
282 2275 340 2295 abii·

158 2303 341 2328 rwwneproprie·

159 2331 215 2348 tatis.

364 248 414 280 vel
440 246 478 279 ad
504 250 607 280 certas
632 246 730 278 horas
756 243 964 278 concedenda
989 249 1047 283 est,
1062 243 1105 275 id-

365 310 428 343 que
452 310 517 333 non
553 300 621 332 sine
657 298 748 332 socio
773 297 939 340 religioso,
977 302 1043 337 aut,
1070 296 1103 329 in

365 363 438 386 casu
463 353 602 396 quodam
627 353 709 385 sorte
746 350 1016 393 extraordinario,
1041 351 1105 383 sal-

364 412 429 439 tem
453 406 571 439 famulo
598 405 763 438 adiuncto.
806 423 812 429 ι

407 459 586 499 Praeterea,
611 459 698 502 quod
720 459 753 491 in
774 460 885 492 sancta
905 459 1019 502 regula
1034 469 1103 491 cau-

364 518 428 545 tum
449 512 600 551 habetur,
621 517 655 545 ut
679 522 725 552 ea,
753 522 835 556 quae
860 518 949 545 extra
973 522 1102 545 monas-

363 566 478 599 terium
511 567 561 599 vel
594 567 776 600 clausuram
806 566 875 599 visa
905 567 956 599 vel
993 566 1102 598 audita

362 625 437 652 sunt
461 631 519 663 per
544 620 698 653 officiales
725 625 757 653 et
783 630 1007 664 quoscumque
1034 630 1099 652 non

360 673 545 706 reserantur
577 674 617 707 ad
652 678 856 713 conventum,
883 678 956 713 etc„
991 673 1100 706 debita

360 727 567 760 observantia
591 727 801 767 custodiatur,
827 727 872 759 ita
897 726 1042 770 quidem,
1066 731 1101 759 ut

361 780 399 813 de
435 781 569 813 materia
604 781 769 814 ullatenus
810 780 1009 820 seandalosa,
1049 781 1099 813 vel

360 843 441 877 quae
462 844 579 877 pravos
608 834 791 866 animorum
816 833 962 873 affectus,
985 828 1099 876 ‘suspi-

359 886 482 926 ciones,
508 887 792 925 murmurationes,
819 892 874 919 aut
905 886 1003 919 etiam
1028 886 1099 918 inu-

359 940 432 973 tiles
466 940 706 980 distractiones,
739 945 771 973 et
807 940 838 972 in
875 939 1097 982 spiritualibus

360 993 560 1026 turbationes
585 1003 717 1026 causare
736 997 887 1036 possunt,
906 993 940 1025 in
959 1002 1099 1025 conven-

358 1051 391 1078 tu
410 1046 533 1079 referre
551 1051 604 1078 aut
625 1056 797 1079 recensere
818 1055 884 1079 non
904 1045 1012 1079 liceat.

401 1098 583 1132 Cavendum
607 1097 745 1143 insuper
771 1104 802 1132 et
827 1099 1015 1132 occasiones
1033 1110 1099 1132 am-

355 1152 519 1195 putandae
544 1157 628 1192 sunt,
654 1163 694 1185 ne
725 1152 870 1194 religiosi
903 1162 975 1184 cum
1006 1152 1099 1184 semi-

357 1204 405 1237 nis
441 1204 704 1246 familiaritatem,
732 1205 1014 1238 conversationem
1044 1212 1098 1238 aut

356 1258 686 1292 communicationem
698 1259 850 1298 habeant,
869 1259 931 1292 nisi
950 1259 1096 1302 praecise

357 1316 517 1353 quatenus
544 1311 629 1344 iusta
655 1317 686 1344 et
710 1317 787 1345 nota
810 1312 1014 1345 necessitatis
1046 1313 1096 1345 vel

355 1364 503 1397 utilitatis
529 1375 635 1405 causa,
661 1365 870 1405 officialibus,
897 1371 928 1398 et
953 1365 1097 1408 quando-

357 1428 419 1460 que
441 1417 472 1450 in
489 1418 571 1457 aliis,
588 1417 707 1451 iudicio
725 1419 944 1461 superiorum,
956 1429 1095 1462 quorum

355 1471 488 1504 licentia
512 1471 698 1515 specialiter
715 1477 746 1505 et
767 1482 920 1515 expresse
938 1473 1003 1506 hoc
1020 1483 1095 1505 casu

357 1524 552 1567 requirenda
577 1530 635 1564 est,
660 1524 794 1558 indubie
820 1525 930 1567 exigit.
957 1525 995 1558 Et
1013 1525 1097 1557 nihi-

357 1577 498 1610 lominus
524 1577 694 1618 custodito,
724 1584 768 1619 ut,
795 1578 992 1621 quicumque
1018 1589 1097 1621 qua-

356 1641 493 1674 cumque
519 1641 555 1663 ex
582 1633 679 1664 causa
703 1633 752 1665 vel
778 1632 911 1665 licentia
931 1633 971 1665 ad
997 1633 1096 1665 collo-

355 1684 466 1727 quium
491 1684 681 1718 seminarum
705 1685 738 1718 in
764 1685 929 1728 publicum
954 1685 1095 1718 admitti-

355 1742 413 1777 tur,
439 1737 569 1770 nonnisi
595 1748 667 1771 cum
696 1738 848 1781 religiosa
880 1739 1039 1772 modestia
1064 1745 1094 1772 et

355 1791 509 1833 gravitate
534 1801 606 1823 cum
633 1791 748 1824 iisdem
774 1797 1000 1831 conversetur,
1038 1803 1094 1826 nc-

355 1854 416 1888 que
455 1845 539 1878 ultra
576 1851 712 1888 tempus,
749 1845 857 1878 locum
894 1851 926 1877 et
961 1846 1094 1878 modum

353 1898 589 1941 praescriptum
613 1909 686 1931 cum
711 1898 834 1931 eisdem
869 1904 1090 1932 conversetur.

354 1950 384 1983 Si
410 1961 505 1994 quem
530 1952 563 1984 in
590 1952 651 1984 hoc
682 1962 804 1994 genere
837 1952 1001 1984 incautum
1038 1958 1093 1985 aut

354 2004 419 2037 ullo
443 2004 539 2037 modo
565 2005 794 2038 scandalosum
819 2004 917 2037 abbas
943 2009 997 2037 aut
1020 2005 1094 2037 visi-

354 2062 472 2090 tatores
495 2057 689 2098 invenerint,
728 2069 802 2091 cum
827 2059 877 2091 vel
911 2058 949 2090 ab
985 2058 1091 2092 officio

353 2116 530 2151 amoveant,
568 2113 618 2145 vel
654 2112 687 2144 in
722 2117 890 2155 posterum
926 2122 1091 2155 nunquam

352 2165 489 2207 amplius
514 2165 554 2198 ad
570 2165 708 2198 similem
728 2165 935 2199 occasionem
953 2166 1002 2198 vel
1021 2176 1091 2198 con-

354 2219 567 2252 versationem
592 2219 773 2252 admittant.

396 2271 607 2314 Proprietatis
632 2272 744 2305 vitium
770 2272 829 2315 (uti
850 2272 964 2305 merito
985 2282 1003 2304 a
1019 2283 1091 2305 san-

352 2328 404 2356 eto
429 2330 521 2367 patre
548 2331 659 2358 nostro
680 2326 878 2368 appellatur)
897 2336 914 2358 a
931 2331 1091 2358 monaste-

352 2376 407 2408 riis
432 2377 550 2410 nostris
572 2378 806 2411 eliminandum
831 2382 900 2417 est,
933 2388 973 2411 ne
1009 2378 1092 2420 quis-

352 2440 446 2472 quam
473 2430 505 2462 in
540 2441 574 2463 re
608 2431 779 2474 temporali
813 2441 1016 2475 quacumque
1042 2432 1090 2464 ul-

351 2483 415 2516 lum
453 2483 630 2516 dominium
668 2485 718 2517 vel
750 2485 798 2517 ius
836 2486 1088 2527 qualecumque,

351 2541 461 2579 utpote
488 2537 578 2568 cuius
604 2538 735 2569 omnino
763 2538 794 2569 in
820 2538 975 2579 singulari
1003 2538 1089 2570 inca-

950 196 1130 219 BULLARIL'M
1154 186 1305 220 nottiANUM

1146 254 1208 287 que
1234 244 1330 277 etiam
1355 245 1451 278 talem
1470 244 1618 278 affectum
1635 245 1674 279 ad
1690 256 1759 279 rem
1776 256 1882 289 quam-

1146 306 1284 339 cumque
1309 297 1479 341 concipiat,
1505 298 1585 340 quin
1610 308 1680 331 eam
1705 299 1744 331 ad
1768 305 1880 332 nutum

1146 349 1351 392 superiorum
1375 350 1445 384 sine
1469 351 1536 384 ulla
1555 351 1815 386 contradictione
1832 355 1881 387 vel

1146 404 1404 437 murmuratione
1425 404 1587 438 dimittere
1611 406 1652 438 sit
1671 412 1815 449 paratus.

1188 456 1220 490 Si
1245 456 1422 500 quidquam
1447 458 1657 501 singulariter
1680 459 1738 492 uni
1762 461 1812 494 vel
1837 462 1882 495 al-

1145 510 1204 543 teri
1221 521 1280 554 per
1296 511 1415 544 amicos
1432 511 1585 552 mittatur,
1603 514 1654 546 vel
1676 523 1882 557 quacumque

1144 565 1269 598 ratione
1295 564 1458 604 obveniat,
1479 565 1511 598 id
1535 571 1624 599 recte
1656 567 1881 611 superioribus

1144 617 1305 659 offeratur,
1330 619 1379 652 vel
1406 618 1538 652 domino
1563 619 1686 661 abbati,
1716 622 1767 654 vel
1798 623 1883 665 patri

1142 671 1253 714 priori,
1278 682 1341 715 pro
1368 672 1522 716 qualitate
1546 678 1579 705 et
1613 673 1795 716 quantitate
1819 675 1882 709 rei:

1143 724 1198 767 qui
1223 725 1410 769 superiores
1434 725 1511 759 talia
1535 726 1574 759 ad
1600 736 1693 760 usum
1718 728 1884 762 revocabi-

1142 778 1205 811 lem
1230 778 1270 818 ei,
1295 779 1347 812 cui
1374 779 1533 812 destinata
1562 785 1647 820 sunt,
1682 780 1709 813 si
1741 781 1882 816 rationa-

1142 832 1208 864 bile
1243 832 1381 873 videtur,
1419 833 1599 866 concedere
1635 839 1784 876 possunt,
1825 836 1881 868 sed

1142 891 1206 914 non
1232 881 1363 914 debent.
1392 881 1458 916 lmo
1484 881 1511 915 si
1541 883 1651 916 taliter
1679 884 1792 917 oblata
1816 884 1883 918 sue-

1141 934 1208 966 rint
1231 935 1373 977 prctiosa
1396 940 1428 968 et
1452 936 1625 978 superflua,
1658 941 1691 969 et
1713 937 1824 980 magis,
1855 937 1880 970 si

1141 987 1401 1030 singularitatem
1425 989 1475 1022 vel
1497 989 1739 1023 difformitatem
1755 989 1790 1023 in
1806 1001 1882 1024 con-

1143 1047 1238 1075 ventu
1263 1042 1481 1083 introducent,
1508 1043 1599 1076 nullo
1624 1043 1721 1077 modo
1745 1044 1881 1078 concedi

1142 1095 1274 1129 debent.

1184 1149 1357 1182 Esculenta
1382 1154 1415 1182 et
1445 1150 1622 1193 poculenta
1646 1150 1687 1184 ad
1707 1158 1880 1185 commune

1143 1204 1349 1236 refectorium
1385 1203 1504 1237 deferri
1531 1204 1673 1244 debent,
1704 1204 1730 1237 si
1748 1205 1880 1248 quidem

1141 1267 1214 1290 raro
1248 1263 1279 1290 et
1309 1257 1475 1290 moderate
1510 1257 1675 1300 quidpiam
1706 1257 1879 1299 efferatum

1892 197 1941 224 Ar..
1958 197 1986 225 C.
2010 198 2074 227 tuse

1894 718 1951 747 Νι,

1140 1320 1230 1343 secus
1254 1309 1469 1350 inhibendae,
1490 1319 1552 1343 nec
1568 1310 1785 1354 acceptandae
1805 1316 1892 1344 sunt·

1142 1364 1220 1396 tales
1246 1364 1440 1396 oblationes.

1183 1416 1297 1450 Nullus
1331 1417 1363 1449 in
1388 1422 1549 1450 conventu
1580 1417 1754 1460 pecuniam
1778 1419 1878 1452 ullam

1140 1471 1309 1511 detineat,
1339 1470 1397 1504 sed
1427 1471 1654 1513 delinquentes
1678 1471 1712 1504 in
1736 1471 1801 1504 hoc
1824 1482 1881 1515 ge-

1139 1534 1230 1564 nere,
1251 1524 1347 1557 etiam
1365 1534 1424 1566 pro
1442 1523 1569 1557 modica
1587 1528 1619 1557 et
1634 1523 1769 1557 minima
1783 1535 1879 1568 quan-

1141 1577 1242 1616 titate,
1270 1576 1424 1622 congruis
1451 1576 1661 1620 poenitentiis
1685 1578 1876 1620 puniantur.

1183 1630 1360 1669 Officiales,
1388 1629 1441 1672 qui
1467 1640 1526 1672 pro
1552 1629 1712 1671 exigentia
1747 1640 1878 1665 suorum

1139 1683 1319 1716 officiorum
1339 1683 1492 1726 pecunias
1518 1682 1665 1715 detinere
1689 1692 1726 1715 ac
1751 1683 1878 1726 dispen⁴

1139 1747 1210 1769 sare
1236 1737 1354 1769 debent
1372 1763 1379 1775 ,
1413 1736 1446 1768 in
1478 1736 1542 1769 hoc
1566 1735 1655 1768 iuxta
1678 1736 1878 1770 voluntatem

1138 1784 1262 1822 abbatis
1281 1795 1385 1832 agant,
1404 1799 1464 1822 nec
1477 1788 1537 1821 sibi
1551 1788 1791 1832 particulariter
1807 1789 1877 1823 sinc

1138 1844 1299 1887 praescitu
1325 1848 1357 1876 ct
1381 1843 1514 1876 licentia
1538 1842 1683 1876 eiusdem
1708 1843 1876 1887 quidpiam

1138 1897 1312 1941 applicent,
1330 1897 1381 1929 vel
1399 1896 1492 1929 aliter
1506 1896 1700 1939 expendant,
1719 1907 1814 1939 quam
1835 1907 1874 1930 ex

1137 1950 1283 1983 iniuncto
1302 1950 1407 1983 officio
1431 1950 1480 1982 vel
1505 1948 1650 1982 iussione
1676 1948 1801 1982 abbatis
1821 1949 1876 1982 de-

1136 2005 1224 2037 bcnt

1180 2058 1303 2091 Habeat
1329 2062 1419 2101 pater
1451 2057 1542 2100 prior
1573 2067 1701 2099 capsam
1735 2056 1876 2100 aliquam

1137 2118 1169 2145 et
1192 2113 1396 2145 moderatum
1422 2111 1593 2150 aerarium,
1616 2110 1649 2143 in
1675 2110 1761 2154 quod
1778 2120 1875 2154 pecu-

1136 2166 1208 2199 niae
1233 2164 1500 2198 conventualibus
1517 2165 1646 2198 oblatae
1660 2168 1873 2207 reponantur,

1134 2220 1293 2262 liceatque
1307 2217 1390 2262 patri
1404 2218 1508 2261 priori
1527 2218 1602 2250 talia
1614 2216 1875 2251 conventualium

1135 2274 1243 2306 oblata
1267 2283 1325 2315 pro
1351 2272 1496 2315 ipsorum
1530 2271 1766 2304 monachorum
1790 2270 1874 2304 indi-

1134 2326 1252 2368 gentiis
1284 2330 1338 2357 aut
1361 2335 1422 2368 pro
1455 2323 1703 2357 necessitatibus
1735 2323 1873 2358 discrete

1134 2379 1332 2421 dispensare,
1354 2378 1424 2410 sine
1450 2383 1557 2410 tamen
1581 2377 1647 2410 ulla
1671 2376 1871 2419 obligatione

1133 2438 1185 2464 aut
1209 2433 1278 2464 iure
1303 2431 1451 2475 quaesito
1477 2431 1542 2471 illi,
1572 2430 1622 2463 cui
1648 2430 1756 2463 oblata
1780 2436 1868 2466 sunt.

1134 2485 1204 2528 lpse
1230 2496 1304 2518 vcro
1331 2490 1425 2528 pater
1449 2483 1539 2527 prior
1563 2488 1712 2517 teneatur
1735 2483 1870 2527 singulis

1133 2538 1224 2569 annis
1251 2538 1325 2570 dare
1351 2537 1511 2570 rationem
1536 2536 1666 2569 domino
1693 2536 1800 2569 abbati
1830 2537 1869 2569 de

350 2601 408 2635 pax
436 2595 493 2631 cst,
519 2590 578 2623 sibi
604 2590 799 2632 imaginetur
825 2598 855 2624 ct
888 2591 998 2634 tingat,
1032 2601 1089 2623 ne-
1106 2612 1113 2636 t
1132 2591 1283 2624 omuibus
1301 2590 1339 2624 ad
1359 2590 1517 2624 aerarium
1535 2594 1713 2624 conventus
1731 2589 1870 2633 acceptis
