2111 3157
129 213 222 241 Aac
249 214 314 242 ¹084
360 207 423 241 540

318 275 379 308 per
410 266 518 299 omnia
542 272 574 300 et
604 267 637 300 in
662 265 813 300 omnibus
843 266 963 311 absque
989 267 1055 301 ulla

317 327 453 362 prorsus
479 319 684 363 exemptione
709 329 742 352 se
771 319 1030 355 accommodent.

361 381 449 405 tvni.
475 370 546 405 Non
570 372 719 405 obstante
744 372 831 417 quod
864 373 1054 407 adolescen-

318 429 365 457 tes
391 424 430 458 ad
454 425 628 459 seminaria
658 426 857 470 suscipiendi
889 426 1053 460 ordinarie

318 477 402 519 (nisi
428 478 621 512 excellentia
646 480 843 514 talentorum
868 485 899 513 et
917 479 1054 514 circurn-

316 530 451 563 stantiae
487 541 600 574 graves
632 533 832 566 contrarium
870 533 1052 577 suadeant)

317 582 385 616 eius
408 584 550 617 nationis
575 595 645 618 esse
671 585 819 626 debeant,
838 586 871 620 in
897 596 960 630 quo
980 587 1051 620 loco

315 636 552 679 suscipiuntur;
580 638 665 672 inter
688 639 917 674 adolescentes
942 646 1051 675 tamen

315 688 375 721 sub
399 689 513 723 studiis
537 692 784 734 transplantatio
810 693 918 736 quoad
949 692 1052 727 diver-

314 751 366 774 sas
391 742 536 776 nationes
563 744 609 777 sic
633 743 702 777 fieri
726 745 853 788 poterit,
879 751 926 787 ut,
953 745 1052 779 finitis

314 794 441 836 studiis,
466 796 506 829 ad
530 797 705 832 seminaria
728 798 761 830 in
792 798 885 831 terris
909 799 1051 842 propriis

314 854 529 882 revertantur.
560 849 773 893 Excipiuntur
804 861 933 895 quoque
957 852 1051 884 semi-

314 901 404 934 naria
429 902 561 936 fundata
578 905 614 936 ea
635 904 829 945 intentione,
852 910 888 937 ut
905 905 952 938 sie
973 905 1051 938 edu-

314 954 375 986 cati
390 954 429 987 ad
448 955 576 998 quasvis
590 956 701 989 mundi
719 962 828 1000 partes
848 958 898 991 vel
916 958 956 991 ad
980 958 1051 991 loca

314 1007 477 1042 haeretica
494 1010 678 1050 mittantur,
708 1020 780 1044 eum
807 1010 1049 1046 Ordinariorum

313 1070 480 1101 consensu,
507 1062 530 1094 si
554 1072 591 1095 ea
615 1062 649 1095 in
678 1063 870 1096 eorumdem
897 1063 1052 1097 dioecesi-

312 1112 372 1145 bus
388 1119 475 1154 sunt,
495 1115 544 1148 vel
563 1115 602 1148 ad
620 1116 683 1149 alia
707 1125 780 1149 cum
805 1121 938 1150 sanctae
959 1117 1051 1150 Sedis

315 1166 521 1209 Apostolicae
536 1167 680 1200 licentia:
699 1168 738 1201 ad
756 1167 837 1202 haec
850 1169 937 1202 enim
951 1169 1051 1204 diver·

313 1229 366 1251 sac
381 1219 521 1253 nationis
535 1220 666 1254 iuvenes
683 1220 838 1264 insignes,
858 1222 1052 1266 praesertim

317 1272 371 1315 qui
391 1272 448 1305 sub
470 1273 643 1317 disciplina
663 1274 758 1307 huius
777 1275 914 1310 instituti
928 1275 1005 1309 alibi
1020 1276 1051 1308 in

318 1325 499 1358 seminariis
514 1326 576 1360 iam
595 1327 753 1367 vixerunt,
768 1328 887 1371 suscipi
901 1333 1049 1371 possunt.

163 1388 214 1411 οι·
237 1391 308 1407 curam
362 1389 424 1412 ux.
444 1379 474 1412 Si
491 1380 699 1413 seminarium
713 1382 879 1425 amplioris
894 1382 1052 1415 dioecesis

116 1421 173 1463 {a
157 1419 256 1464 ”fimi
259 1420 293 1465 i·⁰·
315 1432 356 1464 sit
379 1443 396 1464 a
421 1433 538 1465 cctciis
564 1433 768 1467 dioecesibus
801 1435 896 1468 unius
922 1435 1050 1469 aichie-

118 1475 144 1488 ’Μ
130 1473 290 1520 .1'¹pra{'nJ'¹'¹
252 1499 300 1515 teu
313 1484 361 1527 pis
366 1493 497 1528 czopitus
515 1485 748 1528 independens,
767 1487 983 1531 principalem
1001 1499 1048 1522 cu

312 1548 380 1571 ram
407 1539 554 1571 ciusdem
579 1539 715 1573 habebit
751 1550 884 1583 praeses
918 1541 1049 1575 dioece—

311 1601 420 1624 sinus.
448 1592 479 1624 Si
504 1602 578 1625 veto
613 1603 672 1635 pio
709 1596 776 1626 tota
811 1594 1047 1629 archidioecesi

310 1644 480 1683 inserviat,
506 1645 538 1677 in
563 1656 627 1689 qua
652 1646 749 1679 etiarn
781 1648 888 1690 quoad
917 1649 1047 1682 domum

310 1698 520 1731 emeritorum
540 1703 571 1731 et
594 1699 679 1731 bona
712 1701 953 1735 communitatis
978 1713 1048 1734 mu-

310 1755 382 1783 tuus
407 1751 447 1783 sit
472 1762 557 1793 usus,
582 1763 714 1797 praeses
740 1754 1046 1791 arcliidioccesanus

310 1804 455 1837 eiusdem
480 1816 588 1838 curam
613 1806 757 1846 habebit,
784 1807 921 1850 sing-iilis
953 1809 1046 1841 annis

309 1857 360 1890 bis
385 1858 552 1898 visitando,
580 1859 822 1904 diligenterque
849 1872 936 1895 nnus
963 1862 1047 1905 poli-

311 1910 387 1943 tiam
413 1911 625 1945 domesticam
656 1918 717 1945 tam
754 1913 786 1945 iu
823 1914 1046 1957 spiritualibus

311 1973 405 2006 quam
430 1963 463 1996 in
501 1965 736 2007 temporalibus
773 1966 990 2010 inspiciendo,
1015 1974 1047 2001 et

310 2022 425 2049 cuncta
449 2017 487 2050 ad
519 2017 660 2050 debitam
693 2019 827 2052 l‘ormam
860 2021 1046 2055 reducendo

310 2075 363 2102 aut
386 2070 418 2102 in
445 2073 482 2103 ea
503 2071 744 2113 conservand03
769 2072 953 2106 mediorum
970 2084 1047 2117 quo-

115 1521 146 1542 di.

311 2133 373 2166 que
413 2125 640 2167 temporalium
683 2130 715 2157 et
750 2127 1068 2165 emolumentorum,

311 2175 560 2217 incrementum,
587 2177 750 2211 mediante
777 2189 960 2212 oeconomo
984 2180 1045 2213 sibi

311 2229 481 2267 adiuncto,
515 2230 674 2263 rationem
707 2231 852 2264 habebit.
885 2231 919 2264 In
952 2233 1046 2265 seini-

310 2281 408 2314 nariis
435 2283 576 2326 propriis
602 2283 778 2317 directores
807 2284 954 2328 aliosque
980 2296 1067 2326 ma-3

311 2333 428 2376 gistros
460 2340 521 2367 tam
553 2336 706 2368 virtutum
738 2348 833 2380 quam
865 2338 1067 2371 studiorum=

310 2386 484 2429 praeliciat,
506 2394 537 2420 et
561 2399 620 2431 pro
638 2389 684 2421 rei
707 2390 843 2423 utilitate
868 2395 922 2423 aut
940 2401 1047 2424 neces-

310 2440 404 2471 sitate
423 2441 593 2473 amovebit.
621 2442 655 2474 ln
680 2443 862 2476 seminariis
880 2454 956 2476 vero
978 2444 1046 2487 epi-

309 2494 509 2536 scopalibus,
535 2494 608 2526 huic
633 2495 781 2529 instituto
808 2496 846 2528 ab
863 2495 1044 2530 Ordinariis

309 2546 511 2586 concreditis,
538 2558 692 2590 personas
723 2560 856 2593 capaces
892 2561 1047 2583 reveren-

899 219 1080 244 BULLAmUM
1103 218 1185 244 nont
1191 220 1256 244 NUM

1837 224 1887 252 An.
1902 223 1932 252 C.
1953 225 2023 257 1684

1095 273 1132 300 ut
1155 267 1194 301 ab
1219 267 1333 302 iisdem
1358 268 1547 303 auctoritate
1582 270 1746 305 ordinaria
1781 282 1832 307 se-

1095 319 1239 354 minariis
1255 320 1498 365 praeficiantur.

1139 382 1188 407 Lx.
1216 373 1251 407 In
1284 374 1397 418 quovis
1423 375 1595 410 seminario
1631 376 1691 410 erit
1725 377 1759 410 1⁰
1783 377 1832 412 di-

1095 431 1225 467 rector,
1251 427 1316 460 sive
1350 438 1467 471 regens
1505 429 1604 462 totius
1638 430 1828 473 seminarii,

1096 477 1150 522 qui
1168 477 1352 522 prudentia,
1371 479 1539 527 gravitate,
1560 480 1707 514 doctrina
1722 486 1754 515 et
1769 483 1832 517 sol-

1095 530 1264 565 licitudine
1281 531 1446 567 charitatis
1470 532 1555 566 inter
1574 533 1656 567 alios
1676 534 1829 577 emineat;

1094 583 1127 617 2⁰
1160 589 1254 628 pater
1287 585 1465 629 spiritualis
1497 586 1622 629 pariter
1654 587 1774 631 pietate
1800 593 1831 622 et

1094 636 1241 672 doctrIna
1263 643 1295 671 et
1318 629 1441 672 ceteris*
1455 639 1665 683 qualitatibus
1683 640 1829 685 insignis,

1095 692 1149 734 qui
1175 692 1462 726 exercitationibus
1487 694 1654 727 consuetis
1687 696 1828 739 praesit;

1093 743 1127 777 3⁰
1151 744 1377 786 confessarius,
1403 745 1456 788 qui
1481 746 1538 779 toti
1564 746 1673 780 domui
1698 748 1830 786 ordina-

1092 797 1139 830 rie
1164 807 1182 830 a
1206 797 1466 833 confessionibus
1483 799 1616 840 assistat,
1635 810 1707 833 eum
1731 800 1830 835 sacul-

1094 855 1157 883 tate
1179 850 1356 885 confitendi
1374 852 1428 884 alii
1452 853 1504 886 vel
1529 852 1599 886 aliis
1624 854 1829 887 confessariis

1093 904 1359 937 extraordinariis
1382 914 1442 948 per
1459 905 1643 948 superiores
1668 906 1829 950 deputatis

1094 960 1126 988 et
1149 956 1336 999 approbatis
1368 957 1408 989 ab
1440 957 1641 999 Ordinariis;
1674 958 1708 991 4⁰
1733 968 1830 993 oeco-

1093 1018 1207 1041 nomus
1226 1008 1280 1051 qui
1305 1009 1531 1052 dependenter
1555 1021 1573 1043 a
1597 1011 1759 1045 directore
1778 1022 1829 1046 re-

1092 1071 1164 1094 rum
1189 1062 1413 1105 temporalium
1440 1073 1551 1096 curam
1577 1064 1707 1100 habeat.

1137 1124 1199 1148 in.
1226 1114 1452 1149 promotiones
1477 1116 1516 1149 ad
1542 1116 1690 1151 diversos
1710 1118 1829 1161 gradus

1093 1166 1126 1199 in
1151 1168 1316 1212 theologia
1340 1174 1372 1201 et
1406 1168 1477 1202 iure
1511 1179 1575 1203 non
1610 1169 1702 1214 prius
1735 1169 1826 1212 siant,

1094 1221 1198 1254 donec
1223 1227 1360 1262 constet,
1386 1222 1471 1265 quod
1489 1222 1597 1256 taliter
1613 1224 1829 1266 promovendi

1094 1275 1236 1317 perfecte
1262 1275 1350 1308 iuxta
1373 1285 1521 1308 normam
1557 1275 1653 1310 huius
1690 1276 1829 1310 instituti

1094 1327 1127 1359 in
1152 1327 1282 1370 pietate,
1308 1328 1510 1362 subiectione
1542 1339 1578 1362 ac
1603 1329 1730 1363 fervore
1765 1330 1830 1362 sint

1092 1379 1216 1420 victuri,
1236 1385 1267 1413 et
1285 1381 1417 1424 insuper
1437 1390 1573 1424 capaces
1598 1391 1659 1424 pro
1683 1383 1828 1424 gerendo

1093 1432 1147 1465 tali
1173 1433 1298 1473 officio,
1331 1434 1369 1467 ad
1395 1434 1482 1476 quod
1513 1434 1630 1477 gradus
1665 1434 1828 1468 eiusmodi

1091 1491 1162 1520 sunt
1185 1486 1373 1519 necessarii.

1134 1550 1209 1573 [ΧΠ.
1236 1540 1354 1574 Omnes
1371 1545 1402 1573 et
1418 1540 1546 1584 sinouli
1564 1541 1597 1573 in
1618 1540 1827 1584 quibuscum·
1878 1553 2019 1575 loramentum

1090 1604 1151 1636 que
1178 1593 1360 1626 seminariis
1387 1594 1527 1635 edueati,
1565 1593 1663 1627 sinitis
1698 1594 1824 1635 studiis,
1836 1581 2020 1629 ἶὲἶὲὼυῗηιιιῗιῖῗ

1090 1652 1242 1689 suscepto
1267 1647 1461 1686 sacerdotio,
1486 1647 1532 1679 uti
1559 1647 1606 1680 illi
1632 1647 1686 1690 qui
1703 1647 1737 1680 in
1761 1658 1826 1681 ma·
1837 1634 2003 1682 afflixix'iii'cimm‘

1089 1699 1213 1732 ioribus
1238 1699 1408 1733 oidinibus
1434 1700 1602 1732 constituti
1627 1700 1667 1733 ad
1695 1700 1786 1734 hoc'
1778 1711 1826 1734 in-

1089 1753 1234 1786 stitutum
1259 1752 1382 1785 suerint
1399 1752 1551 1796 suscepti,
1568 1753 1697 1796 praevia
1717 1754 1826 1788 debita

1090 1806 1317 1840 informatione
1341 1806 1374 1839 in
1408 1807 1505 1839 domo
1531 1807 1740 1841 emeritorum
1774 1809 1825 1842 vel

1089 1860 1166 1892 alibi
1191 1860 1280 1901 sacta,
1306 1859 1521 1892 iuramentum
1557 1860 1597 1892 ad
1631 1871 1746 1894 manus
1771 1871 1824 1894 su-

1088 1912 1254 1956 periorum
1279 1912 1374 1945 liuius
1398 1912 1537 1945 instituti
1558 1914 1787 1957 praestabunt:
1806 1925 1825 1948 a

1088 1977 1152 2009 quo
1177 1966 1358 1999 iuramento
1381 1966 1425 1998 sic
1451 1966 1618 2008 praestito,
1652 1977 1713 2010 per
1736 1968 1825 2011 quod

1088 2024 1219 2064 pactum
1257 2019 1341 2052 inter
1379 2020 1526 2053 membra
1559 2019 1655 2053 huius
1684 2020 1845 2070 instituti,

1087 2073 1235 2106 ultim-ato
1260 2072 1444 2112 roboratur,
1470 2083 1565 2106 nemo
1591 2083 1627 2106 ex
1652 2073 1844 2117 postfacto·

1088 2125 1149 2158 nisi
1175 2136 1192 2158 a
1223 2126 1293 2158 solo
1325 2125 1460 2158 Summo
1496 2124 1661 2159 Pontefice
1700 2126 1842 2160 absolvi'

1088 2184 1217 2222 potcst;
1233 2179 1283 2211 cui
1299 2178 1450 2222 desuper,
1466 2179 1598 2222 piaevio
1616 2185 1739 2213 maturo
1753 2189 1826 2213 cau-

1088 2244 1197 2265 satum
1216 2238 1247 2265 et
1266 2232 1579 2266 circumstantiarum
1595 2233 1751 2274 examine,
1772 2241 1824 2266 su-

1088 2296 1218 2329 premus
1245 2285 1341 2318 huius
1366 2285 1505 2318 instituti
1540 2296 1670 2329 piaeses
1694 2296 1755 2329 per
1787 2294 1824 2319 se

1088 2340 1136 2371 vel
1152 2340 1249 2372 alium
1264 2338 1405 2372 debitam
1420 2338 1612 2372 relationem
1628 2339 1734 2372 saciet.
1749 2339 1825 2372 For-

1087 2393 1173 2425 mula
1191 2398 1297 2425 autem
1317 2392 1487 2425 iuramenti
1506 2402 1647 2436 sequens
1665 2396 1733 2425 est:

1132 2455 1221 2478 anl.
1243 2458 1255 2475 α
1271 2445 1337 2488 Ego
1357 2445 1408 2485 N„
1426 2444 1510 2478 silius
1528 2445 1578 2484 N.,
1596 2444 1756 2478 dioecesis
1773 2444 1823 2486 N.,

1088 2499 1217 2541 plenam
1242 2498 1366 2531 liabens
1386 2497 1528 2531 instituti
1546 2497 1736 2531 clericorum
1754 2508 1826 2531 sae-

1088 2550 1244 2583 cularium
1269 2550 1301 2583 in
1327 2561 1496 2584 commune
1528 2550 1704 2584 viventium
1740 2550 1825 2589 noti-

309 2598 447 2633 dissimis
472 2600 610 2633 dominis
641 2602 819 2637 Ordinariis
852 2603 1043 2645 nominabit,
1066 2602 1068 2617 ³
1090 2603 1177 2644 tiam,
1205 2604 1330 2647 legibus
1356 2609 1387 2637 ct
1410 2604 1698 2638 constitutionibus
1723 2603 1823 2648 ipsius
