2111 3157
164 185 214 214 An.
233 186 261 215 c.
286 187 352 215 iaso
398 178 462 213 ⁶2:34

357 248 391 269 ac
417 238 511 269 ctiam
537 236 641 269 sexies
666 236 893 268 salutationem
915 234 1092 276 angelicam

357 301 428 322 cum
455 290 568 322 eodem
595 289 754 321 versiculo
781 287 894 320 Gloria
911 287 1016 325 Patri,
1032 297 1090 328 pro

356 342 608 375 christianorum
624 340 804 383 principum
818 339 1001 377 concordia,
1017 339 1091 371 hae-

355 405 460 427 resum
498 394 712 437 extirpatione
749 403 785 425 ac
817 397 945 424 sanctae
981 391 1091 423 matris

355 447 517 479 Ecclesiae
536 445 727 478 exaltatione
742 444 956 483 recitaverint,
969 448 1089 486 septem

355 510 457 531 annos
483 504 513 530 et
539 499 673 531 totidem
700 498 934 540 quadragenas.

399 562 453 584 vu.
480 552 609 583 Eisdem
627 550 842 582 confratribus
860 554 891 581 et
911 549 1087 584 sororibus,

355 603 408 646 qui
435 604 635 646 supradictas
661 603 813 635 ecclesias
846 603 895 634 vel
924 603 1088 645 cappellas

354 662 408 688 aut
432 657 571 689 oratoria
597 656 724 689 Ordinis
751 657 798 688 vel
820 654 1090 687 confraternitatis

355 709 538 741 huiusmodi
559 709 590 741 in
614 709 792 741 Nativitatis
817 714 849 740 et
872 708 1088 740 Resurrectio-

354 761 403 793 nis
428 762 555 793 Domini
581 762 683 793 nostri
709 762 778 793 Iesu
809 760 943 798 Christi,
969 760 1000 791 in
1034 761 1087 791 As-

354 813 548 855 sumptionis
573 814 686 845 Beatae
708 812 846 854 Virginis
864 812 1086 844 immaculatae

352 866 442 898 festis
478 866 613 904 diebus,
644 876 678 897 ac
715 865 745 897 S.
774 865 905 905 Agnetis
943 865 1086 896 secundo

354 919 431 961 (quo
458 919 509 951 die
546 919 741 951 revelatione
771 918 877 950 divina
902 918 1088 960 praedictus

353 970 437 1003 Ordo
462 972 695 1013 redemptionis
731 971 931 1013 captivorum
958 970 1017 1002 fuit
1041 971 1088 1002 in-

353 1023 497 1066 stitutus)
522 1023 732 1059 visitaverint,
759 1034 795 1055 ac
820 1022 1002 1065 praedictas
1020 1033 1088 1055 ora-

352 1076 457 1108 tiones
475 1086 533 1118 pro
547 1076 797 1109 christianorum
818 1075 1001 1118 principum
1020 1086 1089 1107 con·

352 1128 472 1167 cordia,
489 1130 660 1161 haeresum
679 1128 891 1170 extirpatione
908 1138 945 1159 ac
959 1133 1087 1160 sanctae

351 1182 462 1214 matris
486 1182 646 1214 Ecclesiae
662 1181 855 1214 exaltatione
873 1180 1087 1219 recitaverint,

352 1240 478 1277 septem
504 1244 606 1266 annos
636 1238 667 1266 et
693 1233 826 1265 totidem
853 1233 1085 1275 quadragenas.

394 1297 464 1320 vni.
491 1287 619 1319 Eisdem
633 1285 849 1317 confratribus
867 1290 898 1316 et
912 1284 1086 1323 sororibus,

353 1339 406 1382 qni
432 1350 505 1371 vere
531 1338 735 1381 poenitentes
757 1342 788 1369 et
805 1336 945 1369 confessi
963 1347 1089 1379 proces·

352 1391 433 1424 sioni
458 1391 647 1434 Scapularz'i
672 1394 875 1432 nuncupatae
901 1389 939 1421 de
959 1389 1087 1421 licentia

352 1444 512 1477 Ordinarii
554 1443 586 1475 in
621 1444 685 1474 una
725 1441 885 1474 dominica
916 1441 1090 1474 cuiuslibet

350 1497 472 1529 mensis
499 1507 515 1528 a
540 1496 763 1539 superioribus
790 1495 867 1527 dicti
887 1494 1013 1527 Ordinis
1034 1496 1088 1527 de-

352 1550 510 1591 signanda
535 1548 751 1588 interfuerint,
773 1553 897 1590 septem
923 1558 1025 1580 annos
1058 1554 1089 1580 et

353 1602 487 1634 totidem
514 1602 750 1644 quadragenas.

396 1666 437 1688 lx.
465 1655 592 1687 Eisdem
615 1654 829 1686 confratribus
855 1657 885 1685 et
909 1653 1087 1692 sororibus,

352 1707 406 1750 qui
432 1718 529 1750 opera
549 1708 602 1750 pia
619 1712 682 1739 tam
705 1706 885 1749 spiritualia
900 1716 995 1748 quam
1017 1711 1089 1737 tem-

351 1760 474 1803 poralia
500 1760 532 1792 in
550 1760 770 1792 remissionem
792 1763 1000 1801 peccatorum
1018 1768 1090 1790 suo-

350 1824 429 1851 rum,
457 1824 492 1845 ac
517 1823 575 1855 pro
602 1812 828 1854 redemptione
847 1811 1047 1853 captivorum
1072 1822 1087 1842 a

352 1866 507 1898 servitute
522 1866 693 1897 Turcarum
709 1870 740 1897 et
757 1865 893 1896 aliorum
909 1863 1086 1895 infidelium

351 1918 576 1957 exercuerint,
611 1922 734 1960 septem
769 1927 872 1949 annos
897 1921 929 1948 et
953 1916 1087 1948 totidem

352 1971 587 2013 quadragenas.

394 2035 422 2056 x.
450 2023 578 2055 Eisdem
611 2023 827 2055 confratribus
851 2028 881 2055 et
906 2023 1086 2062 sororibus,

351 2076 403 2119 qui
423 2087 496 2108 vere
518 2076 721 2118 poenitentes
741 2081 770 2107 et
788 2076 927 2108 confessi
947 2087 982 2108 ac
999 2079 1088 2109 sacra

351 2129 579 2161 communnione
602 2129 713 2161 refecti
732 2129 875 2170 quotidie
890 2139 950 2171 per
970 2139 1086 2160 annum

350 2187 400 2213 ter
425 2182 602 2214 orationem
630 2181 823 2213 dominicam
845 2187 877 2212 et
894 2181 987 2213 toties
1004 2182 1088 2213 salu-

352 2235 505 2266 tationem
538 2234 740 2275 angelicam,
773 2238 803 2265 et
839 2233 871 2265 in
898 2233 960 2265 fine
987 2236 1085 2266 semel

351 2288 544 2319 versiculum
574 2287 687 2319 Gloria
704 2287 809 2325 Patri,
829 2297 899 2318 cum
917 2286 1086 2318 versiculis

351 2345 382 2371 et
406 2339 620 2381 responsoriis
655 2345 685 2371 et
711 2339 914 2371 orationibus
952 2349 968 2369 a
994 2349 1087 2380 prae-

351 2391 442 2423 dictis
475 2391 698 2433 superioribus
731 2391 902 2433 assignatis
930 2390 1086 2423 recitave-

350 2444 414 2476 rint
434 2449 464 2476 et
481 2454 538 2485 pro
554 2443 687 2484 captivis
706 2444 790 2486 apud
807 2443 923 2475 Turcas
940 2444 1083 2480 retentis,

350 2507 390 2529 ne
427 2507 547 2528 nomen
573 2496 699 2528 Domini
733 2496 837 2529 nostri
870 2497 940 2529 Iesu
965 2496 1082 2529 Christi

349 2550 520 2592 abnegent,
545 2549 601 2582 sed
630 2554 813 2581 constantes
839 2549 871 2581 in
897 2548 959 2582 fide
984 2549 1083 2591 persi-

940 185 1119 209 nt'Ltivtntt'ttt
1145 185 1208 209 ROM
1216 185 1295 210 txt'ttt

1135 238 1229 273 stant,
1256 238 1287 266 et
1311 232 1527 276 quantocitius
1544 233 1736 270 liberentur,
1757 242 1866 265 orave·

1133 285 1215 325 rint,
1242 287 1341 318 semel
1366 285 1550 328 quotannis,
1569 291 1600 317 et
1625 295 1687 327 quo
1712 285 1787 317 anni
1813 285 1863 318 die

1132 339 1313 377 maluerint,
1340 344 1461 381 septem
1487 348 1600 370 annos

1175 401 1216 423 xi.
1244 391 1371 423 Eisdem
1391 389 1607 423 confratribus
1633 395 1664 422 et
1686 391 1863 431 sororibus,

1133 443 1198 486 qui,
1223 443 1360 475 confessi
1386 445 1434 476 vel
1459 445 1571 475 saltem
1596 442 1721 475 firmum
1747 454 1865 487 propo-

1133 496 1225 528 situm
1252 496 1426 529 confitendi
1453 496 1622 535 habentes,
1649 496 1791 538 captivos
1817 507 1865 529 re-

1133 549 1282 591 demptos
1307 548 1591 591 processionaliter
1615 549 1807 591 receperint,
1833 554 1865 582 et

1133 601 1169 632 ad
1197 601 1385 642 ecelesiam,
1411 601 1590 643 cappellam
1615 601 1663 632 vel
1688 601 1864 634 oratorium

1133 653 1206 685 dicti
1233 653 1361 685 Ordinis
1396 655 1446 686 vel
1471 653 1745 686 confraternitatis
1769 654 1866 686 corni-

1133 706 1187 738 tati
1216 706 1349 745 fuerint,
1376 713 1498 749 septem
1525 716 1627 738 annos
1664 711 1694 738 et
1729 707 1864 739 totidem

1132 758 1367 800 quadragenas.

1174 821 1227 844 ΧΗ.
1251 811 1378 843 Eisdem
1405 811 1621 843 confratribus
1638 816 1669 843 et
1686 811 1863 853 sororibus,

1131 863 1183 905 qui
1210 875 1282 896 cum
1308 864 1439 902 lumine,
1463 864 1488 895 si
1514 864 1696 906 potuerint,
1722 865 1769 897 vel
1793 865 1866 897 abs-

1131 926 1193 958 que
1219 915 1340 948 lumine
1375 916 1612 948 sanctissimum
1643 917 1865 950 Eucharistiae

1131 974 1366 1000 sacramentum
1391 979 1461 1000 cum
1487 969 1526 1000 ad
1551 968 1697 1001 infirmos
1723 969 1866 1002 defertur

1131 1021 1272 1053 comitati
1304 1021 1424 1053 fuerint
1456 1027 1488 1053 et
1519 1032 1577 1064 pro
1611 1021 1661 1054 his
1691 1022 1864 1063 oraverint,

1131 1073 1273 1116 quinque
1298 1084 1400 1106 annos
1426 1079 1457 1106 et
1478 1074 1610 1106 totidem
1628 1075 1863 1117 quadragenas.

1174 1137 1241 1159 xui.
1264 1127 1389 1159 Eisdem
1410 1127 1626 1159 confratribus
1644 1132 1675 1159 et
1691 1128 1865 1168 sororibus,

1132 1179 1257 1220 quoties
1282 1179 1507 1211 defunctorum
1540 1189 1678 1222 corpora
1704 1185 1766 1212 tam
1791 1191 1866 1213 con-

1133 1231 1264 1263 fratrum
1292 1236 1321 1263 et
1339 1241 1488 1263 sororum
1507 1242 1602 1273 quam
1624 1232 1773 1270 aliorum,
1791 1233 1866 1276 dum

1132 1284 1169 1315 ad
1194 1285 1391 1326 sepulturam
1420 1284 1618 1323 deferuntur,
1633 1284 1773 1317 comitati
1801 1285 1867 1318 fue-

1132 1336 1193 1367 rint
1220 1341 1250 1367 et
1275 1346 1334 1378 pro
1361 1336 1410 1368 his
1435 1336 1604 1375 oraverint,
1630 1342 1758 1369 centum
1784 1337 1863 1370 dies.

1173 1399 1235 1421 xw.
1263 1389 1390 1421 Eisdem
1408 1389 1622 1420 confratrilnis
1637 1394 1669 1421 et
1689 1390 1865 1429 sororibus,

1131 1442 1184 1484 qui
1212 1442 1317 1473 missis
1342 1447 1374 1474 et
1394 1442 1465 1474 aliis
1492 1441 1607 1473 divinis
1634 1441 1748 1474 officiis
1765 1442 1797 1474 in
1819 1453 1867 1475 ec-

1131 1495 1237 1527 clesiis
1262 1496 1311 1527 vel
1338 1495 1495 1537 cappellis
1520 1499 1574 1526 aut
1598 1495 1748 1527 oratoriis
1772 1505 1866 1538 prae·

1131 1547 1234 1578 dictae
1260 1547 1536 1578 confraternitatis
1560 1546 1719 1579 celebrari
1745 1548 1866 1587 solitis,

1131 1600 1178 1631 vel
1205 1599 1511 1641 congregationibus
1548 1600 1686 1641 publicis
1716 1605 1770 1632 aut
1794 1600 1863 1642 pri-

1131 1651 1210 1684 vatis
1237 1652 1379 1684 eiusdem
1404 1651 1620 1691 interfuerint,
1640 1653 1687 1684 vel
1705 1662 1866 1694 pauperes

1132 1704 1274 1745 hospitio
1305 1703 1524 1746 susceperint,
1552 1709 1605 1736 aut
1640 1704 1866 1747 quodcumque

1132 1757 1216 1789 aliud
1243 1757 1372 1800 pietatis
1397 1758 1447 1789 vel
1474 1757 1640 1789 charitatis
1669 1768 1751 1800 opus
1775 1767 1867 1790 exer-

1130 1811 1266 1849 cuerint,
1283 1810 1375 1842 toties
1393 1820 1452 1853 pro
1467 1810 1610 1852 quolibet
1626 1810 1866 1853 praedictorum

1130 1874 1266 1906 operum
1292 1868 1418 1894 centum
1445 1862 1523 1894 dics.

1175 1927 1222 1948 xv.
1238 1916 1444 1959 Supradictae
1456 1915 1675 1957 indulgentiae
1691 1927 1866 1949 concessae

1132 1970 1259 2002 fuerunt
1279 1980 1295 2001 a
1321 1970 1425 2002 felicis
1451 1969 1686 2001 recordationis
1711 1969 1808 2002 Paulo
1833 1970 1866 2010 V,

1131 2033 1215 2054 anno
1242 2031 1376 2060 mecvm,
1404 2021 1453 2053 die
1471 2032 1500 2054 vi
1526 2021 1663 2062 augusti,
1686 2032 1745 2063 per
1765 2022 1866 2054 Breve

1131 2076 1216 2118 quod
1244 2075 1356 2118 incipit
1383 2074 1536 2107 Caetestrs
1560 2074 1720 2106 Ecclesiae
1740 2074 1868 2106 thesau-

1130 2138 1191 2159 ros.
1213 2128 1299 2160 Idem
1325 2127 1467 2159 Pontifex
1494 2137 1578 2158 anno
1604 2136 1739 2165 MDCVNJ,
1767 2127 1818 2158 die
1836 2136 1867 2159 vi

1108 2200 1109 2211 2
1131 2180 1325 2217 novembris,
1345 2190 1401 2222 per
1419 2180 1517 2211 Breve
1539 2179 1625 2221 quod
1651 2178 1764 2221 incipit
1787 2179 1867 2212 Pt'as

1107 2254 1109 2258 .
1130 2232 1390 2273 cliris-tifidelium
1416 2232 1704 2277 confraternitates,
1731 2241 1868 2273 sequen-

1132 2291 1193 2317 tem
1221 2285 1457 2326 indulgentiam
1483 2284 1662 2327 plenariam
1687 2284 1864 2316 concessit:

1172 2348 1235 2369 xvi,
1262 2337 1486 2369 tlonfratribus
1521 2342 1552 2368 et
1586 2336 1754 2368 sororibus
1789 2346 1867 2369 con-

1131 2390 1339 2421 fraternitatis
1366 2389 1416 2421 SS.
1446 2388 1608 2420 Trinitatis
1637 2393 1668 2420 et
1695 2387 1725 2420 S.
1749 2388 1865 2421 Mariae

1129 2443 1167 2474 de
1193 2442 1348 2474 Remedio
1381 2442 1412 2474 in
1439 2441 1586 2474 ecclesiis
1620 2441 1696 2473 dicti
1722 2440 1862 2481 Ordinis,

1128 2496 1182 2537 qui
1209 2506 1280 2527 vere
1306 2495 1512 2537 poenitentes
1537 2499 1569 2526 et
1593 2493 1732 2526 confessi
1758 2503 1793 2525 ac
1817 2503 1866 2525 sa-

1126 2551 1178 2580 cra
1203 2547 1431 2580 communione
1461 2545 1573 2579 refecti
1602 2546 1806 2589 processioni
1832 2546 1865 2580 in

1877 183 1924 210 An.
1941 182 1970 210 C.
1992 182 2058 211 ¹680

1894 2341 1938 2362 Atia
1950 2341 2058 2367 indulgen-

1876 2368 1904 2389 tia
1920 2368 2022 2394 plenaria.
