2111 3157
49 210 98 237 An.
119 210 148 237 C.
167 209 235 237 1633

818 212 1029 238 INNOCENTlUS
1054 215 1082 238 x1
1109 215 1156 238 PP-

243 257 403 300 mediate,
419 268 522 303 usque
543 259 738 294 ad.totalen1
762 261 975 301 solutionem,

242 310 394 344 Gamerae
412 312 596 355 praedictae
614 320 645 346 et
664 313 752 346 illius
777 313 974 356 depositario

241 364 385 406 generali
410 365 449 398 ad
473 365 507 398 id
531 366 760 399 constituendo
776 366 906 400 omnino
924 377 974 399 vo-

240 417 344 450 lumus
369 417 577 460 persolvisse.
604 418 899 451 Subcollectoribus
919 430 974 451 au-

240 473 304 501 tem
322 469 520 503 deeimarum
537 470 721 504 huiusmodi
747 475 835 504 extra
854 471 972 504 Urbem

239 527 384 556 nostram
407 528 442 555 ut
466 523 550 557 infra
575 523 790 566 deputandis,
820 534 861 556 ne
886 525 971 556 ultra

239 580 344 609 taxam
358 577 572 620 competentis
589 576 712 617 salarii,
733 576 767 609 in
785 587 899 609 eorum
918 577 971 610 de-

236 628 440 672 putationum
464 629 580 662 litteris
598 629 783 672 patentibus
799 629 971 672 designan-

237 681 320 722 dam,
341 681 438 715 etiam
462 687 574 725 petere
597 683 647 715 vel
671 682 885 725 praetendere
917 687 970 714 aut

235 733 407 777 percipere
427 734 574 775 audeant,
590 734 777 777 specialiter
790 739 822 767 et
839 744 969 777 expres-

235 796 278 826 se,
293 796 328 818 ac
341 786 400 820 sub
416 787 530 830 poenis
543 787 575 820 in
590 787 870 821 contravenientes
884 787 969 819 arbi—

235 838 296 872 trio
314 839 459 873 eiusdem
478 845 606 873 sanctae
624 839 787 873 Romanae
804 840 966 873 Ecclesiae

233 891 401 924 camerarii
419 891 615 935 infligendis,
631 892 862 935 prohibemus:
885 893 968 925 eius-

234 944 307 977 dem
331 954 408 978 vero
433 945 622 988 depositarii
639 954 755 978 munus
773 945 834 978 erit
850 946 965 979 sedulo

233 1006 356 1038 curare,
372 1002 415 1037 ut,
433 997 591 1041 quidquid
616 998 826 1041 pecuniarum
851 1008 888 1030 ex
914 998 966 1031 de-

233 1049 323 1083 cimis
347 1050 530 1093 colligetur,
557 1050 588 1084 id
614 1050 800 1094 diligenter,
826 1050 966 1083 fideliter

232 1107 429 1143 asservetur,
451 1103 491 1136 de
516 1104 668 1137 mandato
692 1108 805 1136 nostro
832 1103 964 1146 speciali

232 1155 265 1191 in
287 1156 451 1198 praefatos
475 1166 552 1189 usus
579 1157 759 1196 dumtaxat,
781 1166 840 1189 nec
865 1156 962 1195 alios,

233 1208 440 1250 erogandum.
461 1207 658 1252 Quicumque
679 1219 754 1242 vero
774 1208 855 1242 adeo
873 1208 964 1242 indu-

232 1266 302 1294 rato
327 1261 424 1297 eorde
449 1266 481 1294 et
504 1261 629 1294 ratione
656 1272 768 1295 carens
799 1262 962 1301 extiterit,

232 1314 316 1356 quod
334 1323 401 1347 non
417 1314 456 1346 sit
480 1314 581 1347 sactus
606 1314 712 1347 alieno
729 1314 874 1357 periculo
891 1325 964 1346 cau-

232 1373 301 1405 tus,
328 1371 361 1399 et
386 1368 471 1401 tanta
495 1366 628 1400 avaritia
652 1367 776 1407 arserit,
804 1372 849 1406 ut,
875 1367 962 1409 quod

230 1419 329 1461 gratis
361 1419 400 1451 ab
432 1419 574 1452 Ecclesia
604 1419 963 1463 accepit,«>pa1·tieulain

229 1471 350 1514 accepti
362 1472 505 1505 eiusdem
520 1472 714 1515 periclitanti
726 1473 862 1506 reddere
874 1482 963 1505 reeu-
982 1494 985 1516 ;

229 1524 361 1564 saverit,
380 1524 520 1557 decimas
540 1525 724 1558 huiusmodi
743 1526 832 1558 nullo
855 1526 961 1564 mtdo,

228 1577 276 1610 vel
291 1575 366 1610 non'
383 1576 518 1621 integre,
534 1578 687 1617 scienter,
703 1584 835 1611 autnon
850 1588 964 1610 secun-

229 1630 305 1663 dum
329 1640 441 1663 verum
463 1640 602 1664 annuum
623 1632 765 1664 valorem
791 1631 961 1670 fructuum,

229 1683 426 1723 reddituum,
451 1688 678 1727 proventuum,
696 1683 825 1723 iurium,
845 1684 963 1716 obven-

229 1736 353 1768 tionum
377 1741 409 1768 et
433 1737 742 1775 emolumentorum,
765 1737 812 1768 vel
833 1745 964 1768 coneor-

229 1788 313 1821 diam
339 1798 410 1821 cum
427 1788 508 1822 Sede
527 1794 559 1821 et
582 1788 714 1821 Camera
738 1788 912 1831 praedictis
931 1794 964 1820 ut

228 1842 409 1884 praefertur
433 1841 606 1875 ineundam
623 1868 630 1881 ‚
661 1842 726 1874 sive
759 1841 790 1874 in
817 1841 961 1874 terminis
982 1876 983 1892 χ

1016 262 1194 295 censuariis
1219 266 1251 294 et
1274 261 1456 294 affictuariis
1488 261 1722 305 proprietatum
1739 289 1746 302 ,

1016 315 1185 354 fructuum,
1201 325 1308 347 rerum
1322 320 1353 347 et
1367 314 1482 347 iurium
1497 315 1745 357 praedictorum,

1015 367 1110 399 etiam
1136 367 1320 400 huiusmodi
1353 367 1565 409 pensionibus
1598 373 1747 401 onerato-

1014 430 1092 459 rum,
1111 425 1145 452 ut
1162 424 1356 453 memoratas
1379 420 1518 453 decimas
1542 420 1673 454 nomine
1691 421 1746 454 do-

1013 472 1176 504 minorum
1201 483 1236 505 ac
1253 472 1536 516 pensionariorum
1557 473 1595 506 ad
1614 484 1745 516 compu-

1013 529 1078 556 tum
1103 535 1176 557 suae
1202 524 1358 568 cuiusque
1383 525 1570 565 locationis,
1596 526 1744 559 omnibns

1011 586 1086 610 vero
1110 578 1356 620 possessoribus
1378 583 1408 610 et
1433 578 1687 618 ususructuariis,
1713 584 1745 612 et

1011 630 1081 662 aliis
1099 630 1274 672 pensiones
1295 640 1350 662 seu
1369 631 1489 663 fructus
1508 631 1634 673 aliaque
1656 641 1745 673 prae-

1011 682 1095 715 dicta
1120 684 1246 715 solvere
1273 683 1476 722 debentibus,
1496 688 1528 714 ut
1556 683 1614 726 ipsi
1647 684 1742 717 etiam

1010 734 1152 767 decimas
1182 735 1376 777 pensionum
1402 735 1585 768 huiusmodi
1611 737 1742 769 nominc

1008 786 1291 829 pensionariorum
1316 786 1465 820 Gamerae
1492 793 1524 820 et
1546 788 1743 831 depositario

1008 839 1182 882 praedietis
1209 839 1334 882 integre
1360 841 1558 883 persolvant.

1052 892 1066 935 g
1090 892 1120 925 6.
1149 891 1366 925 Decernentes
1393 893 1533 925 decimas
1559 893 1715 926 fruetuum
1732 920 1739 934 ‚

1008 944 1211 983 reddituum,
1236 950 1448 987 proventuum
1474 950 1504 977 et
1530 945 1665 978 aliorum
1697 938 1765 979 iwfi

1008 997 1092 1030 rium
1110 997 1350 1041 praedictorum
1375 999 1551 1031 secundum
1568 1009 1675 1031 verum
1693 1010 1743 1032 va-

1007 1051 1109 1083 lorem
1144 1061 1309 1090 annuum,
1336 1051 1415 1084 alias
1449 1062 1524 1084 vero
1545 1051 1742 1094 pensionum

1007 1103 1148 1136 decimas
1187 1103 1226 1135 ad
1270 1104 1416 1136 eamdem
1454 1103 1610 1136 rationem
1644 1104 1741 1136 trium

1006 1154 1203 1187 decimarum
1232 1155 1368 1188 durante
1398 1156 1483 1188 dicto
1516 1156 1740 1199 quinquennio

1004 1207 1165 1250 praestari
1183 1208 1311 1247 debere,
1327 1213 1358 1240 ct
1375 1209 1550 1242 secundum
1566 1219 1634 1241 eam
1653 1220 1741 1252 prae-

1006 1260 1107 1292 dictos
1121 1270 1233 1293 omnes
1251 1260 1283 1294 in
1300 1260 1437 1293 solidum
1452 1261 1522 1304 cogi
1536 1272 1642 1304 posse,
1661 1261 1740 1304 ipsa-

1005 1322 1141 1355 rumque
1178 1313 1375 1347 decimarum
1400 1320 1646 1356 procuratores,
1674 1314 1738 1347 sire

1005 1371 1181 1406 exactores,
1196 1377 1213 1398 a
1231 1366 1429 1409 quibuslibet
1446 1367 1569 1410 integre
1590 1367 1738 1410 exigendi

1005 1418 1170 1461 optionem
1195 1419 1443 1462 facultatemque
1459 1420 1592 1459 habere,
1613 1430 1740 1452 omnes-

1005 1482 1066 1512 que
1091 1476 1122 1504 et
1147 1471 1291 1514 singulos
1317 1472 1561 1515 pensionarios,
1591 1483 1741 1515 quacum-

1004 1535 1066 1567 que
1084 1524 1281 1563 auctorssate,
1300 1524 1464 1566 dignitate,
1481 1524 1739 1567 praeeminentia

1004 1578 1232 1621 praefulgeant
1260 1577 1498 1620 (cardinalibus
1524 1588 1559 1609 ac
1584 1577 1739 1610 militibus

1004 1631 1106 1664 sancti
1125 1631 1251 1664 Ioannis
1276 1630 1560 1673 Ilierosolymitani
1586 1630 1738 1672 praefatis

1005 1684 1046 1716 ob
1071 1694 1182 1716 causas
1215 1694 1314 1726 supra
1347 1694 1514 1726 expressas
1540 1688 1660 1715 tantum
1687 1693 1739 1715 ex-

1004 1736 1127 1779 ceptis)
1153 1736 1190 1768 ad
1217 1736 1355 1778 ipsarum
1382 1736 1580 1768 decimarum
1606 1735 1738 1767 solutio-

1004 1799 1089 1828 nem,
1112 1798 1169 1831 pro
1197 1790 1264 1820 rata
1289 1788 1460 1820 cuiuslibet
1484 1787 1668 1831 pensionis,
1695 1792 1739 1819 te-

1004 1842 1073 1874 neri
1091 1847 1122 1874 et
1145 1841 1303 1884 obligatos
1330 1851 1415 1880 csse,
1435 1851 1539 1883 neque
1564 1841 1663 1872 ullum
1690 1840 1737 1871 ius

1642 203 1699 236 fill
1750 191 1799 241 Aa*
1822 213 1849 240 C.
1875 213 1939 241 1683

1793 906 1866 926 Mutine
1895 913 1917 925 ex

1768 933 1814 952 vimi
1830 939 1935 958 praescii<

1769 961 1817 980 nur.

228 1894 463 1927 constituendis
488 1903 552 1927 non
577 1894 777 1933 exhibuerit,
795 1903 851 1926 seu
873 1893 905 1926 in
925 1894 963 1926 il-
1004 1900 1035 1927 et
1059 1895 1227 1933 actionem,
1247 1894 1342 1926 etiam
1368 1893 1400 1924 in
1421 1893 1482 1925 vim
1506 1892 1736 1934 cuiuscumque

229 1948 335 1980 lorum
360 1947 560 1980 exhibitione
586 1947 740 1979 malitiam
765 1946 982 1987 commiserit
1003 1948 1085 1990 pacti
1119 1953 1150 1980 et
1185 1945 1411 1979 conventionis
1428 1972 1435 1984 ‚
1462 1944 1668 1987 quantumvis
1699 1954 1735 1976 ex

227 2000 276 2032 vel
297 1999 452 2039 fraudem,
472 1999 498 2032 si
517 2000 723 2033 ecclesiarum
744 1999 878 2032 antistes
897 1999 962 2031 suc·
981 1988 984 2050 1
1003 2002 1095 2033 eausa
1116 2001 1262 2039 onerosa,
1281 1999 1330 2030 vel
1349 1997 1540 2036 donationis,
1556 1996 1736 2037 iuramenti,

229 2053 278 2092 rit,
293 2051 521 2095 suspendimus
537 2062 554 2084 a
567 2052 703 2092 divinis;
723 2051 863 2095 capitula
877 2062 960 2092 vero,
981 2054 983 2082 Ὗ
1003 2051 1212 2095 obligationis
1230 2050 1408 2089 cameralis,
1428 2049 1591 2091 augmenti
1607 2049 1738 2092 pensio-

228 2110 413 2145 conventus,
438 2104 718 2147 congregationes¹
737 2104 910 2138 societates
931 2110 962 2137 et
981 2092 984 2124 Ι
1003 2116 1099 2145 num,
1126 2110 1157 2138 et
1190 2103 1329 2137 cuiusvis
1366 2102 1497 2135 alterius
1532 2101 1736 2145 quantumvis

228 2157 366 2201 collegia
390 2158 612 2191 ecclesiastico
645 2157 819 2191 interdicto
844 2168 962 2201 suppo-

228 2212 348 2252 nimus;
371 2221 407 2244 ac
431 2210 612 2254 singulares
628 2221 795 2254 personas),
819 2211 959 2244 antistite

229 2264 408 2304 inferiores,
434 2264 776 2299 excommunicationis
801 2266 962 2298 sententia

229 2317 427 2358 innodamus,
446 2328 483 2351 ac
504 2317 538 2351 in
562 2320 668 2362 poena
691 2318 879 2361 privationis
897 2324 961 2352 tam

229 2369 459 2404 beneficiorum
485 2382 582 2414 quam
606 2371 798 2414 pensionum
822 2371 893 2414 ipso
918 2372 961 2404 sa-

228 2422 278 2454 cto
305 2423 478 2456 incurrisse
508 2424 722 2457 declaramus.
748 2423 895 2457 Ceterum
923 2425 961 2457 ad

228 2475 413 2518 praedictas
435 2476 578 2509 decimas
601 2476 846 2520 consequendas
871 2487 961 2520 prae-

1002 2158 1237 2201 inexcogitatae
1251 2157 1395 2189 cautelae
1412 2160 1443 2188 et
1456 2155 1625 2198 pactionis,
1640 2154 1736 2188 etiam

1002 2223 1019 2244 a
1039 2212 1121 2245 Sede
1147 2210 1341 2254 Apostolica,
1362 2209 1392 2241 in
1411 2218 1530 2251 genere
1548 2209 1597 2241 vel
1614 2207 1646 2240 in
1664 2218 1737 2250 spe-

1002 2265 1058 2304 cie,
1080 2269 1177 2308 atque
1202 2262 1444 2296 individualiter
1461 2272 1532 2294 cum
1557 2261 1685 2294 illarum
1706 2266 1738 2293 et

1003 2318 1132 2351 illorum
1157 2317 1283 2349 inserto
1301 2321 1414 2348 tenore
1434 2313 1687 2358 approbato-rum
1706 2317 1738 2345 et

1003 2370 1275 2408 confirmatorum,
1294 2379 1329 2401 ac
1347 2368 1456 2400 [brsan
1475 2366 1619 2410 praefato
1644 2365 1737 2409 quin·

1003 2423 1146 2467 quennio
1162 2423 1298 2455 durante
1315 2419 1602 2464 approbandorum
1620 2423 1652 2451 et
1665 2428 1737 2450 con-

1003 2477 1247 2515 firmandorum,
1261 2474 1382 2516 aliquid
1395 2472 1570 2516 aliquando
1585 2471 1623 2504 ab
1638 2471 1688 2503 his
1703 2470 1737 2503 ti-

227 2528 365 2571 cipimus
391 2528 485 2562 etiam
510 2530 659 2564 omnihus
690 2530 960 2572 conductoribus,
1005 2530 1160 2563 talaribus
1174 2527 1342 2571 repetendi
1360 2530 1557 2569 competere;
1574 2524 1631 2557 sed
1650 2523 1737 2567 ipsos

264 2591 274 2616 1
295 2589 391 2617 Vocem
412 2599 469 2617 non
491 2599 539 2619 nos
558 2591 681 2619 addimus
699 2592 741 2627 (a.
758 2591 808 2626 τι).

1004 2581 1229 2627 pensionarios
1254 2580 1292 2615 ad
1318 2579 1513 2614 decimarum
1551 2575 1735 2610 huiusmodi
