2111 3157
5 238 56 264 An.
72 238 102 264 c.
124 227 188 264 uss

18 1715 136 1740 clau-iuteo.

779 241 989 264 INNOCENTNS
1013 243 1041 265 XI
1068 243 1116 265 PP-

191 285 286 327 rium,
306 298 360 320 seu
380 288 601 332 philosophia,
618 295 673 322 aut
690 289 848 322 medicina
871 290 925 321 hu-

191 339 328 373 iusmodi
346 341 378 373 in
396 342 656 375 universitatibus
678 343 857 375 studiorum
876 353 925 385 ge·

191 393 352 426 neralium
378 396 530 437 promoti,
556 395 594 428 de
620 395 688 428 iure
713 397 761 428 vel
787 406 923 428 consue-

191 445 304 479 tudine
333 447 428 479 etiam
454 454 597 487 utuntur,
620 448 780 487 fruuntur,
798 448 924 490 potiun-

192 504 243 530 tur
267 505 299 531 et
322 499 481 542 gaudent,
510 511 545 532 ac
568 501 636 539 uti,
664 500 744 539 frui,
771 499 867 543 potiri
894 505 924 531 et

191 552 332 595 gaudere
357 558 508 595 poterunt
531 553 564 585 in
590 553 739 591 futurum,
759 552 853 585 etiam
874 563 925 594 pa-

191 604 368 637 risormiter
400 610 432 636 et
463 615 565 648 aeque
601 604 826 648 principaliter
853 604 923 646 uti,

191 656 260 697 frui,
282 657 379 699 potiri
405 663 436 689 et
460 658 599 699 gaudere
624 657 774 699 possint,
807 666 922 688 conce-

191 708 285 748 dere;
305 709 454 752 quodque
470 710 607 748 demum,
623 719 682 752 pro
697 708 817 741 salubri
836 708 922 741 illius

190 762 320 805 collegii
345 762 502 804 regimine
531 767 562 794 et
586 761 864 794 administratione
885 761 922 793 il-

190 815 262 856 lius,
287 815 435 848 doctores
460 815 592 857 praefati
618 825 838 857 quaecumque
859 820 922 846 sta-

191 872 270 908 tuta,
297 867 519 900 ordinationes
545 874 577 900 et
601 868 740 907 decreta,
765 867 851 899 licita
877 873 922 899 ta-

189 932 262 954 men
283 927 314 955 et
331 922 477 961 honesta,
497 922 658 965 sacrisque
683 921 873 960 canonibus,
892 927 923 953 et

190 974 334 1007 eiusdem
359 974 490 1008 Concilii
517 974 694 1008 Tridentini
719 975 866 1013 decretis
887 985 922 1006 ae

189 1027 478 1060 constitutionibus
515 1028 702 1070 apostolicis
729 1038 794 1059 non
827 1037 922 1070 repn-

189 1080 328 1122 gnantia,
347 1080 448 1113 facere
464 1086 496 1113 et
510 1081 618 1120 edere,
633 1080 754 1123 illaque
771 1091 830 1123 pro
845 1085 922 1112 tem-

191 1142 282 1175 pore,
313 1138 409 1175 prout
433 1132 478 1165 eis
502 1132 665 1165 videbitur
689 1138 721 1165 et
746 1133 920 1175 expediens

190 1185 294 1225 suerit,
317 1191 449 1225 mutare,
472 1186 610 1218 alterare
636 1185 809 1228 corrigere,
830 1195 922 1218 revo-

189 1247 262 1270 care
288 1243 319 1270 et
336 1238 514 1277 annullare,
533 1238 659 1281 aliaque
678 1238 716 1270 de
736 1248 818 1270 novo
845 1248 922 1270 con-

189 1289 268 1322 dere
294 1295 325 1322 et
349 1290 454 1329 edere,
481 1301 573 1333 quae,
591 1296 762 1333 postquam
788 1295 920 1329 mutata,

188 1348 345 1382 correcta,
363 1343 502 1382 condita,
522 1353 557 1374 ac
577 1343 615 1375 de
641 1354 724 1375 novo
749 1343 834 1375 edita
856 1343 920 1374 sue-

187 1394 259 1433 rint,
286 1405 324 1428 eo
353 1395 421 1438 ipso
450 1396 625 1438 apostolica
650 1395 840 1428 auctoritate
866 1407 920 1438 ap-

186 1448 324 1490 probata
348 1454 550 1488 censeantur,
577 1448 678 1480 libere
704 1454 734 1481 et
759 1448 843 1481 licite
869 1460 920 1480 va-

187 1501 295 1539 leant,
328 1502 454 1544 plenam
481 1506 512 1534 et
536 1501 668 1533 liberam
706 1501 867 1533 licentiam
889 1507 921 1533 et

186 1553 383 1594 facultatem,
403 1554 488 1586 dicta
512 1555 712 1593 auctoritate,
734 1555 917 1587 earumdem

188 1611 302 1640 tenore
329 1608 558 1650 praesentium,
576 1608 781 1640 concedimus
806 1613 837 1640 et
862 1608 919 1640 im-

187 1659 354 1702 partimur.

230 1713 244 1755 §
269 1713 299 1745 2.
326 1713 542 1746 Decernentes
574 1714 701 1746 easdem
728 1720 917 1756 praesentes

187 1765 309 1798 litteras
333 1776 461 1808 semper
486 1766 601 1805 sirmas,
619 1766 739 1798 validas
764 1772 795 1798 et
815 1768 919 1799 ellicu-

187 1827 238 1850 ces
264 1818 401 1850 existere
427 1823 458 1850 et
483 1818 568 1858 sore,
593 1828 732 1861 suosque
757 1819 918 1861 plenarios

187 1875 218 1902 et
244 1870 386 1913 integros
411 1869 541 1903 effectus
571 1871 679 1903 sortiri
706 1877 737 1903 et
761 1871 918 1910 obtineie,

186 1932 247 1956 nec
271 1925 329 1956 sub
354 1924 518 1966 quibusvis
540 1923 691 1956 similium
710 1925 759 1957 vel
781 1924 919 1956 dissimi-

186 1975 264 2008 lium
289 1977 464 2019 gratiarum
490 1977 761 2016 revocationibus,
786 1987 918 2020 suspen-

187 2028 354 2069 sionibus,
381 2029 650 2069 limilationibus,
676 2029 810 2072 aliisque
844 2041 918 2062 con-

186 2082 293 2114 trariis
319 2081 600 2125 dispositionibus,
624 2082 717 2115 etiam
737 2093 796 2124 per
812 2093 868 2115 nos
887 2089 918 2115 et

185 2144 388 2168 successores
412 2140 540 2167 nostros
559 2134 720 2167 Romanos
737 2135 917 2175 Pontifices,

186 2197 222 2220 ac
245 2187 361 2220 Sedem
395 2187 612 2230 Apostolicam
648 2188 916 2231 quandocumque

185 2239 349 2280 faciendis,
364 2250 504 2283 unquam
519 2240 752 2282 comprehendi
770 2245 823 2272 aut
837 2251 917 2273 com-

184 2293 364 2336 prehensas
390 2292 527 2331 censer1‚
555 2293 611 2325 sed
637 2302 765 2335 semper
790 2294 828 2325 ab
855 2293 916 2325 illis

185 2344 365 2388 exceptas¹,
389 2350 430 2384 et,
456 2344 581 2387 quoties
606 2344 661 2377 illa
685 2345 914 2385 emanaverint,

184 2397 278 2430 toties
298 2397 327 2429 in
354 2397 526 2440 pristinum
551 2402 583 2429 et
607 2397 837 2429 validissimum
854 2403 916 2430 sta-

186 2455 250 2481 tum
275 2450 438 2481 restitutas
463 2455 494 2481 et
518 2449 662 2492 plenarie
689 2449 915 2492 reintegratus,

186 2512 222 2534 ac
246 2502 342 2534 etiarn
367 2502 427 2534 sub
452 2501 624 2545 posteriori
657 2502 738 2541 data,
754 2512 813 2544 per
837 2512 892 2534 eos
908 2529 915 2542 ,

1590 234 1654 268 025

968 290 1005 323 de
1032 301 1113 323 novo
1139 300 1308 324 concessas
1333 292 1480 334 intelligi,
1498 302 1534 325 ac
1558 292 1597 324 ab
1623 292 1696 331 illis,

966 343 1003 374 ad
1023 354 1102 385 quos
1127 349 1252 386 spectat
1268 350 1298 376 et
1322 355 1382 387 pro
1409 350 1553 387 tempore
1573 350 1699 388 specta-

966 395 1024 435 bit,
1044 396 1273 430 inviolabiliter
1293 398 1471 438 observari,
1502 404 1534 430 et
1558 398 1622 430 illis
1648 408 1699 430 re-

966 448 1104 489 spective
1130 448 1161 481 in
1186 449 1334 482 omnibus
1358 455 1388 482 et
1413 461 1473 493 per
1496 451 1604 484 omnia
1628 452 1698 494 ple-

966 500 1097 533 nissime
1120 501 1300 544 suffragari,
1326 503 1435 545 sicque
1460 509 1491 536 et
1516 514 1579 537 non
1604 505 1698 537 aliter

966 552 997 583 in
1022 553 1212 594 praemissis
1245 565 1303 597 per
1330 566 1549 598 quoscumque
1575 557 1697 591 iudices

964 604 1146 638 ordinarios
1165 612 1196 638 et
1221 606 1386 650 delegatos
1411 608 1506 640 etiam
1527 619 1697 642 causarum

965 657 1073 698 palatii
1100 659 1268 700 apostolici
1294 660 1455 692 auditores
1480 671 1516 693 ac
1546 661 1576 694 S.
1599 662 1636 694 R.
1659 662 1693 694 E.

965 709 1154 750 cardinales,
1173 711 1267 743 etiam
1287 712 1325 744 de
1343 712 1442 745 latere
1458 714 1589 756 legatos,
1605 715 1697 747 alios-

964 771 1000 792 ve
1026 762 1187 803 quoslibet
1216 774 1416 807 quacumque
1442 767 1696 811 praeeminentia

964 818 1167 855 etpotestate
1183 816 1354 858 fungentes
1371 823 1403 849 et
1425 818 1601 859 suncturos,
1621 821 1695 852 sub-

964 866 1026 897 lata
1051 866 1096 898 eis
1122 873 1153 899 et
1183 878 1294 900 eorum
1331 869 1462 902 cuilibet
1491 872 1601 913 quavis
1639 872 1695 904 ali-

965 922 1013 949 ter
1036 918 1199 952 iudicandi
1226 926 1256 953 et
1280 921 1515 964 interpretandi
1544 924 1694 958 facultate

964 975 995 1002 et
1008 972 1205 1011 auctoritate,
1224 973 1360 1006 iudicari
1378 980 1409 1006 et
1427 975 1551 1008 deliniri
1566 976 1695 1017 debere,

963 1033 999 1054 ae
1024 1023 1150 1057 irritum
1176 1031 1207 1058 et
1231 1027 1325 1059 inane
1350 1026 1374 1059 si
1401 1038 1493 1060 secus
1520 1039 1619 1071 super
1645 1030 1694 1062 his

963 1086 980 1108 a
1005 1087 1177 1120 quoquam,
1197 1080 1306 1121 quavis
1327 1081 1528 1121 auctoritate,
1554 1082 1695 1115 scienter

963 1129 1011 1160 vel
1034 1129 1232 1171 ignoranter,
1254 1133 1425 1174 contigerit
1449 1135 1611 1167 attentari.

1006 1182 1020 1224 g
1045 1182 1076 1214 3.
1104 1182 1171 1215 Non
1196 1184 1399 1218 obstantibus
1419 1188 1610 1220 recolendae
1630 1199 1696 1221 me-

963 1235 1082 1267 moriae
1109 1236 1152 1267 Pii
1179 1237 1200 1268 V
1226 1243 1257 1270 et
1281 1238 1356 1270 sixti
1377 1239 1472 1272 etiam
1498 1240 1521 1272 V
1544 1240 1696 1273 aliorum-

963 1298 1023 1330 que
1049 1288 1265 1323 Romanorum
1291 1291 1479 1325 Pontificum
1503 1294 1696 1336 praedeces-

962 1351 1072 1373 sorum
1091 1349 1275 1376 nostrorum
1295 1350 1404 1377 contra
1424 1345 1612 1388 illegitimos
1633 1348 1695 1379 edi-

963 1393 1013 1433 tis,
1032 1399 1062 1425 et
1088 1395 1158 1427 aliis
1183 1396 1347 1438 quibusvis
1371 1399 1574 1439 apostolicis,
1602 1410 1637 1432 ac
1663 1399 1694 1432 in

962 1446 1194 1480 universalibus
1217 1449 1536 1493 provincialibusque
1554 1458 1584 1484 ct
1604 1463 1696 1495 syno-

962 1498 1086 1531 dalibus
1111 1501 1260 1533 conciliis
1285 1502 1389 1541 editis,
1415 1504 1619 1543 generalibus
1644 1506 1694 1538 vel

961 1552 1170 1594 specialibus,
1197 1555 1483 1588 constitutionibus
1509 1562 1540 1588 et
1565 1558 1694 1589 ordina-

962 1604 1112 1644 tionibus,
1137 1617 1274 1647 necnon,
1296 1613 1451 1650 quatenus
1473 1619 1554 1651 opus
1575 1610 1626 1649 sit,
1647 1610 1694 1642 di-

960 1663 1029 1691 etae
1047 1659 1181 1691 civitatis
1195 1659 1369 1699 Comensis,
1384 1662 1492 1693 aliisve
1515 1662 1693 1704 quibusvis,

960 1710 1055 1743 ctiam
1076 1711 1273 1750 iuramento,
1293 1712 1538 1745 confirmatione
1560 1720 1693 1756 aposto·

960 1763 1032 1802 lica,
1055 1764 1103 1795 vel
1127 1764 1238 1806 quavis
1262 1764 1412 1797 firmitate
1433 1765 1493 1797 alia
1517 1766 1689 1806 roboratis,

961 1816 1087 1848 statutis
1104 1822 1135 1848 et
1152 1817 1449 1857 consuetudinibus,
1471 1818 1596 1860 legibus
1614 1830 1693 1861 quo-

961 1880 1021 1912 qne
1048 1869 1282 1912 imperialibus,
1300 1871 1489 1913 privilegiis,
1506 1871 1639 1904 indultis
1660 1877 1692 1905 et

960 1922 1074 1954 litteris
1092 1923 1276 1965 apostolicis
1297 1923 1462 1966 quibusvis
1480 1924 1693 1957 universitati-

960 1975 1018 2006 bus
1037 1975 1216 2007 studiorum
1238 1977 1447 2018 generalium,
1469 1987 1595 2009 necnon
1616 1977 1693 2010 dile-

960 2033 1084 2060 ctorum
1110 2027 1250 2061 filiorum
1272 2028 1467 2071 scriptorum
1485 2029 1615 2062 archivii
1635 2030 1693 2063 Ro-

960 2092 1071 2113 manae
1097 2080 1215 2120 Curiae,
1238 2082 1373 2124 aliisque
1399 2082 1557 2124 collegiis,
1574 2087 1605 2115 et
1626 2083 1691 2126 qui-

960 2133 1159 2175 buscumque
1177 2133 1246 2165 aliis
1268 2133 1345 2166 locis
1364 2139 1395 2166 et
1412 2135 1569 2176 personis,
1595 2135 1691 2167 etiam

959 2191 1055 2225 motu,
1075 2185 1209 2218 scientia
1239 2191 1270 2218 et
1297 2187 1465 2228 potestatis
1488 2187 1690 2229 plenitudine

959 2238 1130 2277 similibus,
1152 2248 1187 2270 ac
1211 2238 1304 2271 etiam
1331 2239 1369 2271 de
1387 2239 1521 2272 consilio
1546 2239 1690 2272 eiusdem

958 2291 988 2324 S.
1010 2291 1045 2323 R.
1069 2291 1100 2322 E.
1120 2290 1338 2330 cardinalium,
1358 2291 1416 2323 sub
1435 2291 1690 2335 quibuscumque

958 2343 1130 2376 verborum
1154 2343 1319 2375 tenoribus
1345 2349 1376 2376 et
1404 2343 1524 2384 formis,
1554 2354 1590 2376 ae
1617 2355 1690 2378 cum

958 2395 1124 2439 quibusvis
1157 2395 1252 2427 etiam
1285 2396 1561 2437 derogatoriaruin
1588 2396 1686 2430 dero-

958 2448 1097 2491 gatoriis,
1116 2448 1251 2491 aliisque
1276 2448 1508 2481 efficacioribus
1534 2449 1689 2482 efficacis-

956 2501 1053 2541 simis,
1080 2506 1111 2533 et
1135 2501 1271 2533 insolitis
1306 2501 1457 2534 clausulis
1482 2507 1513 2534 et
1537 2501 1687 2542 decretis,

187 2555 225 2588 ad
244 2566 324 2598 quos
340 2566 399 2598 pro
418 2561 560 2598 tempore
575 2554 739 2597 spectabit,
756 2554 914 2597 eligenda,
957 2554 988 2585 in
1015 2564 1132 2595 genere
1159 2554 1208 2585 vel
1230 2553 1260 2585 in
1287 2554 1405 2596 specie,
1432 2554 1462 2586 in
1488 2556 1686 2587 contrarium

221 2616 234 2642 ί
254 2615 324 2654 Edit.
342 2615 420 2642 Main.
437 2616 500 2651 legit
519 2618 646 2650 acceptas
667 2616 703 2651 (n.
723 2615 774 2650 τ.).

956 2606 1205 2649 praemissorum
1241 2607 1486 2649 quomodolibet
1510 2608 1683 2650 concessis,

1702 243 1750 270 An.
1769 243 1796 270 C.
1822 244 1888 271 1088

1774 1198 1888 1222 flammatio

1706 1227 1818 1245 contr-artui
1825 1232 1865 1245 um.
