2111 3157
197 202 248 224 λη.
269 198 298 224 c.
316 196 385 224 1089
430 188 495 221 ‘MS

232 1903 338 1923 Exi-ithus*

388 257 460 279 rum
479 244 627 288 collegiis
653 248 685 277 et
709 241 883 282 montistis,
906 239 1123 284 depositariis,

389 300 567 343 ceterisque
592 298 662 331 aliis
687 295 832 340 superius
857 293 1032 328 nominatis
1057 292 1127 336 qui-

388 353 599 395 buscumque.
618 351 713 384 etiam
739 354 826 382 motu
851 347 996 392 proprio,
1014 351 1045 379 et
1062 346 1126 379 sor-

389 415 444 438 san
469 404 757 443 consistorialiter,
783 403 842 435 sub
869 401 1124 444 quibuscumque

389 458 557 491 tenoribus
583 462 614 490 et
639 456 762 496 formis,
788 455 884 489 etiam
908 453 941 486 in
964 453 1028 486 vim
1053 463 1125 486 con-

390 516 532 549 tractus,
565 520 601 542 ac
625 520 698 543 cum
725 507 889 552 quibusvis
913 506 1066 540 clausulis
1094 510 1126 538 et

388 564 548 604 decretis,
575 564 606 596 in
632 573 751 606 genere
776 562 825 595 vel
852 561 884 594 in
910 560 1017 604 specie
1033 586 1041 600 ,
1066 568 1125 602 per

388 617 517 661 quosvis
543 617 810 660 praedecessores
834 619 977 653 nostros,
1004 618 1037 646 et
1067 622 1123 645 seu

388 671 484 703 etiam
502 681 560 714 per
576 680 636 703 nos
654 668 826 709 concessis,
841 667 1038 711 approbatis,
1052 670 1124 699 con-

386 722 521 755 firmatis
547 727 577 754 et
602 722 771 761 innovatis,
798 720 977 764 ceterisque
998 724 1124 752 contra-

386 776 443 809 riis
470 776 742 820 quibuscumque·,
770 774 887 818 quibus
917 773 1067 806 omnibus
1093 777 1125 805 et

388 829 533 872 singulis⁷
553 829 676 862 etiamsi
695 829 733 861 de
751 828 813 861 illis
830 837 984 871 expressa
1000 826 1122 859 mentio

388 882 536 915 facienda
562 882 646 915 [bret
662 909 669 922 ‚
696 892 807 914 eorum
833 886 962 913 tenores
986 879 1039 911 hic
1063 888 1122 922 pro

388 935 552 979 expressis
579 940 611 968 et
629 935 667 968 de
693 934 790 967 verbo
815 933 853 969 ad
877 932 1012 965 verbum
1036 931 1123 974 regi-

388 988 495 1022 stratis
514 988 681 1028 habentes,
699 987 763 1021 illis
781 987 859 1019 alias
876 986 908 1018 in
927 996 984 1018 suo
1003 984 1121 1018 robore

387 1041 616 1085 permansuris,
639 1041 699 1074 hac
716 1041 784 1074 vice
805 1040 980 1079 dumtaxat,
1004 1038 1123 1082 specia-

386 1095 462 1128 liter
483 1100 510 1128 et
530 1104 684 1138 expresse
709 1093 918 1136 derogamus.
943 1092 1124 1125 Decernen-

387 1154 435 1181 tes
461 1148 594 1191 insuper
630 1147 726 1180 huius
757 1146 858 1179 nostri
890 1144 1120 1188 motusproprii

388 1202 520 1234 cedulae
546 1201 646 1233 solam
673 1201 871 1243 signaturam
897 1203 1039 1231 nostram
1061 1198 1124 1230 sus-

386 1253 495 1294 ficere,
514 1254 634 1297 absque
660 1253 721 1286 alia
746 1253 827 1292 data,
846 1252 958 1295 illique
986 1256 1017 1284 et
1039 1257 1123 1283 tran-

388 1308 524 1351 sumptis
554 1318 609 1340 seu
635 1306 790 1350 exemplis
817 1306 884 1338 eius
905 1332 912 1345 ‚
944 1305 1040 1337 etiam
1065 1303 1124 1336 im-

387 1361 519 1404 pressis,
547 1371 641 1393 manu
670 1359 803 1393 alicuius
820 1358 970 1391 Camerae
996 1362 1124 1400 aposto-

387 1415 468 1448 licae
488 1414 653 1447 secretarii
671 1419 701 1445 et
718 1411 901 1445 cancellarii
926 1410 1122 1452 subscriptis,

389 1478 425 1499 ac
451 1467 559 1509 sigillo
586 1466 660 1498 dicti
694 1464 862 1498 camerarii
899 1474 955 1496 seu
993 1464 1123 1495 thesau-

390 1520 478 1559 rarii,
497 1520 547 1552 vel
574 1519 705 1552 alterius
731 1528 891 1561 personae
917 1517 949 1549 in
971 1516 1125 1558 dignitate

390 1573 607 1605 ecclesiastica
621 1572 816 1604 constitutae
835 1570 978 1609 munitis,
996 1570 1125 1612 plenam

389 1625 485 1658 fidem
513 1626 543 1658 in
571 1625 690 1657 iudicio
708 1630 739 1657 et
763 1629 851 1656 extra
877 1634 912 1655 ac
938 1623 1058 1665 ubique
1084 1624 1126 1655 lo-

390 1689 498 1712 corum
515 1678 675 1717 adhiberi,
693 1679 804 1720 regula
825 1686 1024 1720 quacumque
1045 1675 1127 1708 aliis-

392 1743 452 1775 que
479 1732 649 1765 contrariis
675 1742 739 1765 non
767 1731 970 1764 obstantibus
995 1729 1127 1773 quibus-

391 1796 544 1829 cumque.

641 1830 752 1863 Placet
776 1833 865 1862 motu
888 1828 1020 1871 proprio
1046 1828 1080 1861 B.

362 1903 384 1922 ἰ
432 1883 481 1913 Die
503 1883 589 1913 lunae
612 1892 638 1913 xi
661 1883 769 1912 mensis
796 1881 870 1911 iunii
892 1890 1057 1910 unctxxxix
1080 1890 1126 1910 su-

199 1931 299 1951 ³'¹·¹¹'‘⁵'‘'
321 1929 355 1949 *¹¹¹¹
352 1932 552 1971 ¹⁰⁸prascripta
576 1932 677 1961 cedula
701 1930 910 1970 motusproprii
932 1939 983 1968 per
1002 1929 1130 1959 Sanctis-

200 1960 266 1977 momz
269 1962 300 1981 ptr
304 1962 355 1982 ¹[1ftl.

393 1982 498 2009 simum
522 1980 645 2017 signata,
670 1981 698 2009 in
723 1980 809 2018 plena
830 1980 951 2009 Camera
972 1978 1132 2017 apostolica

394 2027 520 2056 exhibita
550 2031 577 2056 et
606 2032 787 2065 praesentata
819 2026 893 2062 suit,
918 2026 1025 2064 illaque
1054 2034 1132 2054 com-

394 2075 481 2103 missa
504 2074 701 2104 illustrissimo
715 2078 742 2103 et
757 2048 1000 2102 reverendissimo
1015 2072 1132 2102 domino

395 2121 549 2151 Laurentio
571 2121 690 2150 Corsino
711 2121 840 2149 eiusdem
854 2120 990 2150 Gamerae
1012 2119 1131 2156 clerico,

396 2168 481 2196 modo
503 2167 686 2196 sanctissimo
718 2167 833 2196 domino
866 2170 964 2196 nostro
991 2165 1132 2196 Clementi

395 2212 489 2251 Papae
512 2212 559 2242 Xll
583 2213 705 2242 feliciter
727 2213 873 2250 regnanti.

437 2261 543 2290 Deinde
556 2261 601 2290 die
614 2270 661 2291 vni
678 2262 806 2291 eiusdem
825 2260 1038 2297 mensis,citato
1051 2260 1134 2290 desu-

397 2317 449 2346 per
469 2308 665 2337 ilhistrissimo
680 2308 797 2337 domino
812 2308 896 2337 Petro
909 2308 1026 2337 Matthia
1037 2307 1132 2344 Totto,

396 2353 444 2383 SS.
463 2353 493 2382 Ι).
512 2353 544 2382 N.
564 2354 655 2392 Papae
677 2358 705 2383 et
727 2354 819 2392 ipsius
839 2354 974 2383 Gamerae
997 2362 1135 2392 procura-

397 2403 458 2428 tore
481 2400 571 2429 siscali
594 2400 733 2435 generali,
757 2401 790 2429 ad
814 2401 985 2429 relationem
1002 2400 1135 2438 supradi-

399 2447 435 2475 cti
451 2446 638 2476 illustrissimi
655 2452 683 2476 et
699 2448 938 2477 reverendissimi
950 2447 1135 2477 dominiCor-

399 2493 453 2520 sini
477 2493 601 2521 admissa
625 2498 651 2522 et
674 2494 825 2531 registrata
844 2494 871 2523 in
889 2494 963 2523 libro
986 2502 1012 2523 lv
1038 2494 1135 2532 signa-

401 2540 1077 2570 turarurneiusdemSanctissimisubsot.105.

537 2587 718 2619 Fimxciscrs
742 2590 934 2621 Asronoaus.
955 2589 988 2619 R.
1006 2589 1035 2620 C.
1053 2590 1133 2620 Secr.

966 192 1148 216 nL‘LLantt'M
1172 190 1323 215 ROMANUM

1268 238 1485 279 Provisiones,
1513 242 1583 280 etc„
1606 238 1805 282 referuntur.

1211 292 1254 325 La
1270 292 1393 326 Santita
1413 292 1443 326 di
1460 292 1578 326 Nostro
1595 292 1732 336 Signore
1751 293 1837 336 Papa
1852 291 1904 326 ln·
1940 305 2043 328 Prot-mio.

1167 356 1312 379 nocenzo
1337 345 1388 385 XI,
1411 346 1471 379 che
1497 356 1558 379 con
1582 350 1719 389 paterno
1750 345 1860 380 affetto
1886 355 1904 378 e

1166 398 1328 432 indefessa
1351 399 1533 432 attenzione
1559 398 1692 442 invigila
1724 398 1907 433 all'inden-

1166 450 1232 485 nita
1258 451 1309 484 de'
1323 451 1393 485 suoi
1419 452 1541 485 sudditi
1567 462 1583 484 e
1608 452 1637 484 al
1655 452 1743 485 buon
1761 462 1904 494 governo

1166 505 1319 548 generale
1344 505 1375 538 di
1404 510 1482 538 tutte
1508 506 1536 538 le
1554 515 1640 545 cose,
1661 505 1783 539 avendo
1800 505 1906 539 inteso

1166 559 1226 592 che
1250 559 1334 602 dopo
1360 560 1390 592 la
1415 555 1661 592 risorma'della
1679 564 1771 591 santa
1787 568 1908 592 memo·

1167 612 1214 645 ria
1240 612 1269 645 di
1296 612 1393 645 Paolo
1417 612 1440 644 V
1476 612 1554 645 satta
1589 622 1686 655 sopra
1716 612 1747 644 la
1772 612 1907 645 materia

1167 665 1218 698 de'
1232 666 1339 706 Monti,
1356 676 1372 698 e
1390 664 1577 709 pubblicata
1594 664 1660 698 li1v
1681 664 1782 708 aprile
1799 674 1907 699 nncxv

1167 719 1218 751 dal
1235 719 1399 752 cardinale
1419 718 1528 758 Serra,
1554 719 1655 751 allora
1670 718 1906 761 pro-tesoriere

1166 773 1328 817 generale,
1355 782 1371 804 e
1405 771 1491 815 dopo
1527 771 1608 804 altre
1638 770 1840 804 costituzioni
1866 770 1906 804 ed

1165 825 1272 858 ordini
1303 825 1337 857 in
1368 824 1485 858 diversi
1517 823 1614 867 tempi
1641 824 1792 864 emanafi,
1817 823 1906 857 siano

1166 878 1231 913 nati
1258 877 1344 921 degli
1371 877 1461 910 abusi
1488 876 1519 908 in
1546 886 1640 919 grave
1659 876 1766 909 danno
1792 886 1808 909 e
1833 885 1910 919 pre-

1166 930 1307 973 giudizio
1333 929 1540 964 de'montisti
1566 940 1582 961 e
1601 929 1631 962 di
1658 930 1737 962 altre
1762 939 1906 972 persone

1165 985 1355 1017 interessate
1386 983 1419 1015 in
1456 980 1556 1022 detti,
1583 982 1625 1014 ha
1650 982 1729 1025 pero
1755 982 1905 1015 ordinato

1165 1036 1374 1081 provvedersi
1412 1036 1472 1069 che
1509 1035 1561 1068 nel
1598 1040 1792 1078 pagamento
1819 1034 1907 1077 degli

1166 1089 1377 1125 emolumenti
1405 1099 1421 1122 e
1447 1088 1588 1121 mercedi
1615 1088 1731 1121 dovute
1749 1087 1778 1120 ai
1796 1097 1907 1130 segre-

1167 1145 1226 1176 tari
1252 1144 1290 1177 ed
1313 1143 1383 1176 altri
1410 1141 1539 1175 offiziali
1565 1141 1595 1174 di
1622 1141 1683 1174 essi
1701 1151 1843 1174 nessuno
1860 1141 1908 1174 sia

1167 1202 1306 1240 gravato,
1325 1207 1340 1230 e
1363 1197 1424 1229 che
1443 1196 1559 1228 inoltre
1580 1194 1606 1227 si
1625 1194 1753 1227 rimedii
1771 1205 1788 1227 a
1805 1196 1905 1228 molte

1166 1262 1240 1285 cose
1265 1251 1327 1284 alle
1353 1249 1439 1293 quali
1465 1258 1530 1281 non
1548 1248 1620 1281 vien
1639 1247 1801 1291 provvisto
1822 1247 1908 1280 dalla

1167 1306 1256 1338 detta
1280 1304 1412 1337 risorma
1438 1313 1453 1336 e
1480 1300 1712 1342 costituzioni;
1739 1311 1755 1334 e
1780 1301 1906 1334 avendo

1168 1359 1241 1391 dato
1267 1358 1287 1390 il
1313 1357 1419 1390 carico
1437 1356 1468 1389 di
1487 1360 1569 1387 tutto
1594 1360 1708 1398 questo
1733 1354 1872 1397 negozio
1890 1364 1908 1387 a

1167 1412 1359 1453 monsignor
1372 1408 1591 1443 illustrissimo
1608 1418 1624 1440 e
1637 1407 1907 1441 reverendissimo

1167 1465 1328 1508 Giuseppe
1347 1461 1661 1505 Renatolmperiale‚
1683 1460 1836 1494 tesoriere
1854 1470 1908 1504 ge-

1169 1519 1291 1557 nerale,
1317 1527 1377 1550 con
1402 1514 1672 1558 l'approvazione
1709 1513 1795 1547 della
1823 1513 1909 1547 Con-

1169 1570 1363 1615 gregazione
1381 1569 1534 1612 deputata
1548 1577 1644 1611 sopra
1657 1567 1679 1600 li
1693 1566 1803 1607 Menti,
1819 1566 1906 1610 dopo

1169 1635 1276 1658 essere
1298 1623 1371 1657 stati
1397 1623 1449 1655 dal
1475 1621 1622 1654 medemo
1646 1619 1839 1662 monsignor
1862 1624 1910 1653 te-

1169 1678 1290 1712 soriere
1312 1675 1463 1709 chiamati
1490 1686 1505 1708 e
1531 1673 1640 1707 sentiti
1667 1673 1773 1706 alcuni
1798 1683 1910 1715 segre-

1170 1733 1227 1764 tari
1253 1731 1292 1764 ed
1319 1731 1398 1763 altre
1425 1739 1566 1772 persone
1593 1728 1773 1767 informate,
1799 1726 1909 1760 consi-

1171 1786 1280 1819 derata
1305 1785 1336 1817 la
1360 1785 1447 1817 detta
1468 1783 1602 1815 risorma
1627 1781 1657 1814 di
1683 1781 1782 1814 Paolo
1807 1781 1842 1821 V,
1868 1780 1909 1813 ed

1171 1840 1191 1873 il
1218 1838 1403 1881 chirografo
1440 1836 1471 1870 di
1503 1834 1661 1878 Gregorio
1685 1833 1736 1867 XV
1768 1833 1801 1866 in
1837 1833 1911 1867 data

1172 1893 1224 1926 dei
1251 1903 1286 1925 111
1311 1890 1485 1924 decembre
1506 1898 1651 1928 MDCXXH,
1674 1887 1696 1920 il
1721 1886 1911 1930 chirografo

1173 1946 1203 1978 di
1222 1945 1352 1978 Urbano
1369 1942 1433 1975 Vlll
1452 1942 1503 1975 dei
1523 1950 1581 1974 xin
1599 1950 1745 1983 gennaro
1763 1948 1912 1979 aiocxxm

1174 2000 1195 2032 il
1221 1997 1404 2039 chirografo
1427 1995 1457 2029 di
1475 1994 1641 2028 Clemente
1660 1993 1685 2025 X
1711 1993 1743 2025 in
1769 1993 1842 2025 data
1860 1991 1914 2025 dei

1173 2063 1217 2086 xii
1234 2051 1411 2084 settembre
1428 2046 1722 2087 unctxx1,inserito
1740 2044 1914 2079 nell'istro·

1175 2110 1285 2138 mento
1304 2104 1390 2137 della
1408 2101 1588 2145 segretaria
1602 2100 1752 2143 generale
1769 2098 1914 2132 de'Mon-

1176 2160 1198 2192 ti
1224 2164 1336 2201 rogato
1354 2167 1412 2201 per
1431 2155 1474 2199 gli
1503 2154 1558 2187 atti
1588 2152 1850 2187 dell'Antomoro
1865 2162 1915 2185 se-

1176 2211 1317 2255 gretario
1348 2221 1363 2243 e
1396 2208 1587 2242 cancelliere
1621 2206 1707 2239 della
1737 2205 1916 2238 reverenda

1176 2265 1308 2298 Camera
1327 2263 1399 2295 addi
1420 2272 1459 2295 xv
1478 2261 1508 2294 di
1530 2261 1620 2293 detto
1638 2269 1737 2299 mese,
1753 2257 1775 2291 li
1793 2257 1917 2291 decreti

1178 2318 1263 2350 della
1288 2316 1468 2349 medesima
1485 2312 1751 2356 Congregazione
1781 2310 1850 2343 fatti
1881 2310 1916 2342 in

1178 2371 1393 2413 contingenza
1419 2366 1469 2402 de'
1488 2367 1551 2400 casi
1576 2365 1774 2410 particolari,
1799 2374 1816 2397 e
1841 2362 1917 2397 altri

1178 2424 1284 2457 ordini
1311 2434 1327 2456 e
1352 2422 1451 2456 bandi
1475 2419 1656 2465 pubblicati
1675 2429 1774 2462 sopra
1791 2418 1833 2451 tal
1851 2427 1920 2450 ma·

1178 2478 1265 2517 teria,
1292 2488 1308 2510 e
1335 2477 1420 2520 dopo
1447 2475 1477 2508 di
1503 2483 1609 2507 essere
1635 2477 1716 2505 state
1741 2475 1870 2504 trattate
1900 2480 1917 2503 e

1178 2531 1323 2564 discusse
1349 2535 1429 2562 tutte
1462 2530 1491 2562 le
1517 2538 1592 2561 cose
1617 2529 1850 2559 maturamente
1886 2523 1919 2555 in

1178 2586 1293 2618 alcunc
1320 2582 1570 2627 congregazioni
1596 2578 1782 2625 particolari
1808 2581 1920 2611 tenute

1851 2628 1855 2639 ,
1928 2635 1932 2637 .

1907 189 1961 218 An.
1981 190 2009 218 C.
2025 192 2088 222 108ss
