2111 3157
124 238 174 265 Au.
193 238 219 264 tl,
246 238 311 265 1033
361 229 424 261 Bou

157 880 175 899 t)
182 883 313 899 «ultumi-um

184 914 193 921 ‚—
235 914 238 923 ι

320 299 355 320 ac
381 287 454 327 illis,
470 288 508 319 ad
528 298 607 330 quos
632 290 753 328 spectat
779 290 810 316 et
833 294 892 326 pro
911 288 1057 324 tempore

320 341 489 384 spectabit,
514 341 544 372 in
571 339 720 372 omnibus
741 343 772 370 et
790 348 848 380 per
865 335 973 368 omnia
993 336 1059 377 ple-

320 395 453 427 nissime
479 392 667 433 suflragari,
695 396 726 423 et
750 392 789 423 ab
815 389 861 422 eis
880 388 1058 431 respective

321 446 557 481 inviolabiliter
582 443 758 483 observari,
787 440 897 485 sicque
920 441 951 473 in
969 451 1062 483 prae·

321 499 424 533 missis
435 509 494 542 per
508 507 729 541 quoscumque
745 495 866 529 iudices
878 493 1060 527 ordinarios
1080 506 1082 525 ;

323 558 354 586 et
371 553 548 593 delegatos,
563 550 658 583 etiam
675 559 843 582 causarum
859 547 968 590 palatii
985 556 1061 589 apo-
1080 559 1082 574 =

323 604 426 638 stolici
453 604 631 642 auditores,
659 601 794 634 iudicari
813 606 845 633 et
865 599 991 633 definiri
1009 599 1062 631 de-
1081 606 1083 622 2

322 659 423 697 bere,
450 668 485 690 ae
511 657 639 689 irritum
666 661 696 688 et
720 655 816 687 inane
842 653 867 686 si
893 663 986 685 secus
1015 662 1082 684 su-¹

323 722 382 755 per
408 711 457 743 his
482 722 499 742 a
525 719 699 753 quoquam,
725 707 834 751 quavis
860 705 1060 744 auctoritate,
1081 713 1083 725 ²

324 765 465 797 scienter
496 765 545 797 vel
577 763 788 806 ignoranter,
816 759 987 802 contigerit
1018 763 1084 791 :it-⁴

325 818 454 850 tentari.

370 871 384 913 ξ
408 870 439 903 li.
459 869 528 903 Non
554 869 758 903 obstantibus
777 866 1062 901 constitutionibus
1083 868 1085 880 '

327 930 357 957 et
375 923 632 957 ordinationibus
652 921 857 965 apostolicis,
879 930 932 960 ac,
954 925 1062 963 quate-

325 988 387 1010 nus
413 988 495 1019 opus
521 975 576 1015 sit,
603 974 841 1018 provinciarum
878 978 910 1005 et
934 971 1062 1005 Ordinis

324 1030 552 1073 praefatorum,
580 1028 676 1060 etiam
711 1027 914 1065 iuramento,
949 1023 1064 1058 consu·-

325 1082 466 1115 niatione
492 1081 681 1124 apostolica,
710 1090 765 1112 seu
787 1078 895 1122 quavis
913 1077 1063 1110 firmitate

325 1136 387 1168 alia
402 1132 706 1173 1·ob0r·„1tis,stat11tis
720 1137 751 1165 et
764 1130 1064 1172 consuetudinibus,

326 1186 506 1231 prix-ilegiis
541 1196 681 1229 quoque,
718 1184 851 1217 indultis
888 1188 921 1216 et
948 1182 1064 1216 litteris

326 1239 511 1283 apostolicis
548 1239 579 1271 in
598 1237 796 1271 contrarium
812 1236 1064 1280 praemissorum

327 1293 573 1337 quomodolibet
597 1292 769 1331 conmssis
804 1289 1002 1324 confirmatis
1035 1294 1067 1321 et

326 1347 511 1385 innovatis3
542 1345 656 1388 quilius
681 1344 829 1377 omnibus
860 1348 892 1376 et
912 1342 1064 1385 singulis,

327 1400 458 1432 illorum
482 1404 612 1431 tenores
635 1397 863 1440 praesentibus
888 1406 949 1439 pro
969 1396 1066 1438 plene

329 1459 360 1485 et
388 1452 588 1484 sufficienter
613 1450 778 1493 expressis
798 1461 833 1482 ac
850 1450 889 1482 de
909 1449 1008 1482 verbo
1029 1449 1067 1481 ad

327 1505 461 1537 verbum
480 1504 612 1536 insertis
641 1504 811 1542 babentes,
839 1503 902 1535 illis
931 1502 1009 1534 alias
1035 1501 1067 1533 in

329 1569 387 1590 suo
419 1558 536 1590 robore
563 1556 795 1599 permansuris,
818 1556 856 1588 ad
876 1555 1069 1599 praemisso-

329 1623 400 1643 rum
428 1610 584 1648 ellectum,
611 1611 672 1642 liuc
697 1609 763 1642 vice
789 1609 972 1647 dumtaxat,
1000 1618 1068 1651 spc-

330 1665 457 1698 cialiter
474 1670 506 1697 ct
522 1675 674 1707 expresse
696 1665 912 1705 derogamus3
935 1662 1067 1694 ceteris-

330 1728 392 1760 que
419 1717 590 1749 contrariis
616 1717 890 1759 quibuscumque.

373 1771 487 1803 Datum
512 1770 642 1809 Romae,
665 1770 749 1812 apud
771 1769 801 1801 S.
825 1769 955 1801 Mariam
976 1768 1069 1800 Maio-

331 1834 409 1863 rem,
435 1823 493 1855 sub
519 1824 639 1855 annulo
665 1821 849 1860 Piscatoris,
877 1821 928 1854 die
951 1831 995 1854 vn
1021 1831 1069 1853 se-

331 1876 487 1920 ptembris
513 1885 711 1915 nincmxxin,
739 1873 947 1917 pontificatus
968 1874 1069 1907 nostri

332 1940 417 1963 anno
439 1940 495 1962 vu.

366 1993 429 2019 Dat.
448 1992 493 2019 die
508 1991 522 2018 7
538 1991 701 2026 septembris
720 1990 796 2025 1683,
817 1990 915 2026 pontif.
935 1998 1008 2018 auno
1023 1997 1069 2018 vu.

636 2186 754 2220 CXXX.

338 2293 562 2330 Concedunlur
584 2292 838 2336 Conqreyationi
854 2292 1001 2325 Svevicae
1019 2290 1072 2325 Or-

380 2349 468 2381 dinis
493 2348 597 2380 sancti
621 2347 791 2381 Benedicti
813 2346 991 2389 privilegia
1008 2356 1073 2378 om—

380 2402 438 2434 πίει
468 2400 661 2444 spiritualia
693 2405 868 2433 ceterorum
904 2399 1073 2432 monacho-

381 2452 488 2487 rztm¹.
1054 2448 1056 2454 ’

375 2535 384 2561 1
408 2533 508 2560 Similia
529 2532 667 2567 privilegia
692 2539 822 2560 concessa
845 2531 956 2557 fuerunt
975 2538 1073 2560 mona-

338 2579 396 2606 chis
415 2577 633 2612 Congregationis
645 2576 786 2603 Bavaricae
798 2576 831 2602 ab
848 2575 1003 2604 Innocentio
1029 2574 1073 2603 xil

339 2624 430 2651 const.
452 2627 563 2655 nncxcr,
585 2620 627 2648 die
650 2621 677 2647 11
700 2620 823 2655 augusti,
845 2623 918 2655 pont.
940 2626 957 2648 1.

903 234 1080 258 ΕΗῌΛΙΠΓᾺῘ
1106 232 1255 256 ROMANI'M

1289 279 1486 308 Innocentius
1508 280 1586 312 Papa
1607 279 1654 312 XI,

1242 325 1277 350 ad
1299 324 1431 350 futuram
1451 323 1494 350 rei
1515 323 1697 350 memoriam.

1146 386 1311 419 Militantis
1329 385 1494 418 Ecclesiae
1510 385 1661 428 regimini
1682 396 1740 428 per
1761 385 1839 419 inef-
1876 399 1994 425 Exordium.

1103 439 1234 472 labilem
1259 439 1386 472 divinae
1411 439 1566 472 bonitatis
1590 439 1835 478 abundantiam,

1103 495 1194 527 nullo
1221 494 1297 527 licet
1328 493 1520 526 meritorum
1556 497 1743 526 nostrorum
1775 493 1842 526 sus-

1104 547 1219 590 smgio,
1240 547 1476 590 praesidentes,
1502 546 1732 588 religiosorum
1758 546 1842 579 viro-

1103 610 1172 632 rum
1198 599 1351 634 Altissimi
1376 599 1540 643 obsequiis
1566 600 1623 632 sub
1644 599 1731 632 suavi
1767 610 1839 632 mo-

1104 652 1245 686 nasticae
1269 653 1351 685 vitae
1377 653 1453 695 iugo
1475 652 1742 695 mancipatorum,
1767 653 1841 686 ube·

1104 716 1220 749 resque
1238 706 1270 738 in
1283 706 1425 739 Ecclesia
1442 706 1496 738 Dei
1510 706 1641 745 fructus,
1656 695 1842 748 adspirante

1104 759 1236 803 superni
1251 759 1368 792 favoris
1383 758 1512 799 auxilio,
1530 758 1709 801 proficere'
1724 758 1843 800 iugiter

1106 812 1330 855 satagentium,
1358 811 1537 845 commodis
1570 816 1602 844 et
1626 811 1773 844 felicibus
1810 811 1842 844 in

1105 866 1153 898 vizi
1192 865 1419 900 mandatorum
1450 864 1576 897 Domini
1613 863 1844 907 progressibus

1106 919 1245 954 libenter
1273 917 1491 958 consulimus,
1517 917 1602 950 sicut
1631 917 1670 949 ad
1696 917 1845 960 omnipo-

1107 971 1203 1004 tentis
1227 971 1283 1004 Dei
1308 970 1456 1014 gloriam,
1477 970 1646 1013 religionis
1665 969 1846 1002 incremen-

1108 1030 1196 1064 tum,
1222 1029 1253 1057 et
1276 1024 1454 1057 animarum
1489 1024 1627 1056 salutem
1653 1021 1685 1055 in
1709 1022 1845 1057 Domino

1108 1078 1261 1121 expedire
1282 1077 1488 1110 arbitramur.

1152 1132 1166 1174 ἓ
1193 1132 1222 1164 1.
1257 1131 1381 1174 Exponi
1413 1130 1574 1173 siquidem
1611 1130 1705 1163 nobis
1739 1140 1844 1174 nuper
1881 1136 2034 1157 Gnnsncomtt-

1833 1182 1836 1186 ,
1855 1166 1948 1184 tutionis.

1110 1186 1254 1219 fecerunt
1285 1184 1397 1218 dilecti
1432 1183 1489 1218 filii
1529 1184 1715 1227 Alphonsus
1746 1185 1845 1217 abbas

1110 1238 1300 1272 monasterii
1325 1237 1584 1280 Weingartensis
1614 1237 1654 1270 de
1683 1237 1845 1280 praesenti

1111 1293 1310 1336 praesidens,
1331 1303 1368 1325 ac
1387 1291 1484 1324 ceteri
1499 1292 1632 1324 abbates
1645 1295 1677 1323 et
1694 1290 1844 1323 monachi

1111 1343 1379 1387 Congregationis
1415 1342 1566 1376 Svevicae
1602 1342 1635 1375 in
1678 1341 1848 1375 Germania

1111 1396 1239 1431 Ordinis
1265 1396 1367 1428 sancti
1392 1395 1577 1433 Benedicti,
1598 1395 1699 1437 quod,
1717 1405 1788 1426 cum
1814 1393 1847 1427 in

1112 1449 1316 1483 monasteriis
1342 1448 1446 1481 dictae
1479 1447 1748 1490 Congregationis
1782 1452 1848 1479 stu-

1113 1504 1164 1537 dia
1195 1502 1350 1536 continua
1386 1501 1566 1540 litteraria,
1599 1501 1687 1533 zelus
1719 1499 1845 1532 anima-

1113 1568 1204 1597 rum,
1231 1561 1263 1589 et
1286 1555 1414 1588 labores
1443 1554 1476 1586 in
1502 1554 1596 1587 vinea
1616 1553 1743 1587 Domini
1760 1579 1767 1593 ,
1794 1553 1847 1595 qui

1113 1620 1177 1642 non
1205 1613 1326 1641 tantum
1358 1608 1397 1640 ad
1430 1606 1692 1640 concionandum
1718 1610 1749 1638 et
1773 1604 1849 1638 sidc-

1113 1661 1191 1695 lium
1215 1659 1434 1693 consessiones
1468 1659 1594 1692 assidue
1627 1657 1846 1700 excipiendas,

1113 1713 1327 1755 obeundaque
1352 1712 1470 1755 passim
1501 1721 1604 1744 onera
1628 1710 1826 1753 parochialia
1842 1737 1849 1750 ,

1113 1768 1168 1800 sed
1194 1767 1290 1799 etiam
1315 1766 1354 1798 ad
1380 1764 1576 1804 haereticos,
1607 1763 1661 1807 qui
1686 1774 1752 1796 non
1777 1774 1849 1797 raro

1113 1831 1147 1853 sc
1173 1819 1335 1858 offerunt,
1362 1818 1401 1851 ad
1428 1817 1524 1850 fidem
1554 1816 1748 1849 catholicam
1774 1827 1850 1849 con-

1113 1872 1287 1906 vertendos
1301 1882 1336 1904 se
1355 1871 1544 1910 extendunt,
1562 1869 1777 1902 benedicente
1790 1870 1850 1902 Do-

1113 1926 1221 1966 mino,
1247 1925 1400 1967 vigeant,
1427 1923 1486 1966 ipsi
1512 1927 1734 1965 exponentes,
1759 1927 1797 1964 ut,
1818 1921 1850 1955 in

1114 1976 1299 2011 huiusmodi
1325 1976 1387 2019 piis
1425 1980 1457 2008 et
1481 1974 1677 2008 salutaribus
1698 1974 1851 2017 operibus

1116 2029 1329 2063 ferventiores
1355 2032 1387 2060 et
1411 2028 1586 2061 alacriores
1604 2028 1643 2060 ad
1669 2027 1769 2060 divini
1795 2030 1851 2060 no·

1115 2082 1209 2116 minis
1229 2081 1358 2115 laudem
1383 2086 1414 2114 ct
1438 2080 1776 2123 gloriam,‘haeresum
1799 2090 1852 2113 ex-

1116 2134 1336 2178 tirpationem,
1360 2139 1392 2166 et
1412 2138 1543 2166 sanctae
1562 2132 1672 2165 matris
1690 2132 1852 2165 Ecclesiae

1116 2187 1344 2220 exaltationem
1372 2186 1410 2219 de
1436 2190 1545 2218 cetero
1570 2185 1760 2228 persistant,
1782 2185 1854 2228 plu-

1117 2240 1232 2273 rimum
1268 2239 1425 2282 cupiunt,
1460 2249 1518 2282 pro
1556 2237 1669 2271 maiori
1708 2238 1853 2281 ipsorum

1117 2292 1386 2326 monasteriorum
1427 2291 1604 2335 splendore
1644 2296 1676 2323 et
1711 2290 1851 2330 decore,

1117 2345 1286 2390 privilegia
1322 2343 1591 2388 Congregationis
1629 2343 1854 2383 cassinensis,

1118 2399 1195 2431 alias
1221 2398 1251 2431 S.
1280 2397 1419 2430 Iustinae
1445 2398 1484 2430 de
1510 2396 1639 2436 padua,
1665 2401 1697 2428 et
1719 2392 1855 2429 aliarum

1117 2451 1414 2494 Congregationum
1436 2449 1511 2483 dicti
1533 2448 1681 2488 Ordinis,
1709 2448 1855 2481 eiusdem

1118 2502 1327 2538 nionasterii²
1344 2514 1381 2536 ex
1400 2503 1495 2536 liuius
1514 2507 1642 2535 sanctae
1663 2501 1754 2535 Sedis
1780 2511 1856 2544 apo-

1155 2575 1165 2601 1
1188 2573 1286 2600 Forsan
1304 2574 1439 2608 perficere
1461 2572 1500 2599 vel
1519 2571 1678 2606 producere
1697 2571 1734 2603 (R.
1758 2570 1795 2604 τ.)

1151 2618 1169 2645 2
1182 2619 1313 2654 Legereui
1328 2618 1435 2645 eisdem
1452 2616 1638 2645 monasteriis
1653 2622 1691 2647 (R.
1710 2616 1759 2649 1¹.)-

1841 230 1889 256 An.
1912 229 1939 257 C.
1964 231 2027 259 ttea
