2111 3157
45 181 94 208 An.
110 179 140 207 C.
163 178 231 207 1680

236 228 326 258 causa
348 237 399 267 per
421 228 596 259 monasteria
618 232 716 258 nostra
739 228 968 264 transeuntibus,

236 280 268 307 ut
282 277 435 316 disciplina
451 278 605 316 regularis,
622 281 761 317 quantum
778 278 839 306 sieri
862 280 967 315 potest,

235 324 344 364 ubique
360 329 503 362 servetur,
523 326 703 362 ordinamus,
717 325 804 364 quod,
822 328 886 364 post
897 324 968 354 duas

235 372 267 402 in
294 373 420 412 hospitio
448 374 641 411 refectiones,
665 382 847 402 communem
878 372 967 400 vitam

235 421 318 460 sequi
339 421 479 459 debeant,
503 421 666 460 divinisque
687 421 823 450 intersint
844 420 945 449 officiis
958 441 965 454 ‚

235 472 264 499 et
286 469 412 509 capitulo
434 470 596 508 culparum,
620 469 696 498 haud
717 477 799 497 secus
821 477 852 496 ac
880 467 902 495 si
926 466 965 495 ihi

234 517 442 547 conventuales
456 520 562 552 essent,
579 516 635 545 nisi
657 516 728 545 forte
743 515 801 544 sint
816 515 924 543 debiles
939 517 966 543 et

234 565 356 603 infirmi,
379 569 428 595 aut
449 565 571 603 negotiis
593 565 734 603 occupati,
757 563 833 602 quod
856 563 966 601 praela-

235 617 330 643 torum
351 613 520 642 discretioni
541 612 744 650 relinquimus.

273 669 332 690 xw.
355 660 385 690 Si
407 660 455 699 qui
474 659 682 698 verolegitimo
697 659 902 697 impedimento
917 658 965 687 de-

233 707 306 737 tenti
327 708 357 737 in
379 708 476 746 aliquo
498 707 672 737 monasterio
694 706 961 741 commorabuntur,

232 764 286 785 nec
308 755 374 785 inde
396 755 430 785 ad
452 765 503 786 sua
525 755 700 785 monasteria
718 764 748 784 se
771 755 899 784 conferre
915 763 964 792 po-

817 180 1028 205 INNOCENTIUS
1050 180 1081 204 XI
1106 180 1154 204 1³1³.

1640 168 1699 202 3⁶21

1011 227 1204 266 coniunctus)
1227 226 1261 257 ad
1288 226 1475 256 habitandum
1504 227 1590 264 longo
1612 230 1741 265 tempore

1010 275 1039 304 in
1063 275 1247 305 monasteriis
1268 275 1377 305 nostris
1408 279 1439 303 ut
1467 274 1623 304 saecularis
1650 274 1743 303 susci-

1010 324 1124 361 piatur,
1157 324 1243 353 etiam
1271 323 1324 353 sub
1353 328 1501 363 praetextu
1533 323 1741 362 cuiuscumque

1009 371 1182 409 donationis,
1206 373 1381 409 testamenti,
1404 372 1502 410 legati,
1526 371 1570 401 vel
1592 372 1650 401 alia
1672 381 1742 410 qua-

1008 419 1051 448 vis
1073 420 1223 449 occasione
1245 420 1387 449 commodi
1417 420 1599 459 temporalis,
1623 420 1686 449 sine
1708 420 1742 449 li-

1008 467 1104 496 centia
1126 468 1244 506 capituli
1261 469 1413 506 generalis,
1428 469 1472 497 vel
1486 468 1647 506 regiminis,
1664 468 1741 506 quod

1007 518 1101 544 tamen
1125 525 1182 544 non
1205 516 1396 554 intelligimus
1419 516 1453 546 de
1477 516 1651 553 factoribuS,
1675 525 1740 555 pro-

1007 563 1189 593 curatoribus
1211 569 1238 594 et
1253 565 1317 594 aliis
1333 565 1449 595 famulis
1466 565 1664 595 saecularibus
1680 574 1738 595 mo-

1006 612 1199 641 nasteriorum
1222 616 1396 642 nostrorum.

1058 670 1154 701 CAPUT
1176 672 1243 701 LIV.
1267 672 1298 702 Sz'
1319 673 1394 702 dehet
1415 674 1559 703 monachus
1580 674 1686 704 litteras

1193 720 1233 749 vel
1254 721 1373 758 culoyias
1394 722 1541 760 suscipere.

1749 177 1799 204 An.
1816 177 1844 203 C.
1869 176 1935 204 ¹680

1049 776 1238 811 Nullatenus
1263 779 1339 812 licet
1362 780 1530 817 monacho,
1556 790 1615 812 nec
1639 791 1656 812 a
1683 790 1739 823 pa-
1770 799 1930 821 „mmmm

1749 826 1798 846 dent
1820 827 1852 846 vel
1875 828 1931 847 aici-

1006 829 1150 862 rentibus
1168 831 1246 870 suis,
1262 842 1322 863 nec
1342 842 1358 863 a
1377 842 1539 874 quoquam
1557 832 1735 872 hominum,
1749 853 1808 878 man,
1835 859 1879 872 sm,
1908 855 1931 873 ,,,

1005 891 1066 913 nec
1090 882 1152 915 sibi
1182 883 1319 916 invicem
1352 884 1397 925 (b)
1422 884 1546 916 litteras
1571 889 1626 916 aut
1650 879 1931 930 etilo-{3ss²¹3,3¹g¹”},fljg:

232 803 331 839 ierint,
348 812 405 833 non
428 803 519 842 possit
541 803 749 833 monasterium
765 803 836 832 illud
855 802 962 841 aliquid

231 854 330 890 petere
358 860 410 890 pro
435 851 570 890 expensis
596 850 728 887 cibariis3
753 850 776 879 si
805 853 901 879 autem
928 849 963 878 ob

229 898 441 936 infirmitatem,
460 903 592 929 servetur
614 899 690 938 quod
713 902 851 928 statutum
873 901 916 927 est
934 898 962 927 in

230 956 294 986 cap.
317 955 421 984 xxxvi,
444 956 525 977 num.
548 955 608 983 vu;
636 947 660 976 si
686 955 753 976 vero
783 946 818 975 oh
850 946 962 984 negotia

230 995 296 1034 quis
321 1004 428 1025 moram
451 996 564 1025 trahere
586 999 701 1025 coactus
722 995 819 1030 suerit,
844 994 962 1033 praelati

230 1043 308 1073 inter
329 1052 359 1073 se
381 1048 555 1083 componant
579 1044 608 1073 in
633 1043 767 1073 omnibus
795 1052 859 1072 cum
883 1051 963 1071 man-

229 1091 382 1122 suetudine
403 1096 432 1122 et
453 1092 637 1128 discretione,
651 1092 750 1121 habita
772 1091 883 1121 ratione
899 1099 963 1129 per—

229 1147 328 1176 sonae,
351 1139 417 1177 loci,
442 1140 580 1178 temporis
602 1143 630 1169 et
651 1139 770 1177 negotii.

268 1195 316 1216 xv.
340 1187 372 1217 In
393 1188 586 1227 suscipiendis
608 1191 705 1217 autem
720 1187 881 1226 hospitibus
898 1195 961 1225 pro-

229 1234 348 1265 hibeant
365 1235 485 1274 praelati
500 1245 588 1265 vanos
600 1239 766 1274 apparatus,
780 1235 809 1263 in
826 1234 962 1263 ornandis

229 1283 340 1313 scilicet
350 1283 502 1321 cubiculis,
517 1287 565 1313 aut
580 1283 699 1321 mensis,
716 1286 766 1312 aut
784 1281 959 1318 huiusmodi,

230 1331 358 1361 maxima
385 1340 451 1361 cum
481 1331 600 1370 pretiosi
621 1331 759 1370 temporis
780 1330 909 1367 iactura,
933 1334 961 1359 et

229 1380 326 1410 forsan
352 1379 434 1409 nulla.
461 1389 527 1409 cum
559 1379 778 1415 aedificatione,
802 1378 859 1408 nisi
890 1378 961 1407 sorte

228 1428 352 1468 hospitis
364 1428 543 1468 suscipiendi
558 1428 682 1466 dignitas
704 1428 757 1457 hoc
779 1428 917 1465 exigeret.
931 1426 960 1456 Si

228 1481 324 1507 autem
355 1477 462 1506 fuerint
489 1477 645 1506 familiares
672 1485 704 1505 ac
726 1475 886 1513 domestici,
909 1475 961 1504 du-

227 1529 331 1556 cantur
352 1526 455 1556 maiori
476 1534 542 1556 cum
564 1524 759 1555 familiaritate
774 1524 809 1554 ad
830 1523 961 1553 refectio-

227 1583 294 1604 nem
307 1574 485 1604 ordinariam
500 1574 531 1604 in
553 1574 705 1604 refectorio
720 1582 786 1603 cum
802 1577 958 1602 conventu.

267 1631 326 1653 XVI.
349 1623 481 1653 Monachi
504 1632 572 1653 vero
598 1622 690 1652 nostri
719 1622 845 1661 hospites
867 1622 897 1651 in
919 1621 962 1650 di-

226 1671 302 1702 vinis
319 1671 423 1701 officiis
444 1675 580 1710 poterunt
595 1680 625 1700 se
641 1680 706 1700 cum
721 1670 800 1700 illius
818 1674 961 1699 monaste-

226 1720 264 1751 rii
286 1719 526 1750 conventualibus
546 1720 738 1749 conformare.
755 1718 808 1754 Qui
827 1728 883 1749 non
896 1718 961 1748 mit-

226 1771 326 1798 tantur
355 1777 370 1797 a
398 1767 534 1807 praelatis
560 1767 620 1797 suis
647 1767 682 1796 ad
709 1767 764 1796 alia
787 1766 960 1798 monasteria

225 1815 306 1846 iuxta
328 1815 457 1853 regulam
480 1815 542 1845 sine
570 1815 677 1844 litteris
703 1814 959 1852 commendatitiiS,

227 1865 433 1903 conserantque
455 1873 521 1893 cum
542 1863 623 1896 illius
644 1864 813 1893 monasterii
832 1862 962 1902 superio-

225 1922 257 1943 re
278 1912 405 1951 negotia,
429 1920 554 1951 quorum
577 1912 667 1941 causa
687 1911 757 1941 illuc
778 1910 959 1947 advenerint,

227 1965 255 1991 et
276 1960 330 1991 sub
352 1960 431 1990 illius
454 1960 620 1990 obedientia
641 1959 699 1989 sint
721 1963 749 1988 et
770 1960 959 1989 correctione.

266 2017 335 2038 xvii.
359 2008 484 2039 Caveant
508 2012 605 2038 autem
627 2016 664 2037 ne
686 2007 789 2037 diebus
811 2008 891 2037 sestis
913 2016 963 2037 ne-

226 2057 304 2096 gotia
327 2060 515 2096 pertractent,
532 2060 581 2086 aut
596 2056 736 2095 equitent,
756 2055 812 2085 nisi
835 2056 962 2085 maxima

227 2109 349 2144 urgente
377 2105 562 2135 necessitate.
591 2104 626 2134 Et
653 2103 782 2134 modeste
809 2104 858 2142 (ut
880 2104 963 2133 (lecet

228 2153 400 2192 religiosos)
423 2162 454 2183 se
476 2153 601 2183 habeant
621 2153 652 2183 in
673 2153 808 2192 hospitiis
835 2153 963 2183 saecula-

228 2203 316 2240 rium,
333 2211 369 2232 ne
391 2202 464 2241 ipsis
477 2201 645 2232 scandalum
661 2201 830 2240 praebeant.
846 2201 880 2232 Et
895 2211 962 2232 con—

228 2251 373 2281 tentiones
394 2250 513 2280 omnino
535 2250 674 2280 devitent.

266 2308 347 2329 xvni.
364 2299 399 2329 Et
413 2308 450 2329 ne
464 2298 683 2329 conversatione
698 2299 892 2329 saecularium
912 2299 963 2330 ho-

228 2347 340 2377 minum
362 2356 462 2386 pacem
492 2351 520 2377 et
548 2347 673 2386 quietem
699 2347 821 2377 fratrum
851 2352 963 2378 nostro-

228 2404 294 2426 rum
316 2395 483 2435 perturbari
509 2395 678 2433 contingat,
702 2396 855 2426 statuimus
886 2397 963 2436 quod

230 2444 329 2474 nullus
350 2444 507 2474 saecularis
530 2443 699 2483 (cuiuslibet
719 2449 809 2474 status
831 2449 880 2475 aut
896 2454 965 2476 con-

230 2492 348 2523 ditionis
362 2493 479 2529 existat,
495 2493 610 2522 etiamsi
632 2493 731 2532 aliqua
752 2494 922 2532 cognatione
937 2498 965 2524 et

230 2540 371 2571 affinitate
397 2541 485 2571 alicui
513 2550 548 2571 ex
574 2541 683 2571 nostris
704 2542 855 2572 monachis
876 2542 966 2573 fuerit

317 2600 394 2628 Bull.
415 2600 497 2629 Rom.
517 2615 551 2621 —-
573 2600 633 2628 Vol.
654 2600 723 2628 XIX
862 2601 892 2628 41

1006 933 1085 975 gias,
1107 935 1156 968 vel
1183 935 1230 977 (a)
1256 936 1421 978 quaelibet
1441 937 1632 969 munuscula
1656 937 1738 969 acci·
1748 937 1781 951 Μ’

1005 996 1082 1028 pere
1108 992 1163 1019 aut
1187 988 1263 1020 dare
1279 1015 1286 1028 ‚
1317 989 1387 1021 sine
1411 993 1586 1031 praecepto
1611 988 1736 1022 abbatis

1004 1039 1063 1070 sui.
1084 1038 1171 1077 Quod
1196 1040 1221 1072 si
1248 1041 1344 1073 etiam
1369 1051 1386 1073 a
1409 1041 1599 1083 parentibus
1623 1041 1686 1074 suis
1708 1042 1737 1074 ei

1005 1091 1179 1134 quidquam
1200 1092 1355 1125 directum
1383 1093 1490 1132 suerit,
1514 1103 1580 1126 non
1606 1104 1738 1137 praesu-

1003 1148 1068 1175 mat
1092 1144 1256 1187 suscipere
1282 1145 1382 1184 illud,
1409 1144 1470 1177 nisi
1501 1146 1592 1188 prius
1618 1146 1737 1178 indica-

1004 1202 1071 1228 tum
1090 1196 1188 1229 suerit
1205 1197 1324 1238 abbati,
1343 1198 1429 1241 quod
1447 1199 1472 1230 si
1490 1198 1617 1231 iusserit
1635 1199 1737 1231 susci-

1003 1248 1057 1291 pi,
1081 1249 1114 1281 in
1146 1249 1271 1282 abbatis
1296 1250 1337 1282 sit
1368 1255 1524 1292 potestate
1540 1277 1547 1290 ,
1580 1250 1631 1282 cui
1656 1250 1736 1283 illud

1003 1301 1114 1334 iubeat
1139 1302 1219 1342 dari,
1248 1307 1280 1335 et
1303 1313 1369 1335 non
1393 1303 1602 1335 contristetur
1626 1303 1737 1342 frater,

1003 1354 1053 1386 cui
1078 1355 1159 1387 sorte
1184 1354 1341 1387 directum
1366 1355 1479 1394 suerat,
1497 1359 1531 1386 ut
1551 1365 1616 1387 non
1641 1355 1737 1388 detur

1003 1407 1130 1439 occasio
1155 1407 1297 1440 diabolo.
1318 1407 1375 1444 Oui
1401 1412 1507 1440 autem
1535 1407 1627 1439 aliter
1644 1418 1738 1450 prae—

1003 1460 1201 1503 sumpserit,
1232 1460 1421 1503 disciplinae
1453 1460 1594 1502 regulari
1633 1460 1738 1492 subia-

1002 1517 1081 1545 ceat

1272 1579 1466 1600 nccramrio.

1042 1623 1083 1660 (a)
1107 1632 1126 1652 1.
1152 1622 1290 1658 Quaelibet
1308 1623 1481 1652 munuscula.
1501 1622 1572 1658 Quia
1588 1632 1622 1652 cx
1639 1622 1739 1652 huius-

1003 1671 1079 1700 modi
1093 1680 1245 1700 munerum
1264 1671 1419 1708 largitione
1432 1674 1459 1700 et
1474 1671 1651 1709 receptione,
1666 1674 1739 1700 tam-

1003 1728 1088 1758 quam
1105 1719 1288 1759 proprietatis
1304 1719 1502 1755 incitamento,
1520 1728 1606 1757 saepe
1629 1719 1739 1748 inordi-

1003 1772 1068 1796 nata
1092 1767 1186 1797 oritur
1208 1767 1322 1797 affectio
1350 1771 1376 1796 et
1399 1766 1607 1806 complacentia
1630 1767 1660 1796 in
1682 1767 1738 1796 sra-

1003 1815 1107 1853 tribus,
1131 1816 1191 1854 qni,
1215 1826 1280 1845 cum
1303 1816 1375 1845 nihil
1397 1815 1504 1845 habere
1529 1815 1655 1854 possint,
1676 1824 1738 1845 mu-

1003 1873 1072 1894 nera
1095 1868 1189 1893 tamen
1213 1864 1345 1903 accipere
1367 1868 1394 1894 et
1416 1864 1485 1893 dare
1507 1872 1563 1894 non
1588 1867 1736 1893 metuunt:

1003 1912 1068 1942 ideo
1090 1912 1261 1942 mandamus
1283 1916 1398 1942 nostrae
1426 1911 1662 1950 Congregationis
1684 1911 1739 1940 sra-

1004 1960 1096 1990 tribns
1129 1960 1206 1999 quod
1239 1960 1295 1989 sibi
1324 1960 1447 1989 invicem
1476 1961 1641 1989 nullatenus
1670 1960 1740 1991 (lent

1003 2009 1187 2046 munuscula,
1201 2009 1279 2038 iuxta
1296 2009 1437 2047 regulam,
1454 2018 1506 2038 nec
1521 2009 1607 2039 etiam
1624 2010 1658 2039 ah
1674 2010 1739 2040 aliis

1003 2057 1235 2096 quibuscumque
1257 2060 1306 2086 aut
1338 2056 1513 2095 aliquaunde
1544 2057 1599 2086 sibi
1629 2058 1739 2088 directa

1003 2105 1156 2144 accipiant,
1179 2104 1242 2134 sine
1265 2105 1385 2143 praelati
1406 2105 1526 2143 speciali
1548 2105 1678 2136 licentia.

1042 2162 1072 2183 n.
1096 2153 1151 2184 Sed
1174 2162 1226 2182 nec
1248 2153 1303 2192 ipsi
1322 2152 1439 2182 abbates
1458 2153 1594 2183 fratribus
1616 2154 1739 2185 aliorum

1003 2201 1245 2232 monasteriorum
1259 2201 1429 2230 munuscula
1442 2201 1576 2238 mittant,
1593 2202 1649 2232 nisi
1668 2203 1740 2233 sorte

1004 2259 1019 2280 a
1041 2250 1178 2290 praelatis
1204 2249 1348 2279 dictorum
1369 2249 1490 2279 fratrum
1512 2249 1622 2280 suerint
1642 2251 1742 2291 requi-

1004 2298 1063 2328 siti.

1044 2347 1086 2385 (b)
1100 2355 1141 2376 111.
1156 2346 1282 2376 Litteras.
1295 2345 1392 2384 Siqua
1405 2345 1470 2376 utili
1480 2349 1508 2376 et
1520 2346 1642 2376 honesta
1653 2348 1742 2378 causa.

1006 2396 1108 2425 volunt
1128 2395 1220 2424 nostri
1244 2394 1354 2424 litteras
1369 2394 1511 2431 scribere,
1527 2395 1645 2425 obtenta
1660 2396 1741 2435 prius

1005 2454 1020 2474 a
1043 2444 1194 2483 superiore
1217 2443 1347 2480 licentia,
1370 2442 1516 2481 scribant,
1540 2444 1643 2474 deinde
1665 2445 1743 2474 litte-

1005 2502 1052 2523 ras
1074 2496 1189 2531 apertas
1210 2492 1342 2522 deserant
1362 2492 1508 2531 praelatis,
1532 2492 1566 2521 ab
1588 2493 1660 2531 ipsis
1682 2501 1744 2522 om·

1007 2542 1076 2572 nino
1092 2541 1228 2581 legandas
1251 2544 1279 2572 et
1295 2539 1531 2572 subscribendas.
1546 2541 1578 2572 Et
1594 2540 1743 2581 similiter,
