2111 3157
0 189 25 210 n.
44 180 75 208 C.
93 179 160 208 1688

740 179 950 205 INNOCENTH'S
972 181 1002 206 XI
1028 182 1076 206 PP-

1563 173 1620 208 791
1671 172 1724 212 Aa.
1740 182 1767 211 c.
1786 183 1854 214 was

161 227 255 262 citius
271 227 469 260 inveniamus
486 231 518 260 et
533 227 704 271 perfectius
731 228 895 271 possidea-
936 237 1001 258 raro
1024 229 1085 258 fieri
1113 229 1203 268 possit
1230 228 1419 268 transgressio
1447 229 1588 269 simplicis
1609 234 1666 260 sta-

160 291 230 313 mus
253 280 317 323 (a);
336 281 458 324 sicque,
477 281 612 313 Domino
627 281 836 321 concedente,
853 281 893 313 ad

159 333 392 377 perfectionem
424 332 589 366 charitatis
625 333 732 376 (quae
764 338 892 366 nostrae

159 385 374 429 professionis
398 391 429 418 et
458 385 555 418 totius
585 385 781 418 monasticae
808 385 891 418 vitae

158 439 231 473 finis
262 438 329 482 est)
355 438 523 482 pervenire
556 443 588 471 et
618 443 781 471 aeternam
813 438 889 471 inde

156 493 389 527 beatitudinem
414 491 560 525 obtinere
584 492 757 524 valeamus.

157 559 300 590 Ordinatio
311 558 425 598 capituli
433 557 570 597 generalis
585 558 651 587 αιιιιὶ
666 566 817 586 mncnxxix
832 555 888 595 (*).

159 618 173 637 ε(
195 608 238 639 Ad
259 608 399 638 tollendas
421 607 587 637 occasiones
610 605 759 636 erroribus
787 609 815 635 et
836 605 888 634 du-

153 656 228 693 biis,
256 666 291 686 ex
319 656 426 696 quibus
453 663 642 695 personarum
673 653 788 683 Ordinis
818 661 885 682 con-

153 705 292 736 scientiae
327 705 357 735 in
394 703 532 743 peccandi
563 702 730 732 discrimina
768 705 884 740 possent

152 754 275 791 coniici,
301 754 376 783 circa
399 752 568 792 qualitatem
589 750 773 788 obligationis
795 754 884 779 statu-

150 807 245 833 torum
267 801 394 838 Ordinis,
411 804 439 830 et
461 800 502 829 sic
524 799 756 829 satisfaciendum
779 799 882 837 optatis

151 851 325 886 multorum,
349 849 399 889 qui
421 850 563 878 instanter
591 848 736 887 postulant
757 847 786 877 id
808 847 881 877 dilu-

149 900 214 930 cide
239 897 379 938 exprimi:
402 897 583 926 declaramus
610 900 736 925 mentem
765 894 881 925 Ordinis

148 949 224 979 circa
240 950 393 987 praecepta
408 950 436 975 et
452 945 580 984 pericula
590 945 657 974 inde
672 944 798 974 cavenda
811 944 880 974 satis

147 1004 289 1036 apparere
310 1004 344 1025 ex
367 1004 396 1024 n.
421 1003 469 1031 xx,
487 1002 549 1033 cap.
571 1002 613 1028 111,
633 992 777 1022 secundae
789 993 879 1031 partis

147 1048 331 1075 statutorum.
356 1043 427 1073 Cum
449 1052 516 1080 ergo
541 1042 608 1072 velit
630 1042 726 1072 onmia
748 1042 779 1071 in
802 1041 880 1071 aedi-

147 1094 311 1124 ficationem
340 1096 368 1122 et
399 1101 456 1122 non
480 1092 510 1121 in
537 1091 762 1121 destructionem
785 1091 880 1129 dispo-

146 1151 233 1178 nere,
257 1151 289 1171 ac
311 1141 447 1180 proinde,
471 1139 565 1169 media
593 1139 707 1177 egregia
729 1139 764 1168 ad
786 1140 878 1178 perse-

146 1191 272 1221 ctionem
300 1189 488 1220 obtinendam
517 1187 676 1225 tradendo,
700 1188 816 1226 laqueos
844 1188 878 1217 ad

145 1226 363 1278 multiplicatida
385 1240 501 1277 peccata
520 1245 577 1266 non
601 1245 716 1275 ponere,
740 1236 878 1274 obligatio

143 1288 194 1318 illa
209 1287 305 1327 quoad
323 1286 437 1326 culpam
454 1285 538 1315 debet
553 1284 664 1314 desumi
680 1294 714 1314 ex
733 1285 877 1324 praecepti

145 1335 330 1373 formalitate,
347 1338 396 1363 aut
411 1333 547 1363 materiae
566 1333 717 1371 gravitate,
732 1342 765 1361 ex
781 1341 878 1371 respe-

144 1389 192 1414 ctu
215 1383 250 1413 ad
272 1392 304 1413 ea
327 1391 400 1422 quae
421 1386 488 1411 sunt
510 1381 597 1410 statui
623 1381 758 1419 religioso
780 1390 876 1410 essen-

144 1431 236 1468 tialia,
260 1431 305 1460 vel
327 1440 361 1460 ex
384 1430 577 1468 negligentiae
593 1433 641 1458 aut
664 1429 791 1458 scandali
807 1438 877 1468 qua-

143 1481 236 1510 litate.
260 1480 338 1509 Licet
367 1479 444 1508 enim
472 1478 594 1516 simplex
623 1482 761 1507 statutum
789 1478 877 1516 (idest

143 1528 224 1558 nullo
252 1530 404 1567 praecepto
437 1535 572 1565 expresso
603 1530 631 1555 et
658 1534 725 1555 vero
755 1526 877 1556 coniun-

143 1575 237 1614 ctum)
260 1584 317 1605 non
347 1574 456 1611 obliget
483 1582 535 1612 per
557 1582 587 1602 se
609 1573 644 1602 ad
666 1573 781 1612 culpam
795 1574 874 1611 ‚sed

143 1628 257 1655 tantum
278 1623 313 1653 ad
335 1632 469 1662 poenam,
493 1631 527 1651 ex
554 1622 636 1651 cuius
658 1622 789 1660 diligenti
811 1632 876 1652 exa-

144 1674 240 1704 ctione
252 1673 334 1711 vigor
350 1671 491 1710 regularis
503 1671 672 1710 disciplinae
688 1671 717 1700 in
732 1675 874 1701 monaste-

143 1722 196 1753 riis
219 1726 365 1758 servatur3
388 1725 513 1750 attamen
544 1724 624 1749 actus
653 1720 875 1757 transgressoris

143 1771 175 1801 fit
196 1779 248 1810 per
276 1779 307 1799 se
338 1773 488 1808 peccatum
520 1777 555 1797 ex
584 1768 694 1797 ratione
726 1768 874 1806 negligen-

143 1818 199 1848 tiae
228 1822 257 1848 et
281 1817 350 1848 mali
376 1816 498 1856 exempli
526 1816 590 1845 aliis
612 1816 758 1854 praestiti,
787 1817 872 1855 itaut,

143 1866 287 1906 seposita¹
304 1865 389 1895 etiam
406 1865 517 1894 ratione
536 1864 665 1894 scandali
684 1869 770 1903 atque
788 1865 873 1893 etiam

143 1914 286 1945 materie²
308 1913 343 1943 ad
359 1913 525 1944 essentialia
544 1917 674 1942 votorum
698 1913 872 1952 pertinente,

177 1990 205 2024 α)
226 1989 292 2017 Hinc
306 1989 441 2024 perpende
457 1988 517 2023 quis
532 1988 566 2014 sit
584 1988 814 2015 observantiarum
830 1997 874 2015 ex-

141 2038 281 2061 ternarum
296 2041 405 2068 scopus,
423 2036 450 2058 et
466 2040 518 2067 quo
531 2032 640 2058 tendere
655 2032 751 2059 debeat
766 2033 873 2059 illarum

142 2086 223 2110 usus,
249 2085 344 2111 nempe
367 2080 396 2103 ut
419 2076 451 2103 ad
476 2075 608 2102 hominem
635 2084 697 2102 vere
721 2077 873 2103 interiorem

142 2121 298 2148 adorantem
322 2121 351 2147 in
374 2120 468 2155 spiritu
491 2123 516 2145 et
541 2119 652 2146 veritate
669 2121 873 2154 perveniamus;

143 2169 205 2192 sunt
219 2166 292 2192 enim
313 2168 415 2191 tantum
431 2163 519 2189 media
534 2163 567 2189 ad
587 2164 768 2198 quaerendum
789 2169 815 2190 et
834 2165 874 2191 in-

142 2209 305 2237 veniendum
320 2208 403 2235 Deum
418 2208 444 2234 in
459 2207 566 2234 homine
581 2207 712 2241 interiori,
729 2212 757 2234 ut
771 2209 815 2235 hic
830 2217 875 2236 ex-

143 2261 263 2288 pressum
283 2252 376 2279 habes.

179 2297 204 2330 ”)
222 2296 333 2322 videndi
353 2298 415 2321 sunt
432 2295 466 2321 de
482 2295 531 2322 hac
550 2294 662 2322 materia
678 2295 703 2321 S.
721 2295 876 2324 Franciscus

143 2338 258 2366 salesius
277 2339 303 2365 in
324 2339 465 2366 collatione
485 2338 516 2365 de
537 2339 785 2370 constitutionibus,
803 2344 829 2366 et
844 2341 875 2366 il-

143 2381 220 2408 lustr.
242 2382 315 2409 card.
336 2390 350 2408 a
369 2381 537 2408 Turrecrem,
559 2382 584 2407 in
608 2390 665 2416 reg.
681 2382 708 2408 S.
730 2382 874 2415 Benedicti,

144 2430 222 2452 tract.
238 2433 264 2459 v,
286 2430 366 2460 atque
386 2425 414 2452 Ι).
432 2425 547 2452 Thomas
566 2427 592 2457 ⁰2,
607 2426 633 2458 ⁶2,
655 2435 680 2462 q.
700 2427 760 2461 188,
781 2432 830 2454 art.
847 2429 872 2461 9,

145 2474 171 2497 et
186 2470 294 2497 Navarr.
311 2471 337 2496 in
354 2470 481 2502 Mamali,
499 2479 556 2504 cap.
573 2477 642 2500 xxut.
660 2480 734 2498 num.
750 2479 812 2498 Lxu.

181 2516 190 2540 1
214 2506 286 2540 Male*
301 2514 364 2540 edit.
387 2513 465 2540 Μαίη.
486 2513 550 2546 legit
567 2515 715 2548 supposita
734 2517 771 2548 (u.
788 2515 836 2550 T.).

178 2557 194 2584 ἒ
213 2557 283 2585 Edit.
300 2558 377 2585 main.
395 2558 458 2594 legit
471 2560 609 2586 materiae
628 2561 665 2591 (n.
683 2561 733 2591 Τ.).

936 277 990 306 tuti
1022 277 1157 307 notabilis
1190 279 1274 317 plene
1304 278 1395 308 libera
1421 282 1448 308 et
1478 278 1674 317 voluntaria‚.

935 324 1007 354 idest
1029 325 1137 364 absque
1160 327 1328 356 tentationis
1345 327 1512 365 luctamine,
1529 330 1562 357 ut
1583 336 1664 365 egre-

933 372 978 410 gie
989 374 1111 412 explicat
1123 379 1239 404 sanctus
1251 375 1423 405 Franciscus
1438 375 1574 411 salesius,
1588 385 1663 415 quae

933 430 989 449 non
1012 422 1048 451 sit
1072 427 1221 460 peccatum
1242 423 1365 453 veniale.
1389 423 1418 453 Si
1444 432 1512 453 vero
1534 427 1663 453 contem-

933 472 998 507 ptus
1024 470 1206 508 reperiatur,
1233 475 1283 500 aut
1309 480 1395 509 grave
1423 472 1592 502 scandalum
1626 482 1661 504 ex

931 517 1126 548 habitualibus
1160 520 1462 558 transgressionibus,
1493 530 1564 559 quas
1595 523 1661 561 quis

930 566 1076 603 corrigere
1107 576 1165 596 non
1198 572 1279 597 curat
1312 572 1362 598 aut
1389 570 1567 606 contemnit,
1592 575 1661 601 tunc

928 622 1014 651 grave
1041 619 1192 653 peccatum
1215 619 1276 650 est,
1301 621 1328 646 et
1355 617 1421 647 talis
1450 619 1610 648 monachus
1629 620 1659 649 in

928 661 1174 699 periculosissimo
1187 672 1255 693 suae
1271 664 1372 694 salutis
1388 669 1463 695 statu
1482 670 1613 696 versatur
1628 677 1657 697 »-

926 731 1002 764 Adv.
1029 732 1140 764 Huius
1163 742 1262 765 novoe
1282 734 1478 767 collectionis
1495 746 1572 778 pars
1596 737 1661 779 pri.

968 793 1022 815 ma
1045 784 1102 816 sub
1125 784 1285 817 Ordinarii
1321 787 1451 819 nomine
1479 789 1658 830 separatim

967 840 1011 868 est
1041 837 1210 879 impressa.
1244 837 1307 870 Hic
1338 843 1447 870 autem
1475 845 1659 882 sequuntur

967 889 1112 931 capitula
1135 890 1295 922 secundae
1315 891 1442 933 partis:

922 954 1011 993 Caput
1032 963 1052 984 1.
1075 955 1114 985 De
1137 955 1245 994 triplici
1267 956 1409 987 divisione
1427 961 1611 997 statutorum,
1629 964 1657 990 et

1080 1004 1195 1042 quando
1210 1004 1354 1042 legantur,
1371 1005 1464 1045 deque
1482 1006 1580 1037 divino
1596 1009 1657 1038 osti-

1080 1052 1124 1081 cio
1146 1062 1204 1081 uno
1226 1053 1384 1092 eodemque
1405 1054 1489 1084 modo
1509 1055 1544 1085 ab
1563 1057 1656 1086 omni-

1079 1100 1132 1130 hus
1161 1100 1354 1139 celebrando,
1389 1101 1531 1142 librisque
1563 1105 1656 1135 corri-

1077 1148 1191 1186 gendis.

959 1215 997 1220 —-
1018 1205 1048 1226 11.
1072 1197 1111 1227 De
1132 1198 1273 1228 electione
1295 1199 1411 1237 prioris.

958 1262 997 1267 —
1018 1254 1058 1275 111.
1083 1245 1120 1275 De
1143 1246 1238 1276 officio
1262 1247 1381 1285 prioris.

958 1312 997 1317 ——
1017 1303 1055 1324 1v.
1079 1295 1118 1324 De
1141 1296 1291 1325 tractando
1314 1296 1445 1327 consilio.

958 1361 997 1366 —-
1018 1354 1045 1374 v.
1068 1343 1107 1373 De
1129 1344 1224 1373 officio
1247 1344 1347 1374 vicarii
1369 1349 1397 1375 et
1419 1346 1604 1386 antiquioris.

958 1409 996 1414 —
1017 1400 1055 1422 vi.
1079 1392 1117 1421 De
1140 1397 1338 1431 procuratore.

958 1456 996 1462 —
1016 1449 1066 1470 vn.
1090 1441 1129 1470 De
1151 1442 1333 1472 confessione
1355 1446 1383 1472 et
1405 1445 1621 1476 communione.

957 1507 995 1512 —
1016 1497 1075 1519 vm.
1099 1489 1137 1519 De
1160 1490 1298 1528 capitulo.

958 1557 993 1561 —
1015 1548 1055 1568 1x.
1080 1539 1119 1568 De
1141 1539 1250 1569 lectore
1271 1541 1428 1578 refectorii,
1443 1542 1563 1582 ipsoque
1579 1544 1652 1574 rese-

1077 1589 1180 1618 ctorio.

958 1653 993 1657 —-
1016 1644 1044 1664 x.
1067 1636 1106 1665 De
1129 1636 1304 1666 abstinentia
1326 1641 1353 1667 et
1369 1638 1498 1668 ieiuniis.

956 1701 991 1705 -—
1014 1692 1053 1712 xi.
1077 1684 1115 1713 De
1138 1685 1366 1722 minutionibus,
1390 1689 1502 1725 rasura,
1526 1687 1650 1718 infirmis

1075 1737 1103 1761 et
1128 1733 1290 1762 medicinis.

957 1797 991 1801 —
1015 1790 1063 1810 xu.
1078 1780 1115 1810 De
1129 1781 1309 1811 vestimentis
1322 1786 1348 1811 et
1359 1783 1531 1813 utensilibus
1546 1785 1647 1823 cellae,

1072 1829 1252 1868 edificiisquc
1273 1831 1487 1861 construendis.

956 1894 991 1899 -
1015 1886 1074 1906 xm.
1088 1877 1126 1906 De
1139 1878 1285 1908 solitariae
1298 1879 1372 1908 ritae
1385 1881 1645 1911 cotmnendatione.

957 1943 991 1948 —
1015 1935 1072 1955 x1v.
1097 1926 1134 1955 De
1157 1927 1247 1956 cellae
1263 1931 1290 1957 et
1309 1928 1416 1957 silentii
1432 1928 1645 1961 observatione.

956 1993 988 1997 —
1015 1984 1061 2005 xv.
1071 1975 1109 2005 De
1118 1976 1262 2014 colloquio
1271 1977 1390 2006 claustri
1400 1982 1427 2007 et
1436 1979 1646 2017 spatiamentis.

957 2041 992 2045 —
1016 2033 1072 2053 xvi.
1096 2024 1134 2054 De
1157 2024 1291 2062 operibus
1313 2026 1528 2056 communibus

958 2089 992 2093 —
1016 2081 1082 2100 xvu.
1108 2072 1147 2101 De
1170 2073 1290 2102 novitio.

956 2137 994 2143 —
1015 2129 1095 2150 xviu.
1119 2120 1157 2149 De
1176 2121 1354 2159 professione
1376 2123 1565 2153 novitiorum.

956 2185 995 2191 —
1017 2178 1075 2198 xix.
1104 2170 1141 2199 De
1168 2170 1237 2199 vitio
1265 2171 1451 2209 proprietatis
1479 2176 1507 2202 et
1533 2181 1647 2202 excom-

1075 2218 1270 2247 municatione
1294 2219 1565 2258 proprietariorum.

957 2283 995 2289 —
1017 2275 1065 2295 xx.
1089 2267 1126 2295 De
1150 2267 1325 2305 pauperibus
1343 2268 1527 2299 sublevandis
1542 2274 1569 2300 et
1585 2280 1648 2302 rnu-

1076 2314 1196 2343 lieribus
1219 2315 1375 2351 fugiendis.

956 2379 990 2384 -
1016 2371 1073 2392 xx1.
1088 2362 1125 2391 De
1143 2372 1262 2392 numero
1279 2363 1485 2403 habitatorum,
1503 2367 1584 2397 novis
1599 2368 1648 2398 do-

1074 2410 1180 2447 mibus,
1198 2415 1225 2440 et
1246 2412 1391 2450 hospitum
1415 2413 1527 2445 viaticis
1549 2419 1577 2446 et
1599 2425 1648 2446 ex-

1074 2459 1182 2497 pensis.

954 2524 993 2530 -
1014 2516 1083 2536 xxu.
1108 2507 1145 2536 De
1168 2508 1296 2545 generali
1319 2509 1472 2549 capitulo-V

953 2573 989 2578 -
1013 2564 1091 2586 xxm.
1115 2555 1153 2585 De
1175 2556 1397 2588 visitationibus.

1157 2676 1168 2691 v
