2111 3157
32 141 80 169 An.
100 134 130 166 C.
147 137 214 166 ¹678

49 719 159 740 ntandaiur
182 721 205 739 ut

23 746 306 792 gffmsossiffiabdssnobis
334 761 466 793 caelitus
501 760 671 803 pastoralis
705 760 800 793 officii
835 761 943 792 debito

22 797 203 847 i⁸e⁸c²i÷<ffissst³¹hsiss¹2
215 812 392 845 efficaciora
416 818 504 844 tanto
525 814 608 845 malo
634 813 777 845 remedia
789 812 943 844 adhibere

24 851 103 871 inmun
130 855 204 869 munus
920 864 925 868 .

21 876 105 902 aliquod
146 881 203 895 mr-
215 866 371 903 volentes,
392 865 429 897 de
455 866 683 897 nonnullorum
703 875 739 896 ex
758 870 944 896 memoratis

21 904 80 922 ceant
92 901 130 922 sub
139 902 202 922 cerlis

20 933 101 955 poenis.

798 139 1009 165 INNOCEN‘HUS
1031 140 1060 164 X1
1086 140 1134 164 111».

220 187 348 228 siones,
370 188 472 228 rixas,
499 188 672 222 divisiones
704 193 735 222 et
766 189 833 221 sere
867 187 970 220 nova¹

219 240 390 273 schismata
402 241 634 280 suscitaveffnt,
649 242 682 274 in
695 251 846 283 magnum
863 240 949 272 chri-

218 292 339 324 stianae
378 293 546 335 religionis
584 294 813 326 detrimentum
852 297 947 334 atque

218 344 408 386 perniciem,
427 355 487 378 nec
503 345 652 388 pluribus
666 343 947 392 constitutionibus

218 397 405 439 apostolicis
444 402 475 429 et
514 397 651 429 decretis
676 395 945 438 Congregationis

216 449 449 481 venerabilium
475 449 607 480 fratrum
631 454 814 481 nostrorum
834 447 946 480 S.R.E.

217 501 425 533 cardinalium
449 501 587 542 negotiis
610 501 839 543 Propagandae
857 500 945 532 Fidei

216 554 480 596 praepositorum,
506 554 543 586 ad
570 554 802 585 occurrendum
835 552 946 584 huius-

215 605 300 637 modi
319 605 409 637 malis
428 610 608 647 opportune
633 605 842 647 promanatis,
861 604 946 636 debi-

215 661 278 688 tam
303 656 521 689 obedientiam
547 661 711 699 praestare
736 656 910 688 voluerint:

258 709 273 752 §
299 709 329 740 1.
350 709 430 741 Hinc
447 715 496 741 est
515 709 601 751 quod
626 719 694 748 nos,
720 719 757 740 ex
782 708 943 741 commissi

212 917 428 949 cardinalibus
453 927 550 959 super
575 917 636 948 hoc
660 916 787 958 negotio
808 926 825 947 a
849 916 942 947 nobis

212 969 398 1012 specialiter
421 969 655 1011 deputatorum,
682 970 736 1011 qui
762 969 895 1001 dilectos
911 968 943 999 ti-

212 1022 272 1054 lios
296 1021 498 1063 presbyteros
520 1022 686 1062 regulares
711 1021 877 1053 Societatis
898 1021 944 1053 le—

212 1085 259 1113 su,
273 1079 303 1106 et
327 1073 502 1116 praecipue
520 1073 738 1115 praepositum
759 1074 941 1115 generalem

213 1131 244 1158 et
268 1125 476 1158 secretarium
502 1125 647 1157 eiusdem
673 1124 852 1165 Societatis,
880 1131 940 1157 tam

210 1178 278 1211 viva
300 1188 376 1210 voce
401 1187 494 1219 quam
521 1177 552 1208 in
579 1177 707 1218 scriptis
732 1188 830 1220 super
847 1188 941 1220 prae-

210 1231 315 1263 missis
348 1230 565 1267 informantes,
592 1229 713 1271 pluries
745 1229 939 1269 audierunt,

209 1283 358 1321 consilio,
385 1281 573 1314 auctoritate
605 1282 802 1324 apostoliea,
828 1287 940 1314 tenore

208 1335 441 1377 praesentium,
460 1334 677 1377 praecipimus
695 1339 725 1366 et
739 1334 938 1373 mandamus,

209 1392 243 1418 ut
264 1387 350 1419 illico
367 1387 403 1419 ad
424 1387 506 1419 ham·
525 1388 639 1418 almam
664 1386 783 1418 Urbem
800 1391 939 1418 nostram

207 1440 363 1472 accedant
398 1440 507 1472 dilecti
551 1439 648 1471 etiam
684 1438 740 1471 filii
780 1439 938 1481 Iosephus

206 1491 383 1531 Tessavier,
409 1492 596 1524 Emmanuel
622 1491 764 1531 Ferrere,
797 1491 939 1523 Domini-

206 1554 261 1576 cus
285 1544 425 1583 Fueitus,
442 1544 611 1587 Philippus
630 1545 781 1584 Marinus,
800 1544 938 1577 Thomas

206 1595 421 1638 Vulgarveira,
450 1596 606 1639 Iosephus
630 1596 801 1629 Candonus
819 1602 849 1628 et
866 1597 939 1629 Bar-

205 1649 409 1682 tholomaeus
434 1661 450 1682 a
480 1650 585 1689 Costa,
605 1650 783 1692 presbyteri
810 1651 938 1692 regula-

204 1712 255 1734 res
281 1703 382 1735 dietae
400 1702 570 1735 Societatis
595 1703 676 1741 Iesu,
691 1713 763 1742 nec,
779 1713 796 1734 a
820 1703 871 1734 die
890 1703 938 1734 111-

206 1755 380 1787 timationis
404 1755 588 1798 praesentis
614 1755 768 1794 mandati,
796 1755 858 1798 ipsi
888 1766 937 1788 eo·

203 1817 341 1850 rumque
366 1808 449 1840 ullus
464 1808 578 1840 audeat
592 1809 658 1840 ullo
675 1808 770 1840 modo
785 1818 936 1841 exercere

204 1860 431 1903 quodcumque
456 1871 571 1892 munus
598 1860 794 1893 missionarii
815 1861 881 1893 sive
899 1872 935 1893 ex

204 1912 409 1945 facultatibus
446 1913 550 1946 dictae
583 1913 675 1946 Sedis
709 1914 935 1956 Apostolum,

204 1965 270 1998 sive
295 1975 331 1998 ex
356 1966 534 2009 privilegiis
560 1966 742 2009 praedictae
768 1967 936 2000 Societatis

204 2018 291 2058 Iesu,
320 2018 385 2051 sive
411 2029 447 2051 ex
473 2019 678 2052 facultatibus
704 2020 743 2051 ab
769 2020 831 2052 alio
857 2030 936 2062 quo-

204 2081 340 2114 cumque
368 2076 422 2103 aut
446 2071 595 2104 omnibus
620 2069 675 2104 aut
695 2071 829 2114 singulis
854 2072 935 2114 ipso-

203 2134 274 2156 rum
299 2124 411 2167 quovis
443 2124 536 2157 titulo
570 2125 753 2165 concessis,
779 2135 840 2157 nec
864 2136 936 2157 con-

204 2177 359 2210 fessiones
383 2177 506 2217 audire,
532 2177 735 2217 concionari,
761 2182 815 2209 aut
839 2188 936 2221 quae-

204 2239 339 2272 cumque
356 2235 555 2262 sacramenta
572 2230 817 2272 quomodolibet
836 2230 936 2262 admi-

204 2281 362 2322 nistrare,
399 2281 496 2314 etiam
529 2287 690 2325 tamquam
716 2282 858 2325 deputati
896 2284 934 2315 ab

205 2334 366 2377 episcopis
391 2344 447 2367 seu
472 2333 648 2367 Ordinariis
674 2334 852 2374 Indiarum,
880 2345 935 2368 110-

205 2397 267 2429 que
285 2392 443 2430 tamquam
464 2387 628 2430 simplices
645 2387 748 2420 dictae
766 2387 934 2420 Societatis

204 2438 274 2471 Iesu
309 2440 493 2472 sacerdotes
529 2444 561 2472 et
592 2439 754 2481 religiosi,
781 2449 840 2471 nec
872 2440 934 2472 alio

206 2502 409 2535 quocumque
435 2492 540 2533 titulo,
567 2495 660 2526 causa
690 2503 746 2525 seu
772 2493 933 2535 facultate,

1618 128 1682 162 1117

991 188 1029 220 de
1053 189 1169 231 quibus
1196 198 1347 231 expressa
1373 187 1520 231 specialis
1544 191 1575 220 et
1598 186 1720 229 specia-

990 240 1109 274 lissima
1133 246 1218 273 esset
1242 240 1388 273 facienda
1411 240 1543 279 mentio,
1563 238 1619 271 sub
1644 248 1721 281 poe-

990 293 1039 325 nis
1065 293 1148 325 infra
1172 293 1404 337 exprimendis.

1032 345 1046 387 ἓ
1066 345 1097 377 2.
1124 345 1190 378 Hoc
1214 351 1318 378 autem
1343 349 1550 388 praeceptum
1574 348 1606 376 et
1630 353 1719 375 man·
1742 354 1914 375 {ntimuurmnn-

1731 382 1808 404 datum,
1818 384 1837 400 vt
1852 382 1914 401 unica

990 396 1099 429 datum
1117 403 1261 430 nostrum
1275 398 1439 440 praedicto
1463 396 1648 439 praeposito
1667 405 1834 437 ge-i..«....;.1..‚
1884 414 1890 426 t

988 449 1090 481 nerali
1123 449 1290 481 Societatis
1326 449 1395 481 lesu
1422 448 1638 491 quantocitius
1663 438 1829 489 persslsslffl‘i.
1858 433 1914 452 [Νη

989 500 1141 532 dilectum
1155 500 1255 533 silium
1272 502 1458 543 magistrum
1474 500 1636 533 Urbanum
1650 499 1721 532 Cer-

988 562 1070 591 rum,
1096 553 1128 584 in
1153 555 1286 595 utraque
1312 553 1478 594 signatura
1502 554 1611 584 nostra
1635 552 1719 583 rese-

988 604 1171 636 rendarium
1196 615 1231 636 ac
1248 604 1432 647 praedictae
1450 604 1717 646 Congregationis

987 656 1199 688 cardinalium
1231 656 1604 695 secretarium,intimari
1629 656 1718 687 volu-

987 718 1069 748 mus,
1096 719 1132 740 ac
1155 709 1261 741 eidem
1287 709 1473 751 praeposito
1500 708 1643 749 generali
1661 709 1718 739 ha-

986 771 1055 792 rum
1076 760 1159 793 serie
1184 761 1381 803 iniungimus
1405 766 1439 792 ut.
1456 760 1590 792 scribat¹
1606 770 1718 802 supra-

987 813 1078 844 dictis
1102 813 1260 855 losepho,
1287 812 1507 852 Emmanueli,
1533 812 1716 851 Dominico,

986 865 1147 908 Philippo,
1169 866 1321 905 Thomae,
1339 865 1428 898 alteri
1447 865 1584 907 Iosepho
1603 870 1635 896 et
1649 865 1717 896 Bar-

1729 138 1776 163 An.
1797 136 1826 164 C.
1845 136 1912 165 1678

963 928 964 936 ¹
987 918 1172 951 tholomaeo
1188 945 1195 957 ,
1223 929 1259 950 ac
1285 917 1508 961 superioribus
1533 917 1635 949 dictae
1660 917 1717 949 So-

986 971 1109 1003 cietatis
1134 971 1166 1002 111
1192 971 1255 1003 11115
1282 970 1427 1013 partibus
1452 969 1657 1011 degentibus,
1677 969 1717 1001 ad

986 1023 1047 1055 hoc
1072 1028 1106 1054 ut
1130 1027 1341 1065 praeceptum
1375 1028 1406 1054 et
1437 1022 1624 1053 mandatum
1661 1031 1717 1053 no—

985 1080 1086 1107 strum
1108 1075 1305 1115 huiusmodi,
1321 1075 1407 1107 omni
1420 1074 1599 1117 postposita
1615 1076 1716 1113 mora,

985 1133 1016 1160 et
1040 1138 1111 1160 011111
1137 1128 1245 1160 debita
1275 1128 1460 1160 obedientia
1493 1132 1713 1169 exequantur,

984 1190 1054 1211 cum
1081 1180 1298 1212 declaratione
1328 1180 1414 1221 quod
1438 1179 1534 1211 unica
1555 1178 1715 1211 intimatio

983 1232 1148 1274 praecepti
1174 1232 1374 1274 praescripti,
1407 1231 1502 1263 etiam
1529 1231 1658 1270 reiecta,
1685 1236 1716 1263 et

983 1283 1094 1324 quovis
1118 1288 1285 1325 praetextu
1313 1288 1367 1315 aut
1392 1283 1502 1315 colore
1528 1293 1593 1315 non
1629 1293 1715 1315 acce-

982 1340 1081 1377 ptata,
1100 1335 1164 1367 sire
1191 1336 1285 1367 etiam
1304 1335 1364 1367 sub
1389 1336 1497 1378 quavis
1519 1335 1714 1374 conditione,

982 1388 1221 1420 modificatione
1239 1390 1288 1421 vel
1313 1388 1509 1420 forrnalitate
1534 1393 1712 1430 acceptata,

981 1440 1103 1482 obliget
1127 1441 1272 1473 absolute
1299 1446 1330 1473 et
1354 1441 1386 1472 in
1412 1445 1513 1473 totum
1538 1450 1650 1472 omnes
1675 1441 1713 1472 ad

981 1493 1161 1536 parendum
1192 1498 1224 1526 et
1255 1494 1293 1526 ad
1326 1493 1492 1526 incursum
1515 1503 1714 1536 poenarum:

980 1557 1037 1578 nos
1055 1546 1140 1579 enim
1158 1552 1368 1589 praeceptum
1394 1545 1579 1579 huiusmodi
1602 1546 1715 1578 haberi

980 1601 1126 1632 volumus
1151 1610 1211 1642 pro
1235 1599 1376 1641 legitime
1396 1598 1544 1631 intimato
1563 1599 1713 1631 omnibus

980 1652 1179 1695 presbyteris
1200 1652 1404 1694 regularibus
1429 1651 1713 1694 supranominatis,

980 1709 1012 1736 et
1035 1704 1207 1746 unicuique
1222 1714 1342 1743 eorum,
1363 1714 1400 1736 eo
1426 1704 1495 1746 ipso
1522 1704 1605 1746 quod
1621 1713 1714 1746 prae-

980 1757 1085 1799 posito
1109 1757 1315 1799 provinciali,
1333 1762 1387 1789 aut
1408 1756 1498 1788 alteri
1521 1756 1590 1789 eius
1615 1756 1715 1788 vices-

981 1810 1120 1851 gerenfi,
1140 1809 1204 1842 sive
1220 1809 1403 1842 rectoribus
1415 1808 1638 1851 collegiorum,
1661 1813 1714 1840 aut

978 1862 1210 1904 superioribus,
1225 1872 1428 1905 quocumque
1453 1861 1584 1894 nomine
1605 1863 1714 1903 appel-

977 1913 1093 1950 lentur,
1109 1910 1289 1943 intimatum
1307 1911 1415 1943 fuerit.
1435 1911 1479 1952 Et,
1495 1919 1653 1955 quatenus
1670 1913 1714 1944 in-

976 1962 1177 1995 timationem
1195 1963 1379 1997 huiusmodi
1398 1965 1491 1998 modo
1512 1966 1712 2009 praescripto

976 2015 1196 2058 personaliter
1227 2015 1297 2048 fieri
1327 2019 1494 2051 commode
1522 2028 1588 2050 11011
1618 2028 1712 2061 posse

977 2069 1053 2101 dieti
1076 2069 1183 2101 vicarii
1215 2071 1382 2110 apostolici
1404 2077 1458 2104 aut
1475 2081 1587 2104 eorum
1605 2073 1714 2113 provi-

977 2123 1052 2155 carii
1078 2122 1127 2153 vel
1152 2122 1293 2154 ministri
1321 2128 1356 2154 ut
1379 2133 1478 2167 supra
1503 2126 1647 2169 deputati
1669 2137 1713 2160 ar-

976 2176 1152 2218 bitrentur,
1170 2178 1223 2212 fiat
1241 2179 1296 2211 illa
1312 2185 1371 2220 per
1396 2179 1577 2212 affixionem
1596 2180 1633 2212 ad
1652 2182 1714 2214 val—

977 2240 1029 2261 vas
1055 2231 1266 2264 ecclesiarum
1302 2242 1356 2264 seu
1382 2232 1553 2264 domorum
1577 2233 1714 2266 clerico-

977 2293 1046 2314 rum
1071 2293 1128 2315 seu
1154 2284 1417 2327 presbyterorum
1443 2285 1640 2327 regularium
1666 2286 1713 2318 di-

978 2340 1046 2367 ctae
1065 2335 1230 2369 Societatis
1250 2337 1337 2376 lesu;
1356 2337 1382 2370 si
1401 2342 1506 2370 autern
1522 2337 1714 2380 [iuramenta

978 2398 1037 2430 per
1048 2398 1268 2431 quoscumque
1283 2388 1513 2429 missionari0s‚
1529 2395 1591 2422 tam
1605 2400 1715 2424 saecu-

1013 2503 1024 2528 1
1049 2502 1119 2545 Edit.
1142 2502 1220 2530 Main.
1241 2502 1306 2539 legit
1325 2504 1425 2532 scribet
1445 2505 1482 2539 (a.
1503 2506 1551 2539 1.).
