2111 3157
177 267 226 293 An.
243 265 271 292 C.
294 266 362 293 1587

410 257 473 291 750

954 262 1134 287 primaten
1159 251 1311 286 nouuvmr

1893 249 1943 289 An}
1958 243 2074 291 'eptem

370 316 449 348 alias
469 315 607 348 habeant
635 313 878 347 coemeterium.
898 312 1034 354 Insuper
1052 310 1109 343 eis·
1153 310 1208 342 tris
1225 310 1386 343 Ecclesiae
1411 310 1605 344 exaltatione
1629 311 1697 354 pias
1722 311 1761 344 ad
1786 311 1886 345 Deum

371 369 444 401 dem
471 368 706 407 confratribus,
733 371 766 398 ut
794 364 1030 397 sanctissimum
1054 363 1109 395 Eu-

371 421 544 454 charistiae
571 423 820 457 sacramentum,
856 417 966 450 debito
1000 421 1108 449 tamen

371 486 441 507 cum
469 475 594 507 honore
620 478 652 505 et
677 471 868 510 reverentia,
902 471 935 503 in
961 469 1107 502 ecelesiis

371 528 529 560 dictorum
557 525 767 568 hospitalium
793 524 919 557 assidue
939 529 969 556 et
993 533 1108 567 perpe-

370 585 424 611 tuo
449 588 613 611 asservare
639 583 670 611 et
708 578 849 610 letinere
879 576 983 609 libere
1009 581 1042 609 et
1073 576 1109 608 li-

370 632 432 666 cite
459 632 603 675 possint;
630 636 729 674 utque
765 636 965 663 sacramenta
994 629 1108 662 Poeni-

371 686 497 725 tentiae,
516 684 738 718 Eucharistiae
758 689 788 716 ct
801 684 968 716 Extremae
979 682 1108 715 Unctio-

369 740 418 772 nis
443 738 661 772 administrari
683 738 812 770 valeant
830 736 965 770 infirmis
983 741 1015 768 et
1035 735 1106 768 aliis

369 792 518 835 personis
544 802 641 834 supra
666 790 826 833 expressis
845 800 903 832 per
922 789 1108 832 capellanos

370 846 556 879 eorumdem
593 845 811 888 hospitalium,
849 843 1024 876 dummodo
1064 847 1109 874 ta-

369 909 443 932 men
470 899 565 931 iidem
591 897 749 941 capellani
783 897 867 929 intra
892 901 982 938 septa
1007 895 1108 928 dicto-

370 962 441 984 rum
466 951 675 994 hospitalium
711 954 971 988 commorentur,
1007 953 1106 991 utque

369 1005 466 1038 liceat
491 1005 611 1038 eisdem
638 1004 816 1046 capellanis
837 1003 869 1034 in
888 1002 982 1035 dietis
1003 1002 1107 1034 eccle-

369 1058 425 1090 siis
452 1057 558 1090 divina
591 1057 695 1091 officia
727 1062 758 1089 et
793 1056 906 1088 missas
945 1055 1107 1088 solemnes

369 1111 541 1151 celebrare,
568 1110 663 1143 etiam
689 1109 721 1142 in
747 1109 952 1142 hebdomada
978 1107 1103 1148 maiori,

368 1162 558 1196 auctoritate
596 1168 627 1195 et
651 1167 761 1195 tenore
795 1161 968 1204 praedictis
993 1162 1107 1203 educe-

369 1217 473 1249 dimus
505 1221 535 1248 et
561 1216 781 1258 indulgemus.
809 1215 953 1257 Denique
979 1214 1106 1247 confra-

369 1269 470 1301 tribus
495 1269 598 1302 dictae
624 1269 794 1306 societatis,
809 1278 884 1300 vere
910 1267 1107 1310 poenitenti-

367 1323 426 1355 bus
452 1327 483 1354 et
513 1322 670 1355 confessis
701 1332 736 1354 ac
762 1324 853 1354 sacra
877 1321 1105 1353 communione

368 1375 511 1414 resectis,
537 1375 588 1407 die
614 1374 717 1417 prima
741 1384 854 1407 eorum
881 1374 1048 1416 ingressus
1073 1373 1104 1405 in

368 1428 554 1460 societatem
582 1427 780 1465 huiusmodi,
809 1427 1007 1469 plenariam,
1030 1436 1105 1459 nec-

368 1491 431 1513 non
458 1481 607 1513 omnibus
633 1486 663 1512 et
690 1479 825 1521 singulis
852 1479 954 1522 ipsius
976 1478 1105 1512 societa-

368 1533 409 1565 tis
426 1533 652 1573 confratribus,
676 1543 709 1565 ac
731 1532 864 1565 infirmis
883 1532 1103 1571 morientibus,

369 1592 402 1618 et
426 1587 574 1629 personis
599 1586 850 1619 inservientibus
877 1586 908 1618 in
934 1585 1028 1617 dietis
1048 1586 1105 1617 hc-

369 1640 552 1683 spitalibus,
580 1640 611 1672 in
637 1640 810 1672 cuiuslibet
844 1650 956 1672 eorum
992 1639 1104 1671 mortis

368 1694 512 1733 articulo⁷
539 1693 564 1725 si
590 1704 661 1726 vere
683 1693 831 1725 similiter
851 1692 1058 1735 poenitentes
1074 1697 1105 1724 et

369 1747 521 1788 confessi,
549 1758 585 1779 ac
611 1748 699 1779 saera
725 1746 955 1779 communione
978 1745 1102 1784 refecti,

368 1800 428 1840 vel,
443 1805 600 1843 quatenus
625 1800 656 1832 id
683 1800 785 1832 facere
812 1799 1023 1842 nequiverint,
1050 1800 1103 1831 sal-

367 1858 430 1885 tem
455 1853 594 1892 contriti,
619 1864 737 1886 nomen
763 1853 832 1885 Iesu
854 1863 919 1892 ore,
941 1852 965 1885 si
991 1857 1105 1895 potue-

367 1906 443 1946 rint,
469 1906 517 1938 sin
544 1907 649 1939 minus
675 1907 771 1939 corde
798 1906 912 1938 devote
938 1906 1104 1938 invocave-

367 1958 443 1999 rint,
470 1959 579 1993 itidem
606 1959 802 2002 plenariam3
835 1970 871 1991 ac
897 1959 1047 1991 omnibus
1074 1964 1105 1991 et

367 2013 501 2055 singulis
525 2014 695 2056 utriusque
721 2024 815 2045 sexus
841 2012 1104 2046 christifidelibus

367 2076 441 2098 vere
467 2077 596 2109 quoque
621 2066 862 2109 poenitentibus
887 2072 918 2098 et
946 2065 1102 2098 centussis

367 2130 403 2152 ac
428 2123 516 2152 sacra
541 2120 768 2153 communione
800 2119 940 2159 refectis,
968 2119 1022 2161 qui
1048 2119 1103 2151 ali-

368 2182 461 2215 quam
488 2183 522 2204 ex
550 2171 694 2205 ecclesiis
721 2172 879 2205 dictorum
906 2172 1103 2204 confratrum

368 2230 430 2258 tam
468 2227 622 2259 hactenus
656 2226 772 2259 erectis
807 2236 902 2269 quam
934 2225 966 2257 in
1000 2230 1104 2267 poste-

367 2287 436 2312 rum
454 2280 718 2322 quandocumque
737 2279 909 2321 erigendis,
929 2278 961 2310 in
982 2279 1104 2311 duabus

369 2337 491 2364 tantum
517 2332 591 2364 anni
626 2332 854 2364 festivitatibus
887 2342 944 2374 per
969 2330 1105 2364 Ordina-

368 2385 434 2416 rios
461 2386 604 2417 locorum
635 2386 816 2428 respective
850 2385 948 2417 semel
983 2389 1102 2416 tantum

370 2437 587 2478 designandis,
602 2450 617 2470 a
643 2439 754 2481 primis
779 2438 919 2481 vesperis
943 2448 1044 2479 usque
1064 2438 1102 2470 ad

369 2500 515 2524 occasum
533 2491 607 2523 solis
626 2492 831 2523 festivitatum
849 2490 1104 2530 liuiusmodi,a11-

370 2543 419 2575 nis
445 2543 578 2584 siugulis
612 2545 725 2577 devote
764 2544 978 2583 visitaverint,
1005 2549 1035 2576 ct
1059 2543 1101 2575 ibi

370 2605 428 2637 pro
447 2595 694 2628 chri—tianorum
717 2597 899 2639 principum
919 2596 1103 2634 concordia,

368 2647 541 2681 haeresum
567 2649 793 2691 extimatione,
821 2660 856 2682 ac
882 2656 1012 2683 sanctae
1037 2660 1103 2682 ma-

1151 373 1264 406 preces
1290 362 1467 403 effuderint,
1499 375 1561 407 qua
1594 364 1763 397 festivitate
1794 374 1887 407 prae-

1151 416 1288 448 fatarum
1323 415 1356 448 id
1391 416 1535 459 egerint,
1558 416 1668 449 etiam
1705 417 1887 459 plenariam

1150 470 1293 503 omnium
1317 476 1525 513 peccatorum
1558 481 1691 504 suorum
1716 471 1888 513 indulgen-

1152 523 1226 558 tiam
1260 530 1292 556 et
1315 523 1542 557 remissionem
1568 523 1822 557 misericorditer
1853 524 1888 556 in

1150 577 1285 612 Domino
1311 577 1532 610 concedimus.

1193 631 1207 673 ἓ
1232 630 1263 663 3.
1291 630 1512 663 Decernentes
1538 631 1667 664 easdem
1697 636 1890 674 praesentes

1150 683 1276 716 litteras
1302 693 1432 727 semper
1456 682 1578 723 firmas,
1606 684 1729 717 validas
1761 688 1794 717 et
1821 684 1889 717 effi-

1150 746 1242 768 caces
1262 736 1403 769 existere
1415 742 1446 768 et
1462 736 1539 775 fore,
1558 746 1700 779 suosque
1718 736 1888 780 plenarios

1150 795 1182 822 et
1205 790 1353 832 integros
1382 789 1516 823 effectus
1533 790 1642 823 sortiri
1674 795 1705 823 et
1725 791 1889 832 obtinere,

1150 852 1185 875 ac
1208 842 1285 882 illis,
1308 843 1347 875 ad
1370 854 1451 886 quos
1473 849 1600 886 spectat
1615 849 1646 876 et
1662 854 1720 886 pro
1738 849 1888 886 tempore

1150 896 1419 938 quandocumque
1443 896 1616 938 spectabit,
1637 896 1668 928 in
1687 897 1836 929 omnibus
1858 901 1890 929 et

1150 958 1209 990 per
1241 949 1347 980 onmia
1379 949 1567 991 plenissime
1589 948 1764 992 suffragari,
1793 954 1825 982 et
1849 950 1888 982 ab

1150 1001 1196 1033 eis
1226 1001 1406 1044 respective
1439 1001 1671 1035 inviolabiliter
1702 1003 1887 1043 observari,

1150 1054 1263 1097 sicque
1292 1054 1325 1086 in
1362 1055 1550 1097 praemissis
1582 1066 1642 1098 per
1666 1066 1889 1099 quoscumque

1149 1108 1274 1140 iudices
1298 1108 1483 1141 ordinarios
1517 1115 1549 1140 et
1580 1109 1761 1151 delegatos,
1792 1108 1890 1143 etiam

1149 1171 1319 1193 causarum
1349 1161 1461 1204 palatii
1493 1161 1664 1204 apostolici
1697 1162 1886 1203 auditores,

1149 1213 1287 1247 iudicari
1322 1219 1354 1246 et
1378 1213 1506 1247 definiri
1534 1215 1669 1254 debere,
1694 1225 1730 1248 ac
1762 1214 1889 1247 irritum

1150 1272 1182 1299 et
1199 1267 1295 1300 inane
1317 1267 1342 1299 si
1368 1276 1462 1300 secus
1484 1278 1581 1310 super
1601 1267 1652 1300 his
1668 1278 1685 1300 a
1709 1277 1885 1311 quoquam,

1149 1320 1259 1363 quavis
1293 1319 1507 1362 auctoritate,
1543 1320 1686 1353 scienter
1709 1321 1759 1354 vel
1795 1319 1888 1362 igno-

1148 1378 1267 1413 ranter,
1293 1373 1468 1416 contigerit
1488 1373 1652 1406 attentari.

1190 1426 1204 1469 ἓ
1229 1426 1259 1458 4.
1287 1426 1358 1458 Non
1389 1425 1590 1459 obstantibus
1615 1427 1824 1469 praemissis,
1853 1435 2078 1485 accontu'ssigr‘ffsfflm

1146 1480 1353 1522 apostolicis,
1381 1485 1413 1512 et
1444 1479 1474 1511 in
1501 1479 1733 1513 universalibus
1758 1481 1888 1524 provin·
2051 1478 2056 1486 '

1146 1532 1348 1575 cialibusque
1373 1538 1403 1564 et
1429 1533 1636 1576 synodalibus
1657 1533 1805 1566 conciliis
1823 1534 1888 1567 edi-

1148 1585 1205 1625 tis,
1231 1586 1436 1627 generalibus
1461 1586 1510 1618 vel
1537 1586 1741 1628 specialibus,
1767 1587 1882 1620 consti-

1147 1639 1324 1671 tutionibus
1360 1643 1392 1670 et
1432 1639 1716 1680 ordinationibus,
1756 1650 1886 1674 necnon

1147 1692 1248 1725 dictae
1275 1692 1567 1731 confraternitatis,
1596 1702 1631 1724 ac
1656 1693 1883 1734 ecelesiarum,

1146 1744 1301 1777 Ordinum
1323 1750 1355 1778 et
1379 1745 1522 1777 locorum
1549 1744 1692 1787 priorum
1713 1745 1887 1788 quorumli-

1146 1799 1201 1831 bet
1226 1799 1364 1841 aliisque
1390 1798 1575 1840 quibusvis,
1602 1798 1698 1831 etiam
1723 1798 1886 1832 iuramen-

1147 1857 1200 1891 to,
1227 1852 1473 1884 confirmatione
1507 1851 1701 1893 apostoliea,
1730 1853 1781 1885 vel
1806 1863 1886 1895 qua·

1146 1905 1193 1937 vis
1219 1904 1372 1936 firmitate
1403 1904 1466 1936 alia
1490 1904 1673 1944 roboratis,
1695 1905 1827 1938 statutis
1851 1910 1885 1938 et

1146 1957 1455 1996 consuetudinilnis,
1474 1957 1657 2000 privilegiis
1679 1967 1822 2001 quoque,
1840 1958 1885 1991 in-

1147 2012 1246 2045 dultis
1267 2017 1299 2044 et
1329 2011 1445 2044 litteris
1477 2011 1667 2054 apostolicis
1699 2012 1731 2044 in
1758 2018 1885 2046 contra-

1146 2067 1226 2099 rium
1256 2065 1511 2108 praemissorum
1537 2063 1787 2106 quomodolibet
1808 2074 1884 2098 con-

1146 2119 1260 2157 cessis,
1288 2116 1486 2151 contirmatis
1513 2122 1545 2148 et
1563 2116 1739 2157 innovatis,
1765 2117 1882 2160 quibus

1146 2172 1297 2204 omnibus
1331 2175 1362 2203 et
1392 2169 1547 2212 singulis,
1582 2169 1712 2202 illorum
1751 2175 1882 2203 tenores

1145 2223 1367 2267 praesentibus
1385 2233 1443 2266 pro
1461 2224 1558 2265 plene
1577 2228 1608 2255 et
1624 2222 1821 2256 sufficienter
1835 2233 1884 2256 ex·

1146 2277 1265 2320 pressis
1291 2287 1326 2309 ac
1347 2277 1385 2310 ad
1406 2277 1538 2308 verbum
1558 2275 1690 2308 insertis
1712 2275 1883 2315 habentes,

1146 2331 1210 2364 illis
1239 2331 1317 2363 alias
1334 2330 1367 2362 in
1385 2339 1442 2362 suo
1460 2330 1576 2362 robore
1594 2329 1823 2372 permansuris,
1843 2329 1883 2363 ad

1146 2384 1398 2426 praemissorum
1418 2382 1577 2422 effectum,
1600 2382 1660 2414 hac
1672 2382 1740 2415 vice
1759 2381 1884 2426 dumta-

1146 2443 1208 2477 xat,
1227 2436 1415 2479 specialiter
1439 2441 1470 2468 et
1496 2445 1648 2478 expresse
1666 2436 1880 2478 derogamus,

1144 2490 1329 2532 ceterisque
1355 2489 1526 2522 contrariis
1552 2488 1824 2532 quibuscumque.

1188 2542 1258 2585 55.
1297 2543 1452 2574 Volumus
1487 2547 1593 2574 autem
1628 2546 1663 2574 ut
1693 2542 2071 2599 earumdem,„,„{,⁵3,‡lm',‘⁸¹¹‘

1144 2594 1363 2637 praesentium
1390 2594 1571 2626 litterarum
1589 2593 1808 2635 transumptis,
1826 2603 1882 2626 seu

1144 2649 1310 2692 exemplis,
1325 2649 1419 2682 etiam
1440 2648 1619 2692 impressis,
1634 2657 1730 2681 manu
1747 2646 1883 2681 alicuius

1925 643 2044 666 clausulae.
