2111 3157
4 203 54 230 Αη.
69 199 98 226 C.
123 199 188 226 ts89

4 261 183 289 datasuepiciouis
194 247 257 280 nisi
271 253 363 290 parte
378 248 472 281 citata
486 253 601 292 petens
619 249 846 281 inhibitionem
860 258 931 291 pro—

4 290 72 315 ¹”³⁸⁰'
194 300 321 332 baverit
345 311 378 333 se
404 301 571 344 possidere
589 301 621 333 in
646 301 729 333 Urbe
748 302 796 333 vel
823 299 929 332 distri-

195 357 249 386 ctu
273 353 359 386 bona
384 354 510 386 stabilia
535 354 584 387 vel
610 354 744 386 mobilia
775 363 856 397 quae
889 354 928 386 de

197 405 282 438 sacili
307 407 446 440 amoveri
470 417 536 439 non
561 412 707 450 possunt,
733 407 783 439 vel
815 407 927 438 saltem

197 459 324 493 dederit
347 460 530 493 cautionem
555 460 593 493 de
619 469 683 492 non
718 459 925 499 discedendo,

198 512 301 546 donec
324 517 414 556 parte
439 513 533 545 citata
556 512 743 556 probaverit
766 522 800 544 se
825 511 928 555 possi-

198 565 286 604 dere,
303 570 340 597 ut
358 575 465 608 supra.

243 617 402 650 Adversus
427 617 577 650 mandata
600 615 795 659 suspicionis
822 616 927 658 fugae,

199 675 301 704 stante
337 669 485 703 cautione
520 670 552 702 in
590 669 668 702 actis
702 668 856 711 praestita
891 669 929 701 de

199 723 314 756 stando
329 723 409 763 iure,
426 722 488 755 nisi
507 726 627 754 tantum
648 731 708 764 pro
723 723 844 754 summa
861 731 931 754 eon-

201 777 288 809 tenta
315 775 346 809 in
371 775 521 808 cautione
537 800 545 815 ,
563 778 594 806 et
618 774 771 806 adversus
795 773 931 807 credito-

201 838 267 861 rem
293 827 504 860 nominatum.

243 880 316 914 Non
339 883 492 923 qratetur
512 878 700 921 gratiosum,
720 878 769 911 vel
795 877 833 911 ad
858 877 931 910 ell'e-

200 938 284 966 ctum
309 931 517 969 concordati,
542 932 591 964 vel
617 931 790 974 aliquando
816 931 931 963 iterum

201 985 360 1025 audiendi,
386 985 433 1018 vel
460 984 530 1017 aliis
556 985 594 1017 (le
620 984 730 1023 causis,
749 983 809 1016 nisi
831 984 931 1017 semel

201 1045 332 1078 tantum,
348 1044 379 1072 ct
403 1048 462 1082 pro
487 1037 630 1081 quinque
657 1037 769 1069 diebus
787 1037 825 1069 ad
847 1047 932 1069 sum-

201 1102 298 1125 mum.

244 1144 460 1178 inhibitiones
485 1144 652 1186 generales
678 1143 932 1187 quibuscumque

202 1197 349 1241 personis
383 1197 479 1229 ctiam
516 1195 723 1239 privilegiatis
749 1205 807 1238 per
831 1205 929 1238 quos-

202 1259 339 1292 cumque
364 1247 486 1281 iudices
519 1248 550 1280 in
576 1253 740 1291 posterum
766 1257 830 1280 non
856 1247 934 1279 den-

203 1307 263 1342 tur,
278 1302 333 1335 sed
350 1306 469 1334 tantum
483 1301 637 1344 speciales
659 1300 767 1343 vigore
782 1310 935 1332 reassum-

202 1353 349 1397 ptionum
367 1358 399 1386 et
423 1352 653 1396 appellantium
680 1352 710 1384 in
737 1352 848 1384 forma.

246 1405 393 1438 Ceterum
412 1405 623 1437 inhibitiones
639 1405 727 1437 datae
749 1410 859 1437 contra
875 1403 933 1436 sor-

202 1468 285 1491 mam
310 1457 526 1501 praesentium
553 1457 758 1490 decretorum
783 1466 847 1488 non
868 1456 933 1488 affi-

199 1510 296 1550 ciant,
315 1514 346 1542 et
363 1509 425 1543 illis
450 1519 514 1542 non
540 1509 741 1542 obstantibus
766 1508 845 1541 sacta
863 1519 933 1541 exe-

201 1562 289 1596 cutio
313 1563 429 1595 valeat.

245 1615 416 1648 Reservata
443 1618 474 1647 et
498 1624 627 1657 semper
651 1620 836 1647 remanente
857 1614 934 1646 cmi-

203 1667 392 1701 nentissimo
417 1668 580 1710 praesecto
600 1668 748 1700 facultate
775 1672 806 1699 ct
823 1672 933 1699 aucto-

201 1721 298 1754 ritate
327 1730 438 1754 omnes
463 1726 494 1753 et
517 1721 659 1763 singulas
684 1720 884 1763 supradictas
902 1726 934 1753 et

202 1784 420 1818 quascumque
445 1774 523 1807 alias
555 1773 768 1806 inhibitiones
800 1778 831 1806 et
862 1773 931 1806 Non

200 1831 353 1870 φναν-θίαν
366 1837 383 1859 a
401 1837 605 1870 quocumque
624 1825 728 1858 iudice
754 1830 785 1857 et
810 1836 846 1857 ex
862 1836 933 1869 qua-

201 1890 337 1922 cumque
362 1882 457 1912 causa
486 1884 516 1912 et
540 1878 667 1922 capite,
701 1884 762 1910 tam
788 1879 819 1910 in
844 1888 935 1921 prae-

201 1932 348 1966 sentibus
366 1932 528 1976 expressis
547 1942 639 1975 quam
665 1941 729 1964 non
757 1931 930 1974 expressis,

200 1995 260 2028 pro
279 1985 348 2018 eius
373 1985 504 2017 arbitrio
525 1990 556 2017 ct.
579 1984 671 2017 libito
696 1984 868 2016 voluntatis
886 1994 933 2016 re-

201 2038 337 2070 vocandi
363 2041 395 2069 et
418 2036 617 2075 moderandi,
637 2041 675 2076 et,
697 2036 760 2069 illis
787 2047 849 2069 non
876 2036 931 2068 ob-

201 2090 380 2129 stantibus,
407 2099 626 2132 quaecumque
662 2089 848 2132 Exequalur
876 2100 930 2121 seu

199 2142 408 2176 executiones
428 2142 487 2174 sibi
505 2142 586 2174 bene
614 2141 694 2174 visas
713 2142 929 2181 concedendi·,

201 2205 328 2227 necnon
353 2205 465 2227 omnes
494 2199 523 2226 et
549 2204 766 2237 quoscumque
795 2194 929 2234 iudices,

199 2247 344 2281 notarios
369 2252 400 2279 et
424 2252 619 2286 executoreS,
646 2256 680 2278 ac
705 2246 781 2278 alias
806 2247 930 2289 quasvis

198 2310 355 2344 personas
380 2299 597 2342 suprascripta
629 2299 758 2331 decreta
785 2309 849 2331 non
875 2300 931 2331 ob·

199 2358 370 2391 servantes,
387 2353 436 2385 vel
454 2351 518 2384 illis
542 2350 783 2394 quomodolibet
801 2355 832 2383 et
855 2361 930 2394 qua-

198 2405 427 2447 litercumque,
453 2403 573 2436 directe
598 2404 647 2435 vel
673 2403 847 2442 indirecte,
871 2405 928 2437 sub

199 2457 311 2499 quovis
347 2461 511 2499 praetextu
546 2456 594 2487 vel
620 2455 766 2498 quaesito
794 2456 903 2489 colore
921 2483 928 2495 ,

199 2508 481 2542 contravenientes
495 2512 526 2540 ct
543 2507 819 2546 contrafacientes,
833 2508 928 2540 corri-

199 2561 303 2606 gendi,
331 2560 527 2600 mulctandi,
553 2569 589 2592 ac
613 2559 780 2603 quibusvis
806 2560 929 2603 poenis,

34 892 65 912 Do
82 891 125 912 Νοη
142 896 190 915 ara-

9 921 69 939 νοιιυ·
80 920 180 944 gratiose.

37 1153 66 1174 ne
82 1153 191 1174 inhibitio-

9 1180 71 1229 {iiim
90 1180 188 1206 generaliv

43 1416 73 1437 De
95 1415 192 1437 nullitate

11 1442 165 1464 intumum-mn.

35 1624 133 1646 Fac-uuas
142 1625 191 1645 umi-

11 1652 124 1673 nentis-siun
130 1657 192 1679 prae·

12 1678 67 1700 fecii.

772 200 980 223 tNNOCttNTtt'S
1004 201 1030 223 Ἦ
1060 201 1104 223 ΓΡ.

1591 192 1654 226 943
1701 200 1750 228 An.
1771 200 1799 229 c,
1819 201 1892 229 ¹689

974 247 1398 292 etiamcorp01·alibuS‚eius
1413 248 1544 283 arbitrio
1558 249 1702 292 infligen-

973 301 1020 332 dis
1041 306 1073 333 et
1096 302 1312 342 moderandis
1330 313 1424 336 manu
1450 302 1537 345 regia
1559 304 1702 347 plecten-

972 353 1001 385 di
1029 359 1058 385 et
1083 354 1250 397 puniendi.

1015 406 1124 445 Porro,
1142 417 1223 447 eum,
1242 417 1278 440 ex
1300 407 1456 441 relatione
1481 418 1586 451 nuper
1609 408 1701 442 nobis
1739 421 1828 442 noema
1847 427 1894 442 cum

972 459 1059 498 sacta,
1086 461 1241 493 nonnulla
1274 471 1309 493 ex
1344 461 1530 494 huiusmodi
1563 447 1897 495 decretis‘¹⁰⁰¹“‘²¹¹'⁰⁰'¹³¹’⁵'

971 512 1115 545 eiusdem
1130 512 1230 545 nostri
1245 513 1350 546 Status
1365 513 1580 547 Ecclesiastici
1594 514 1702 547 ltaliae

973 565 1055 597 felici
1074 565 1231 607 regimini,
1253 566 1462 610 eiusdemque
1483 567 1577 599 etiam
1596 568 1702 610 quoad

974 619 1163 660 temporalia
1194 618 1399 651 subditorum
1431 619 1605 652 commodis
1630 630 1704 652 con-

973 671 1055 703 serre
1081 676 1279 714 compertum
1307 671 1524 712 halmerimus,
1552 673 1590 705 ad
1616 683 1704 706 etun-

974 722 1045 755 dem
1071 723 1190 756 Statum
1215 724 1385 766 sequentia
1410 724 1564 767 ampliare
1588 729 1620 758 et
1652 735 1705 757 ex-

975 775 1107 807 tendere
1141 776 1360 815 decrevimus,
1386 781 1481 819 prout
1511 777 1703 820 ampliamus

974 831 1006 859 et
1031 827 1243 867 extendimus,
1269 828 1439 860 nimirum:

1018 879 1049 911 1⁶
1074 880 1242 912 Decretum
1268 891 1366 922 super
1390 880 1539 914 libertate
1566 891 1705 925 exequu-
1763 892 1897 918 insequente,

976 933 1097 965 tionum
1123 937 1153 965 et
1180 933 1366 965 citationum
1392 938 1580 967 contentum
1597 935 1654 967 sub
1674 918 1897 966 ti-ffisswsl‘ltilllffli

976 987 1041 1018 tulo
1059 986 1096 1018 de
1122 986 1309 1019 cursoribus
1334 992 1364 1019 et
1389 986 1609 1028 mandatariis,
1627 971 1898 1020 aliis-ilffisslffss{¹”⁰²'

974 1049 1034 1082 quc
1060 1039 1325 1082 exequutoribuS.

1018 1091 1050 1124 ⁶2⁰
1074 1091 1207 1138 Decreta
1233 1092 1330 1124 relata
1356 1092 1409 1125 tub
1436 1092 1527 1125 titulo
1553 1093 1591 1126 de
1610 1093 1706 1127 advo-

975 1144 1052 1177 catis
1077 1149 1108 1176 ct.
1131 1144 1407 1186 procuratoribus.

1018 1196 1052 1229 3⁶
1069 1196 1235 1229 Decretum
1254 1196 1313 1228 sub
1329 1197 1421 1229 titulo
1439 1197 1476 1230 de
1494 1196 1636 1231 notariis⁴
1654 1209 1706 1231 su-

976 1259 1032 1292 per
1057 1249 1158 1281 forma
1182 1249 1311 1281 creandi
1331 1249 1485 1290 notarios3
1504 1261 1575 1283 cum
1600 1250 1705 1283 decla-

977 1301 1099 1333 ratione
1115 1329 1122 1341 ,
1150 1302 1233 1344 quod
1256 1312 1303 1341 ea,
1322 1312 1404 1344 quae
1425 1301 1508 1334 circa
1525 1302 1658 1345 praxim,
1675 1309 1707 1336 ct

976 1364 1109 1386 examen
1130 1354 1161 1385 in
1176 1353 1260 1386 Urbe
1278 1354 1356 1386 inibi
1371 1359 1553 1387 statuuntur
1574 1355 1604 1387 in
1623 1357 1706 1398 lega-

978 1406 1118 1438 tionibus
1143 1407 1318 1446 Bononiae,
1349 1406 1525 1447 Ferrariae,
1552 1408 1704 1448 AEmiliac,

977 1469 1032 1491 seu
1056 1458 1287 1491 Romandiolae
1310 1464 1340 1491 ct
1362 1458 1482 1499 Urbini,
1497 1469 1532 1491 ac
1554 1460 1647 1492 etiam
1675 1460 1705 1492 in

977 1511 1139 1553 provincia
1178 1522 1233 1544 seu
1268 1512 1426 1553 gubernio
1461 1511 1620 1545 Marchiae
1650 1524 1705 1545 scu

976 1564 1170 1603 Mammulae,
1197 1565 1388 1606 expleantur
1419 1564 1450 1596 in
1476 1564 1542 1607 ipsa
1576 1565 1704 1598 civitate

976 1616 1157 1658 metropoli,
1179 1626 1233 1647 seu
1251 1615 1448 1649 residentiali
1474 1617 1645 1650 cardinalis
1663 1619 1707 1650 le-

976 1669 1038 1710 gati
1065 1674 1095 1700 et
1119 1668 1346 1710 gubernatoris
1372 1669 1570 1711 respective,
1597 1669 1706 1712 ibique

977 1721 1134 1753 habeatur
1158 1731 1291 1753 examen
1313 1731 1417 1753 coram
1447 1722 1516 1764 ipso
1534 1723 1639 1764 legato
1658 1724 1704 1756 vel

975 1774 1202 1815 gubernatore,
1230 1784 1284 1805 seu
1316 1773 1376 1806 alio
1408 1784 1467 1817 per
1497 1785 1569 1806 eum
1599 1775 1702 1817 depu-

977 1826 1083 1866 tando,
1103 1831 1133 1859 et
1158 1837 1265 1858 coram
1287 1826 1413 1859 duobus
1432 1826 1574 1869 probatis
1600 1827 1705 1859 curia-

976 1879 1078 1919 libus,
1105 1878 1299 1920 totidemque
1333 1878 1475 1920 probatis
1508 1878 1639 1911 notariis
1665 1879 1704 1911 ab

977 1931 1090 1963 eodem
1118 1932 1222 1973 legato
1254 1931 1304 1963 vel
1330 1931 1547 1973 gubernatore
1582 1930 1705 1974 pariter

976 1982 1190 2026 deputandis,
1218 1983 1334 2015 adeout
1359 1983 1389 2015 in
1425 1983 1557 2026 reliquis
1590 1983 1703 2016 eadem

977 2036 1076 2067 forma
1101 2041 1257 2067 servetur.

1018 2088 1050 2119 [ι’]
1075 2088 1209 2119 Decreta
1233 2092 1383 2119 contenta
1410 2089 1469 2119 sub
1488 2088 1581 2120 titulo
1598 2088 1636 2120 de
1654 2099 1706 2121 va-

975 2140 1030 2172 riis
1056 2138 1315 2182 provisionibus;
1344 2140 1384 2171 ita
1411 2144 1514 2171 tamen
1540 2145 1703 2182 respectu,

974 2198 1007 2224 ut
1026 2193 1144 2223 fructus
1162 2191 1294 2229 dotales,
1315 2192 1468 2234 quinque;
1489 2192 1607 2224 fructus
1628 2202 1703 2224 vero

974 2244 1163 2277 societatum
1189 2243 1366 2276 officiorum
1386 2255 1497 2277 novem
1523 2255 1581 2288 pro
1599 2250 1705 2277 cente-

974 2296 1063 2329 nario
1089 2297 1121 2328 in
1147 2296 1231 2327 dicto
1249 2302 1360 2328 nostro
1385 2296 1473 2329 Statu
1500 2308 1534 2329 ex
1561 2307 1645 2329 nunc
1671 2297 1703 2329 in

972 2355 1135 2393 posterum
1160 2357 1224 2380 non
1249 2348 1374 2390 possint
1397 2350 1564 2382 excedere.

1015 2403 1029 2445 ᾖ
1049 2402 1079 2434 02.
1099 2402 1187 2434 Nunc
1211 2411 1286 2434 vero
1313 2402 1419 2434 omnia
1444 2408 1476 2434 et
1499 2402 1627 2444 singula
1652 2404 1704 2435 de-
1739 2407 1812 2427 omnia
1828 2406 1896 2427 ‘cm-³

1713 2433 1799 2453 ‹ton-ieta
1838 2435 1893 2452 motu

970 2460 1056 2487 creta
1066 2454 1276 2497 praeinserta,
1290 2454 1344 2486 tali
1359 2457 1507 2497 tantaque
1519 2455 1701 2488 maturitate
1713 2464 1799 2506 2:32⁵.ssss
1820 2458 1894 2504 2:¹¹¹sfsg

972 2508 1103 2549 digesta,
1121 2517 1164 2545 ac,
1181 2507 1261 2538 sicut
1280 2506 1505 2548 praemittitur,
1522 2507 1699 2548 immutata,
1712 2518 1766 2560 ἅλω
1799 2513 1883 2532 ⁵t³¹⁰¹¹¹¹

1008 2568 1016 2593 l
1041 2566 1109 2593 Edit.
1127 2566 1195 2592 Mein
1222 2566 1285 2603 legit
1300 2567 1333 2593 cte
1354 2568 1470 2595 novitiis
1488 2569 1526 2604 (n.
1548 2569 1598 2602 T.).
