2111 3157
2 227 48 263 1111.
62 232 90 262 c.
112 232 181 261 1683

24 2327 97 2349 Pmcu
110 2329 176 2350 abba·

0 2353 26 2374 u·
39 2355 146 2380 generalis.

772 235 983 259 {momentus
1007 237 1034 258 x}
1063 236 1109 258 Μ’.

187 281 303 315 alcuno
340 281 548 316 de’suddetti
581 283 750 316 eset-citato
786 283 856 316 sino
890 284 918 316 al

187 339 339 377 presente
373 335 510 377 qualche
542 340 650 378 tempo
675 345 739 368 uno
764 346 782 368 o
807 335 861 378 piu
889 335 918 367 di

187 386 266 419 detti
284 386 377 427 offizi,
396 387 438 430 gli
463 397 564 429 venga
589 393 772 429 computato
791 388 843 420 nel
863 398 920 419 nu-

185 438 276 472 mero
302 439 380 472 delli
404 440 547 473 suddetti
573 445 619 472 tre
644 439 790 482 governi·,

230 490 295 524 Che
319 501 378 534 per
402 493 432 525 la
451 492 653 534 precedenza
672 490 727 523 sra'
745 491 846 523 vocali
864 501 918 523 en-

186 549 235 577 tro
261 554 277 577 e
303 544 385 577 fuori
410 543 461 577 de‘
477 544 607 586 capitoli
626 554 643 576 o
663 544 747 576 diete
765 543 918 575 s'osservi

185 595 270 629 l'uso
283 596 388 629 antico
407 596 490 628 della
506 595 777 637 congregazione,
793 605 809 627 e
827 605 916 627 come

185 657 247 681 con
272 648 403 681 decreto
428 647 620 691 particolare
651 647 677 680 si
702 646 806 680 stabili
831 647 918 679 nella

184 700 335 734 suddetta
359 700 444 733 dieta
469 701 637 742 generale;

227 753 293 786 Che
310 752 332 785 il
352 754 504 796 generale
522 761 740 785 reassumesse
756 750 843 785 l'uso
861 762 916 783 an-

183 805 248 838 tico
272 806 357 838 della
385 809 561 844 mozzetta,
587 814 676 837 come
701 804 725 836 si
750 804 915 846 preserive

183 868 264 891 anco
282 858 367 891 dalla
391 857 602 891 costituzione
627 857 711 890 della
736 856 917 899 Congrega-

183 910 296 950 zione;

226 962 292 996 Che
327 960 354 995 s'i
390 962 503 995 riduca
526 962 548 995 il
574 972 718 1005 governo
751 962 783 995 di
809 962 879 994 tutti
906 962 914 994 i

182 1015 342 1058 superiori
357 1015 500 1057 generali
519 1025 535 1047 e
550 1015 643 1048 locali
657 1025 674 1047 a
687 1019 815 1058 quattro
830 1015 914 1054 anni,

182 1067 213 1100 di
237 1067 381 1100 maniera
405 1067 475 1106 che,
494 1077 526 1100 se
551 1067 635 1099 bene
655 1067 724 1099 tutti
742 1067 750 1099 i
769 1067 913 1110 graduati

182 1129 262 1152 sono
279 1119 437 1163 perpetui,
455 1129 546 1152 come
564 1129 670 1162 sopra,
690 1119 820 1151 tuttavia
840 1119 914 1161 ogni

182 1176 310 1215 quattro
327 1172 402 1204 anni
423 1172 562 1204 abbiano
580 1172 620 1204 da
637 1171 796 1214 eleggersi
819 1172 913 1204 nuovi

182 1223 342 1267 superiori
367 1224 524 1266 generali,
553 1234 569 1256 e
590 1224 723 1257 variarsi
749 1224 757 1256 i
783 1224 914 1266 ί50161111

182 1276 223 1309 da
241 1287 282 1309 un
306 1282 491 1309 monastero
516 1276 678 1317 all’altro;
698 1277 759 1309 che
781 1277 802 1309 il
820 1287 916 1319 gene-

181 1329 250 1362 rale
275 1329 307 1362 in
328 1339 437 1362 mezzo
462 1329 491 1362 al
517 1339 657 1371 governo
681 1329 776 1362 abbia
799 1340 816 1362 a
839 1340 916 1362 eon-

181 1392 296 1415 vocare
314 1392 378 1414 una
395 1382 481 1415 dieta
504 1382 696 1424 particolare
710 1382 742 1414 in
759 1382 831 1425 quel
851 1392 916 1414 nio-

181 1440 311 1467 nastero
328 1435 390 1467 che
410 1434 600 1477 giudiehera
616 1434 672 1478 piu
689 1434 719 1467 di
734 1434 914 1478 proposito,

181 1486 216 1519 in
240 1486 292 1520 eui
315 1486 547 1529 intervengano
565 1497 624 1519 con
641 1486 650 1519 i
668 1487 737 1520 loro
760 1487 825 1520 voti
844 1488 915 1520 solo

181 1538 205 1572 it
229 1538 409 1572 medesimo
430 1540 591 1581 generale,
608 1539 629 1572 il
654 1545 846 1583 procurator
863 1550 915 1582 ge-

182 1593 306 1631 nerale,
328 1591 428 1634 quelli
446 1602 526 1624 sono
551 1592 621 1624 stati
648 1593 789 1635 generali
807 1603 825 1625 o
844 1602 916 1635 pro-

182 1644 324 1676 curatori
361 1645 525 1686 generali,
551 1644 572 1677 li
597 1650 726 1687 quattro
751 1645 913 1678 definitori

181 1696 235 1729 del
261 1695 403 1739 capitolo
427 1697 650 1736 antecedente,
676 1697 696 1729 li
722 1697 784 1729 due.
808 1697 915 1729 visita-

181 1748 245 1781 tori
268 1758 327 1791 pro
353 1753 499 1791 tempore,
517 1750 555 1781 ed
573 1750 594 1782 il
612 1749 778 1792 superiore
800 1751 913 1789 locale,

182 1800 264 1833 dove
284 1800 310 1833 si
327 1801 455 1833 celebra
472 1802 502 1834 la
523 1801 616 1841 dieta,
632 1802 651 1834 li
674 1803 758 1844 quali
777 1803 914 1834 abbiano

182 1853 300 1886 facolta
324 1854 355 1887 di
379 1854 560 1897 provedere
585 1855 675 1896 gradi
694 1855 733 1887 ed
750 1856 832 1887 offizi
855 1856 914 1887 6116

182 1915 359 1945 vacasset-o,
377 1916 393 1939 e
414 1907 461 1938 sar
482 1910 563 1939 tutto
589 1906 638 1939 cio
659 1908 728 1939 sara
753 1907 915 1949 giudirato

183 1958 371 2001 espediente
384 1968 445 2001 per
457 1958 535 1992 utile
549 1959 634 1992 della
644 1958 914 2002 Congregazione,

182 2009 255 2043 suor
271 2010 331 2043 che
356 2010 387 2043 di
412 2010 569 2044 rimovere
589 2011 775 2044 dall'offizio
795 2022 812 2044 o
831 2013 915 2045 dalla

181 2066 292 2095 stanza
315 2063 324 2096 i
350 2064 510 2106 superiori
542 2065 685 2106 generali
715 2075 732 2097 e
757 2065 872 2105 locali,
898 2076 914 2097 6

182 2123 248 2147 non
271 2114 304 2146 in
329 2125 412 2155 caso,
430 2125 448 2149 ο
473 2115 505 2148 di
530 2116 687 2155 rinuncia,
711 2127 730 2150 o
754 2127 811 2160 per
835 2118 915 2150 altra

183 2167 323 2210 istanza,
350 2178 368 2201 o
393 2178 452 2211 per
483 2169 637 2202 canoniea
669 2170 888 2213 disposnione
905 2199 913 2211 ,

184 2221 247 2254 alla
270 2222 365 2264 quale
390 2221 476 2254 dieta
500 2221 690 2265 intervenga
714 2234 794 2256 anco
820 2224 841 2256 il
867 2234 915 2257 se-

185 2273 334 2315 gretario,
352 2284 402 2306 ma
418 2284 508 2307 come
525 2275 727 2315 cancelliere‚
748 2280 784 2308 ut
799 2286 912 2319 supra.

229 2325 288 2368 §2
303 2326 380 2359 Cum
394 2331 510 2366 autem,
527 2326 611 2359 sicut
627 2327 738 2360 eadem
757 2329 915 2371 expositio

185 2378 409 2421 subiungebat,
434 2379 465 2411 in
486 2380 631 2422 praefata
662 2380 747 2412 dieta
771 2383 915 2423 generali

185 2429 368 2463 ordinatum
406 2431 502 2464 suerit
533 2437 569 2463 ut
605 2432 851 2465 constitutiones
886 2440 917 2466 et

186 2481 419 2516 declarationes
451 2484 638 2516 huiusmodi
677 2484 752 2517 huie
789 2492 916 2518 sanetae

185 2533 260 2566 Sedi
284 2541 578 2577 praesentarentur,
600 2537 639 2568 ad
657 2536 720 2569 hoc
739 2542 774 2568 ut
790 2544 917 2580 aposto-

185 2585 267 2619 licae
285 2587 535 2621 confirmationis
557 2589 674 2622 robore
691 2589 914 2623 munirentur:

964 283 1057 315 nobis
1093 287 1266 326 propterea
1302 282 1404 315 dictus
1441 280 1577 314 loannes
1612 281 1693 314 Mat-

963 336 1076 367 thaeus
1102 335 1200 367 abbas
1224 335 1404 377 generalis,
1425 334 1591 367 humiliter
1619 345 1694 377 sup-

963 388 1073 429 plicari
1097 388 1171 420 fecit
1197 394 1231 420 ut
1251 389 1283 420 in
1302 388 1485 430 praemissis
1509 392 1694 431 opportune

962 440 1133 481 providere
1159 445 1190 472 et
1213 445 1247 472 ut
1271 440 1353 472 infra
1377 440 1547 482 indulgere
1572 440 1612 473 de
1637 441 1694 473 be-

962 491 1118 533 nignitate
1150 494 1329 536 apostolica
1353 494 1571 535 dignaremur.

1006 544 1020 585 ξ
1045 543 1076 576 3.
1104 544 1167 577 Nos
1194 545 1302 587 igitur,
1336 545 1435 588 ipsius
1463 546 1588 579 Ioannis
1621 547 1695 579 Mat-

961 595 1045 627 thaei
1072 596 1195 629 abbatis
1222 598 1381 639 generalis
1405 598 1484 630 votis
1504 599 1564 630 hae
1587 599 1618 630 in
1647 610 1693 639 re,

959 653 1112 689 quantum
1138 659 1209 681 eum
1236 650 1372 682 Domino
1399 661 1586 692 possumus,
1609 652 1694 685 savo-

958 700 1105 732 rabiliter
1139 711 1283 733 annuere
1320 703 1485 741 volentes,
1514 713 1652 746 eumque
1678 715 1695 737 a

958 753 1123 795 quibusvis
1141 753 1496 792 excommunicationis,
1514 756 1695 797 suspensio-

958 804 1006 836 nis
1033 810 1065 837 et
1090 805 1270 845 interdicti,
1298 806 1435 848 aliisque
1468 807 1694 841 ecelesiasticis

957 857 1140 896 sententiis,
1160 857 1306 889 censuris
1328 863 1359 889 61.
1383 858 1510 899 poenis,
1527 868 1542 890 a
1560 858 1630 891 iure
1644 861 1693 893 vel

958 909 996 941 ab
1022 910 1169 950 bomine,
1185 910 1296 952 quavis
1328 910 1497 942 occasione
1525 912 1572 943 vel
1598 914 1694 944 causa

958 962 1042 1001 latis,
1069 962 1094 994 si
1115 963 1233 1004 quibus
1253 962 1500 1004 quomodolibet
1520 963 1694 997 innodatus

958 1014 1084 1053 existat,
1104 1015 1143 1046 ad
1161 1013 1309 1047 effectum
1327 1014 1545 1056 praesentium
1570 1016 1696 1048 dumta-

957 1071 1010 1099 xat
1033 1067 1311 1109 consequendum,
1336 1067 1448 1098 harum
1477 1067 1559 1100 serie
1589 1068 1694 1101 absol-

959 1125 1069 1152 ventes
1094 1125 1124 1151 et
1142 1119 1326 1151 ahsolutum
1349 1119 1416 1151 sore
1438 1125 1619 1160 censentes,
1636 1121 1695 1153 1111-

958 1172 1095 1204 iusmodi
1126 1171 1421 1214 supplicationibus
1456 1172 1626 1213 inclinati,
1652 1174 1691 1206 de

959 1224 1193 1256 venerabilium
1212 1224 1345 1255 fratrum
1362 1229 1542 1257 nostrorum
1559 1225 1590 1258 S.
1606 1225 1643 1258 R.
1658 1226 1693 1259 E.

958 1276 1171 1309 cardinalium
1197 1286 1295 1318 super
1319 1281 1402 1308 statu
1420 1277 1615 1318 regularium
1640 1279 1693 1311 de-

958 1334 1140 1371 putatorum
1156 1354 1163 1368 ,
1193 1328 1249 1371 qui
1274 1338 1343 1360 rem
1367 1334 1491 1361 mature
1517 1340 1576 1372 per
1601 1331 1693 1364 binas

957 1381 1042 1412 vices
1060 1380 1295 1420 discusserunt,
1321 1380 1469 1419 consilio,
1492 1382 1692 1423 supradictas

959 1433 1195 1473 ordinationes,
1216 1433 1463 1471 declarationes,
1480 1438 1511 1465 et
1528 1438 1597 1466 acta
1620 1435 1693 1467 ulti-

958 1497 1027 1518 mae
1054 1486 1159 1518 dietae
1192 1486 1350 1528 generalis
1375 1486 1611 1519 monachorum
1635 1487 1694 1521 Sil-

957 1539 1169 1571 vestrinorum
1202 1538 1331 1570 habitae
1365 1538 1403 1570 de
1429 1549 1541 1572 mense
1565 1550 1693 1572 novem-

958 1591 1023 1622 bris
1037 1600 1210 1631 nnetxxxl,
1229 1590 1432 1633 praesidente
1446 1596 1476 1623 et
1493 1592 1692 1634 approbante

958 1643 1145 1685 supradicto
1170 1644 1286 1676 Iacobo
1321 1643 1476 1676 cardinali
1512 1643 1693 1687 Congrege-

959 1695 1054 1727 tionis
1069 1695 1255 1728 huiusmodi
1273 1700 1472 1738 protectore,
1495 1696 1527 1728 in
1541 1696 1691 1729 omnihus

958 1754 990 1781 et
1014 1759 1071 1791 per
1090 1749 1208 1787 omnia,
1227 1749 1417 1781 auctoritate
1442 1749 1629 1791 apostoliea,
1652 1755 1692 1782 te-

958 1812 1035 1834 nore
1060 1802 1290 1844 praesentium,
1316 1802 1557 1841 confirmamus,
1575 1813 1692 1845 appro-

958 1855 1090 1891 bamus,
1117 1855 1247 1897 illisque
1273 1854 1468 1887 inviolabilis·
1493 1855 1691 1897 apostolicae

958 1907 1115 1938 firmitatis
1134 1906 1234 1939 robur
1254 1906 1435 1945 adiicimus,
1454 1918 1490 1939 ac
1510 1906 1565 1939 illa
1583 1908 1621 1939 ab
1640 1907 1689 1946 iis,

958 1959 996 1990 ad
1011 1969 1091 2001 quos
1106 1959 1257 2000 pertinet,
1271 1958 1503 1991 inviolabiliter
1516 1959 1691 1997 observari,

958 2017 989 2043 et
1006 2011 1187 2043 executioni
1212 2011 1357 2043 mandari
1375 2011 1609 2054 praecipimus;
1631 2011 1690 2043 sub

959 2064 1073 2106 poenis
1106 2064 1377 2106 Congregationis
1411 2064 1598 2096 eorumdem
1622 2074 1692 2096 ear-

959 2116 1113 2148 dinalium
1146 2115 1280 2148 arbitrio
1312 2115 1517 2158 infligendis,
1546 2126 1582 2148 ac
1606 2117 1692 2148 salva

958 2179 1087 2212 senper
1111 2169 1143 2201 in
1168 2168 1354 2211 praemissis
1387 2168 1576 2201 auctoritate
1606 2168 1693 2201 eius-

959 2221 1032 2253 dein
1052 2220 1319 2263 Congregationis
1344 2221 1568 2254 cardinalium.

1002 2274 1016 2316 ξ
1040 2274 1072 2305 4.
1092 2274 1308 2306 Deeernentes
1326 2274 1411 2317 ipsas
1433 2279 1621 2316 praesentes
1640 2275 1691 2307 lit-

960 2333 1043 2359 teras
1069 2337 1196 2369 semper
1220 2327 1336 2366 firmas,
1354 2326 1474 2359 validas
1496 2331 1528 2359 61
1545 2326 1693 2360 efficaces

960 2380 1098 2413 existere
1130 2386 1162 2412 et
1186 2380 1275 2419 sore,
1301 2390 1443 2423 suosque
1469 2381 1636 2423 plenarios
1662 2386 1694 2414 et

960 2433 1104 2475 integros
1129 2432 1260 2465 effectus
1285 2433 1393 2465 sortiri
1415 2438 1446 2465 et
1471 2433 1632 2474 obtinere,
1657 2445 1694 2467 ac

958 2486 1044 2526 illis,
1071 2486 1110 2517 ad
1143 2496 1222 2528 qnos
1253 2491 1376 2528 spectat
1409 2491 1440 2518 61
1462 2496 1523 2529 pro
1550 2492 1694 2530 tempore

959 2538 1124 2580 spectabit,
1146 2538 1179 2570 in
1204 2538 1353 2573 omnibus
1371 2543 1401 2571 61
1418 2549 1477 2581 per
1501 2539 1611 2571 omnia
1629 2541 1694 2583 ple-

959 2592 1089 2624 nissime
1115 2591 1298 2634 suffragari,
1326 2591 1437 2632 sicque
1470 2591 1502 2624 in
1536 2593 1694 2630 praemis-

1595 224 1659 258 439
1704 232 1798 260 Aac
1821 233 1890 262 1681>
1918 223 1920 227 ’

1754 556 1888 578 Confirmatio

1705 581 1816 604 relatarum
1839 590 1888 604 cun·

1705 610 1843 630 stitutionuui.

1729 2284 1851 2306 clausulae.
