2111 3157
0 242 23 264 u.
43 233 72 262 G.
89 233 157 262 1688

751 234 962 261 1NNOCENT1US
983 236 1012 259 xi
1038 235 1086 259 FP.
1569 225 1628 259 911

165 282 287 327 pinquo
313 285 466 327 loquatur
490 288 546 318 aut
579 284 668 329 loqui
694 285 898 328 permittatur
916 283 920 338 j
939 283 1017 326 ipsis
1056 283 1169 317 officiis
1207 283 1414 323 cessantibus,
1440 283 1529 317 vultu
1564 284 1667 317 velato

165 336 203 369 ad
229 342 371 380 partem,
399 337 460 370 nisi
484 338 608 372 velata¹
640 339 728 379 fat-ie,
754 344 786 372 et
810 350 898 383 prae-
916 350 918 392 i
939 337 1098 376 incedant,
1116 342 1147 369 et
1167 347 1279 370 omnes
1296 337 1461 381 professae
1478 336 1668 370 benedictae

164 394 255 423 sente
280 394 313 422 et
336 389 488 423 audiente
513 390 666 434 priorissa
686 393 735 425 vel
752 392 918 436 subprio—2
939 390 1081 422 habeant
1105 390 1197 422 vittas
1224 389 1255 422 in
1281 389 1504 432 scapularibus
1535 389 1610 428 suis,
1636 392 1672 429 et>

164 441 253 482 rissa,
279 447 332 474 aut
357 444 419 475 una
443 443 492 476 vel
518 443 641 476 duabus
665 455 700 477 ex
734 444 804 477 aliis
830 455 896 477 mo·
914 469 918 497 Ι
938 444 1042 475 velum
1068 443 1194 485 nigrum
1220 447 1361 486 portent,
1389 442 1465 474 etin
1490 448 1667 484 conspectu

164 494 312 528 nialibus:
337 505 417 538 quae
442 496 680 536 contrafecerit,
706 507 765 539 pro
792 496 896 540 quali·
938 495 1104 528 hominum
1129 505 1192 527 non
1217 505 1251 527 se
1286 499 1496 537 praesentent
1519 494 1581 527 nisi
1617 506 1668 528 ve-

163 546 303 587 bet,vice
317 558 375 591 per
390 558 485 581 unam
497 548 733 581 hebdomadam
748 549 895 582 comedat
914 527 918 556 Ι
937 548 1007 580 latis
1032 547 1184 587 faciebus,
1210 548 1277 580 sola
1295 547 1451 590 priorissa
1476 552 1508 580 et
1532 548 1668 581 cellera-

164 600 203 634 ad
229 605 346 633 terram
364 599 395 632 in
417 600 602 634 refectorio.

913 634 915 651 Ι
935 601 982 633 ria
1007 601 1158 643 exceptis.
1179 600 1360 633 Conversae
1381 611 1457 633 vero
1483 601 1666 643 praemissis

206 663 304 687 xxvu.
330 653 394 686 Sub
426 654 539 687 eadem
570 655 673 696 poena
709 654 1000 700 inhibemustnon
1026 657 1164 693 utantur,
1199 654 1255 686 sed
1292 663 1350 686 nec
1384 653 1551 693 moniales,
1587 665 1668 696 quae

163 716 204 740 ne
228 705 384 739 moniales
410 707 487 739 dent
510 707 659 750 personis
683 706 822 746 Ordinis,
841 713 894 739 aut

164 758 204 790 ab
229 758 274 792 eis
300 757 473 801 recipiant,
499 758 607 801 aliqua
631 759 821 791 munuscula
846 760 892 791 vel

936 716 1000 739 non
1015 711 1090 738 sunt
1106 706 1305 745 benedictae,
1323 712 1457 738 utuntur
1474 708 1546 739 velo
1562 707 1667 749 nigro,

936 759 1029 792 vittas
1057 764 1161 792 tamen
1188 759 1339 799 habeant,
1359 765 1391 791 et
1408 761 1509 792 velata
1526 760 1604 793 facie
1624 761 1668 793 in-

163 810 291 850 iocalia,
325 817 355 843 et
390 821 430 843 ne
466 811 631 843 ullatenus
658 810 742 843 viros
767 811 892 854 aliquos
935 812 1058 844 cedant
1074 817 1108 843 ut
1131 812 1310 854 professae.

164 864 417 907 qualescumque
448 864 635 896 osculentur
674 869 726 896 aut
766 865 890 907 ample-

164 922 289 950 xentur.

207 979 313 1003 xxvui.
339 968 376 1002 Et
400 974 435 1001 ut
460 969 637 1012 praemissa
662 971 769 1003 omnia
795 970 895 1003 invio-

163 1022 306 1056 labiliter
330 1022 554 1061 observentur,
580 1022 619 1054 ad
644 1024 893 1056 conservandam

163 1075 259 1109 ctiam
295 1074 586 1108 sanctimonialium
611 1074 726 1107 Christi
763 1086 894 1118 sponsa-

165 1139 235 1161 rum
261 1127 460 1171 pudicitiam,
487 1128 691 1160 honestatem
710 1133 740 1161 et
764 1129 896 1171 integri-

164 1185 272 1221 tatem,
298 1181 442 1214 volumus
474 1180 594 1223 pariter
629 1185 660 1213 et
692 1181 892 1221 ordinamus,

164 1234 250 1277 quod
284 1233 317 1266 in
351 1233 487 1276 singulis
526 1233 674 1266 domibus
705 1233 892 1266 monialium

164 1286 265 1319 nostri
291 1286 418 1319 Ordinis
443 1288 544 1328 porta⁴
560 1285 623 1325 illa,
650 1295 709 1329 per
733 1295 826 1328 quam
848 1286 894 1318 in-

165 1342 267 1370 tratur
291 1338 329 1371 ad
354 1339 528 1371 claustrum
553 1348 674 1378 earum,
702 1338 822 1380 iugiter
844 1338 893 1370 die

165 1401 201 1424 ac
225 1396 318 1424 nocte
343 1402 415 1424 cum
440 1392 525 1424 clave
551 1393 657 1424 clausa
683 1396 840 1431 teneatur,
865 1397 895 1423 et

164 1443 203 1476 ad
223 1443 290 1477 eius
315 1443 493 1476 custodiam
523 1444 630 1487 aliqua
651 1443 752 1477 fidelis
773 1444 895 1477 moniu-

164 1497 202 1530 lis
226 1507 382 1530 conversa
400 1497 449 1529 vel
471 1497 588 1529 donata
605 1498 786 1540 deputetur,
813 1508 893 1540 quae

165 1550 202 1583 ad
227 1550 347 1582 iussum
385 1549 492 1582 vicarii
529 1551 577 1583 vel
615 1550 789 1592 priorissae
825 1560 892 1582 eam

164 1602 292 1635 claudat
315 1607 347 1635 et
371 1602 504 1645 aperiat,
519 1607 551 1634 et
575 1602 736 1634 neminem
762 1602 831 1634 siue
857 1602 894 1634 il-

165 1654 271 1688 lorum
310 1659 365 1687 aut
396 1654 529 1687 alterius
565 1655 710 1696 ipsorum
747 1654 826 1686 scitu
864 1660 895 1686 et

166 1706 317 1740 mandato
349 1706 533 1739 introducat
556 1708 606 1739 vcl
641 1707 767 1739 educat.
809 1705 893 1743 Quae

165 1759 262 1793 etiam
288 1759 401 1792 diebus
425 1759 572 1802 singulis,
597 1760 724 1802 pulsato
755 1759 894 1802 comple-

165 1813 258 1852 torio,
274 1813 378 1846 claves
394 1812 577 1855 praedictae
596 1817 706 1855 portae
725 1812 763 1844 ad
782 1822 893 1844 manus

164 1865 349 1909 priorissae,
374 1876 434 1908 per
459 1876 529 1898 eam
549 1875 648 1908 usque
670 1865 701 1897 in
721 1865 894 1897 crastinum

165 1918 406 1958 custodiendas,
427 1917 554 1950 tradere
574 1923 733 1951 teneatur.

208 1980 288 2005 xxtx.
315 1970 466 2004 Moniales
484 1970 643 2003 extraneis
661 1970 895 2011 sacerdotibus,

165 2033 219 2067 qui
245 2023 283 2056 de
307 2022 425 2056 Ordine
443 2028 552 2055 nostro
574 2033 637 2055 non
659 2029 743 2062 sunt,
764 2023 827 2056 sive
846 2033 895 2055 re-

165 2076 292 2119 gulares
306 2075 370 2108 sint
383 2075 450 2108 sive
469 2076 660 2115 saeculares
672 2075 815 2109 confiteri
830 2086 894 2109 non

165 2133 308 2173 possunt,
324 2128 392 2161 sine
415 2127 547 2171 speciali
566 2127 697 2161 licentia
714 2128 822 2160 vicarii
841 2129 892 2171 (⁹).

208 2191 281 2215 xxx.
303 2180 455 2214 Moniales
473 2190 555 2224 quae
574 2180 704 2213 fuerunt
720 2180 752 2212 in
773 2180 893 2220 officiis,

201 2263 212 2287 ¹
236 2258 354 2288 Pessime
373 2259 437 2287 edit.
458 2259 538 2286 Μαίη.
558 2259 622 2294 legit
643 2259 684 2285 vel
703 2262 729 2286 ει
748 2267 766 2284 α
786 2266 834 2293 pro
854 2267 895 2286 ve-

165 2306 226 2332 laia
244 2308 282 2338 (n.
302 2306 351 2338 τ.).

200 2350 220 2384 ’)
242 2349 392 2377 Ordinatio
412 2349 483 2376 anni
502 2354 662 2375 uoctxxwu.
685 2358 696 2373 «
719 2347 793 2375 quta
803 2347 896 2374 decre-

165 2395 222 2420 tum
241 2393 310 2420 sacri
329 2393 438 2420 Concilii
464 2392 612 2420 Tridentini
637 2400 704 2418 svss.
732 2398 782 2417 xxv
802 2400 859 2426 cap.
880 2398 895 2418 x

166 2436 210 2464 his
226 2441 271 2464 aut
290 2441 330 2464 ter
349 2437 375 2462 in
394 2443 464 2463 anno
484 2436 610 2463 offeratur
630 2435 790 2461 monialibus
813 2435 896 2462 nostri

167 2480 274 2507 Ordinis
303 2480 481 2507 confessarius
500 2479 737 2509 extraordinarius,
767 2478 813 2513 qui
840 2487 897 2506 om-

168 2524 241 2552 nium
274 2523 457 2550 confessiones
485 2522 578 2548 audire
606 2522 702 2548 debeat
729 2521 802 2548 iuxta
834 2521 896 2548 dicti

168 2566 270 2594 decreti
291 2568 436 2602 placitum:
458 2566 575 2594 liberum
605 2570 693 2592 tamen
723 2566 773 2593 erit
801 2566 897 2601 cuique

168 2611 287 2644 moniali,
307 2612 379 2639 iuxta
404 2610 611 2640 declarationem
631 2617 722 2639 sacrae
743 2609 896 2645 congrega-

979 874 1062 897 xxxl.
1089 863 1180 902 Quod
1206 864 1231 896 si
1257 864 1365 907 aliqua
1382 865 1532 897 monialis
1555 866 1594 898 de
1620 866 1668 898 in-

936 916 1135 949 continentia
1167 916 1314 949 convicta
1346 916 1442 949 fuerit
1476 918 1524 949 vel
1557 928 1668 951 coram

937 968 1072 1001 testibus
1097 969 1253 1007 confessa,
1275 974 1443 1011 perpetuo,
1461 969 1529 1001 sine
1543 980 1601 1012 spe
1619 980 1670 1003 re·

938 1022 1088 1059 habendi,
1113 1026 1219 1054 careat
1244 1022 1314 1054 velo
1340 1022 1446 1064 nigro.

980 1084 1078 1107 xxxii.
1105 1073 1169 1107 Nec
1194 1074 1379 1117 priorissae,
1397 1085 1456 1107 nec
1473 1080 1601 1108 ceterae
1619 1086 1669 1109 so-

936 1135 1026 1159 rores
1044 1127 1110 1160 ullo
1128 1138 1268 1169 unquam
1287 1132 1431 1170 tempore
1452 1128 1581 1170 caputia
1600 1139 1669 1170 por⁴

939 1185 1006 1213 tare
1033 1180 1271 1222 permittantur,
1304 1190 1365 1212 nec
1390 1185 1522 1222 portent
1552 1181 1668 1213 caudas

937 1233 968 1265 in
992 1232 1133 1265 vestibus
1157 1232 1232 1271 suis,
1259 1243 1318 1264 nec
1344 1232 1466 1264 tunicas
1500 1232 1532 1264 in
1553 1233 1668 1275 quibus

937 1285 1000 1317 sint
1024 1286 1182 1317 scissurae
1209 1286 1257 1317 vel
1286 1284 1431 1317 manicae
1463 1284 1666 1324 inhonestae,

937 1347 997 1370 nec
1026 1343 1158 1380 portent
1193 1337 1295 1380 pelles
1332 1337 1364 1369 in
1403 1343 1572 1377 conventu,
1605 1337 1667 1370 nisi

937 1391 996 1422 sub
1018 1391 1172 1422 mantello
1190 1390 1343 1433 simplici.

981 1452 1095 1476 xxxin.
1122 1442 1275 1475 Moniales
1301 1442 1425 1475 iaceant
1445 1453 1517 1475 cum
1532 1444 1667 1482 cuculla,

937 1501 969 1528 et
993 1506 1166 1528 conversae
1200 1506 1271 1527 cum
1298 1495 1489 1538 scapulario,
1516 1501 1547 1529 et
1571 1506 1669 1538 quae-

937 1549 1016 1581 libet
1039 1549 1120 1581 sola.
1156 1548 1223 1581 Non
1254 1554 1368 1581 vocent
1392 1559 1425 1581 se
1450 1549 1596 1582 dominas
1628 1549 1667 1582 ad

937 1601 1084 1641 invicem,
1110 1602 1167 1633 sed
1193 1612 1331 1640 sorores,
1358 1612 1416 1634 nec
1440 1611 1580 1644 unquam
1602 1613 1669 1634 ser-

938 1654 1025 1686 viant
1049 1653 1087 1685 ad
1112 1653 1233 1692 missas,
1260 1664 1319 1686 nec
1344 1653 1518 1696 quidquam
1543 1654 1582 1686 ab
1611 1654 1670 1687 ali-

937 1716 1002 1748 quo
1027 1707 1172 1748 recipere
1197 1707 1245 1738 vel
1264 1706 1383 1738 donare
1405 1706 1500 1739 alicui
1529 1707 1670 1739 audeant

937 1759 1007 1792 sine
1030 1759 1158 1793 licentia
1179 1759 1363 1801 priorissae.

981 1821 1088 1845 xxxw.
1115 1811 1303 1844 lnhibemus
1329 1811 1478 1844 omnibus
1503 1811 1669 1855 priorissis

938 1874 977 1897 nc
1013 1869 1086 1907 post
1121 1863 1365 1906 completorium
1405 1865 1558 1906 loquendi
1597 1876 1668 1899 cum

937 1917 1046 1960 aliquo
1072 1917 1265 1949 monialibus
1285 1916 1425 1949 tribuant
1442 1917 1637 1950 facultatem.

982 1980 1072 2003 xxxv.
1099 1970 1162 2002 Nec
1187 1970 1282 2002 etiam
1316 1969 1465 2003 monialis
1499 1970 1601 2013 possit
1635 1971 1669 2003 in

938 2022 1136 2055 monasterio
1162 2021 1273 2055 bibere
1299 2022 1348 2054 vel
1374 2023 1549 2055 comedere
1582 2028 1671 2056 extra

938 2074 1147 2107 refectorium
1158 2079 1189 2107 et
1203 2074 1424 2114 infirmariam,
1440 2080 1570 2118 praeter
1585 2076 1670 2118 prio·

939 2128 1049 2160 rissam
1075 2132 1106 2159 ct
1130 2127 1341 2166 cellerariam,
1367 2127 1464 2170 idque
1490 2133 1610 2160 tantum
1636 2128 1669 2162 in

937 2180 1063 2212 casibus
1089 2179 1297 2218 iiecessitatis;
1322 2190 1404 2222 quae
1423 2180 1455 2212 in
1472 2180 1670 2214 contrarium

939 2233 1041 2265 facere
1067 2232 1352 2275 praesumpserint,
1385 2243 1401 2264 a
1427 2233 1500 2265 vino
1530 2232 1670 2266 abstine-

938 2289 993 2318 ant
1018 2285 1049 2316 in
1075 2283 1250 2316 crastinum
1276 2286 1340 2316 tota
1365 2284 1429 2317 die.
1456 2283 1548 2317 Nulla
1573 2285 1670 2317 etiam

938 2336 1086 2370 monialis
1123 2336 1270 2369 comedat
1293 2336 1325 2368 in
1351 2339 1462 2369 mensa
1490 2337 1666 2380 priorissae

939 2391 970 2423 in
989 2389 1169 2422 refectorio.

982 2452 1089 2475 xxxvi.
1118 2442 1150 2474 ln
1176 2441 1324 2474 domibus
1355 2441 1542 2475 monialium
1578 2453 1671 2486 prae-

938 2521 1017 2548 tionis
1037 2520 1211 2547 cardinalium
1236 2520 1346 2546 Concilii
1370 2521 1516 2548 Tridentini
1536 2522 1670 2557 interpre-

940 2569 1004 2597 tum,
1026 2564 1075 2599 ipsi
1095 2563 1258 2589 confessario
1286 2564 1497 2592 extraordinario
1523 2565 1670 2593 confessio-

939 2617 998 2635 nem
1019 2609 1189 2643 peecatorum
1208 2607 1296 2635 facere
1317 2607 1358 2635 vel
1377 2615 1429 2635 non
1448 2618 1474 2636 n.

1679 235 1726 261 An.
1748 234 1776 263 C.
1794 234 1860 263 ¹688
