2111 3157
14 209 68 239 An.
82 206 200 262 ⁶2¹⁶ae

7 1156 12 1160 ¹
45 1164 108 1186 rmo-
131 1166 188 1186 tran-

7 1193 141 1217 tumptomm.

33 2426 150 2450 uxoratum.

786 210 996 235 lNNOCENTiUS
1018 211 1048 235 Χῖ
1073 210 1121 234 ΡΡ.

203 262 361 301 quatenus
379 267 459 301 opus
477 258 527 299 sit,
548 258 622 292 dicti
642 259 776 299 Ordinis,
797 259 930 302 eiusque
974 264 1058 293 store
1076 258 1236 299 collocati,
1253 258 1292 291 ad
1313 258 1429 291 uberes
1449 257 1610 291 bonorum
1631 267 1705 301 ope-

183 310 449 353 .provinciarum,
475 312 770 354 congregationum,
796 322 932 345 conven-
973 323 1041 345 rum
1066 313 1200 352 fructus,
1238 323 1319 356 quos
1344 312 1539 345 monasticae
1570 320 1706 353 congre·

203 367 291 396 tuum
309 368 340 396 et
359 365 627 398 monasteriorum
647 376 930 409 quorumcumque,
951 393 955 406 ,
974 366 1129 409 gationes,
1154 366 1337 409 adspirante
1362 364 1495 409 superni
1521 364 1638 397 favoris
1655 375 1705 398 au-

202 415 298 448 etiam
322 415 515 457 iuramento,
537 418 781 451 confirmatione
802 423 933 462 aposto-

201 468 274 509 lica,
293 469 343 503 vel
368 470 482 513 quavis
506 470 660 504 firmitate
677 471 740 505 alia
757 469 931 509 roboratis,

200 522 334 554 statutis
358 527 391 555 et
424 524 731 563 consuetudinibus,
750 524 931 567 privilegiis

201 584 345 618 quoque,
360 575 496 609 indultis
510 582 541 609 et
556 576 671 610 litteris
693 576 882 619 apostolicis
899 576 930 608 in

201 627 396 661 contrarium
416 630 668 671 praemissorum
686 629 933 672 quomodolibet

201 681 379 721 concessis,
398 682 594 715 confirmatis
620 686 653 714 et
671 681 844 721 innovatis;
864 682 933 724 qni-

200 733 261 766 bus
279 734 429 767 omnibus
447 739 478 767 et
494 733 641 776 singulis,
656 733 784 767 illorum
802 738 931 766 tenores

200 786 422 828 praesentibus
439 797 497 829 pro
514 787 611 829 plene
629 791 659 819 et
675 786 871 819 sufficienter
885 796 931 818 ex-

200 838 320 881 pressis
345 849 381 871 ac
404 839 443 871 de
466 839 565 871 verbo
586 839 624 871 ad
648 840 780 871 verbum
800 838 931 870 insertis

200 890 372 931 babentes,
391 891 457 924 illis
485 891 564 923 alias
593 891 624 923 in
650 901 707 923 suo
726 892 841 923 robore
860 901 932 934 per-

199 943 379 983 mansuris,
409 944 447 977 ad
479 944 732 986 praemissorum
761 943 930 983 ellectum,

200 997 262 1029 hac
287 997 356 1029 vice
389 997 576 1037 dumtaxat,
612 997 799 1040 specialiter
823 1002 853 1029 et
880 1008 930 1029 ex-

199 1060 310 1092 presse
329 1049 540 1092 derogainus;
559 1050 742 1092 ceterisque
761 1049 931 1083 contrariis

199 1103 472 1146 quibuscumque.

243 1156 313 1199 §5
346 1156 498 1190 Volumus
530 1162 635 1189 autem
668 1162 701 1188 ut
733 1157 932 1189 earumdem-

199 1209 270 1242 dem
285 1210 503 1252 praesentium
521 1209 701 1242 litterarum
717 1210 930 1252 transumptis,

197 1271 254 1293 seu
279 1261 458 1304 exemplis,
493 1261 586 1293 etiam
612 1261 775 1305 impressis
792 1289 799 1301 ‚
837 1273 930 1294 manu

198 1313 332 1347 alicuius
358 1314 473 1347 notarii
494 1314 613 1357 publici
632 1314 829 1357 subscriptis,
848 1320 879 1347 et
895 1315 932 1347 si-

198 1367 276 1409 gillo
301 1377 460 1410 personae
486 1367 518 1399 in
536 1367 753 1400 ecclesiastica
774 1368 929 1410 dignitate

198 1420 390 1453 constitutae
410 1420 555 1459 munitis,
572 1420 683 1452 eadem
702 1431 834 1463 prorsus
853 1421 929 1454 sides

196 1473 319 1517 ubique
356 1474 503 1506 locorum
541 1473 721 1513 habeatur,
747 1484 826 1516 quae
852 1474 929 1516 ipsis

197 1525 423 1569 praesentibus
449 1525 623 1558 baberetur
637 1526 663 1558 si
683 1526 787 1559 forent
811 1527 930 1559 exhibi-

198 1584 247 1611 tae
272 1579 320 1610 rel
346 1582 510 1611 ostensae.

242 1631 352 1664 Datum
377 1631 508 1669 Rornae,
530 1631 614 1673 apud
636 1631 666 1664 S.
687 1632 817 1664 Mariam
837 1632 931 1665 Maio-

198 1694 276 1722 rem,
311 1683 372 1715 sub
407 1685 527 1716 annulo
559 1684 742 1722 piscatoris,
778 1685 829 1716 die
858 1695 929 1718 xxw

198 1736 277 1769 iunii
317 1746 519 1770 MDCLxxxvnr
538 1763 546 1776 ,
585 1737 791 1780 pontificatus
827 1738 928 1770 nostri

198 1799 284 1822 anno
309 1799 366 1822 ΧΗ.

233 1850 292 1878 Dat.
310 1850 353 1878 die
369 1851 402 1878 26
416 1851 485 1878 iunii
509 1851 585 1885 1688,
607 1851 704 1887 pontis.
725 1860 797 1879 anno
814 1859 860 1879 xu.

497 1992 623 2026 CXCIX.

198 2073 490 2107 Communicanlur
514 2073 624 2105 omnia
646 2072 821 2115 privileqia
837 2078 864 2105 et
886 2074 931 2106 in-

240 2125 427 2168 dulyentiae
462 2125 729 2168 Conyreqationis
752 2126 932 2159 Helveticae

241 2178 490 2220 Conyreyalioni
514 2178 693 2210 Bavaricae
712 2177 844 2211 Ordinis
859 2189 932 2211 san-

239 2231 282 2263 cti
306 2229 483 2263 Benedicti.

385 2309 581 2337 Innocentius
602 2309 679 2342 Papa
698 2309 747 2340 xl,

315 2354 351 2381 ad
368 2356 544 2387 perpetuam
563 2353 609 2379 rei
630 2352 811 2381 memoriam.

239 2424 272 2458 ln
298 2425 449 2468 suprema
469 2423 559 2457 Sedis
577 2422 778 2465 Apostolicae
799 2425 929 2467 specula

197 2478 320 2510 meritis
345 2477 420 2510 licet
444 2476 623 2519 imparibus
649 2475 688 2507 ab
714 2476 844 2508 AEterno
872 2477 928 2509 Pa-

232 2549 243 2574 !
273 2547 309 2575 De
338 2546 575 2574 constitutionibus
605 2544 683 2571 buius
712 2546 928 2581 (Iongregationis

195 2591 282 2629 agitur
297 2592 324 2620 in
335 2591 440 2621 constit.
452 2591 523 2618 edita
538 2596 706 2624 MDCLxxxvtt,
721 2589 764 2617 die
779 2590 806 2616 21
829 2592 925 2626 martii,

975 418 1059 457 xilio,
1086 419 1119 451 in
1143 419 1284 451 Ecclesia
1309 418 1363 451 Dei
1395 418 1542 461 proferre
1576 416 1704 450 assidue

975 476 1133 513 satagunt,
1160 477 1312 514 paternae
1343 471 1520 514 dirigentes
1556 470 1706 503 conside-

975 524 1106 557 rationis
1131 524 1292 563 intuitum,
1312 524 1427 556 rationi
1453 529 1705 557 consentancum

975 582 1179 619 reputamus,
1204 582 1238 609 ut
1270 576 1423 618 religiosa
1455 587 1565 609 eorum
1600 576 1705 610 studia

975 629 1170 672 felicesque,
1203 640 1393 672 progressus
1425 629 1636 672 amplioribus
1672 629 1706 662 in

975 681 1043 714 dies
1069 682 1243 724 gratiarum
1269 692 1303 714 ac
1328 681 1571 724 privilegiorum
1596 692 1707 716 mune-

975 734 1064 766 ribus
1089 735 1315 767 consoveamus
1334 739 1427 777 atque
1450 735 1650 767 decoremus.

1018 789 1032 830 ἓ
1059 788 1089 819 1.
1116 787 1192 820 Cum
1216 787 1324 831 itaque
1350 798 1408 820 nos
1438 788 1515 821 alias
1548 788 1706 821 nonnulla

975 841 1170 872 monasteria
1194 841 1426 873 monachorum
1451 841 1579 874 Ordinis
1604 845 1704 873 sancti

979 893 1162 932 Benedicti,
1187 893 1217 925 in
1257 893 1382 926 civitate
1418 893 1644 927 Ratisboncnsi
1669 904 1706 926 ac

977 946 1005 977 in
1033 946 1175 979 dominio
1201 945 1308 979 dilecti
1334 946 1391 979 lilii
1416 946 1535 979 nobilis
1565 946 1624 979 viri
1649 946 1707 979 Ma·

978 998 1130 1031 ximiliani
1148 999 1361 1032 Emmanuelis
1375 998 1542 1042 utriusque
1557 999 1706 1032 Bavariae

977 1051 1066 1084 ducis
1091 1051 1120 1084 S.
1149 1052 1185 1083 R.
1214 1052 1235 1083 l.
1264 1050 1418 1094 principis
1436 1052 1584 1084 electoris
1601 1062 1708 1095 respe-

976 1105 1056 1137 ctive
1081 1104 1300 1144 consistentia,
1316 1105 1347 1136 in
1373 1115 1470 1136 unum
1496 1115 1614 1147 corpus
1638 1105 1708 1137 uni-

977 1158 1115 1191 verimus
1141 1164 1173 1191 et
1196 1157 1463 1197 coniunxerimuS,
1490 1158 1600 1200 sicque
1618 1158 1707 1190 unita

976 1216 1007 1243 et
1031 1211 1212 1251 coniuncta,
1240 1221 1275 1243 ac
1300 1210 1361 1243 alia
1394 1210 1588 1243 monasteria
1624 1210 1708 1243 eius-

976 1263 1047 1296 dem
1084 1264 1210 1296 Ordinis
1235 1263 1298 1296 illis
1323 1268 1409 1296 certo
1446 1268 1521 1295 tunc
1557 1273 1707 1306 expresso

975 1316 1070 1349 modo
1094 1316 1357 1359 aggreganda,in
1383 1326 1496 1348 novam
1523 1315 1707 1358 Congrega-

976 1368 1095 1401 tionem
1114 1369 1172 1401 sub
1200 1368 1292 1401 titulo
1313 1368 1360 1401 Ss.
1388 1369 1585 1411 Angelorum
1603 1368 1708 1401 Custo-

975 1421 1049 1453 dum
1063 1421 1248 1454 Bavaricam
1266 1421 1529 1463 nuncupandam,
1549 1421 1586 1453 ad
1606 1421 1708 1454 instar

974 1474 1239 1516 Congregationis
1263 1474 1445 1507 Helveticae
1472 1474 1548 1506 dicti
1569 1474 1707 1513 Ordinis,

974 1533 1133 1570 perpetuo
1151 1527 1346 1560 erexerimus
1366 1532 1396 1559 et
1413 1526 1657 1565 instituerimus,
1677 1533 1708 1560 et

974 1580 1062 1619 alifis,
1081 1585 1177 1623 prout
1197 1580 1228 1612 in
1255 1580 1371 1612 nostris
1396 1580 1533 1622 desuper
1554 1580 1585 1612 in
1610 1579 1705 1613 simili

976 1633 1077 1665 forma
1102 1632 1209 1666 Brevis
1234 1633 1285 1665 die
1303 1643 1354 1665 xvi
1372 1633 1497 1675 augusti
1522 1642 1707 1666 MDCLxxxlv

974 1685 1131 1729 expeditis
1156 1685 1282 1723 litteris,
1300 1696 1432 1728 quarum
1455 1690 1600 1718 tenorem
1620 1696 1707 1728 prae-

974 1738 1117 1771 sentibus
1148 1748 1207 1781 pro
1238 1739 1334 1781 plene
1360 1743 1391 1770 et
1423 1738 1621 1770 sufficienter
1655 1748 1707 1770 ex-

975 1802 1088 1835 presso
1114 1796 1145 1823 et
1166 1791 1287 1823 inserto
1320 1790 1432 1822 haberi
1454 1791 1612 1830 volumus,
1631 1791 1708 1824 ube-

974 1844 1039 1876 rius
1064 1843 1264 1883 continetur;
1291 1848 1334 1882 et,
1353 1843 1433 1875 sicut
1457 1853 1517 1886 pro
1542 1848 1634 1886 parte
1660 1844 1708 1876 di-

975 1898 1131 1929 lectorum
1168 1895 1307 1929 filiorum
1344 1895 1515 1928 Caelestini
1547 1896 1706 1939 praesidis

975 1959 1034 1982 nec
1065 1959 1130 1982 non
1156 1949 1357 1981 visitatorum
1384 1954 1415 1981 et
1439 1948 1577 1981 aliorum
1609 1949 1706 1981 abba-

975 2008 1039 2034 tum
1056 2001 1160 2034 dictae
1178 2001 1444 2044 Congregationis
1463 2001 1630 2034 Bavaricae
1652 2012 1707 2034 n0=

974 2055 1022 2088 bis
1046 2054 1183 2087 subinde
1209 2054 1387 2096 expositum
1416 2054 1483 2092 suit,
1511 2053 1571 2096 ipsi
1600 2054 1708 2087 omnia

975 2113 1006 2140 et
1029 2107 1155 2149 singula
1172 2106 1305 2145 indulta,
1326 2106 1551 2146 immunitates,
1574 2107 1704 2149 gratias,

974 2161 1099 2203 aliaque
1125 2159 1293 2203 privilegia
1313 2170 1533 2202 quaecumque
1551 2159 1707 2192 hactenus

974 2223 991 2245 a
1014 2213 1096 2246 Sede
1122 2211 1306 2255 Apostolica
1326 2211 1572 2254 Congregationi
1594 2213 1708 2245 Ilelve-

975 2266 1054 2299 ticae
1088 2265 1260 2309 praefatae,
1299 2264 1450 2308 illiusque
1487 2265 1705 2306 monasteriis,

974 2318 1131 2358 ecclesiis,
1156 2318 1336 2357 abbatibus,
1354 2317 1521 2350 monacbis
1547 2323 1578 2351 et
1596 2329 1706 2361 perso-

973 2371 1032 2411 nis,
1047 2381 1104 2414 per
1121 2380 1179 2403 nos
1198 2374 1230 2402 et
1245 2368 1360 2403 Sedem
1378 2368 1551 2410 eamdem',
1569 2370 1708 2414 paritor-

973 2458 1065 2493 pontis.
1086 2464 1129 2489 xt;
1151 2462 1177 2483 et
1196 2458 1230 2483 ab
1252 2457 1405 2484 Innocentio
1426 2457 1471 2484 Xtt
1485 2479 1491 2490 ,
1513 2458 1618 2484 constit.
1635 2458 1705 2485 edita

972 2509 1082 2535 innexa,
1103 2501 1145 2527 die
1164 2503 1188 2527 tt
1209 2501 1326 2534 augusti,
1346 2501 1438 2536 pontis.
1460 2508 1486 2534 11,
1507 2502 1594 2528 eidem
1610 2511 1705 2529 conce·

971 2547 1071 2573 duntur
1090 2545 1226 2579 pritilegia
1245 2545 1463 2579 Congregationis
1477 2545 1652 2572 Cassinensis.

1007 2592 1016 2617 1
1039 2588 1148 2616 Videtur
1167 2589 1261 2616 deesse
1282 2597 1329 2615 vox
1348 2597 1475 2616 concessa
1489 2591 1528 2625 (fl.
1549 2589 1597 2625 T.)-

1599 199 1664 233 919
1710 208 1758 236 An.
1775 207 1803 235 C.
1827 208 1894 237 ¹688

1765 800 1860 823 indutam
1875 802 1898 822 ut

1697 841 1703 846 -
1715 828 1736 849 in
1751 830 1843 849 rubrica.
