2111 3157
0 211 37 240 ln.
55 209 84 237 G.
108 208 174 237 ¹588

175 267 245 289 rum
270 256 438 290 nominant
469 257 639 296 electores,
677 256 742 289 sive
768 257 805 289 dc
840 266 906 287 mo-

774 206 982 232 tNNOCENJtsS
1005 208 1034 231 >11
1061 208 1108 232 1³1³.

1580 199 1644 233 855

926 255 1074 298 gOrtlinis
1101 256 1141 298 (²)
1173 262 1319 290 recenter
1352 257 1594 298 defunctorum,
1621 270 1680 301 pro

926 302 928 314 l

175 309 287 342 nachis
313 309 512 349 Carthusiae,
538 309 603 342 sive
629 310 667 342 dc
693 308 853 352 prioribus
874 308 905 339 in
926 321 927 335 t
949 309 1062 351 quibus
1088 315 1119 342 et
1136 311 1285 342 omnibus
1309 311 1571 344 benefactoribus
1597 311 1672 354 capi*

175 362 289 395 eodem
313 362 453 405 capitulo
484 362 699 404 congregatis.
736 362 803 394 lloc
829 371 906 403 pen-

173 419 242 447 sato
266 414 305 447 de
330 414 456 458 aequali
481 420 511 447 et
537 414 643 447 debita
674 414 837 457 portione,
872 418 906 445 ut

175 465 317 510 quinque
341 467 500 510 praedicti
525 467 659 510 priores,
685 466 737 509 qui
764 465 905 498 definito-

174 529 244 552 rum
268 519 436 552 nominant
453 521 624 559 electores,
655 518 791 561 singulis
812 518 903 549 annis

173 576 337 605 mutentur
360 573 556 614 successive,
584 573 751 606 domorum
777 570 904 604 Ordinis

173 624 409 658 Carthusiensis
428 626 542 659 ordine
554 629 756 663 conservato,
775 625 905 657 descen-

173 678 281 711 dendo
306 678 456 712 videlicet
478 689 537 722 per
560 679 702 720 singulos
727 677 851 720 priores
872 676 902 709 in

172 731 313 774 capitulo
337 736 524 775 praesentes
557 742 657 774 usque
687 730 725 763 ad
758 731 902 763 ultimum

170 784 353 824 inclusive,
377 790 409 817 et
441 784 651 828 postmodum
678 794 694 815 a
726 783 830 826 capite
856 783 904 815 in-

171 837 332 877 choando,
353 837 463 880 priore
493 837 605 870 domus
630 836 815 869 Cartbusiae
836 847 901 869 non

170 895 301 924 mutato.
327 890 360 923 Si
385 890 439 933 qui
465 895 571 923 autem
596 889 731 933 priores,
756 890 794 922 ad
823 900 902 932 quos

169 942 349 985 pertineret
371 942 541 975 nominare
567 943 738 982 electores,
766 942 830 974 sint
849 941 903 973 ab-

170 1001 286 1036 sentes,
313 995 463 1029 transitur
487 995 526 1028 ad
550 995 628 1028 alios
645 1000 825 1038 sequentes,
847 994 901 1037 qui

168 1054 358 1093 praesentes
383 1054 466 1089 sunt,
492 1048 597 1082 donec
624 1047 688 1080 sint
719 1058 770 1081 sex
797 1048 902 1080 nomi-

169 1102 235 1134 nati
257 1103 427 1135 electores.

212 1164 287 1188 xxn.
314 1153 492 1187 Nominatis
520 1153 724 1194 electoribus,
751 1164 902 1186 reveren-

170 1207 228 1240 dus
252 1211 346 1250 pater
370 1207 456 1240 ducit
480 1217 536 1240 eos
560 1207 598 1240 ad
623 1208 722 1240 altare
748 1206 779 1240 S.
803 1207 899 1246 Petri,

169 1270 226 1292 seu
243 1260 283 1293 ad
300 1261 406 1293 locum
424 1261 463 1293 ad
480 1262 542 1294 hoc
565 1260 750 1304 specialiter
769 1260 901 1302 deputa-

171 1318 246 1353 tum,
262 1318 295 1346 et
317 1313 407 1346 brevi
439 1319 573 1347 tractatu
599 1314 683 1346 inter
714 1323 748 1345 se
779 1313 900 1353 habito,

168 1366 290 1409 absque
315 1366 381 1399 ulla
405 1376 630 1409 personarum,
665 1365 813 1408 partium,
845 1376 900 1397 na-

170 1418 290 1451 tionum
314 1419 361 1451 vel
386 1418 608 1451 conditionum
633 1418 832 1461 exceptione,
870 1428 901 1450 e·

168 1470 270 1514 ligant
294 1470 480 1504 definitores
505 1481 564 1514 pro
590 1482 665 1504 suae
690 1470 823 1504 arbitrio
846 1482 900 1503 vo-

169 1523 309 1564 luntatis,
335 1524 400 1557 sive
425 1524 464 1557 de
489 1534 522 1557 se
547 1524 635 1566 ipsis,
659 1524 722 1557 sive
748 1525 786 1557 de
812 1523 900 1566 prio-

169 1576 257 1610 ribus
281 1576 400 1610 ibidem
423 1577 660 1620 praesentibus,
685 1577 750 1610 sive
776 1578 813 1610 de
833 1587 900 1609 mo-

169 1629 282 1662 nacbis
316 1630 428 1662 domus
463 1629 666 1669 Cartbusiae,
706 1640 785 1673 quos
817 1634 899 1662 teste

168 1681 256 1715 fideli
281 1682 481 1715 conscientia
497 1682 597 1725 magis
616 1683 751 1716 idoncos
777 1682 900 1715 iudica-

169 1736 264 1776 bunt,
289 1735 375 1768 viros
399 1735 520 1769 scilicet
542 1736 642 1768 Deum
668 1735 828 1775 timentes,
849 1735 901 1768 do-

169 1793 250 1829 ctos,
274 1788 429 1833 probatos
453 1793 484 1821 et
508 1788 539 1821 in
564 1789 651 1821 tactis
676 1788 802 1822 Ordinis
830 1799 901 1831 pra-

170 1841 278 1882 ctieos,
303 1847 453 1885 expertos
477 1846 508 1874 et
532 1842 571 1874 ad
598 1847 717 1874 tantum
736 1852 815 1885 opus
838 1842 902 1875 ido-

171 1904 261 1928 ncos.
277 1894 322 1927 lta
335 1900 452 1935 tamen,
463 1894 558 1937 quod,
570 1900 705 1937 excepto
721 1895 900 1928 reverendo

170 1952 278 1990 patre,
304 1948 412 1981 nullus
444 1947 484 1980 sit
515 1947 563 1980 vel
588 1947 726 1990 eligatur
750 1947 902 1981 definitor

170 1999 202 2033 in
226 1999 351 2033 duobus
373 2000 522 2043 capitulis
539 2000 731 2033 successive.

212 2063 302 2087 xxm.
337 2052 506 2095 Eliguntur
541 2057 617 2085 tunc
652 2052 746 2086 etiam
780 2053 900 2087 ibidem

170 2105 275 2139 scriba
310 2105 440 2149 capituli
476 2105 650 2149 generalis,
690 2106 900 2139 referendarii

172 2163 234 2191 tres
259 2168 318 2202 pro
343 2157 446 2191 causis
468 2157 695 2201 promovendis
711 2185 718 2198 ,
745 2160 902 2192 cancella-

171 2210 246 2251 rius,
261 2211 424 2245 auditores
439 2211 632 2250 cancellarii,
646 2211 810 2244 auditores
823 2222 902 2245 com·

171 2268 334 2307 pulcrum,
359 2264 550 2297 emendator
574 2263 605 2296 in
631 2265 752 2297 lectura
772 2265 903 2298 resecto-

173 2316 227 2357 rii,
246 2322 278 2350 et
300 2317 354 2351 ille
375 2317 429 2361 qui
454 2317 485 2349 in
511 2317 579 2350 eius
604 2317 751 2350 absentia
767 2318 903 2360 ‚supple-

174 2369 220 2402 bit
239 2370 332 2410 vices,
349 2375 381 2404 et
399 2375 589 2414 procurator
604 2370 748 2414 capituli.
775 2370 903 2403 Inhibe-

175 2427 225 2455 tur
248 2428 354 2457 autem
378 2433 418 2456 ne
443 2424 526 2456 ullus
550 2424 707 2456 subornet
738 2423 833 2456 alium
870 2423 902 2456 in

175 2476 333 2510 electione
358 2477 534 2509 electorum
557 2476 608 2508 vel
634 2475 851 2509 definitorum.

217 2538 302 2562 xxiv.
327 2529 471 2569 Interim,
493 2528 568 2561 dum
589 2528 649 2561 ista
673 2528 764 2568 fiunt,
790 2530 903 2571 legun-

176 2585 226 2616 tur
255 2582 385 2616 nomina
409 2581 597 2615 habentium
626 2581 902 2626 participationem

950 361 1005 393 tuli
1026 362 1195 404 generalis,
1215 364 1482 396 recommendatis
1500 368 1532 396 et
1554 363 1675 397 amicis.

949 414 1117 457 Postquam
1145 416 1342 448 reverendus
1367 421 1467 459 pater,
1489 417 1600 449 electis
1625 418 1673 450 de·

948 465 1138 507 finitoribus,
1157 478 1305 500 reversus
1329 473 1378 501 est
1401 469 1432 501 in
1450 470 1560 502 sedem
1579 480 1676 510 suam,

948 524 1034 552 stans
1060 520 1178 552 nudato
1200 521 1303 563 capite
1325 521 1436 564 incipit
1456 523 1612 564 psalmum
1634 523 1676 556 De

945 572 1127 614 pinsandis,
1155 583 1225 604 cum
1250 573 1400 615 precibus
1426 580 1456 606 et
1477 575 1679 608 orationibus

946 624 1119 656 consuetis.
1147 625 1306 658 Postbaec
1326 626 1457 659 nomina
1474 627 1678 662 definitorum

948 683 978 708 et
1002 676 1139 709 aliorum
1165 678 1348 711 officialium
1373 679 1516 722 capituli,
1535 679 1602 713 vice
1623 683 1676 713 sua

946 733 977 761 et
1000 729 1137 761 aliorum
1163 730 1349 771 electorum,
1379 732 1456 773 legit
1480 738 1511 765 et
1536 733 1678 776 publicat

946 781 977 813 in
1003 782 1163 814 communi
1196 784 1372 815 audientia.
1404 784 1493 817 Tunc
1524 787 1677 828 leguntur

945 834 1071 867 litterae
1097 835 1238 877 capitulo
1259 836 1401 876 generali
1425 837 1578 877 directae,
1596 849 1677 880 quae

945 888 1110 930 pertinent
1127 888 1166 920 ad
1188 893 1287 921 totum
1310 888 1470 929 Ordinem,
1489 892 1539 923 vel
1560 891 1591 923 in
1609 893 1677 934 qui-

945 941 1003 972 bus
1021 940 1146 983 priores
1165 945 1281 983 petunt
1300 941 1551 975 misericordiam
1570 944 1676 986 quoad

945 993 1047 1036 ipsam
1080 993 1336 1027 misericordiam
1372 1000 1506 1027 tantum.
1544 995 1676 1029 Ceterae

944 1057 1020 1079 vero
1046 1046 1181 1086 litterae,
1207 1046 1419 1089 particulares
1443 1058 1554 1081 causas
1574 1050 1676 1082 conti-

944 1104 1069 1139 nentes,
1088 1099 1118 1131 in
1136 1099 1263 1143 publica
1283 1100 1444 1132 audientia
1457 1101 1591 1144 capituli
1609 1112 1673 1134 non

943 1153 1103 1195 leguntur,
1128 1152 1184 1185 sed
1210 1152 1384 1184 recitantur
1408 1154 1447 1186 ad
1473 1153 1672 1188 definitores.

986 1216 1056 1239 xxv.
1082 1206 1115 1238 In
1141 1206 1271 1248 publica
1292 1206 1457 1239 audientia
1474 1207 1607 1251 capituli
1626 1218 1664 1251 ge

944 1258 1061 1291 neralis
1087 1259 1192 1290 nullus
1217 1258 1278 1290 nisi
1304 1263 1434 1291 vocatus
1460 1265 1589 1302 surgat,
1622 1265 1676 1293 ant

944 1322 1002 1354 per
1025 1321 1058 1343 se
1083 1311 1187 1353 ipsum
1213 1311 1334 1354 aliquid
1362 1317 1539 1355 proponat;
1563 1313 1629 1353 sed,
1648 1313 1674 1345 si

942 1364 1027 1407 quod
1053 1364 1085 1396 in
1110 1363 1177 1406 ipsa
1202 1364 1366 1396 audientia
1395 1375 1579 1408 proponere
1614 1376 1672 1398 vo-

943 1417 1045 1457 lucrit,
1072 1417 1124 1449 det
1148 1416 1226 1449 illud
1250 1427 1309 1459 per
1333 1417 1521 1451 schedulam
1554 1418 1586 1450 in
1610 1429 1676 1451 ma-

943 1481 1018 1503 num
1042 1470 1164 1502 scribac
1191 1468 1335 1502 eiusdem
1361 1471 1495 1513 capituli
1516 1472 1676 1514 generalis

943 1523 995 1566 qni
1022 1523 1060 1556 de
1080 1524 1244 1555 voluntate
1270 1524 1439 1556 reverendi
1457 1524 1556 1566 patris
1577 1529 1608 1557 et
1623 1525 1678 1557 de-

943 1575 1107 1608 finitorum
1132 1575 1211 1608 illud
1238 1576 1346 1618 legere
1372 1581 1402 1608 et
1429 1576 1596 1619 publicare
1617 1587 1676 1620 po-

945 1628 1018 1660 tcrit
1041 1637 1129 1660 more
1155 1627 1261 1659 solito.
1300 1627 1489 1671 Proponens
1517 1629 1602 1661 enim
1628 1634 1677 1661 est

943 1680 1012 1724 ipse
1037 1679 1154 1720 scriba,
1168 1680 1206 1712 ad
1232 1680 1323 1713 cuius
1348 1680 1488 1713 officium
1515 1681 1576 1714 hoc
1601 1691 1675 1724 spe-

943 1739 1018 1766 ctat.

986 1797 1069 1820 xxvl.
1097 1786 1128 1819 Si
1154 1786 1224 1829 quis
1250 1791 1355 1819 autem
1380 1787 1500 1830 aliquid
1525 1788 1605 1821 sorte
1631 1799 1677 1821 se-

944 1844 1076 1880 cretum,
1100 1844 1153 1872 aut
1177 1839 1263 1872 aliud
1290 1841 1353 1873 tale
1380 1840 1559 1883 negotium,
1589 1842 1676 1884 quod

945 1892 1104 1936 publicam
1129 1892 1327 1925 audientiam
1352 1903 1417 1925 non
1444 1894 1596 1936 requirat,
1625 1905 1677 1927 ca-

945 1945 1046 1988 pitulo
1072 1944 1220 1977 intimare
1257 1946 1403 1985 voluerit,
1440 1946 1574 1989 poterit,
1612 1946 1675 1979 imo

945 1997 1075 2031 debebit
1110 1997 1142 2029 in
1180 1998 1305 2045 privato
1341 1997 1526 2031 delinitorio
1562 2004 1675 2042 petere

945 2050 1151 2090 audientiam,
1169 2061 1251 2094 quae
1270 2051 1331 2084 sibi
1349 2061 1415 2083 non
1435 2051 1626 2094 negabitur,
1646 2057 1677 2085 et

946 2105 1074 2145 ibidem,
1097 2115 1177 2147 quae
1202 2105 1415 2147 proponenda
1433 2110 1538 2145 erunt,
1564 2105 1674 2148 paucis

945 2163 976 2190 et
999 2149 1190 2190 necessariis
1208 2157 1315 2189 verbis
1333 2167 1528 2200 proponere,
1548 2162 1601 2190 aut
1621 2158 1677 2190 illa

945 2210 1122 2243 reverendo
1147 2209 1229 2253 patri
1263 2209 1450 2242 Cartbusiae
1482 2210 1521 2242 ad
1551 2215 1677 2253 partem

944 2262 1124 2306 significare
1143 2262 1275 2306 poterit.

976 2326 1011 2360 (⁶)
1032 2324 1184 2352 Ordinatio
1204 2324 1277 2351 anni
1297 2330 1389 2350 nincrt.
1411 2333 1423 2349 «
1445 2319 1481 2351 De
1509 2327 1600 2351 cetero
1624 2332 1676 2351 non

944 2368 1124 2396 concedantur
1146 2368 1363 2403 participationes
1382 2368 1489 2394 Ordinis
1510 2368 1560 2395 nisi
1581 2368 1613 2395 ad
1633 2377 1677 2396 so-

945 2414 995 2440 lam
1022 2412 1174 2439 instantiam
1195 2413 1315 2447 triorum
1343 2412 1505 2444 domorum,
1527 2413 1571 2448 qui
1597 2421 1677 2440 manu

945 2457 1051 2493 propria
1077 2457 1157 2483 tidem
1185 2457 1285 2483 faciunt
1310 2457 1379 2492 quod
1408 2465 1538 2492 personae
1564 2466 1676 2491 omnes,

945 2511 991 2537 pro
1011 2501 1108 2537 quibus
1127 2501 1175 2536 ipsi
1196 2504 1298 2536 petunt,
1311 2501 1365 2527 sint
1383 2501 1565 2528 benemeritae
1580 2501 1612 2528 de
1632 2502 1678 2529 Or-

944 2546 1005 2573 dine
1025 2550 1127 2578 nostro,
1141 2549 1166 2572 et
1185 2553 1236 2572 non
1257 2545 1386 2571 excedant
1405 2553 1544 2572 numerum
1565 2547 1678 2581 quatuor

945 2598 1118 2626 personarum
1140 2589 1294 2617 nominatim
1313 2597 1536 2626 expressarum».

1690 210 1740 237 An.
1757 211 1782 236 (“,

1839 213 1872 241 ⁸8
