2111 3157
0 225 31 246 n.
46 217 75 246 C.
98 216 166 244 1680

0 593 63 615 [Inar
77 593 149 615 XXIV.

16 621 44 641 Du
68 621 163 645 epistolis

0 646 96 672 ungendis
108 648 162 667 etde

0 678 28 692 mo
43 673 162 693 celebrandi

0 698 103 724 :prinlum-

771 215 983 241 INNOCENTIUS
1005 217 1035 241 XI
1059 218 1107 242 PP-

174 275 194 298 a
219 273 285 308 quo
303 268 453 298 teneatur
469 264 618 309 accipere
637 263 913 305 benedictionem,

177 317 252 351 dum
278 327 294 349 e
319 317 517 350 monasterio
543 317 709 360 egreditur
726 322 758 350 et
774 317 813 350 ad
833 317 913 350 illud

175 369 359 402 revertitur.
385 369 476 408 Quod
500 369 586 402 idem
607 369 741 402 dicimus
766 369 804 402 de
829 379 914 402 corn-

175 423 305 466 putista,
332 423 386 467 qui
411 433 541 466 semper
564 422 605 455 sit
629 423 784 462 decanus,
811 426 843 454 et
865 426 912 454 te-

174 481 250 510 neat
272 478 381 513 locum
404 476 592 509 immediate
616 479 692 518 post
720 483 912 517 comprocu-

173 535 328 562 ratorem.

218 592 239 615 1.
266 581 431 625 Expeditis
462 580 631 621 omnibus',
663 585 694 613 et
717 584 791 613 ante
824 579 911 622 capi-

174 634 233 666 tuli
258 634 504 674 absolutionem,
531 635 556 666 si
581 643 663 676 quae
699 632 909 675 responsivae

173 686 222 718 vel
246 686 395 718 missivae
420 685 640 718 conficiendae
665 689 741 716 sunt
764 685 907 723 litterae,

173 736 308 770 satisfiat
332 738 408 769 huic
436 736 562 769 muneri
598 746 658 779 per
692 735 834 778 aliquem
869 735 909 767 ad

173 790 238 823 hoc
253 789 407 823 idoneum
427 800 445 822 a
463 788 689 822 definitoribus
709 789 905 831 deputatum.

174 842 255 881 Quas
279 843 404 876 litteras
430 841 617 882 definitores
653 840 828 882 diligenter
860 840 906 872 vi-

175 895 281 936 deant,
299 900 330 928 et
349 895 375 927 si
400 894 525 938 aliquas
550 892 763 926 iudicaverint
786 902 906 925 memo-

172 949 221 981 ria
241 947 366 991 dignas,
383 946 552 990 registrari
572 946 691 978 saciant
707 955 765 989 per
785 945 905 978 cancel-

173 1000 299 1035 larium.

216 1063 252 1087 11.
279 1052 522 1096 Consequenter
545 1061 605 1095 pro
630 1051 737 1084 futuro
762 1050 906 1094 capitulo

173 1106 370 1140 celebrando
394 1105 530 1139 idoneus
551 1105 584 1138 in
604 1105 713 1148 aliquo
731 1104 907 1146 Congrega-

173 1159 271 1192 tionis
287 1164 418 1192 nostrae
436 1158 635 1192 monasterio
650 1159 741 1191 locus
756 1158 903 1200 eligatur.

172 1212 378 1245 Declaramus
402 1217 508 1244 autem
533 1210 728 1244 monasteria
747 1220 807 1253 pro
825 1210 907 1242 cele-

172 1264 298 1297 brando
323 1264 463 1306 capitulo
495 1264 576 1296 haec
608 1273 698 1302 esse,
729 1262 903 1295 videlicet:

172 1317 406 1350 monasterium
421 1316 452 1349 S.
472 1316 637 1349 Benedicti
653 1316 807 1355 Mantuae,
818 1315 846 1348 S.
860 1315 906 1347 Io-

173 1370 265 1402 annis
289 1369 511 1412 Evangelistae
534 1370 677 1409 Parmae,
710 1368 742 1401 S.
768 1368 905 1401 Iustinae

172 1422 303 1463 Patavii,
327 1422 358 1455 S.
385 1422 501 1455 Mariae
525 1422 702 1462 Prataleae,
724 1421 756 1455 S.
775 1421 905 1464 Georgii

171 1475 385 1516 Venetiarum,
411 1475 442 1508 S.
469 1476 555 1508 Petri
579 1476 709 1517 Perusii,
739 1475 770 1509 S.
796 1475 906 1508 Vitalis

173 1530 352 1570 Ravennae,
378 1534 410 1562 et
429 1540 554 1564 sacrum
579 1529 769 1564 Cassinense
794 1539 907 1563 coeno-

171 1583 285 1617 bium:
308 1583 459 1616 vvolentes
484 1583 572 1626 quod
604 1583 667 1616 hoc
698 1583 813 1616 ordine
849 1582 906 1615 ha-

171 1637 310 1670 beantur
334 1636 463 1669 comitia
487 1647 547 1679 pro
572 1637 713 1680 capitulo
744 1637 904 1679 generali,

170 1695 206 1722 ut
231 1696 279 1723 ter
303 1690 335 1723 in
352 1700 417 1722 uno
445 1691 493 1723 vel
514 1692 615 1723 altero
635 1691 905 1724 monasteriorum

171 1744 204 1776 in
233 1742 408 1786 provinciis
441 1742 561 1776 Veneta
593 1748 625 1776 et
656 1744 837 1776 Lombarda
871 1749 907 1777 ut

171 1807 269 1840 supra
293 1797 530 1840 deputatorum,
548 1796 597 1829 bis
623 1807 697 1828 vero
718 1797 751 1828 in
768 1797 905 1838 assigna·

171 1851 210 1884 tis
235 1850 476 1894 provinciarum
500 1850 665 1881 Romanae
697 1854 729 1881 et
758 1848 906 1892 Neapoli-

170 1908 264 1936 tanae
289 1903 492 1935 celebrentur
517 1902 555 1935 de
581 1902 724 1935 triennio
749 1902 781 1934 in
807 1902 905 1935 trien-

169 1955 270 1995 nium,
291 1960 439 1998 utsupra
456 1955 613 1987 sancitum
633 1959 683 1987 est
699 1965 771 1998 cap.
790 1965 810 1995 1,
828 1965 860 1987 n.
880 1966 902 1988 1.

214 2019 262 2042 111.
289 2006 347 2045 Qui
371 2009 462 2041 locus
487 2008 533 2040 sic
557 2008 689 2047 electus,
722 2008 784 2040 nisi
809 2008 905 2042 ratio-

170 2061 269 2094 nabili
294 2062 392 2094 causa
417 2066 448 2093 et
472 2060 511 2093 de
532 2060 749 2103 praesidentis
776 2071 904 2094 necnon

170 2113 300 2146 maioris
318 2113 417 2156 partis
434 2113 635 2146 visitatorum
652 2124 820 2154 consensu,
842 2125 905 2146 mu-

170 2167 230 2198 tari
256 2176 320 2199 non
344 2166 464 2209 possit·‚
485 2176 544 2198 nec
568 2166 743 2200 celebratio
761 2167 902 2210 capituli,

169 2218 231 2250 nisi
249 2229 308 2261 per
321 2219 416 2251 breve
430 2223 568 2261 tempus,
582 2224 652 2251 octo
671 2218 829 2259 videlicet,
844 2220 902 2259 vel,

171 2271 210 2303 ad
235 2271 340 2310 altius,
367 2271 478 2304 decem
497 2271 630 2309 dierum,
653 2270 794 2311 differri,
815 2282 832 2303 a
850 2271 905 2304 de-

170 2333 240 2355 cem
257 2333 333 2356 vero
355 2323 468 2356 diebus
489 2333 590 2365 usque
609 2323 647 2355 ad
665 2333 822 2362 mensem,
842 2324 904 2356 nisi

171 2376 209 2408 de
234 2375 449 2418 praesidentis
478 2376 684 2417 omniumque
706 2375 904 2409 visitatorum

170 2437 341 2468 consensu,
362 2428 492 2460 minime
511 2427 621 2460 diferri
647 2427 758 2470 possit,
786 2433 819 2460 et
843 2428 904 2461 hoc

170 2479 231 2511 nisi
253 2490 289 2512 ex
306 2480 537 2522 urgentissima
554 2485 585 2513 et
601 2480 779 2513 inevitabili
796 2483 902 2514 causa.

214 2541 256 2567 iv.
283 2530 375 2569 Quod
400 2532 427 2564 si
452 2533 560 2575 aliqua
592 2533 778 2566 rationabili
812 2536 906 2567 causa

170 2584 358 2628 praesidens
373 2589 405 2617 et
421 2584 601 2617 visitatores
620 2586 777 2628 praedicti
801 2586 904 2629 ipsius

285 2646 361 2673 Ball.
377 2647 460 2673 Rom.
474 2662 503 2666 —
526 2647 584 2673 l'ut.
604 2647 676 2674 XIX.
840 2648 870 2675 47

1586 205 1650 239 369
1697 214 1746 242 An.
1767 213 1796 242 c.
1816 212 1888 241 ¹680

958 264 1088 308 capituli
1113 265 1220 298 locum
1237 263 1388 297 duxerint
1407 263 1692 302 transmutandum,

956 319 1005 351 vel
1026 318 1278 351 celebrationem
1295 316 1426 360 capituli
1452 315 1693 359 prorogandam

956 381 1102 413 congruo
1117 375 1274 413 tempore,
1291 369 1441 402 omnibus
1455 367 1608 411 praelatis
1623 378 1692 400 mo-

954 423 1169 456 nasteriorum
1190 433 1249 465 per
1266 422 1389 455 litteras
1404 420 1586 464 significare
1601 420 1690 453 nullo

954 481 1047 518 pacto
1072 475 1344 519 praetermittant.

999 539 1031 561 v,
1057 528 1232 561 Statuimus
1257 527 1352 560 etiam
1375 532 1410 559 ut
1433 527 1473 560 ad
1505 536 1663 570 expensas
1679 553 1687 567 ‚

954 591 1037 624 quae
1063 580 1096 612 in
1122 580 1264 623 capitulo
1291 579 1436 621 generali
1464 578 1549 619 sient,
1583 578 1691 611 omnia

953 632 1159 673 monasteria,
1179 638 1242 665 tam
1267 632 1346 664 citra
1366 642 1461 674 quam
1478 632 1562 664 ultra
1579 632 1689 674 Alpes.

953 686 1132 717 secundum
1172 695 1283 719 eorum
1321 689 1440 724 tanam,
1480 683 1688 717 contribuere

951 743 1132 775 teneantur.

995 801 1018 824 1.
1044 789 1210 830 Omnibus,
1237 800 1318 833 quae
1350 789 1389 822 ad
1415 790 1566 831 generale
1601 789 1687 832 capi·
1717 797 1786 822 cim*
1800 802 1862 822 xxv.

1723 828 1753 848 De
1786 830 1882 854 publica-

952 844 1052 877 tulum
1076 843 1254 886 pertinent,
1282 842 1452 884 expeditis,
1485 852 1599 875 omnes
1632 842 1686 874 ad·
1699 854 1755 883 impe
1778 857 1799 874 a
1820 856 1881 884 qusq-

951 901 1124 937 vocentur,
1151 901 1215 929 tam
1239 896 1279 929 de
1303 895 1460 938 capitulo,
1487 905 1582 938 quam
1607 895 1686 927 resi-
1698 881 1881 907 ¹¹⁰¹⁰¹²⁹⁶⁸¹³¹¹¹¹¹¹¹

951 951 1063 983 dentes
1087 950 1120 982 in
1143 949 1341 983 monasterio
1366 949 1421 981 ubi
1442 948 1618 990 capitulum
1637 958 1686 980 ce-

950 1004 1114 1043 lebratur,
1147 1002 1422 1046 publicenturque
1457 1011 1516 1044 per
1547 1001 1684 1034 scribam

950 1057 1080 1100 capituli
1106 1061 1269 1099 tamquam
1288 1055 1480 1088 auctoritate
1504 1054 1684 1097 apostolica

950 1108 1116 1153 publicum
1130 1108 1291 1142 notarium
1305 1107 1495 1151 praesidens
1506 1106 1682 1148 regiminis,

949 1161 1133 1195 visitatores
1169 1166 1201 1194 et
1238 1160 1374 1203 praelati
1414 1159 1683 1192 monasteriorum

949 1220 1012 1248 tam
1048 1213 1361 1248 administrationem
1392 1213 1550 1245 habentes
1587 1222 1684 1254 quam

949 1269 1112 1307 titulares,
1145 1266 1366 1300 thesaurarius
1391 1263 1658 1307 Congrcgationis
1674 1290 1681 1303 ‚

948 1325 1142 1364 procurator
1167 1318 1327 1362 generalis
1352 1318 1385 1350 in
1415 1317 1507 1351 Curia
1522 1343 1529 1356 ‚
1557 1317 1684 1350 cancel-

949 1373 1054 1413 larius,
1081 1372 1252 1416 capsarius,
1279 1370 1447 1404 coadiutor
1462 1368 1683 1413 procuratoris

948 1432 979 1459 et
1002 1426 1204 1469 computista,
1232 1429 1264 1457 et
1286 1423 1480 1456 mutationes
1504 1422 1684 1455 monacho-

947 1491 1029 1519 rum,
1053 1478 1277 1523 praesentibus
1299 1476 1434 1509 testibus
1452 1486 1511 1518 pro
1529 1475 1593 1508 hoc
1610 1479 1685 1507 actu

949 1532 1135 1577 specialiter
1151 1530 1284 1573 rogatis.

992 1597 1027 1619 11.
1054 1584 1174 1623 Quibus
1195 1582 1346 1627 peractis,
1365 1585 1481 1614 exeant
1498 1591 1609 1614 omnes
1628 1580 1683 1624 qui

948 1649 1014 1673 non
1039 1643 1114 1671 sunt
1139 1638 1177 1670 de
1208 1634 1477 1678 congregatione,
1504 1639 1536 1667 et
1559 1644 1684 1667 succes-

948 1693 1012 1725 sive
1037 1702 1097 1735 per
1120 1690 1361 1734 praesidentem
1386 1689 1435 1721 vel
1459 1687 1597 1720 scribam
1623 1692 1684 1720 ter-

949 1746 1069 1778 minata
1093 1744 1125 1777 in
1142 1743 1285 1785 capitulo
1306 1741 1522 1785 publicentur,
1540 1740 1682 1783 exceptis

948 1799 986 1830 iis
1027 1807 1107 1839 quae
1144 1799 1271 1828 secreta
1309 1788 1496 1826 definitores
1533 1793 1685 1826 duxerint

949 1850 1100 1883 tenenda.
1128 1848 1212 1886 Quae
1237 1857 1312 1880 vero
1344 1846 1507 1889 publicata
1540 1846 1681 1887 suerint,

948 1902 1084 1946 praelati
1108 1902 1141 1934 in
1165 1900 1292 1943 scriptis
1325 1900 1364 1932 ad
1389 1910 1443 1932 sua
1468 1899 1682 1939 monasteria,

948 1955 1117 1988 monachis
1143 1954 1208 1986 suis
1233 1951 1468 1989 denunfflanda,
1491 1956 1634 1995 portent,
1652 1956 1685 1984 et

947 2018 1028 2052 quae
1053 2018 1070 2039 a
1094 2006 1238 2050 praefato
1264 2005 1405 2048 capitulo
1429 2015 1490 2047 per
1516 2004 1576 2037 duo
1597 2014 1683 2047 prae·

948 2060 1041 2093 terita
1067 2059 1206 2102 capitula
1231 2057 1408 2100 approbata
1432 2056 1561 2096 fuerint,
1582 2057 1630 2089 vel
1650 2056 1683 2088 in

948 2115 1087 2146 futurum
1113 2110 1320 2154 approbanda
1357 2119 1506 2142 emanare
1540 2109 1684 2152 contige-

947 2167 1008 2205 rit,
1035 2175 1146 2198 secum
1172 2164 1211 2195 ad
1237 2173 1295 2195 sua
1320 2161 1517 2194 monasteria
1547 2162 1597 2194 vcl
1629 2161 1684 2194 de-

947 2220 1051 2251 serant
1087 2218 1136 2250 vei
1162 2215 1282 2249 deferri
1303 2213 1428 2253 saciant,
1448 2214 1684 2257 quamprimum

947 2271 1117 2305 commode
1142 2274 1307 2313 poterunt,
1332 2268 1364 2299 in
1391 2267 1474 2300 libro
1499 2267 1538 2299 ad
1563 2267 1626 2300 hoc
1650 2267 1684 2299 in

947 2326 1078 2358 modum
1092 2322 1228 2366 regestri
1249 2322 1411 2364 deputato,
1430 2331 1489 2364 per
1513 2331 1547 2354 se
1562 2321 1608 2354 vel
1626 2330 1685 2364 per

947 2378 1063 2417 alium,
1086 2375 1225 2409 fideliter
1245 2374 1416 2407 exaranda.

991 2440 1039 2463 111.
1067 2429 1152 2467 Quae
1175 2427 1307 2471 quidem
1333 2426 1551 2460 ordinationes
1568 2425 1602 2459 in
1619 2436 1685 2460 mo-

948 2481 1095 2514 nasteriis
1121 2482 1269 2523 legantur
1286 2479 1318 2512 in
1338 2479 1525 2512 reversione
1550 2478 1685 2522 praelati

948 2546 965 2567 a
991 2534 1154 2578 capitulo:
1182 2532 1389 2576 publicentur
1418 2532 1513 2564 ctiam
1538 2532 1686 2564 nomina-

949 2587 1014 2627 tim,
1041 2587 1066 2619 si
1092 2586 1147 2629 qui
1172 2585 1304 2625 suerint,
1323 2584 1448 2627 fugitivi
1475 2585 1523 2617 vel
1549 2583 1684 2627 expulsi,
