2111 3157
201 235 236 260 Λη
269 235 296 262 c.
323 234 387 262 less
434 226 497 259 8116

207 774 275 795 (ἴῃ-[τ
291 773 354 795 ΧΧἸΙ.

217 803 221 819 l
240 808 244 813 ·
257 804 341 820 uentus
353 803 372 820 nl.

390 286 450 318 51111
469 297 476 325 ;
497 286 577 318 adeo
605 295 669 317 non
695 292 780 326 quon
806 282 928 314 vanitas
952 287 1006 313 aut
1029 281 1125 313 volu-

389 344 471 382 ptas,
496 339 551 371 sed
578 337 663 380 quod
688 337 756 368 sola
787 334 963 368 necessitas
988 339 1040 366 aut
1064 333 1126 365 uti-

389 392 460 424 litas
478 391 632 434 postulat,
647 388 821 431 cogitetur.

431 456 473 477 ix.
502 444 634 486 Reliqua
667 447 774 474 autem
798 440 961 480 utensilia,
988 439 1053 472 sive
1084 440 1122 473 ad

385 508 528 531 mensam
553 496 620 528 sive
642 496 680 527 ad
706 494 785 528 alios
807 504 881 527 usus
904 493 984 537 ipsis
1011 503 1122 526 neces-

385 550 478 590 saria,
497 550 616 583 dentur
632 549 817 591 unicuique,
837 552 993 590 quantum
1014 557 1124 580 ncces-

384 603 461 636 sitsis
486 607 513 636 et
539 602 621 634 ratio
648 601 767 633 iudicio
788 599 909 644 prioris
936 600 1121 643 postulave-

384 657 443 688 rit:
462 656 544 689 nihil
571 660 675 688 autem
693 654 826 687 omnino
845 653 907 686 nisi
933 664 1004 686 cum
1025 653 1120 686 licen-

384 710 424 743 tia
442 710 525 753 apud
546 720 580 742 sc
598 708 764 742 retIneat¹.

427 774 448 797 1.
487 762 564 795 Cum
594 761 664 805 quis
694 762 733 794 ad
763 772 822 794 nos
850 760 975 795 venerit
1005 765 1120 804 petens

188 806 260 848 „odim
290 816 450 853 „mss-ficri
479 822 591 849 noster
615 825 801 854 conversus,
829 814 942 847 eadem
969 824 1052 857 pene
1080 814 1119 846 ab

187 860 254 874 suone.

381 880 421 903 eo
452 869 716 912 interrogentur,
754 878 835 911 quae
872 868 980 900 solent
1004 867 1042 899 ab
1068 867 1118 899 liis

380 923 512 967 requiri,
531 923 585 966 qui
606 923 716 955 volunt
734 921 803 954 sieri
823 921 987 954 monachi.

424 987 459 1010 11.
477 977 513 1009 Et
531 976 555 1008 si
573 975 745 1008 iudicatum
765 975 860 1008 fuerit
877 984 960 1013 eum,
980 974 1034 1018 qui
1054 975 1119 1007 vult

379 1029 450 1062 fieri
473 1039 656 1067 conversus,
672 1028 710 1061 ad
736 1029 833 1060 talem
859 1033 975 1060 statum
1008 1032 1118 1070 aptum

378 1088 410 1116 et
440 1082 551 1115 domui
582 1082 693 1115 utilem
720 1081 877 1120 futurum,
904 1080 1117 1113 nihilominus

376 1146 437 1179 per
467 1146 587 1168 annum
620 1135 671 1178 (¹),
694 1139 748 1167 aut
780 1144 837 1177 per
868 1134 955 1167 alind
988 1133 1118 1176 longius

375 1193 511 1232 tempus,
525 1189 625 1232 prior,
641 1199 699 1231 pro
715 1199 773 1221 suo
788 1187 923 1220 arbitrio
939 1188 1118 1230 etprudcn-

377 1243 429 1281 tia,
448 1242 538 1274 illum
557 1242 589 1274 in
608 1242 718 1274 habitu
738 1241 894 1274 saeculari
913 1241 1069 1274 retinebit
1086 1240 1116 1272 in

377 1297 483 1335 domo,
506 1300 537 1327 et
554 1294 683 1327 interim
702 1294 861 1327 exercebit
890 1305 963 1327 cun]
980 1294 1012 1326 in
1030 1294 1118 1327 vilio·

377 1349 468 1382 ribus
493 1352 524 1381 et
550 1347 737 1380 durioribus
766 1347 932 1380 laboribus
961 1347 1116 1390 quibusve

377 1407 408 1435 et
437 1400 641 1440 obedientiis,
672 1406 703 1433 et
733 1400 828 1433 faciet
856 1411 929 1433 eum
959 1401 1116 1433 interesse

377 1454 486 1487 divino
524 1453 654 1493 officio,
690 1458 787 1495 atque
820 1453 900 1486 illud
929 1454 1117 1496 persolvere

376 1508 459 1541 sicut
481 1506 643 1546 conversi,
663 1511 698 1538 ut
715 1512 889 1539 assuescat..

422 1570 470 1593 111.
506 1559 562 1598 Qui
589 1559 614 1592 51
648 1565 796 1602 repertus
829 1560 927 1592 fuerit
958 1560 1114 1599 11111111115,

377 1612 547 1651 obediens,
571 1616 686 1651 castus,
713 1611 835 1651 tidelis,
862 1613 996 1645 devotus
1022 1619 1054 1645 et
1084 1613 1116 1645 111

377 1665 531 1710 operibus
556 1670 714 1704 strenuus,
742 1670 808 1696 tum
831 1665 958 1698 (lenium
975 1667 1115 1709 proponi

377 1718 498 1762 poterit
523 1723 555 1750 et
587 1717 721 1750 debebit
745 1719 916 1750 conventui
944 1720 1118 1751 monacho-

377 1782 462 1804 rum.
489 1771 527 1803 Et
551 1770 578 1803 si
604 1776 688 1803 totus
721 1776 896 1803 conventus
933 1773 982 1804 vel
1016 1772 1118 1805 maior

378 1835 453 1868 pars
480 1824 716 1856 monachorum
738 1834 811 1856 cum
830 1824 1051 1867 recipiendum
1072 1825 1117 1857 iu-

380 1877 546 1918 dicaverit,
570 1877 621 1910 die
639 1888 697 1920 per
714 1877 858 1920 priorem
875 1879 1048 1911 statuendo
1068 1890 1115 1911 re-

381 1931 523 1974 cipietur
558 1931 590 1962 in
627 1932 736 1963 osculo
768 1931 856 1973 pacis
894 1932 926 1963 in
963 1932 1117 1975 capitulo,

380 1983 608 2027 praesentibus
626 1984 747 2027 priore.
765 1990 978 2026 procuratore
1000 1990 1032 2018 et
1056 1986 1119 2018 fra-

381 2037 484 2069 tribus
510 2037 682 2069 omnibus:
710 2042 944 2080 receptusque,
970 2048 1061 2071 rasus
1088 2044 1119 2071 et

382 2090 526 2130 indutus,
551 2090 716 2133 caputium
735 2090 774 2123 de
799 2101 895 2123 manu
920 2091 1040 2135 prioris
1070 2103 1119 2125 ac-

383 2144 493 2187 cipiet.

428 2207 471 2230 1v.
497 2197 613 2230 Novitii
639 2199 783 2231 conversi
802 2199 957 2242 pecunias
983 2204 1015 2232 et
1040 2200 1119 2232 alias

384 2261 435 2283 res
460 2261 549 2289 suas,
577 2261 656 2294 quas
681 2261 790 2283 secum
827 2251 909 2285 forte
941 2253 1118 2293 attulerint,

386 2303 485 2347 priori
511 2315 547 2337 ex
573 2304 698 2347 integro
720 2304 882 2346 reddant;
901 2310 936 2338 ut
960 2315 1024 2338 non
1048 2306 1120 2349 ipsi,

426 2410 434 2435 1
459 2409 549 2443 Aptius
569 2410 627 2441 lege
648 2411 796 2438 retineant
814 2411 853 2442 (n.
874 2411 923 2443 τ.).

424 2454 445 2484 ')
461 2454 611 2481 Ordinatio
626 2455 699 2481 anni
714 2462 838 2481 Mtvchiv.
859 2466 870 2479 «
891 2455 987 2482 Stricte
1001 2459 1124 2482 servetur

391 2501 518 2523 statutum
536 2499 628 2524 tertiae
645 2498 727 2533 partis
743 2507 801 2533 cap.
818 2505 868 2525 xvu
889 2499 920 2525 de
937 2500 1043 2525 novitiis
1059 2509 1123 2526 con-

393 2549 538 2572 10150111111,
550 2542 614 2568 itaut
629 2543 654 2568 in
672 2543 764 2569 habitu
779 2544 910 2570 saeculari
926 2544 959 2570 ad
972 2544 1062 2570 minus
1079 2553 1124 2579 per

392 2594 491 2612 annum
503 2585 634 2620 integrum
649 2586 705 2613 sine
721 2586 773 2614 ulla
789 2587 915 2623 temporis
925 2587 1124 2623 dispensatione

392 2629 521 2665 probetur
538 2639 561 2657 ι.

974 233 1047 256 Bl'll
1064 233 1155 255 iuttttu
1183 233 1332 257 contuitu

1905 237 1952 264 11η.
1974 238 2002 264 c..
2028 235 2092 269 11158

1169 282 1224 313 scd
1250 281 1350 324 prior,
1365 283 1412 314 vel
1434 282 1504 325 ipse
1530 284 1581 317 cui
1606 284 1696 327 prior
1713 286 1776 318 hoc
1800 286 1906 319 iniun-

1168 334 1258 373 xerit,
1280 345 1334 367 eas
1359 336 1537 368 custodiat:
1569 347 1629 369 nec
1654 348 1708 370 eas
1734 344 1806 371 ante
1832 350 1906 382 pro-

1167 387 1319 421 fessionis
1345 393 1472 432 tempus
1496 391 1581 422 ullus
1607 391 1737 431 alienet,
1755 397 1807 425 aut
1827 393 1905 426 alie-

1166 440 1244 480 nari,
1270 442 1400 474 volente
1427 442 1522 475 etiam
1553 443 1689 484 novitio,
1712 445 1902 487 permitt.at;

1165 494 1221 526 sed
1255 504 1368 527 eorum
1405 496 1514 528 omnia
1539 497 1578 529 ad
1602 496 1704 530 instar
1735 498 1904 542 deposito-

1164 557 1234 580 rum
1258 547 1399 581 fideliter
1423 550 1669 583 custodiantur:
1706 556 1738 584 et
1769 551 1795 584 si
1825 563 1904 585 con·

1164 600 1265 643 tingat
1289 612 1345 634 eos
1371 602 1499 645 exigere
1536 608 1610 636 ante
1646 604 1899 647 professionem,

1162 654 1270 687 onmia
1294 655 1358 688 illis
1385 666 1420 688 cx
1446 655 1574 699 integro
1595 657 1821 691 restituantur.

1205 718 1234 740 v.
1257 708 1371 741 Nullus
1407 720 1484 742 vero
1518 710 1686 753 professus
1719 712 1900 745 monachus

1162 761 1211 793 vel
1238 772 1413 794 conversus
1438 762 1477 795 de
1497 762 1594 795 rebus
1611 763 1737 805 novitii,
1755 773 1810 796 seu
1830 764 1899 798 eius

1162 814 1215 856 qui
1242 820 1333 857 optat
1356 814 1457 858 recipi
1484 815 1515 847 in
1542 825 1756 856 conversum,
1777 816 1901 860 aliquid

1161 869 1305 910 postulet
1329 873 1381 900 aut
1406 868 1524 910 exigat:
1546 870 1625 902 tales
1650 869 1736 902 enim
1761 870 1902 903 exactio-

1161 931 1218 953 nes
1243 922 1304 954 sub
1329 924 1435 965 poena
1460 922 1806 956 excommunicationis
1825 934 1902 967 pro-

1162 974 1329 1007 hibentur.

1205 1038 1246 1060 Vl.
1266 1028 1383 1061 Novitii
1401 1029 1550 1062 conversi
1577 1040 1593 1061 a
1618 1029 1726 1072 priore
1744 1040 1901 1063 monean-

1161 1086 1211 1112 tur
1236 1082 1274 1113 ad
1302 1081 1480 1114 faciendam
1502 1082 1741 1116 confessionem
1768 1093 1900 1126 genera-

1161 1136 1234 1175 lem,
1252 1146 1346 1178 quam
1365 1141 1438 1168 ante
1459 1136 1694 1179 professionem
1716 1136 1837 1170 debent
1856 1137 1900 1170 fa-

1160 1196 1235 1220 cere
1262 1187 1322 1230 ipsi
1349 1187 1465 1230 priori,
1485 1188 1537 1230 qui
1557 1188 1745 1221 auctoritate
1770 1194 1901 1232 aposto-

1161 1240 1221 1272 lica
1246 1246 1356 1283 potest
1388 1251 1442 1273 eos
1474 1241 1643 1273 absolvere
1675 1241 1714 1273 ab
1750 1241 1900 1274 omnibns

1160 1293 1329 1326 sententiis
1349 1293 1697 1326 excommunicationis
1722 1299 1753 1326 et
1776 1304 1794 1326 a
1817 1294 1899 1327 votis

1161 1346 1251 1379 factis
1276 1346 1307 1379 in
1329 1348 1471 1387 saeculo,
1493 1346 1519 1379 si
1541 1352 1645 1379 tamen
1670 1357 1900 1390 perseverave-

1161 1399 1226 1432 rint
1251 1399 1284 1431 in
1311 1400 1443 1432 Ordine.

1204 1463 1257 1485 vn.
1285 1452 1315 1485 Si
1342 1452 1481 1485 novitius
1510 1463 1683 1486 conversus
1715 1453 1799 1487 intra
1831 1463 1899 1486 exa-

1159 1505 1345 1539 minationis
1385 1511 1510 1549 tempus
1549 1505 1758 1539 laudabiliter
1797 1516 1896 1549 agens

1160 1565 1305 1592 mortuus
1332 1559 1438 1600 fuerit,
1457 1570 1517 1603 pro
1536 1570 1573 1593 eo
1592 1559 1808 1592 nihilominus
1833 1559 1896 1600 fiat,

1160 1624 1256 1656 quain
1282 1613 1309 1645 si
1331 1618 1417 1645 esset
1441 1613 1620 1656 professus.

1202 1677 1271 1700 v111.
1299 1666 1426 1707 Novitii,
1449 1671 1522 1699 ante
1540 1665 1665 1699 finitum
1684 1675 1803 1698 annum
1824 1669 1899 1709 post

1160 1720 1307 1753 habitum
1326 1725 1503 1763 receptum,
1518 1718 1663 1763 profiteri
1682 1719 1815 1752 omnino
1833 1729 1899 1752 non

1160 1778 1306 1817 possunt.

1204 1816 1244 1860 1⁸x.
1272 1826 1349 1859 Cum
1386 1826 1454 1859 dies
1490 1825 1654 1865 institerit,
1691 1825 1723 1857 in
1758 1836 1819 1868 qua
1858 1825 1898 1858 ad

1160 1880 1394 1924 professionem
1419 1879 1627 1922 recipiendus
1657 1878 1773 1921 aliquis
1805 1879 1898 1911 novi-

1160 1934 1220 1967 tius
1238 1933 1346 1973 fuerit,
1366 1932 1398 1965 in
1418 1932 1558 1975 capitulo
1576 1931 1807 1964 monachorum
1829 1936 1898 1964 toto

1160 1997 1298 2030 corpore
1316 1991 1497 2029 prostratus
1516 1984 1772 2017 misericordiam
1789 1990 1900 2028 postu-

1160 2041 1247 2080 labit,
1266 2045 1298 2072 et
1315 2038 1510 2082 supplicabit
1528 2043 1664 2081 propter
1681 2048 1822 2070 amorem
1844 2037 1910 2070 Dei*

1161 2105 1193 2127 se
1219 2092 1320 2135 recipi
1346 2092 1384 2124 ad
1417 2090 1653 2134 professionem
1690 2091 1749 2122 sub
1787 2090 1899 2122 habitu

1161 2155 1390 2180 conversorum
1430 2154 1489 2187 pro
1529 2143 1714 2176 humillimo
1755 2143 1899 2176 omnium

1161 2210 1268 2233 servo.
1295 2198 1352 2237 Qui
1378 2197 1403 2230 si
1429 2196 1566 2230 consilio
1593 2202 1624 2229 et
1647 2207 1808 2229 consensu
1834 2207 1901 2230 mo-

1163 2254 1342 2286 nachorum
1368 2252 1417 2284 vel
1453 2249 1584 2283 maioris
1609 2250 1709 2293 partis
1739 2249 1901 2294 recipien-

1164 2308 1221 2340 dus
1261 2304 1480 2344 iudicabitur,
1519 2308 1594 2335 tunc
1630 2303 1669 2336 de
1705 2302 1901 2343 stabilitate,

1164 2359 1363 2398 obedientia,
1397 2357 1609 2390 conversione
1642 2365 1783 2396 morum,
1814 2360 1901 2389 cete-

1164 2414 1272 2456 risque
1297 2413 1335 2445 ad
1362 2416 1480 2444 statum
1498 2419 1732 2443 conversorum
1749 2419 1902 2442 necessa-

1166 2465 1230 2503 riis,
1257 2476 1274 2497 a
1295 2464 1403 2507 priore
1428 2473 1536 2497 coram
1555 2467 1715 2495 conventu
1730 2461 1816 2496 serio
1834 2472 1902 2495 mo-

1167 2518 1308 2551 nebitur.

1210 2581 1238 2604 x.
1265 2570 1356 2609 Quod
1382 2569 1406 2602 si
1429 2569 1466 2602 ad
1493 2569 1573 2602 haec
1589 2567 1765 2601 immobilis
1791 2571 1823 2600 et
1846 2567 1903 2600 im-

1167 2623 1358 2668 perterritus
1384 2622 1549 2664 manserit,
1571 2627 1603 2657 ct
1626 2622 1666 2656 ad
1684 2621 1792 2656 omnia
1812 2630 1904 2666 para-
