2111 3157
182 216 230 241 An.
249 215 278 242 C.
302 215 368 241 tosa

415 206 478 239 500

374 265 596 308 professiones
622 264 804 297 censendae
824 268 935 295 essent
952 262 1112 294 invalidae

374 320 422 352 vel
447 319 554 362 potius
576 318 723 357 validae,
751 317 910 349 emanavit
934 316 973 348 ab
999 315 1112 347 eadem

375 372 631 415 Congregatione
673 371 840 403 decretum
891 369 1011 401 tenoris
1059 368 1112 411 qui

375 425 529 468 sequitur,
551 424 719 456 videlicet:
745 435 758 453 <t
779 422 834 454 Die
852 432 901 455 xm
919 420 1112 464 septembris

374 487 560 517 Moetxvxin
595 487 684 509 sacra
717 475 934 517 Congregatio
969 473 1114 507 eminen-

375 530 569 563 tissimorum
594 529 708 561 S.R.E.
740 528 952 561 cardinalium
978 526 1111 559 Concilii

373 582 553 614 Tridentini
594 582 822 624 interpretum,
847 582 982 624 utraque
1019 585 1112 623 parte

372 635 584 675 informante,
622 635 746 667 censuit
785 633 1006 676 professiones
1044 643 1112 665 esse

371 687 509 727 validas,
533 693 565 720 et
583 687 754 729 religiosos
779 686 976 719 Novissimos
998 696 1113 718 vocan-

371 740 428 774 dos
454 750 525 772 esse
551 740 756 782 Briyitlanos
777 739 815 772 ad
838 739 971 771 formam
997 738 1113 770 consti-

371 793 504 825 tutionis
539 803 595 825 seu
635 792 742 825 Brevis
785 802 895 825 sacrae
936 791 1112 824 memoriae

370 845 493 878 Urbani
515 845 590 878 VIII.
622 864 665 868 -—
692 846 725 878 F.
761 845 934 877 cardinalis
960 844 1111 877 Cornum

371 898 567 941 praefectus.
596 898 682 931 Loco
701 901 723 939 †
741 897 851 940 sigilli.
872 898 906 930 A.
932 898 1112 930 Amovncs

370 962 433 983 sac.
450 950 717 993 Congregationis
730 950 863 984 Concilii
879 950 1070 982 secretarius
1082 962 1110 981 n.

370 1004 469 1037 Porro
487 1004 734 1036 reclamantibus
753 1004 906 1035 adversus
925 1003 987 1035 boc
1005 1003 1111 1034 decre-

370 1063 437 1088 tum
484 1056 676 1099 supradictis
719 1056 902 1098 Brigittanis
937 1055 1111 1089 Prioribus

370 1110 579 1152 nuncupatis,
613 1109 682 1152 ipsa
713 1109 929 1151 Congregatio
965 1109 1111 1141 cardina-

369 1163 447 1194 lium
473 1162 607 1194 Concilii
630 1161 808 1194 Tridentini
827 1162 1054 1204 interpretum,
1077 1172 1110 1194 re

369 1217 408 1247 ad
447 1215 600 1247 trutinam
636 1217 794 1255 revocata,
832 1215 969 1247 alterum
1010 1214 1110 1247 edidit

369 1269 536 1300 decretum
562 1268 684 1300 tenoris
719 1268 900 1310 sequentis,
936 1268 1107 1300 videlicet:

374 1337 385 1351 u
406 1321 626 1354 professiones
645 1321 908 1363 Brigistanorum,
930 1322 983 1365 qui
1001 1321 1111 1354 Novis-

368 1375 446 1406 simi
460 1380 695 1416 nuncupantur,
718 1374 816 1406 fuisse
838 1380 869 1406 ct
889 1385 958 1407 esse
977 1375 1109 1414 validas,

368 1427 519 1470 ipsosque
538 1428 713 1469 religiosos
732 1427 931 1460 Novissz'mos
944 1429 1107 1461 vocandos

368 1490 438 1512 esse
468 1481 690 1522 Brissiltanos,
718 1481 756 1512 ad
791 1480 928 1512 formam
955 1482 1110 1513 constitu-

369 1534 493 1565 tionum
512 1544 568 1565 seu
587 1534 697 1565 Brevis
719 1543 827 1567 sarrae
854 1535 1030 1567 memoriae
1053 1535 1109 1567 Ur-

367 1586 441 1618 bani
468 1587 542 1626 t'llt,
571 1587 774 1629 incipientis:
802 1587 1109 1630 Erpom?uobismt·

364 1640 588 1682 perfecerunt,
607 1644 678 1679 elo,
698 1640 758 1672 sub
776 1640 885 1672 datum
904 1641 953 1673 die
973 1652 1002 1673 ix
1020 1647 1109 1673 octo-

368 1693 434 1726 bris
455 1704 611 1733 MDCthlI,
639 1693 847 1736 pontificatus
869 1694 916 1726 sui
943 1705 1027 1727 anno
1048 1705 1109 1733 xm,

370 1746 512 1779 decrevit
539 1747 619 1779 baec
641 1757 729 1779 sacra
747 1746 962 1789 congregatio
981 1748 1038 1779 sub
1057 1747 1107 1779 die

368 1810 418 1832 mx
444 1800 637 1842 septembris
661 1800 805 1842 proximi
831 1800 1011 1842 praeteriti.
1032 1800 1106 1833 Cum

369 1858 477 1884 autem
503 1852 655 1884 adversus
677 1853 859 1885 huiusmodi
878 1853 1041 1885 decretum
1060 1864 1108 1885 re-

369 1905 578 1937 clamaverint
591 1905 690 1937 ceteri
702 1906 797 1947 Erigit
807 1906 869 1937 tani
884 1906 1015 1938 Priores
1027 1915 1109 1938 nun-

370 1959 492 2001 cupati,
515 1965 546 1991 et
564 1958 570 1975 ¹
590 1960 809 1991 sanctissimus
830 1960 978 1992 dominus
997 1965 1110 1992 noster

368 2013 568 2045 mandaverit
600 2012 678 2044 illud
705 2013 743 2044 ud
776 2013 929 2045 trutinam
960 2013 1107 2046 revocari

370 2065 700 2107 (non'gravaluintur
726 2066 974 2098 eminentissimi
1001 2072 1108 2108 patres

369 2117 481 2149 solium
514 2123 544 2149 et
575 2118 822 2150 informationes
855 2124 930 2150 tunc
963 2118 1051 2151 datas
1078 2123 1109 2150 et

369 2179 455 2202 nunc
481 2171 601 2203 dandas
627 2172 842 2214 perpendere,
874 2182 913 2203 an
949 2172 990 2203 sit
1024 2177 1109 2203 stan-

370 2223 445 2255 dum
471 2225 521 2256 vel
547 2224 764 2257 recedendum
787 2235 803 2256 a
824 2223 959 2257 decisis:
982 2224 1032 2256 die
1050 2234 1106 2257 vut

369 2277 442 2308 maii
469 2287 649 2310 unctxxxut
675 2288 766 2310 sacra
790 2277 1008 2320 Congregatio
1035 2278 1106 2309 emi-

368 2330 631 2363 nentissimorum
657 2332 770 2364 S.R.E.
795 2331 1006 2364 cardinalium
1027 2331 1106 2363 Con-

369 2383 434 2415 cilii
481 2383 661 2416 Tridentini
701 2386 928 2427 interpretum,
967 2387 1105 2427 utraque

369 2441 460 2478 parte
486 2446 540 2468 ore
567 2442 598 2469 et
622 2438 751 2480 scriptis
776 2438 984 2478 informante,
1017 2437 1107 2470 stetit

368 2489 402 2520 in
420 2488 548 2528 decisis,
565 2494 597 2521 et
615 2490 695 2522 facta
712 2491 751 2523 de
770 2491 955 2533 praemissis
975 2490 1105 2523 sanctis-

369 2541 448 2574 simo
473 2541 605 2575 domino
631 2549 740 2575 nostro
758 2545 926 2584 relatione,
950 2543 1106 2577 Sanctitas

404 2604 416 2630 1
433 2602 571 2630 Coniunet.
589 2607 615 2631 ee
631 2612 678 2631 nos
694 2604 816 2631 addimus
835 2607 874 2640 (n.
889 2606 937 2640 τ.).

956 214 1135 238 ΒῊΗΑΠῙΌΜ
1160 212 1311 237 ΗΟΜᾸΝῘῘΜ

1156 261 1219 293 Sua
1245 260 1389 292 eiusdem
1407 269 1516 292 sacrae
1535 259 1803 302 congregationis
1822 270 1894 293 sen-

1158 314 1291 346 tentiam
1316 313 1456 355 benigne
1482 313 1641 356 probavit.
1662 332 1706 336 —
1731 313 1765 346 F.
1792 314 1894 347 cardi-

1156 367 1238 400 nalis
1255 367 1406 400 Coruum
1422 367 1616 409 praefectus.
1644 367 1727 399 Loco
1744 369 1766 407 †
1781 366 1891 409 sigilli.

1156 421 1192 452 Α.
1209 420 1390 453 AL'roviTus
1403 430 1513 452 sacrae
1530 420 1799 462 Congregationis
1814 420 1895 453 Con-

1156 474 1221 506 cilii
1240 474 1433 506 secretarius
1455 486 1485 506 n.
1505 472 1607 511 Quare
1625 473 1758 516 praefati
1777 473 1894 516 Brigit-

1156 527 1220 558 tani
1245 526 1415 559 Novissimi
1441 526 1618 569 nuncupati
1643 526 1737 559 nobis
1762 526 1895 560 humiti—

1156 585 1205 612 ter
1229 578 1405 622 supplicari
1431 579 1576 612 fecerunt
1600 583 1634 612 ut
1658 579 1716 612 sibi
1743 579 1775 612 in
1800 590 1895 622 prae-

1155 632 1261 664 missis
1290 637 1476 675 opportune
1503 632 1670 675 providere
1697 637 1728 664 et
1753 637 1786 664 ut
1811 632 1895 665 infra

1155 685 1325 726 indulgere
1353 685 1392 717 de
1417 684 1621 727 benignitate
1646 684 1825 727 apostolica
1845 684 1894 717 di-

1155 748 1340 781 gnaremur.

1198 792 1212 833 ἓ
1236 791 1267 824 ⁶2.
1294 791 1357 824 Nos
1374 791 1489 833 igitur,
1513 791 1600 834 ipsos
1620 791 1816 834 Brigittanos
1832 790 1893 824 No-

1897 213 1944 239 An.
1965 212 1995 239 C.
2017 213 2084 242 ¹683

1952 803 2084 825 Conni-mano

1903 830 2015 851 relatorum
2033 831 2084 851 duo·

1154 844 1301 877 vissimos
1326 845 1522 887 specialibus
1547 844 1709 877 favoribus
1727 849 1760 877 et
1779 844 1891 886 gratiis
1904 863 1947 877 rum
1989 858 2084 879 decr-‚to-

1153 897 1307 940 prosequi
1333 898 1491 937 volentes,
1516 902 1547 929 et
1571 908 1685 931 eorum
1711 897 1893 939 singulares

1154 960 1309 992 personas
1341 961 1358 982 a
1391 950 1558 993 quibusvis
1590 950 1894 983 excommunicatio—

1154 1004 1224 1044 nis,
1252 1004 1478 1046 suspensionis
1503 1009 1534 1036 et
1560 1003 1733 1043 interdicti,
1755 1004 1892 1047 aliisque

1153 1057 1380 1089 ecclesiasticis
1404 1057 1582 1095 sententiis,
1602 1056 1749 1088 censuris
1768 1061 1800 1089 et
1819 1067 1893 1099 poe-

1153 1109 1215 1150 nis,
1231 1120 1248 1141 a
1268 1109 1338 1141 iure
1351 1110 1399 1141 vel
1422 1109 1460 1141 ab
1487 1109 1629 1149 homine,
1664 1109 1774 1152 quavis
1802 1120 1893 1146 occa-,

1153 1162 1245 1194 sione
1264 1163 1313 1195 vel
1334 1164 1430 1194 causa
1450 1157 1538 1201 latis,
1556 1161 1582 1194 si
1618 1161 1735 1205 quibus
1758 1171 1894 1205 quomo-

1153 1215 1277 1248 dolibet
1300 1215 1473 1247 innodatae
1500 1215 1651 1256 existunt,
1675 1215 1713 1247 ad
1744 1213 1892 1248 effectum

1152 1269 1370 1311 praesentium
1401 1268 1561 1300 dumtaxat
1594 1268 1887 1310 consequendum,

1153 1323 1264 1355 harum
1279 1322 1363 1355 serie
1381 1321 1586 1354 absolventes
1600 1322 1805 1354 etabsolutas
1824 1322 1891 1354 sore

1152 1380 1335 1414 censentes,
1367 1373 1555 1407 huiusmodi
1595 1373 1891 1417 supplicationibus

1152 1428 1308 1468 inclinati,
1327 1427 1529 1470 praeinserta
1548 1427 1610 1459 duo
1625 1427 1755 1459 decreta
1773 1437 1790 1459 a
1805 1437 1891 1469 prae-

1152 1481 1236 1513 dicta
1261 1480 1519 1522 Congregatione
1544 1479 1755 1512 cardinalium
1779 1479 1890 1513 Conci-

1152 1534 1185 1566 lii
1225 1534 1406 1566 Tridentini
1446 1533 1660 1575 interpretum
1712 1533 1797 1565 edita
1813 1559 1820 1571 ,
1856 1537 1891 1564 ut

1152 1588 1343 1629 praefertur,
1359 1586 1550 1619 auctoritate
1571 1585 1759 1629 apostolica,
1779 1591 1890 1619 tenore

1151 1640 1385 1683 praesentium,
1406 1640 1625 1682 approbamus
1656 1646 1687 1672 et
1718 1638 1891 1671 conflrma-

1152 1705 1244 1733 1nus,
1282 1693 1412 1735 illisque
1452 1692 1648 1725 inviolabilis
1694 1691 1890 1735 apostolicae

1151 1746 1308 1780 firmitatis
1333 1747 1433 1779 robur
1457 1745 1646 1786 adiicimus;
1669 1746 1756 1778 salva
1780 1750 1889 1778 tamen

1152 1811 1281 1844 semper
1306 1800 1338 1832 in
1371 1799 1555 1842 praemissis
1588 1798 1780 1831 auctoritate
1806 1798 1890 1831 eius·

1151 1855 1222 1887 dem
1249 1863 1358 1886 sacrae
1377 1852 1643 1894 Congregationis
1661 1851 1885 1884 cardinalium.

1196 1908 1210 1951 g
1235 1906 1265 1940 a.
1310 1906 1526 1939 Decernentes
1568 1905 1654 1948 ipsas
1698 1910 1887 1948 praesentes

1151 1961 1273 1994 litteras
1292 1969 1419 2002 semper
1444 1959 1565 1998 firmas,
1585 1957 1706 1991 validas
1733 1964 1764 1990 et
1788 1958 1889 1990 effica-

1152 2025 1203 2046 ces
1229 2013 1366 2045 existere
1393 2017 1424 2044 et
1449 2012 1526 2051 fore,
1553 2022 1691 2054 suosque
1723 2011 1888 2055 plenarios

1151 2072 1182 2099 et
1207 2067 1351 2108 integros
1377 2064 1506 2097 effectus
1538 2064 1645 2097 sortiri
1672 2069 1703 2097 et
1727 2063 1887 2104 obtinere,

1151 2130 1186 2152 ac
1210 2119 1286 2156 illis,
1304 2119 1343 2151 ad
1365 2128 1445 2161 quos
1471 2123 1596 2160 spectat
1614 2123 1645 2150 et
1661 2127 1720 2161 pro
1740 2122 1888 2160 tempore

1151 2171 1320 2215 spectabit,
1344 2171 1533 2214 plenissime
1552 2170 1728 2212 suffragari,
1745 2170 1823 2202 etab
1841 2169 1887 2202 eis

1150 2225 1330 2268 respective
1356 2224 1588 2257 inviolabiliter
1612 2223 1799 2263 observari,
1826 2222 1889 2255 sic-

1150 2289 1211 2321 que
1234 2278 1265 2310 in
1291 2277 1480 2320 praemissis
1505 2287 1566 2320 per
1591 2286 1816 2320 quoscumque
1842 2275 1889 2307 iu—

1150 2331 1236 2363 dices
1254 2330 1436 2363 ordinarios
1455 2335 1486 2362 et
1504 2330 1679 2371 delegatos,
1698 2329 1792 2362 etiam
1815 2338 1888 2360 cau—

1149 2394 1257 2416 sarum
1282 2383 1393 2426 palatii
1415 2383 1585 2424 apostolici
1610 2382 1786 2421 auditores,
1807 2381 1888 2414 iudi-

1149 2438 1213 2471 cari
1239 2443 1269 2469 et
1295 2436 1422 2469 definiri
1448 2437 1589 2474 debere,
1626 2446 1663 2468 ac
1697 2435 1822 2466 irritum
1856 2440 1887 2467 et

1148 2490 1243 2523 inane
1269 2490 1294 2522 si
1320 2501 1414 2522 secus
1450 2500 1548 2533 super
1584 2489 1633 2521 his
1658 2499 1675 2520 a
1700 2499 1749 2531 q'r
1781 2513 1784 2529 ,
1857 2513 1884 2526 .,

1149 2544 1260 2586 quvis
1291 2543 1504 2583 auctoritate,
1541 2542 1680 2574 scienter
1712 2551 1759 2573 ve⁴
1808 2551 1888 2582 guo-

1149 2603 1276 2637 ranter,
1301 2596 1477 2638 contigerit
1501 2595 1666 2628 atteatari.

1903 889 1956 905 rum·

1926 1928 2044 1953 clausulae.
