2111 3157
414 205 477 241 984
965 213 1143 236 nummum
1169 213 1321 236 acumen

458 268 579 301 Madriti
612 267 795 300 accedentes
820 270 974 304 emanata,
1000 264 1229 297 confirmantur
1243 270 1271 298 et
1287 264 1487 305 innovantur,
1504 263 1570 298 184
1586 266 1603 298 b
1618 271 1648 298 et
1664 277 1743 310 seq.;
1767 266 1919 310 praefatis

458 320 639 365 provinciae
664 317 886 361 Neapolitanae
911 317 940 350 S.
966 317 1050 349 Petri
1075 316 1114 349 de
1137 317 1305 350 Alcantara
1329 323 1406 361 quot
1436 318 1612 361 peculiares
1636 319 1753 361 gratias
1777 319 1917 353 indulse-

459 375 519 406 rint
544 371 663 405 Summi
688 370 854 404 Pontifices
879 369 976 402 refert
1000 371 1063 401 una
1088 379 1159 402 eum
1184 369 1297 403 litteris
1322 370 1571 411 concessionum,
1592 370 1656 404 1902
1680 382 1700 404 a
1724 376 1755 404 et
1779 371 1812 411 b;
1837 382 1914 415 pro-

458 426 577 458 vinciae
600 423 823 467 Neapolitanae
848 423 916 455 iura
942 428 971 455 et
996 422 1162 465 privilegia
1190 423 1297 455 omnia
1321 423 1454 455 aliarum
1488 423 1723 466 provinciarum
1757 434 1917 464 concessa,

457 479 521 511 192
545 490 563 511 a
590 483 620 510 et
643 487 725 520 seq.;
750 476 932 520 provinciae
963 475 1121 519 praefatae
1147 480 1235 509 ortus
1266 481 1296 508 et
1320 486 1510 520 progressus
1535 487 1606 509 cum
1632 477 1697 509 suis
1721 477 1843 510 statutis
1867 487 1917 510 re-

456 532 609 572 feruntur,
634 530 698 562 ⁶228
725 530 758 569 b;
783 529 952 573 praedietis
976 528 1213 572 provinciarum
1239 529 1421 573 Hispaniae,
1438 534 1473 562 ut
1490 529 1520 561 in
1545 529 1709 572 provincia
1725 529 1815 572 regni
1831 530 1915 563 Nea—

456 584 538 627 polis
568 582 710 616 eiusdem
735 582 861 615 Ordinis
885 583 989 615 locum
1014 586 1143 625 possent
1165 582 1294 622 habere,
1320 581 1384 615 229
1409 581 1443 621 b3
1468 581 1585 614 eisdem
1611 581 1711 614 dietae
1735 581 1918 624 provinciae

457 636 696 680 Neapolitanae,
725 641 759 667 ut
792 635 822 676 in
857 635 1004 668 omnibus
1035 635 1203 668 Clementis
1235 636 1259 668 X
1290 635 1409 669 litteras
1434 645 1492 678 pro
1517 634 1600 667 dicta
1632 634 1795 677 provincia
1819 633 1918 666 editas

456 690 670 729 observarent,
695 688 788 725 ibide
813 688 962 731 praefatis
983 688 1177 731 saepedictae
1196 688 1376 731 provinciae
1394 688 1618 731 Neapolitanae
1634 687 1796 720 decretum
1821 687 1919 730 quod-

457 743 528 775 dam
554 741 721 775 eardinalis
756 742 964 784 protectoris,
988 751 1028 774 ne
1053 746 1162 774 contra
1187 745 1303 775 statuta
1327 741 1415 774 Sedis
1446 741 1644 784 Apostolieae
1673 740 1846 784 quidquam
1871 745 1917 772 at-

458 801 656 835 tentaretur,
689 795 757 838 ipsa
788 795 876 838 prius
906 805 970 827 non
1006 795 1133 835 audita,
1170 795 1394 836 confirmatur,
1431 794 1494 827 257
1531 805 1551 827 α
1585 799 1615 827 et
1648 805 1725 838 seq,
1763 794 1837 827 item
1863 794 1917 826 de-

458 853 543 882 creta
567 848 722 892 quaedam
747 848 958 891 capitulorum
989 848 1233 891 provincialium
1255 848 1438 891 provinciae
1465 848 1495 881 S.
1519 848 1602 882 Petri
1626 847 1664 880 de
1692 847 1858 880 Aleantara
1886 847 1919 879 in

458 902 609 945 llispania
626 911 706 945 quae
724 901 934 944 Congregatio
949 901 1170 944 episcoporum
1192 905 1221 935 et
1238 901 1433 944 regularium
1451 901 1682 945 approbaverat
1701 906 1732 933 et
1748 900 1919 933 cardinalis

461 955 585 988 Ordinis
603 960 766 998 protector
786 955 989 997 exequutioni
1004 955 1147 986 mandari
1165 955 1309 996 iusserat,
1335 954 1399 987 ⁶270
1416 965 1436 988 α
1460 960 1491 987 et
1515 965 1575 998 seq.

368 1009 506 1042 Minores
519 1008 557 1040 de
577 1007 794 1041 Observantia.
816 1008 893 1050 Ipsis
906 1018 1070 1040 assensum
1085 1008 1324 1050 denegantibus,
1342 1008 1532 1051 Cappueeini
1548 1007 1737 1040 coenobium
1751 1006 1919 1039 Maiorieae

456 1066 602 1093 extruere
615 1065 786 1103 nequeunt,
804 1060 819 1092 ‘l
838 1060 853 1091 b
871 1065 901 1094 et
917 1072 989 1103 seqj,
1007 1060 1046 1092 ad
1063 1060 1148 1104 ipsos
1165 1060 1337 1101 dumtaxat,
1356 1066 1387 1093 et
1401 1070 1465 1093 non
1478 1060 1516 1093 ad
1530 1061 1729 1093 Reformatos
1747 1060 1795 1092 vel
1809 1060 1920 1093 Recol-

456 1114 564 1153 lectos,
592 1114 752 1157 pertinere
778 1114 916 1155 legatum
938 1113 1095 1156 quoddam
1122 1114 1305 1146 Arelatense
1330 1113 1469 1146 declarat
1494 1113 1646 1154 Pontifex,
1674 1112 1716 1146 39
1743 1113 1759 1145 b
1784 1118 1815 1146 et
1838 1124 1919 1157 seq.;

456 1167 574 1199 eisdem
592 1167 623 1199 in
647 1166 818 1210 provinciis
836 1167 997 1199 Indiarum
1022 1166 1271 1200 Occidentalium
1296 1167 1482 1200 alternativa
1507 1166 1696 1200 electionum
1728 1177 1785 1210 per
1809 1166 1920 1199 decre-

456 1226 522 1252 tum
550 1220 686 1252 ministri
711 1219 867 1262 generalis
897 1225 927 1252 et
951 1220 1162 1252 commissarii
1186 1220 1348 1253 Indiarum
1374 1221 1513 1253 stabilita
1538 1220 1755 1260 confirmatur,
1779 1219 1823 1252 44
1848 1220 1865 1252 b
1890 1224 1921 1252 et

455 1284 531 1317 seq,
557 1273 778 1317 praecedentia
809 1283 905 1316 supra
930 1273 1148 1316 Cappuecinos
1173 1273 1205 1305 in
1229 1273 1488 1317 processionibus
1512 1284 1549 1306 ex
1579 1274 1708 1306 decreto
1732 1273 1920 1315 Congrega—

456 1326 550 1359 tionis
575 1326 704 1359 Rittium
728 1326 803 1369 ipsis
827 1326 1052 1367 confirmatur,
1082 1327 1142 1359 llil
1173 1327 1206 1366 b3
1232 1327 1307 1360 item
1338 1327 1526 1370 protestatio
1558 1326 1643 1359 circa
1676 1326 1806 1368 regulae
1839 1336 1916 1358 exe-

456 1380 639 1423 quutionem
670 1380 789 1422 pluries
820 1380 873 1412 sed
910 1379 1082 1413 novissime
1118 1380 1149 1412 in
1185 1380 1408 1413 Vallisoletano
1441 1379 1582 1423 generali
1612 1379 1751 1423 capitulo
1783 1378 1919 1420 emissa,

456 1432 520 1465 etl*
546 1433 562 1464 b
588 1436 617 1465 et
641 1443 716 1475 seq,
743 1433 898 1465 Minorum
924 1433 1108 1465 eorumdem
1142 1433 1268 1475 regulas
1305 1436 1334 1466 et
1366 1438 1536 1476 praecepta
1560 1433 1711 1465 nonnulla
1743 1432 1860 1472 refert,
1890 1437 1921 1464 et

457 1486 607 1528 singulos,
625 1485 738 1517 additis
763 1486 1041 1525 declarationibus,
1059 1485 1098 1517 ad
1116 1486 1243 1518 illorum
1268 1485 1502 1519 observantiam
1530 1486 1630 1518 teneri
1654 1486 1811 1526 declarat,
1836 1485 1917 1525 ibiok

457 1538 575 1571 eisdem
602 1538 817 1572 ordinationes
834 1539 985 1582 quasdam
1012 1544 1099 1571 motu
1123 1539 1257 1582 proprio
1281 1539 1417 1582 iniungit
1441 1539 1654 1572 observandas
1680 1539 1711 1571 in
1737 1538 1919 1581 receptione

457 1592 493 1624 ad
531 1591 672 1624 habitum
700 1596 729 1625 et
753 1593 1003 1635 professionem,
1032 1592 1096 1625 ⁶216
1122 1604 1156 1632 (⁶3
1182 1593 1236 1635 qui
1261 1593 1336 1635 eligi
1361 1598 1520 1636 nequeant
1545 1593 1576 1625 in
1601 1593 1805 1636 superiores,
1831 1601 1920 1635 prae.

457 1644 585 1685 scribit7
613 1645 700 1684 tham
727 1645 1034 1678 administrationem
1059 1645 1217 1678 bonorum
1243 1650 1273 1679 et
1298 1646 1479 1679 reddituum
1504 1646 1671 1690 prohibet,
1696 1645 1760 1678 0216
1786 1646 1823 1686 b;
1850 1650 1916 1678 sta-

458 1704 521 1731 tuta
546 1698 699 1741 quaedam
736 1698 767 1730 in
784 1698 938 1741 'capitulo
963 1698 1104 1741 generali
1130 1698 1213 1731 edita
1238 1704 1267 1731 et
1292 1709 1309 1731 a
1345 1699 1457 1732 Sancta
1493 1699 1572 1731 Sede
1608 1699 1698 1742 prius
1722 1698 1762 1731 ad
1786 1708 1919 1731 examen

458 1757 624 1793 revocata,
651 1752 896 1793 confirmantur,
924 1757 1033 1795 utpote
1058 1752 1166 1785 Ordini
1192 1752 1426 1793 conducibilia,
1451 1751 1516 1785 0218
1541 1764 1561 1785 a
1591 1758 1620 1785 et
1654 1763 1735 1796 seq.;
1761 1752 1855 1785 simul
1882 1762 1918 1785 ae

457 1815 473 1836 a
508 1804 773 1838 Conventualilms
804 1805 940 1847 separati
964 1806 1070 1845 suere,
1095 1805 1242 1838 doctores
1268 1810 1297 1839 et
1321 1806 1464 1848 magistri
1489 1806 1595 1839 vocari
1620 1806 1793 1845 desierunt,
1819 1810 1850 1838 et
1874 1806 1918 1838 le-

457 1863 579 1890 ctorum
606 1863 724 1889 tantum
766 1858 857 1890 titulo
883 1858 1020 1892 contenti
1045 1860 1193 1898 suerunt,
1227 1858 1291 1891 ⁹220
1312 1859 1345 1898 b3
1371 1859 1558 1892 eorumdem
1583 1859 1755 1891 lectoribus
1779 1858 1917 1891 jubilatis

455 1910 620 1953 privilegia
646 1910 752 1943 omnia
778 1911 945 1943 doctorum
972 1917 1001 1943 et
1026 1911 1264 1953 magistrorum,
1289 1922 1353 1945 non
1378 1912 1552 1945 immutatis
1577 1912 1730 1955 propriis,
1757 1922 1917 1952 concessa,

457 1962 520 1994 ⁵227
546 1975 584 1997 a:
610 1963 728 1996 eisdem
756 1964 916 1996 decretum
950 1964 1108 2007 quoddam
1142 1965 1310 1998 cardinalis
1334 1966 1526 2009 protectoris
1558 1966 1643 1998 cirea
1675 1965 1917 2007 abrogationem

458 2017 751 2049 eommissariorum
776 2017 971 2059 generalium
1008 2028 1066 2061 pro
1102 2018 1275 2061 provinciis
1300 2019 1444 2062 ipsorum
1476 2019 1506 2052 S.
1533 2019 1674 2051 Thomae
1711 2018 1854 2061 Apostoli
1887 2023 1918 2050 et

457 2069 561 2101 Matris
587 2070 640 2101 Dei
668 2070 697 2101 in
723 2069 819 2102 indiis
844 2070 1068 2109 Orientalibus,
1095 2071 1319 2111 confirmatur,
1345 2071 1409 2104 4:33
1434 2073 1467 2111 b,
1494 2071 1568 2104 item
1593 2072 1754 2104 decretum
1781 2071 1917 2104 ministri

456 2122 613 2163 generalis
638 2123 722 2155 cirea
747 2123 987 2165 abrogationem
1013 2124 1307 2157 commissariorum
1325 2135 1558 2168 europaeorum
1581 2130 1611 2157 et
1635 2124 1754 2157 iudices
1778 2124 1918 2167 appella—

457 2175 576 2207 tionum
602 2186 661 2217 pro
680 2176 864 2208 eorumdem
890 2177 1062 2219 provinciis
1083 2177 1112 2209 S.
1130 2177 1257 2210 Antonii
1279 2183 1308 2209 et
1325 2177 1546 2220 Coneeptionis
1567 2178 1598 2210 B.
1621 2178 1658 2209 M.
1678 2177 1711 2209 V.
1730 2177 1762 2209 in
1776 2177 1915 2219 Brasilia,

458 2226 516 2258 *tat
540 2227 556 2258 [ι
582 2233 611 2259 et
637 2239 715 2271 seq.;
742 2229 814 2261 item
848 2229 1010 2261 decretum
1043 2230 1303 2272 Congregationis
1335 2231 1558 2274 episcoporum
1589 2236 1618 2262 et
1643 2230 1837 2272 regularium
1863 2241 1918 2274 ap-

457 2279 594 2322 probans
618 2281 834 2313 alternativam
861 2282 942 2314 inter
967 2282 1120 2325 Hispanos
1146 2288 1175 2315 et
1199 2283 1331 2316 Criollos
1352 2284 1382 2315 in
1402 2284 1496 2316 lndiis
1521 2283 1784 2322 Occidentalibus,
1809 2283 1874 2315 505
1897 2294 1918 2316 a

458 2338 486 2364 et
513 2344 591 2375 seq,
617 2333 690 2365 item
719 2334 837 2367 litterae
858 2335 1011 2377 quaedam
1034 2340 1175 2378 patentes
1195 2336 1329 2368 ministri
1355 2337 1510 2379 generalis
1535 2341 1565 2368 et
1589 2336 1751 2368 decretum
1777 2335 1918 2368 cardina-

459 2385 493 2416 tis
519 2387 706 2427 protectoris
732 2387 815 2419 eirca
841 2388 1083 2430 exequutionem
1108 2388 1287 2431 praedictae
1312 2390 1514 2422 alternativae
1543 2389 1782 2429 confirmantur,
1807 2389 1871 2422 517
1896 2399 1917 2422 a

459 2443 488 2469 et
512 2449 590 2480 ⁴«qu
618 2439 690 2471 item
718 2440 878 2472 decretum
904 2441 1164 2484 Congregationis
1190 2442 1331 2481 Coneilii,
1350 2453 1413 2486 quo
1438 2442 1613 2485 iniungitur
1636 2442 1803 2475 Ordinario
1828 2441 1918 2484 regni

460 2489 590 2522 l'eruani
606 2493 800 2525 vonservatio
815 2493 931 2526 decreti
946 2494 1074 2527 Concilii
1089 2494 1261 2527 Tridentini
1278 2495 1317 2528 de
1333 2496 1534 2538 regularibus
1552 2496 1796 2530 reclamantibus
1810 2495 1918 2528 adver-

459 2552 510 2573 sus
528 2553 635 2575 eorum
654 2546 880 2586 professionem
900 2547 1006 2590 elapso
1032 2547 1257 2590 quinquennio,
1276 2548 1339 2581 522
1361 2560 1381 2581 α
1406 2555 1436 2582 et
1460 2560 1543 2593 seq.;
1569 2560 1628 2593 pro
1652 2548 1821 2592 praedietis
1840 2558 1916 2592 pro-

461 2595 630 2627 vinciarum
658 2597 863 2639 belgicarum.
890 2600 1072 2632 mandatum
1091 2606 1137 2633 est
1155 2607 1187 2632 ut
1213 2601 1296 2634 eirca
1318 2603 1509 2636 erectionem
1532 2613 1686 2635 novorum
1705 2605 1917 2636 conventuum
