<?xml version="1.0" encoding="UTF-8"?>
<!DOCTYPE html PUBLIC "-//W3C//DTD XHTML 1.0 Transitional//EN"
    "http://www.w3.org/TR/xhtml1/DTD/xhtml1-transitional.dtd">
<html xmlns="http://www.w3.org/1999/xhtml" xml:lang="en" lang="en">
 <head>
  <title>
</title>
<meta http-equiv="Content-Type" content="text/html;charset=utf-8" />
  <meta name='ocr-system' content='tesseract 3.04.00' />
  <meta name='ocr-capabilities' content='ocr_page ocr_carea ocr_par ocr_line ocrx_word'/>
</head>
<body>
  <div class='ocr_page' id='page_1' title='image "./bullarumdiplomat19cath_0454.png"; bbox 0 0 2111 3157; ppageno 0'>
   <div class='ocr_carea' id='block_1_1' title="bbox 178 146 481 177">
    <p class='ocr_par' dir='ltr' id='par_1_1' title="bbox 178 146 481 177">
     <span class='ocr_line' id='line_1_1' title="bbox 178 146 481 177; baseline 0.003 -3"><span class='ocrx_word' id='word_1_1' title='bbox 178 150 227 176; x_wconf 67' lang='lat' dir='ltr'>An.</span> <span class='ocrx_word' id='word_1_2' title='bbox 251 149 279 176; x_wconf 88' lang='lat' dir='ltr'>C.</span> <span class='ocrx_word' id='word_1_3' title='bbox 304 149 367 177; x_wconf 71' lang='lat' dir='ltr'>tesi</span> <span class='ocrx_word' id='word_1_4' title='bbox 416 146 481 176; x_wconf 57' lang='lat'>42³0</span> 
     </span>
    </p>
   </div>
   <div class='ocr_carea' id='block_1_2' title="bbox 173 1206 357 1260">
    <p class='ocr_par' dir='ltr' id='par_1_2' title="bbox 173 1206 357 1260">
     <span class='ocr_line' id='line_1_2' title="bbox 213 1206 357 1227; baseline -0.007 0"><span class='ocrx_word' id='word_1_5' title='bbox 213 1206 276 1227; x_wconf 76' lang='lat' dir='ltr'>Fides</span> <span class='ocrx_word' id='word_1_6' title='bbox 299 1208 357 1226; x_wconf 77' lang='lat' dir='ltr'>tran-</span> 
     </span>
     <span class='ocr_line' id='line_1_3' title="bbox 173 1236 309 1260; baseline -0.007 -6"><span class='ocrx_word' id='word_1_7' title='bbox 173 1236 309 1260; x_wconf 82' lang='lat' dir='ltr'>mtnptorum.</span> 
     </span>
    </p>
   </div>
   <div class='ocr_carea' id='block_1_3' title="bbox 337 198 1111 2094">
    <p class='ocr_par' dir='ltr' id='par_1_3' title="bbox 337 198 1111 1191">
     <span class='ocr_line' id='line_1_4' title="bbox 371 198 1110 241; baseline -0.004 -8"><span class='ocrx_word' id='word_1_8' title='bbox 371 201 420 239; x_wconf 83' lang='lat' dir='ltr'>tis,</span> <span class='ocrx_word' id='word_1_9' title='bbox 448 201 572 233; x_wconf 88' lang='lat' dir='ltr'>statutis</span> <span class='ocrx_word' id='word_1_10' title='bbox 598 205 630 233; x_wconf 86' lang='lat' dir='ltr'>et</span> <span class='ocrx_word' id='word_1_11' title='bbox 654 199 952 238; x_wconf 87' lang='lat' dir='ltr'>consuetudinibus,</span> <span class='ocrx_word' id='word_1_12' title='bbox 980 198 1110 241; x_wconf 82' lang='lat' dir='ltr'>privile-</span> 
     </span>
     <span class='ocr_line' id='line_1_5' title="bbox 371 251 1111 297; baseline -0.003 -11"><span class='ocrx_word' id='word_1_13' title='bbox 371 255 432 297; x_wconf 79' lang='lat' dir='ltr'>giis</span> <span class='ocrx_word' id='word_1_14' title='bbox 458 265 595 297; x_wconf 77' lang='lat' dir='ltr'>quoque=</span> <span class='ocrx_word' id='word_1_15' title='bbox 622 253 755 286; x_wconf 89' lang='lat' dir='ltr'>indultis</span> <span class='ocrx_word' id='word_1_16' title='bbox 779 258 809 285; x_wconf 89' lang='lat' dir='ltr'>et</span> <span class='ocrx_word' id='word_1_17' title='bbox 844 251 959 285; x_wconf 86' lang='lat' dir='ltr'>litteris</span> <span class='ocrx_word' id='word_1_18' title='bbox 984 257 1111 295; x_wconf 82' lang='lat' dir='ltr'>aposto-</span> 
     </span>
     <span class='ocr_line' id='line_1_6' title="bbox 371 304 1111 348; baseline -0.003 -9"><span class='ocrx_word' id='word_1_19' title='bbox 371 308 455 346; x_wconf 84' lang='lat' dir='ltr'>licis,</span> <span class='ocrx_word' id='word_1_20' title='bbox 483 307 604 340; x_wconf 88' lang='lat' dir='ltr'>eisdem</span> <span class='ocrx_word' id='word_1_21' title='bbox 635 306 822 346; x_wconf 73' lang='lat' dir='ltr'>Ordinibus,</span> <span class='ocrx_word' id='word_1_22' title='bbox 850 304 1111 348; x_wconf 79' lang='lat' dir='ltr'>congregationi-</span> 
     </span>
     <span class='ocr_line' id='line_1_7' title="bbox 370 358 1109 401; baseline -0.001 -10"><span class='ocrx_word' id='word_1_23' title='bbox 370 359 429 392; x_wconf 90' lang='lat' dir='ltr'>bus</span> <span class='ocrx_word' id='word_1_24' title='bbox 462 365 493 392; x_wconf 89' lang='lat' dir='ltr'>et</span> <span class='ocrx_word' id='word_1_25' title='bbox 524 359 687 397; x_wconf 87' lang='lat' dir='ltr'>institutis,</span> <span class='ocrx_word' id='word_1_26' title='bbox 725 358 921 401; x_wconf 86' lang='lat' dir='ltr'>illorumque</span> <span class='ocrx_word' id='word_1_27' title='bbox 961 358 1109 401; x_wconf 88' lang='lat' dir='ltr'>personis</span> 
     </span>
     <span class='ocr_line' id='line_1_8' title="bbox 371 411 1111 454; baseline 0 -11"><span class='ocrx_word' id='word_1_28' title='bbox 371 411 618 454; x_wconf 77' lang='lat' dir='ltr'>quomodolibet</span> <span class='ocrx_word' id='word_1_29' title='bbox 650 411 823 448; x_wconf 71' lang='lat' dir='ltr'>concessis,</span> <span class='ocrx_word' id='word_1_30' title='bbox 859 411 1046 454; x_wconf 87' lang='lat' dir='ltr'>approbatis</span> <span class='ocrx_word' id='word_1_31' title='bbox 1079 416 1111 444; x_wconf 91' lang='lat' dir='ltr'>et</span> 
     </span>
     <span class='ocr_line' id='line_1_9' title="bbox 369 464 1110 506; baseline 0 -10"><span class='ocrx_word' id='word_1_32' title='bbox 369 464 547 503; x_wconf 84' lang='lat' dir='ltr'>innovatis;</span> <span class='ocrx_word' id='word_1_33' title='bbox 580 464 698 506; x_wconf 82' lang='lat' dir='ltr'>quibus</span> <span class='ocrx_word' id='word_1_34' title='bbox 723 464 873 496; x_wconf 91' lang='lat' dir='ltr'>omnibus</span> <span class='ocrx_word' id='word_1_35' title='bbox 898 469 929 497; x_wconf 89' lang='lat' dir='ltr'>et</span> <span class='ocrx_word' id='word_1_36' title='bbox 961 464 1110 506; x_wconf 80' lang='lat' dir='ltr'>singulis,</span> 
     </span>
     <span class='ocr_line' id='line_1_10' title="bbox 371 516 1111 559; baseline 0.003 -11"><span class='ocrx_word' id='word_1_37' title='bbox 371 516 495 548; x_wconf 89' lang='lat' dir='ltr'>etiamsi</span> <span class='ocrx_word' id='word_1_38' title='bbox 522 517 561 549; x_wconf 89' lang='lat' dir='ltr'>de</span> <span class='ocrx_word' id='word_1_39' title='bbox 587 517 650 549; x_wconf 93' lang='lat' dir='ltr'>illis</span> <span class='ocrx_word' id='word_1_40' title='bbox 676 527 854 559; x_wconf 86' lang='lat' dir='ltr'>eorumque</span> <span class='ocrx_word' id='word_1_41' title='bbox 880 517 956 550; x_wconf 89' lang='lat' dir='ltr'>totis</span> <span class='ocrx_word' id='word_1_42' title='bbox 991 517 1111 550; x_wconf 91' lang='lat' dir='ltr'>tenori-</span> 
     </span>
     <span class='ocr_line' id='line_1_11' title="bbox 370 568 1110 612; baseline 0.003 -13"><span class='ocrx_word' id='word_1_43' title='bbox 370 569 429 600; x_wconf 91' lang='lat' dir='ltr'>bus</span> <span class='ocrx_word' id='word_1_44' title='bbox 448 568 612 611; x_wconf 86' lang='lat' dir='ltr'>specialis,</span> <span class='ocrx_word' id='word_1_45' title='bbox 635 569 798 612; x_wconf 79' lang='lat' dir='ltr'>specifica,</span> <span class='ocrx_word' id='word_1_46' title='bbox 827 579 982 612; x_wconf 83' lang='lat' dir='ltr'>expressa</span> <span class='ocrx_word' id='word_1_47' title='bbox 1004 574 1035 602; x_wconf 89' lang='lat' dir='ltr'>et</span> <span class='ocrx_word' id='word_1_48' title='bbox 1062 569 1110 601; x_wconf 90' lang='lat' dir='ltr'>in-</span> 
     </span>
     <span class='ocr_line' id='line_1_12' title="bbox 371 620 1110 664; baseline 0.003 -12"><span class='ocrx_word' id='word_1_49' title='bbox 371 620 510 660; x_wconf 80' lang='lat' dir='ltr'>dividua,</span> <span class='ocrx_word' id='word_1_50' title='bbox 538 631 604 653; x_wconf 91' lang='lat' dir='ltr'>non</span> <span class='ocrx_word' id='word_1_51' title='bbox 630 627 737 653; x_wconf 88' lang='lat' dir='ltr'>autem</span> <span class='ocrx_word' id='word_1_52' title='bbox 769 632 828 664; x_wconf 89' lang='lat' dir='ltr'>per</span> <span class='ocrx_word' id='word_1_53' title='bbox 862 622 1024 655; x_wconf 79' lang='lat' dir='ltr'>clausulas</span> <span class='ocrx_word' id='word_1_54' title='bbox 1057 633 1110 664; x_wconf 79' lang='lat' dir='ltr'>ge-</span> 
     </span>
     <span class='ocr_line' id='line_1_13' title="bbox 369 673 1108 716; baseline 0.001 -12"><span class='ocrx_word' id='word_1_55' title='bbox 369 673 499 705; x_wconf 85' lang='lat' dir='ltr'>nerales</span> <span class='ocrx_word' id='word_1_56' title='bbox 524 673 610 706; x_wconf 88' lang='lat' dir='ltr'>idem</span> <span class='ocrx_word' id='word_1_57' title='bbox 637 673 861 716; x_wconf 85' lang='lat' dir='ltr'>importantes,</span> <span class='ocrx_word' id='word_1_58' title='bbox 898 674 1019 707; x_wconf 89' lang='lat' dir='ltr'>mentio</span> <span class='ocrx_word' id='word_1_59' title='bbox 1052 685 1108 707; x_wconf 88' lang='lat' dir='ltr'>seu</span> 
     </span>
     <span class='ocr_line' id='line_1_14' title="bbox 371 725 1109 768; baseline 0.003 -11"><span class='ocrx_word' id='word_1_60' title='bbox 371 725 504 768; x_wconf 79' lang='lat' dir='ltr'>quaevis</span> <span class='ocrx_word' id='word_1_61' title='bbox 529 726 592 758; x_wconf 89' lang='lat' dir='ltr'>alia</span> <span class='ocrx_word' id='word_1_62' title='bbox 617 736 771 768; x_wconf 75' lang='lat' dir='ltr'>expresso</span> <span class='ocrx_word' id='word_1_63' title='bbox 797 726 950 759; x_wconf 86' lang='lat' dir='ltr'>habenda</span> <span class='ocrx_word' id='word_1_64' title='bbox 980 732 1035 759; x_wconf 88' lang='lat' dir='ltr'>aut</span> <span class='ocrx_word' id='word_1_65' title='bbox 1058 727 1109 760; x_wconf 89' lang='lat' dir='ltr'>ali-</span> 
     </span>
     <span class='ocr_line' id='line_1_15' title="bbox 372 778 1109 822; baseline 0.003 -12"><span class='ocrx_word' id='word_1_66' title='bbox 372 788 434 820; x_wconf 81' lang='lat' dir='ltr'>qua</span> <span class='ocrx_word' id='word_1_67' title='bbox 458 778 521 811; x_wconf 84' lang='lat' dir='ltr'>alia</span> <span class='ocrx_word' id='word_1_68' title='bbox 546 779 706 822; x_wconf 81' lang='lat' dir='ltr'>exquisita</span> <span class='ocrx_word' id='word_1_69' title='bbox 742 779 843 812; x_wconf 87' lang='lat' dir='ltr'>forma</span> <span class='ocrx_word' id='word_1_70' title='bbox 875 780 914 812; x_wconf 83' lang='lat' dir='ltr'>ad</span> <span class='ocrx_word' id='word_1_71' title='bbox 947 780 1008 812; x_wconf 89' lang='lat' dir='ltr'>hoc</span> <span class='ocrx_word' id='word_1_72' title='bbox 1043 790 1109 812; x_wconf 89' lang='lat' dir='ltr'>ser-</span> 
     </span>
     <span class='ocr_line' id='line_1_16' title="bbox 369 831 1109 875; baseline 0.004 -13"><span class='ocrx_word' id='word_1_73' title='bbox 369 831 474 863; x_wconf 84' lang='lat' dir='ltr'>vanda</span> <span class='ocrx_word' id='word_1_74' title='bbox 500 831 593 871; x_wconf 86' lang='lat' dir='ltr'>foret,</span> <span class='ocrx_word' id='word_1_75' title='bbox 619 832 749 864; x_wconf 89' lang='lat' dir='ltr'>illorum</span> <span class='ocrx_word' id='word_1_76' title='bbox 776 838 907 865; x_wconf 89' lang='lat' dir='ltr'>tenores</span> <span class='ocrx_word' id='word_1_77' title='bbox 927 832 1109 875; x_wconf 86' lang='lat' dir='ltr'>praesenti-</span> 
     </span>
     <span class='ocr_line' id='line_1_17' title="bbox 368 883 1106 928; baseline 0.003 -12"><span class='ocrx_word' id='word_1_78' title='bbox 368 883 430 915; x_wconf 85' lang='lat' dir='ltr'>bus</span> <span class='ocrx_word' id='word_1_79' title='bbox 454 894 513 926; x_wconf 92' lang='lat' dir='ltr'>pro</span> <span class='ocrx_word' id='word_1_80' title='bbox 538 885 635 926; x_wconf 83' lang='lat' dir='ltr'>plene</span> <span class='ocrx_word' id='word_1_81' title='bbox 661 889 693 917; x_wconf 82' lang='lat' dir='ltr'>et</span> <span class='ocrx_word' id='word_1_82' title='bbox 717 885 913 917; x_wconf 85' lang='lat' dir='ltr'>sufficienter</span> <span class='ocrx_word' id='word_1_83' title='bbox 931 885 1106 928; x_wconf 77' lang='lat' dir='ltr'>expressis,</span> 
     </span>
     <span class='ocr_line' id='line_1_18' title="bbox 369 936 1108 980; baseline 0.003 -12"><span class='ocrx_word' id='word_1_84' title='bbox 369 946 406 968; x_wconf 88' lang='lat' dir='ltr'>ac</span> <span class='ocrx_word' id='word_1_85' title='bbox 430 936 565 969; x_wconf 86' lang='lat' dir='ltr'>formam</span> <span class='ocrx_word' id='word_1_86' title='bbox 591 937 624 969; x_wconf 91' lang='lat' dir='ltr'>iu</span> <span class='ocrx_word' id='word_1_87' title='bbox 650 937 695 969; x_wconf 88' lang='lat' dir='ltr'>eis</span> <span class='ocrx_word' id='word_1_88' title='bbox 722 938 869 970; x_wconf 85' lang='lat' dir='ltr'>traditam</span> <span class='ocrx_word' id='word_1_89' title='bbox 895 948 956 980; x_wconf 89' lang='lat' dir='ltr'>pro</span> <span class='ocrx_word' id='word_1_90' title='bbox 982 941 1108 970; x_wconf 79' lang='lat' dir='ltr'>servata</span> 
     </span>
     <span class='ocr_line' id='line_1_19' title="bbox 368 988 1109 1033; baseline 0.003 -13"><span class='ocrx_word' id='word_1_91' title='bbox 368 988 538 1028; x_wconf 89' lang='lat' dir='ltr'>habentes,</span> <span class='ocrx_word' id='word_1_92' title='bbox 565 990 626 1022; x_wconf 89' lang='lat' dir='ltr'>hac</span> <span class='ocrx_word' id='word_1_93' title='bbox 650 990 716 1022; x_wconf 85' lang='lat' dir='ltr'>vice</span> <span class='ocrx_word' id='word_1_94' title='bbox 741 990 936 1033; x_wconf 76' lang='lat' dir='ltr'>specialiter,</span> <span class='ocrx_word' id='word_1_95' title='bbox 964 991 1109 1022; x_wconf 82' lang='lat' dir='ltr'>nomina-</span> 
     </span>
     <span class='ocr_line' id='line_1_20' title="bbox 368 1040 1109 1088; baseline 0.004 -16"><span class='ocrx_word' id='word_1_96' title='bbox 368 1040 425 1073; x_wconf 87' lang='lat' dir='ltr'>tim</span> <span class='ocrx_word' id='word_1_97' title='bbox 450 1046 481 1074; x_wconf 91' lang='lat' dir='ltr'>et</span> <span class='ocrx_word' id='word_1_98' title='bbox 506 1052 657 1084; x_wconf 83' lang='lat' dir='ltr'>expresse</span> <span class='ocrx_word' id='word_1_99' title='bbox 683 1043 722 1075; x_wconf 87' lang='lat' dir='ltr'>ad</span> <span class='ocrx_word' id='word_1_100' title='bbox 747 1043 893 1075; x_wconf 73' lang='lat' dir='ltr'>effectum</span> <span class='ocrx_word' id='word_1_101' title='bbox 917 1043 1109 1088; x_wconf 86' lang='lat' dir='ltr'>praemisso-</span> 
     </span>
     <span class='ocr_line' id='line_1_21' title="bbox 337 1095 1107 1140; baseline 0.003 -14"><span class='ocrx_word' id='word_1_102' title='bbox 337 1135 346 1140; x_wconf 31' lang='lat'><em>*</em></span> <span class='ocrx_word' id='word_1_103' title='bbox 368 1104 439 1127; x_wconf 88' lang='lat' dir='ltr'>rum</span> <span class='ocrx_word' id='word_1_104' title='bbox 472 1095 685 1137; x_wconf 70' lang='lat' dir='ltr'>derogamus,</span> <span class='ocrx_word' id='word_1_105' title='bbox 720 1096 899 1139; x_wconf 86' lang='lat' dir='ltr'>ceterisque</span> <span class='ocrx_word' id='word_1_106' title='bbox 936 1097 1107 1129; x_wconf 75' lang='lat' dir='ltr'>contrariis</span> 
     </span>
     <span class='ocr_line' id='line_1_22' title="bbox 369 1147 638 1191; baseline 0.004 -12"><span class='ocrx_word' id='word_1_107' title='bbox 369 1147 638 1191; x_wconf 84' lang='lat' dir='ltr'>quibuscumque.</span> 
     </span>
    </p>

    <p class='ocr_par' dir='ltr' id='par_1_4' title="bbox 366 1201 1109 1815">
     <span class='ocr_line' id='line_1_23' title="bbox 412 1201 1107 1246; baseline 0.003 -13"><span class='ocrx_word' id='word_1_108' title='bbox 412 1201 426 1243; x_wconf 63' lang='grc' dir='ltr'>ξ</span> <span class='ocrx_word' id='word_1_109' title='bbox 445 1201 475 1233; x_wconf 90' lang='grc'>7.</span> <span class='ocrx_word' id='word_1_110' title='bbox 495 1201 534 1233; x_wconf 89' lang='lat' dir='ltr'>Ut</span> <span class='ocrx_word' id='word_1_111' title='bbox 549 1208 654 1234; x_wconf 87' lang='lat' dir='ltr'>autem</span> <span class='ocrx_word' id='word_1_112' title='bbox 668 1207 856 1245; x_wconf 75' lang='lat' dir='ltr'>praesentes</span> <span class='ocrx_word' id='word_1_113' title='bbox 872 1203 1011 1241; x_wconf 81' lang='lat' dir='ltr'>litterae,</span> <span class='ocrx_word' id='word_1_114' title='bbox 1025 1213 1107 1246; x_wconf 87' lang='lat' dir='ltr'>quae</span> 
     </span>
     <span class='ocr_line' id='line_1_24' title="bbox 367 1253 1106 1296; baseline 0.001 -11"><span class='ocrx_word' id='word_1_115' title='bbox 367 1253 406 1286; x_wconf 91' lang='lat' dir='ltr'>ad</span> <span class='ocrx_word' id='word_1_116' title='bbox 432 1253 558 1296; x_wconf 79' lang='lat' dir='ltr'>singula</span> <span class='ocrx_word' id='word_1_117' title='bbox 583 1255 653 1287; x_wconf 88' lang='lat' dir='ltr'>loca</span> <span class='ocrx_word' id='word_1_118' title='bbox 679 1254 796 1287; x_wconf 86' lang='lat' dir='ltr'>deferri</span> <span class='ocrx_word' id='word_1_119' title='bbox 816 1265 881 1287; x_wconf 90' lang='lat' dir='ltr'>non</span> <span class='ocrx_word' id='word_1_120' title='bbox 899 1260 1045 1296; x_wconf 80' lang='lat' dir='ltr'>possunt,</span> <span class='ocrx_word' id='word_1_121' title='bbox 1068 1255 1106 1287; x_wconf 88' lang='lat' dir='ltr'>ad</span> 
     </span>
     <span class='ocr_line' id='line_1_25' title="bbox 367 1306 1109 1346; baseline 0.003 -9"><span class='ocrx_word' id='word_1_122' title='bbox 367 1306 509 1338; x_wconf 82' lang='lat' dir='ltr'>omniun]</span> <span class='ocrx_word' id='word_1_123' title='bbox 535 1307 683 1339; x_wconf 81' lang='lat' dir='ltr'>notitiam</span> <span class='ocrx_word' id='word_1_124' title='bbox 709 1307 833 1339; x_wconf 82' lang='lat' dir='ltr'>facilius</span> <span class='ocrx_word' id='word_1_125' title='bbox 854 1307 1037 1346; x_wconf 83' lang='lat' dir='ltr'>deveniant,</span> <span class='ocrx_word' id='word_1_126' title='bbox 1056 1317 1109 1339; x_wconf 80' lang='lat' dir='ltr'>vo-</span> 
     </span>
     <span class='ocr_line' id='line_1_26' title="bbox 366 1359 1109 1402; baseline 0.001 -12"><span class='ocrx_word' id='word_1_127' title='bbox 366 1359 475 1391; x_wconf 88' lang='lat' dir='ltr'>lumus</span> <span class='ocrx_word' id='word_1_128' title='bbox 501 1364 537 1390; x_wconf 88' lang='lat' dir='ltr'>ut</span> <span class='ocrx_word' id='word_1_129' title='bbox 561 1359 747 1392; x_wconf 88' lang='lat' dir='ltr'>earumdem</span> <span class='ocrx_word' id='word_1_130' title='bbox 777 1360 994 1402; x_wconf 88' lang='lat' dir='ltr'>praesentium</span> <span class='ocrx_word' id='word_1_131' title='bbox 1020 1364 1109 1391; x_wconf 84' lang='lat' dir='ltr'>tran-</span> 
     </span>
     <span class='ocr_line' id='line_1_27' title="bbox 368 1412 1106 1455; baseline 0.001 -12"><span class='ocrx_word' id='word_1_132' title='bbox 368 1412 516 1453; x_wconf 77' lang='lat' dir='ltr'>sumptis,</span> <span class='ocrx_word' id='word_1_133' title='bbox 540 1423 596 1444; x_wconf 89' lang='lat' dir='ltr'>seu</span> <span class='ocrx_word' id='word_1_134' title='bbox 622 1412 789 1455; x_wconf 76' lang='lat' dir='ltr'>exemplis,</span> <span class='ocrx_word' id='word_1_135' title='bbox 808 1412 905 1444; x_wconf 89' lang='lat' dir='ltr'>etiam</span> <span class='ocrx_word' id='word_1_136' title='bbox 925 1412 1106 1454; x_wconf 79' lang='lat' dir='ltr'>impressis,</span> 
     </span>
     <span class='ocr_line' id='line_1_28' title="bbox 366 1464 1108 1508; baseline 0.001 -12"><span class='ocrx_word' id='word_1_137' title='bbox 366 1475 464 1496; x_wconf 86' lang='lat' dir='ltr'>manu</span> <span class='ocrx_word' id='word_1_138' title='bbox 482 1465 616 1497; x_wconf 87' lang='lat' dir='ltr'>alicuius</span> <span class='ocrx_word' id='word_1_139' title='bbox 634 1465 750 1497; x_wconf 86' lang='lat' dir='ltr'>notarii</span> <span class='ocrx_word' id='word_1_140' title='bbox 766 1465 887 1508; x_wconf 82' lang='lat' dir='ltr'>publici</span> <span class='ocrx_word' id='word_1_141' title='bbox 905 1464 1108 1508; x_wconf 80' lang='lat' dir='ltr'>subscriptis,</span> 
     </span>
     <span class='ocr_line' id='line_1_29' title="bbox 368 1517 1109 1560; baseline -0.001 -11"><span class='ocrx_word' id='word_1_142' title='bbox 368 1522 400 1549; x_wconf 83' lang='lat' dir='ltr'>et</span> <span class='ocrx_word' id='word_1_143' title='bbox 431 1518 538 1560; x_wconf 75' lang='lat' dir='ltr'>sigillo</span> <span class='ocrx_word' id='word_1_144' title='bbox 566 1528 726 1560; x_wconf 80' lang='lat' dir='ltr'>personae</span> <span class='ocrx_word' id='word_1_145' title='bbox 752 1518 783 1550; x_wconf 89' lang='lat' dir='ltr'>in</span> <span class='ocrx_word' id='word_1_146' title='bbox 810 1518 1030 1550; x_wconf 79' lang='lat' dir='ltr'>ecclesiastica</span> <span class='ocrx_word' id='word_1_147' title='bbox 1061 1517 1109 1549; x_wconf 67' lang='lat' dir='ltr'>di»</span> 
     </span>
     <span class='ocr_line' id='line_1_30' title="bbox 366 1571 1109 1614; baseline 0 -12"><span class='ocrx_word' id='word_1_148' title='bbox 366 1571 467 1603; x_wconf 87' lang='lat' dir='ltr'>nitate</span> <span class='ocrx_word' id='word_1_149' title='bbox 497 1571 689 1604; x_wconf 81' lang='lat' dir='ltr'>constitutae</span> <span class='ocrx_word' id='word_1_150' title='bbox 714 1571 857 1611; x_wconf 87' lang='lat' dir='ltr'>munitis,</span> <span class='ocrx_word' id='word_1_151' title='bbox 881 1571 1002 1614; x_wconf 86' lang='lat' dir='ltr'>ubique</span> <span class='ocrx_word' id='word_1_152' title='bbox 1025 1572 1109 1604; x_wconf 91' lang='lat' dir='ltr'>loco-</span> 
     </span>
     <span class='ocr_line' id='line_1_31' title="bbox 366 1624 1107 1667; baseline 0.001 -12"><span class='ocrx_word' id='word_1_153' title='bbox 366 1634 438 1656; x_wconf 91' lang='lat' dir='ltr'>rum</span> <span class='ocrx_word' id='word_1_154' title='bbox 464 1629 494 1656; x_wconf 88' lang='lat' dir='ltr'>et</span> <span class='ocrx_word' id='word_1_155' title='bbox 519 1625 675 1667; x_wconf 83' lang='lat' dir='ltr'>gentium,</span> <span class='ocrx_word' id='word_1_156' title='bbox 712 1625 824 1657; x_wconf 85' lang='lat' dir='ltr'>eadem</span> <span class='ocrx_word' id='word_1_157' title='bbox 860 1635 992 1667; x_wconf 90' lang='lat' dir='ltr'>prorsus</span> <span class='ocrx_word' id='word_1_158' title='bbox 1027 1624 1107 1656; x_wconf 78' lang='lat' dir='ltr'>fides</span> 
     </span>
     <span class='ocr_line' id='line_1_32' title="bbox 366 1677 1108 1721; baseline 0.001 -12"><span class='ocrx_word' id='word_1_159' title='bbox 366 1677 540 1717; x_wconf 86' lang='lat' dir='ltr'>habeatur,</span> <span class='ocrx_word' id='word_1_160' title='bbox 575 1688 656 1720; x_wconf 81' lang='lat' dir='ltr'>quae</span> <span class='ocrx_word' id='word_1_161' title='bbox 690 1678 870 1710; x_wconf 83' lang='lat' dir='ltr'>haberetur</span> <span class='ocrx_word' id='word_1_162' title='bbox 902 1677 980 1720; x_wconf 84' lang='lat' dir='ltr'>ipsis</span> <span class='ocrx_word' id='word_1_163' title='bbox 1016 1689 1108 1721; x_wconf 89' lang='lat' dir='ltr'>prac-</span> 
     </span>
     <span class='ocr_line' id='line_1_33' title="bbox 366 1730 1106 1763; baseline 0.001 -1"><span class='ocrx_word' id='word_1_164' title='bbox 366 1730 515 1763; x_wconf 89' lang='lat' dir='ltr'>sentibus</span> <span class='ocrx_word' id='word_1_165' title='bbox 539 1730 564 1763; x_wconf 90' lang='lat' dir='ltr'>si</span> <span class='ocrx_word' id='word_1_166' title='bbox 595 1731 701 1763; x_wconf 85' lang='lat' dir='ltr'>forent</span> <span class='ocrx_word' id='word_1_167' title='bbox 725 1731 888 1763; x_wconf 82' lang='lat' dir='ltr'>exhibitae</span> <span class='ocrx_word' id='word_1_168' title='bbox 920 1731 971 1763; x_wconf 86' lang='lat' dir='ltr'>vel</span> <span class='ocrx_word' id='word_1_169' title='bbox 999 1736 1106 1763; x_wconf 90' lang='lat' dir='ltr'>osten-</span> 
     </span>
     <span class='ocr_line' id='line_1_34' title="bbox 366 1793 432 1815; baseline 0 0"><span class='ocrx_word' id='word_1_170' title='bbox 366 1793 432 1815; x_wconf 87' lang='lat' dir='ltr'>sae.</span> 
     </span>
    </p>

    <p class='ocr_par' dir='ltr' id='par_1_5' title="bbox 364 1837 1106 2029">
     <span class='ocr_line' id='line_1_35' title="bbox 409 1837 1106 1879; baseline 0 -10"><span class='ocrx_word' id='word_1_171' title='bbox 409 1837 523 1869; x_wconf 86' lang='lat' dir='ltr'>Datum</span> <span class='ocrx_word' id='word_1_172' title='bbox 547 1837 678 1875; x_wconf 86' lang='lat' dir='ltr'>Romae,</span> <span class='ocrx_word' id='word_1_173' title='bbox 698 1837 783 1879; x_wconf 87' lang='lat' dir='ltr'>apud</span> <span class='ocrx_word' id='word_1_174' title='bbox 804 1837 835 1870; x_wconf 86' lang='lat' dir='ltr'>S.</span> <span class='ocrx_word' id='word_1_175' title='bbox 854 1837 986 1870; x_wconf 87' lang='lat' dir='ltr'>Mariam</span> <span class='ocrx_word' id='word_1_176' title='bbox 1010 1837 1106 1869; x_wconf 86' lang='lat' dir='ltr'>Maio-</span> 
     </span>
     <span class='ocr_line' id='line_1_36' title="bbox 365 1889 1105 1929; baseline -0.001 -7"><span class='ocrx_word' id='word_1_177' title='bbox 365 1900 447 1929; x_wconf 86' lang='lat' dir='ltr'>rem,</span> <span class='ocrx_word' id='word_1_178' title='bbox 475 1890 533 1922; x_wconf 88' lang='lat' dir='ltr'>sub</span> <span class='ocrx_word' id='word_1_179' title='bbox 563 1891 682 1923; x_wconf 84' lang='lat' dir='ltr'>annulo</span> <span class='ocrx_word' id='word_1_180' title='bbox 709 1889 895 1929; x_wconf 75' lang='lat' dir='ltr'>piscatoris,</span> <span class='ocrx_word' id='word_1_181' title='bbox 922 1890 973 1922; x_wconf 89' lang='lat' dir='ltr'>die</span> <span class='ocrx_word' id='word_1_182' title='bbox 1000 1900 1030 1921; x_wconf 67' lang='lat' dir='ltr'>XI</span> <span class='ocrx_word' id='word_1_183' title='bbox 1056 1900 1105 1921; x_wconf 89' lang='lat' dir='ltr'>se-</span> 
     </span>
     <span class='ocr_line' id='line_1_37' title="bbox 364 1942 1105 1986; baseline -0.001 -11"><span class='ocrx_word' id='word_1_184' title='bbox 364 1943 522 1985; x_wconf 90' lang='lat' dir='ltr'>ptembris</span> <span class='ocrx_word' id='word_1_185' title='bbox 552 1952 722 1983; x_wconf 60' lang='lat' dir='ltr'>iinctxxxt,</span> <span class='ocrx_word' id='word_1_186' title='bbox 754 1942 964 1986; x_wconf 83' lang='lat' dir='ltr'>pontificatus</span> <span class='ocrx_word' id='word_1_187' title='bbox 1001 1942 1105 1975; x_wconf 86' lang='lat' dir='ltr'>nostri</span> 
     </span>
     <span class='ocr_line' id='line_1_38' title="bbox 365 2006 511 2029; baseline 0.007 -1"><span class='ocrx_word' id='word_1_188' title='bbox 365 2006 452 2029; x_wconf 83' lang='lat' dir='ltr'>anno</span> <span class='ocrx_word' id='word_1_189' title='bbox 480 2006 511 2029; x_wconf 91' lang='lat' dir='ltr'>v.</span> 
     </span>
    </p>

    <p class='ocr_par' dir='ltr' id='par_1_6' title="bbox 399 2057 1102 2094">
     <span class='ocr_line' id='line_1_39' title="bbox 399 2057 1102 2094; baseline 0 -10"><span class='ocrx_word' id='word_1_190' title='bbox 399 2057 461 2085; x_wconf 87' lang='lat' dir='ltr'>Dat.</span> <span class='ocrx_word' id='word_1_191' title='bbox 477 2057 521 2086; x_wconf 85' lang='lat' dir='ltr'>die</span> <span class='ocrx_word' id='word_1_192' title='bbox 538 2059 566 2086; x_wconf 86' lang='lat'>11</span> <span class='ocrx_word' id='word_1_193' title='bbox 589 2058 751 2094; x_wconf 79' lang='lat' dir='ltr'>septembris</span> <span class='ocrx_word' id='word_1_194' title='bbox 772 2059 850 2093; x_wconf 82' lang='lat'>1681,</span> <span class='ocrx_word' id='word_1_195' title='bbox 871 2058 969 2094; x_wconf 79' lang='lat' dir='ltr'>pontif.</span> <span class='ocrx_word' id='word_1_196' title='bbox 990 2066 1061 2085; x_wconf 82' lang='lat' dir='ltr'>anno</span> <span class='ocrx_word' id='word_1_197' title='bbox 1077 2063 1102 2084; x_wconf 93' lang='lat' dir='ltr'>v.</span> 
     </span>
    </p>
   </div>
   <div class='ocr_carea' id='block_1_4' title="bbox 658 2133 840 2141">
    <p class='ocr_par' dir='ltr' id='par_1_7' title="bbox 658 2133 840 2141">
     <span class='ocr_line' id='line_1_40' title="bbox 658 2133 840 2141; baseline 0 1016"><span class='ocrx_word' id='word_1_198' title='bbox 658 2133 840 2141; x_wconf 95' lang='lat' dir='ltr'> </span> 
     </span>
    </p>
   </div>
   <div class='ocr_carea' id='block_1_5' title="bbox 695 2218 769 2253">
    <p class='ocr_par' dir='ltr' id='par_1_8' title="bbox 695 2218 769 2253">
     <span class='ocr_line' id='line_1_41' title="bbox 695 2218 769 2253; baseline -0.014 0"><span class='ocrx_word' id='word_1_199' title='bbox 695 2218 769 2253; x_wconf 73' lang='lat' dir='ltr'>cxi.</span> 
     </span>
    </p>
   </div>
   <div class='ocr_carea' id='block_1_6' title="bbox 366 2306 1104 2559">
    <p class='ocr_par' dir='ltr' id='par_1_9' title="bbox 366 2306 1104 2559">
     <span class='ocr_line' id='line_1_42' title="bbox 366 2306 1102 2351; baseline -0.004 -10"><span class='ocrx_word' id='word_1_200' title='bbox 366 2306 587 2347; x_wconf 60' lang='lat' dir='ltr'>Confirmatitr</span> <span class='ocrx_word' id='word_1_201' title='bbox 608 2306 763 2339; x_wconf 73' lang='lat' dir='ltr'>decretum</span> <span class='ocrx_word' id='word_1_202' title='bbox 788 2307 1003 2351; x_wconf 71' lang='lat' dir='ltr'>particularis</span> <span class='ocrx_word' id='word_1_203' title='bbox 1030 2316 1102 2339; x_wconf 78' lang='lat' dir='ltr'>con-</span> 
     </span>
     <span class='ocr_line' id='line_1_43' title="bbox 407 2360 1104 2402; baseline 0 -12"><span class='ocrx_word' id='word_1_204' title='bbox 407 2360 618 2402; x_wconf 72' lang='lat' dir='ltr'>yreyalionis,</span> <span class='ocrx_word' id='word_1_205' title='bbox 636 2371 698 2402; x_wconf 75' lang='lat' dir='ltr'>quo</span> <span class='ocrx_word' id='word_1_206' title='bbox 716 2360 915 2392; x_wconf 71' lang='lat' dir='ltr'>declaratum</span> <span class='ocrx_word' id='word_1_207' title='bbox 942 2361 1006 2402; x_wconf 76' lang='lat' dir='ltr'>fui!</span> <span class='ocrx_word' id='word_1_208' title='bbox 1031 2363 1039 2384; x_wconf 74' lang='grc'><em>1</em></span> <span class='ocrx_word' id='word_1_209' title='bbox 1054 2370 1104 2390; x_wconf 81' lang='lat' dir='ltr'>on-</span> 
     </span>
     <span class='ocr_line' id='line_1_44' title="bbox 407 2412 1104 2454; baseline -0.003 -10"><span class='ocrx_word' id='word_1_210' title='bbox 407 2413 605 2454; x_wconf 70' lang='lat' dir='ltr'>reqalionmn</span> <span class='ocrx_word' id='word_1_211' title='bbox 632 2413 893 2453; x_wconf 61' lang='lat' dir='ltr'>lie-1&#39;511&#39;1111710rum</span> <span class='ocrx_word' id='word_1_212' title='bbox 912 2412 1104 2445; x_wconf 60' lang='lat' dir='ltr'>Novissima-</span> 
     </span>
     <span class='ocr_line' id='line_1_45' title="bbox 407 2465 1102 2505; baseline 0 -10"><span class='ocrx_word' id='word_1_213' title='bbox 407 2474 480 2495; x_wconf 74' lang='lat' dir='ltr'>rtlm</span> <span class='ocrx_word' id='word_1_214' title='bbox 509 2474 572 2494; x_wconf 63' lang='lat' dir='ltr'>exse</span> <span class='ocrx_word' id='word_1_215' title='bbox 599 2475 701 2495; x_wconf 63' lang='lat' dir='ltr'>reram</span> <span class='ocrx_word' id='word_1_216' title='bbox 730 2466 916 2505; x_wconf 66' lang='lat' dir='ltr'>reliqionem</span> <span class='ocrx_word' id='word_1_217' title='bbox 945 2465 1102 2496; x_wconf 54' lang='lat' dir='ltr'>ditari-am</span> 
     </span>
     <span class='ocr_line' id='line_1_46' title="bbox 407 2516 1101 2559; baseline 0.001 -12"><span class='ocrx_word' id='word_1_218' title='bbox 407 2516 447 2547; x_wconf 81' lang='lat' dir='ltr'>ab</span> <span class='ocrx_word' id='word_1_219' title='bbox 471 2517 506 2548; x_wconf 70' lang='lat' dir='ltr'>eti</span> <span class='ocrx_word' id='word_1_220' title='bbox 530 2517 586 2549; x_wconf 81' lang='lat' dir='ltr'>SS.</span> <span class='ocrx_word' id='word_1_221' title='bbox 614 2517 794 2549; x_wconf 54' lang='lat' dir='ltr'>saluum-is</span> <span class='ocrx_word' id='word_1_222' title='bbox 810 2529 865 2550; x_wconf 76' lang='lat' dir='ltr'>sen</span> <span class='ocrx_word' id='word_1_223' title='bbox 877 2519 909 2551; x_wconf 87' lang='lat' dir='ltr'>S.</span> <span class='ocrx_word' id='word_1_224' title='bbox 927 2518 1101 2559; x_wconf 65' lang='lat' dir='ltr'>Briyietue.</span> 
     </span>
    </p>
   </div>
   <div class='ocr_carea' id='block_1_7' title="bbox 1129 202 1135 747">
    <p class='ocr_par' dir='ltr' id='par_1_10' title="bbox 1129 202 1135 747">
     <span class='ocr_line' id='line_1_47' title="bbox 1129 202 1135 747; baseline 0 0"><span class='ocrx_word' id='word_1_225' title='bbox 1129 202 1135 747; x_wconf 95' lang='lat' dir='ltr'> </span> 
     </span>
    </p>
   </div>
   <div class='ocr_carea' id='block_1_8' title="bbox 1126 941 1131 1899">
    <p class='ocr_par' dir='ltr' id='par_1_11' title="bbox 1126 941 1131 1899">
     <span class='ocr_line' id='line_1_48' title="bbox 1126 941 1131 1899; baseline 0 0"><span class='ocrx_word' id='word_1_226' title='bbox 1126 941 1131 1899; x_wconf 95' lang='lat' dir='ltr'> </span> 
     </span>
    </p>
   </div>
   <div class='ocr_carea' id='block_1_9' title="bbox 957 150 1312 175">
    <p class='ocr_par' dir='ltr' id='par_1_12' title="bbox 957 150 1312 175">
     <span class='ocr_line' id='line_1_49' title="bbox 957 150 1312 175; baseline 0.003 -1"><span class='ocrx_word' id='word_1_227' title='bbox 957 150 1136 174; x_wconf 70' lang='lat' dir='ltr'>BULLAmUM</span> <span class='ocrx_word' id='word_1_228' title='bbox 1160 150 1312 175; x_wconf 68' lang='lat' dir='ltr'>ltOMANUM</span> 
     </span>
    </p>
   </div>
   <div class='ocr_carea' id='block_1_10' title="bbox 1292 200 1750 272">
    <p class='ocr_par' dir='ltr' id='par_1_13' title="bbox 1292 200 1750 272">
     <span class='ocr_line' id='line_1_50' title="bbox 1334 200 1703 233; baseline 0.003 -7"><span class='ocrx_word' id='word_1_229' title='bbox 1334 200 1530 227; x_wconf 69' lang='lat' dir='ltr'>Innocentius</span> <span class='ocrx_word' id='word_1_230' title='bbox 1552 201 1630 233; x_wconf 79' lang='lat' dir='ltr'>Papa</span> <span class='ocrx_word' id='word_1_231' title='bbox 1650 201 1703 233; x_wconf 76' lang='lat' dir='ltr'>xi,</span> 
     </span>
     <span class='ocr_line' id='line_1_51' title="bbox 1292 244 1750 272; baseline 0.004 -2"><span class='ocrx_word' id='word_1_232' title='bbox 1292 244 1330 270; x_wconf 82' lang='lat' dir='ltr'>ad</span> <span class='ocrx_word' id='word_1_233' title='bbox 1349 244 1482 270; x_wconf 80' lang='lat' dir='ltr'>futuram</span> <span class='ocrx_word' id='word_1_234' title='bbox 1501 244 1547 270; x_wconf 90' lang='lat' dir='ltr'>rei</span> <span class='ocrx_word' id='word_1_235' title='bbox 1569 246 1750 272; x_wconf 79' lang='lat' dir='ltr'>memoriam.</span> 
     </span>
    </p>
   </div>
   <div class='ocr_carea' id='block_1_11' title="bbox 1146 305 1910 2455">
    <p class='ocr_par' dir='ltr' id='par_1_14' title="bbox 1148 305 1910 1719">
     <span class='ocr_line' id='line_1_52' title="bbox 1195 305 1886 349; baseline 0.004 -11"><span class='ocrx_word' id='word_1_236' title='bbox 1195 306 1210 349; x_wconf 66' lang='grc' dir='ltr'><strong>ἓ</strong></span> <span class='ocrx_word' id='word_1_237' title='bbox 1228 305 1259 338; x_wconf 79' lang='grc'>1.</span> <span class='ocrx_word' id='word_1_238' title='bbox 1278 305 1444 338; x_wconf 88' lang='lat' dir='ltr'>Emanavit</span> <span class='ocrx_word' id='word_1_239' title='bbox 1467 316 1571 349; x_wconf 88' lang='lat' dir='ltr'>nuper</span> <span class='ocrx_word' id='word_1_240' title='bbox 1592 317 1608 338; x_wconf 90' lang='lat' dir='ltr'>a</span> <span class='ocrx_word' id='word_1_241' title='bbox 1630 305 1886 349; x_wconf 80' lang='lat' dir='ltr'>Congregatione</span> 
     </span>
     <span class='ocr_line' id='line_1_53' title="bbox 1152 350 1910 396; baseline 0.003 -5"><span class='ocrx_word' id='word_1_242' title='bbox 1152 360 1386 392; x_wconf 87' lang='lat' dir='ltr'>nonnullorum</span> <span class='ocrx_word' id='word_1_243' title='bbox 1406 369 1441 391; x_wconf 88' lang='lat' dir='ltr'>ex</span> <span class='ocrx_word' id='word_1_244' title='bbox 1466 358 1708 392; x_wconf 87' lang='lat' dir='ltr'>venerabilibus</span> <span class='ocrx_word' id='word_1_245' title='bbox 1735 350 1910 396; x_wconf 54' lang='lat' dir='ltr'>fratribusi</span> 
     </span>
     <span class='ocr_line' id='line_1_54' title="bbox 1153 411 1889 455; baseline 0.001 -11"><span class='ocrx_word' id='word_1_246' title='bbox 1153 413 1272 445; x_wconf 88' lang='lat' dir='ltr'>nostris</span> <span class='ocrx_word' id='word_1_247' title='bbox 1294 411 1324 445; x_wconf 84' lang='lat' dir='ltr'>S.</span> <span class='ocrx_word' id='word_1_248' title='bbox 1339 412 1375 444; x_wconf 88' lang='lat' dir='ltr'>R.</span> <span class='ocrx_word' id='word_1_249' title='bbox 1387 411 1421 444; x_wconf 89' lang='lat' dir='ltr'>E.</span> <span class='ocrx_word' id='word_1_250' title='bbox 1435 411 1665 451; x_wconf 87' lang='lat' dir='ltr'>cardinalibus,</span> <span class='ocrx_word' id='word_1_251' title='bbox 1681 422 1777 455; x_wconf 84' lang='lat' dir='ltr'>super</span> <span class='ocrx_word' id='word_1_252' title='bbox 1790 422 1889 455; x_wconf 81' lang='lat' dir='ltr'>nego-</span> 
     </span>
     <span class='ocr_line' id='line_1_55' title="bbox 1154 464 1887 507; baseline 0.001 -10"><span class='ocrx_word' id='word_1_253' title='bbox 1154 465 1196 498; x_wconf 91' lang='lat' dir='ltr'>tio</span> <span class='ocrx_word' id='word_1_254' title='bbox 1214 465 1344 498; x_wconf 77' lang='lat' dir='ltr'>fratrum</span> <span class='ocrx_word' id='word_1_255' title='bbox 1363 464 1615 507; x_wconf 81' lang='lat' dir='ltr'>Brigittanorum</span> <span class='ocrx_word' id='word_1_256' title='bbox 1635 464 1887 498; x_wconf 87' lang='lat' dir='ltr'>Novissimorum</span> 
     </span>
     <span class='ocr_line' id='line_1_56' title="bbox 1153 516 1886 561; baseline 0.001 -12"><span class='ocrx_word' id='word_1_257' title='bbox 1153 517 1335 561; x_wconf 88' lang='lat' dir='ltr'>specialiter</span> <span class='ocrx_word' id='word_1_258' title='bbox 1345 518 1506 560; x_wconf 78' lang='lat' dir='ltr'>deputata,</span> <span class='ocrx_word' id='word_1_259' title='bbox 1518 517 1685 550; x_wconf 89' lang='lat' dir='ltr'>decretum</span> <span class='ocrx_word' id='word_1_260' title='bbox 1700 518 1821 551; x_wconf 89' lang='lat' dir='ltr'>tenoris</span> <span class='ocrx_word' id='word_1_261' title='bbox 1832 516 1886 561; x_wconf 91' lang='lat' dir='ltr'>qui</span> 
     </span>
     <span class='ocr_line' id='line_1_57' title="bbox 1152 569 1886 614; baseline 0 -11"><span class='ocrx_word' id='word_1_262' title='bbox 1152 570 1307 613; x_wconf 84' lang='lat' dir='ltr'>sequitur,</span> <span class='ocrx_word' id='word_1_263' title='bbox 1329 569 1494 603; x_wconf 87' lang='lat' dir='ltr'>videlicet:</span> <span class='ocrx_word' id='word_1_264' title='bbox 1525 581 1537 601; x_wconf 76' lang='grc' dir='ltr'>ι(</span> <span class='ocrx_word' id='word_1_265' title='bbox 1555 569 1768 612; x_wconf 81' lang='lat' dir='ltr'>Congregatio</span> <span class='ocrx_word' id='word_1_266' title='bbox 1785 569 1886 614; x_wconf 89' lang='lat' dir='ltr'>parti-</span> 
     </span>
     <span class='ocr_line' id='line_1_58' title="bbox 1152 622 1887 657; baseline 0.001 -2"><span class='ocrx_word' id='word_1_267' title='bbox 1152 623 1267 655; x_wconf 84' lang='lat' dir='ltr'>cularis</span> <span class='ocrx_word' id='word_1_268' title='bbox 1292 623 1525 655; x_wconf 89' lang='lat' dir='ltr'>nonnullorum</span> <span class='ocrx_word' id='word_1_269' title='bbox 1551 622 1887 657; x_wconf 88' lang='lat' dir='ltr'>eminentissimorum</span> 
     </span>
     <span class='ocr_line' id='line_1_59' title="bbox 1152 675 1887 710; baseline 0.001 -2"><span class='ocrx_word' id='word_1_270' title='bbox 1152 680 1183 708; x_wconf 90' lang='lat' dir='ltr'>et</span> <span class='ocrx_word' id='word_1_271' title='bbox 1208 675 1552 708; x_wconf 89' lang='lat' dir='ltr'>reverendissimorum</span> <span class='ocrx_word' id='word_1_272' title='bbox 1578 675 1608 708; x_wconf 88' lang='lat' dir='ltr'>S.</span> <span class='ocrx_word' id='word_1_273' title='bbox 1627 676 1663 707; x_wconf 77' lang='lat' dir='ltr'>R.</span> <span class='ocrx_word' id='word_1_274' title='bbox 1684 675 1718 708; x_wconf 86' lang='lat' dir='ltr'>E.</span> <span class='ocrx_word' id='word_1_275' title='bbox 1746 675 1887 710; x_wconf 83' lang='lat' dir='ltr'>cardina-</span> 
     </span>
     <span class='ocr_line' id='line_1_60' title="bbox 1152 727 1887 771; baseline 0.003 -11"><span class='ocrx_word' id='word_1_276' title='bbox 1152 727 1230 760; x_wconf 89' lang='lat' dir='ltr'>lium</span> <span class='ocrx_word' id='word_1_277' title='bbox 1246 738 1345 771; x_wconf 87' lang='lat' dir='ltr'>super</span> <span class='ocrx_word' id='word_1_278' title='bbox 1361 728 1492 770; x_wconf 80' lang='lat' dir='ltr'>negotio</span> <span class='ocrx_word' id='word_1_279' title='bbox 1510 728 1760 770; x_wconf 77' lang='lat' dir='ltr'>Brigittanorum</span> <span class='ocrx_word' id='word_1_280' title='bbox 1777 727 1887 762; x_wconf 88' lang='lat' dir='ltr'>Novis-</span> 
     </span>
     <span class='ocr_line' id='line_1_61' title="bbox 1151 780 1887 824; baseline 0.001 -11"><span class='ocrx_word' id='word_1_281' title='bbox 1151 781 1305 813; x_wconf 88' lang='lat' dir='ltr'>simorum</span> <span class='ocrx_word' id='word_1_282' title='bbox 1327 781 1509 824; x_wconf 83' lang='lat' dir='ltr'>specialiter</span> <span class='ocrx_word' id='word_1_283' title='bbox 1527 780 1687 823; x_wconf 84' lang='lat' dir='ltr'>deputata,</span> <span class='ocrx_word' id='word_1_284' title='bbox 1707 791 1742 813; x_wconf 81' lang='lat' dir='ltr'>ex</span> <span class='ocrx_word' id='word_1_285' title='bbox 1761 781 1887 815; x_wconf 89' lang='lat' dir='ltr'>noviter</span> 
     </span>
     <span class='ocr_line' id='line_1_62' title="bbox 1151 832 1885 876; baseline 0.003 -10"><span class='ocrx_word' id='word_1_286' title='bbox 1151 833 1300 866; x_wconf 87' lang='lat' dir='ltr'>deductis</span> <span class='ocrx_word' id='word_1_287' title='bbox 1325 837 1357 866; x_wconf 89' lang='lat' dir='ltr'>et</span> <span class='ocrx_word' id='word_1_288' title='bbox 1381 832 1566 876; x_wconf 85' lang='lat' dir='ltr'>specialiter</span> <span class='ocrx_word' id='word_1_289' title='bbox 1594 833 1678 874; x_wconf 86' lang='lat' dir='ltr'>visis,</span> <span class='ocrx_word' id='word_1_290' title='bbox 1704 839 1736 866; x_wconf 86' lang='lat' dir='ltr'>et</span> <span class='ocrx_word' id='word_1_291' title='bbox 1759 839 1885 868; x_wconf 83' lang='lat' dir='ltr'>mature</span> 
     </span>
     <span class='ocr_line' id='line_1_63' title="bbox 1151 885 1886 919; baseline 0.001 -1"><span class='ocrx_word' id='word_1_292' title='bbox 1151 886 1362 918; x_wconf 87' lang='lat' dir='ltr'>consideratis</span> <span class='ocrx_word' id='word_1_293' title='bbox 1382 885 1665 918; x_wconf 87' lang='lat' dir='ltr'>constitutionibus</span> <span class='ocrx_word' id='word_1_294' title='bbox 1690 895 1886 919; x_wconf 89' lang='lat' dir='ltr'>summorum</span> 
     </span>
     <span class='ocr_line' id='line_1_64' title="bbox 1151 937 1887 977; baseline 0.001 -7"><span class='ocrx_word' id='word_1_295' title='bbox 1151 937 1350 977; x_wconf 72' lang='lat' dir='ltr'>Pontificum,</span> <span class='ocrx_word' id='word_1_296' title='bbox 1377 938 1505 970; x_wconf 85' lang='lat' dir='ltr'>censuit</span> <span class='ocrx_word' id='word_1_297' title='bbox 1528 938 1747 971; x_wconf 87' lang='lat' dir='ltr'>recedendum</span> <span class='ocrx_word' id='word_1_298' title='bbox 1772 949 1843 971; x_wconf 88' lang='lat' dir='ltr'>esse</span> <span class='ocrx_word' id='word_1_299' title='bbox 1869 949 1887 971; x_wconf 86' lang='lat' dir='ltr'>a</span> 
     </span>
     <span class='ocr_line' id='line_1_65' title="bbox 1151 989 1886 1024; baseline 0.001 -1"><span class='ocrx_word' id='word_1_300' title='bbox 1151 991 1283 1023; x_wconf 88' lang='lat' dir='ltr'>decreto</span> <span class='ocrx_word' id='word_1_301' title='bbox 1302 989 1379 1022; x_wconf 77' lang='lat' dir='ltr'>alias</span> <span class='ocrx_word' id='word_1_302' title='bbox 1399 991 1450 1023; x_wconf 91' lang='lat' dir='ltr'>die</span> <span class='ocrx_word' id='word_1_303' title='bbox 1471 1001 1488 1022; x_wconf 94' lang='lat' dir='ltr'>v</span> <span class='ocrx_word' id='word_1_304' title='bbox 1507 990 1580 1022; x_wconf 85' lang='lat' dir='ltr'>maii</span> <span class='ocrx_word' id='word_1_305' title='bbox 1599 1000 1771 1024; x_wconf 70' lang='lat' dir='ltr'>nocrxxvn</span> <span class='ocrx_word' id='word_1_306' title='bbox 1799 1001 1886 1024; x_wconf 88' lang='lat' dir='ltr'>ema-</span> 
     </span>
     <span class='ocr_line' id='line_1_66' title="bbox 1151 1042 1886 1086; baseline 0.001 -11"><span class='ocrx_word' id='word_1_307' title='bbox 1151 1048 1245 1082; x_wconf 88' lang='lat' dir='ltr'>nato;</span> <span class='ocrx_word' id='word_1_308' title='bbox 1273 1054 1309 1075; x_wconf 85' lang='lat' dir='ltr'>ac</span> <span class='ocrx_word' id='word_1_309' title='bbox 1339 1048 1515 1086; x_wconf 80' lang='lat' dir='ltr'>propterea</span> <span class='ocrx_word' id='word_1_310' title='bbox 1547 1043 1721 1075; x_wconf 82' lang='lat' dir='ltr'>declaravit</span> <span class='ocrx_word' id='word_1_311' title='bbox 1745 1042 1886 1086; x_wconf 85' lang='lat' dir='ltr'>Congre-</span> 
     </span>
     <span class='ocr_line' id='line_1_67' title="bbox 1150 1094 1885 1137; baseline 0.001 -10"><span class='ocrx_word' id='word_1_312' title='bbox 1150 1095 1312 1137; x_wconf 79' lang='lat' dir='ltr'>gationem</span> <span class='ocrx_word' id='word_1_313' title='bbox 1348 1096 1597 1136; x_wconf 81' lang='lat' dir='ltr'>Brigittanorum</span> <span class='ocrx_word' id='word_1_314' title='bbox 1630 1094 1885 1129; x_wconf 87' lang='lat' dir='ltr'>Novissimorum</span> 
     </span>
     <span class='ocr_line' id='line_1_68' title="bbox 1150 1148 1885 1190; baseline 0 -9"><span class='ocrx_word' id='word_1_315' title='bbox 1150 1159 1223 1181; x_wconf 89' lang='lat' dir='ltr'>esse</span> <span class='ocrx_word' id='word_1_316' title='bbox 1248 1159 1355 1181; x_wconf 88' lang='lat' dir='ltr'>veram</span> <span class='ocrx_word' id='word_1_317' title='bbox 1378 1148 1570 1190; x_wconf 81' lang='lat' dir='ltr'>religionem</span> <span class='ocrx_word' id='word_1_318' title='bbox 1596 1148 1653 1180; x_wconf 91' lang='lat' dir='ltr'>sub</span> <span class='ocrx_word' id='word_1_319' title='bbox 1679 1149 1788 1190; x_wconf 79' lang='lat' dir='ltr'>regula</span> <span class='ocrx_word' id='word_1_320' title='bbox 1812 1159 1885 1181; x_wconf 87' lang='lat' dir='ltr'>san-</span> 
     </span>
     <span class='ocr_line' id='line_1_69' title="bbox 1150 1200 1887 1243; baseline 0 -10"><span class='ocrx_word' id='word_1_321' title='bbox 1150 1201 1191 1234; x_wconf 90' lang='lat' dir='ltr'>cti</span> <span class='ocrx_word' id='word_1_322' title='bbox 1219 1200 1388 1243; x_wconf 82' lang='lat' dir='ltr'>Augustini</span> <span class='ocrx_word' id='word_1_323' title='bbox 1414 1211 1432 1233; x_wconf 87' lang='lat' dir='ltr'>a</span> <span class='ocrx_word' id='word_1_324' title='bbox 1455 1203 1563 1233; x_wconf 81' lang='lat' dir='ltr'>saneta</span> <span class='ocrx_word' id='word_1_325' title='bbox 1592 1200 1673 1233; x_wconf 87' lang='lat' dir='ltr'>Sede</span> <span class='ocrx_word' id='word_1_326' title='bbox 1699 1200 1887 1243; x_wconf 67' lang='lat' dir='ltr'>Apostolica</span> 
     </span>
     <span class='ocr_line' id='line_1_70' title="bbox 1150 1252 1885 1295; baseline -0.001 -10"><span class='ocrx_word' id='word_1_327' title='bbox 1150 1253 1182 1285; x_wconf 88' lang='lat' dir='ltr'>in</span> <span class='ocrx_word' id='word_1_328' title='bbox 1207 1252 1501 1295; x_wconf 77' lang='lat' dir='ltr'>Congregationem</span> <span class='ocrx_word' id='word_1_329' title='bbox 1536 1258 1685 1291; x_wconf 84' lang='lat' dir='ltr'>erectam,</span> <span class='ocrx_word' id='word_1_330' title='bbox 1723 1252 1885 1285; x_wconf 89' lang='lat' dir='ltr'>diversam</span> 
     </span>
     <span class='ocr_line' id='line_1_71' title="bbox 1150 1306 1886 1349; baseline 0 -10"><span class='ocrx_word' id='word_1_331' title='bbox 1150 1312 1259 1340; x_wconf 86' lang='lat' dir='ltr'>tamen</span> <span class='ocrx_word' id='word_1_332' title='bbox 1291 1318 1309 1339; x_wconf 85' lang='lat' dir='ltr'>a</span> <span class='ocrx_word' id='word_1_333' title='bbox 1339 1307 1497 1349; x_wconf 81' lang='lat' dir='ltr'>religione</span> <span class='ocrx_word' id='word_1_334' title='bbox 1522 1307 1575 1340; x_wconf 86' lang='lat' dir='ltr'>SS.</span> <span class='ocrx_word' id='word_1_335' title='bbox 1603 1306 1797 1346; x_wconf 85' lang='lat' dir='ltr'>Salvatoris,</span> <span class='ocrx_word' id='word_1_336' title='bbox 1829 1316 1886 1339; x_wconf 87' lang='lat' dir='ltr'>seu</span> 
     </span>
     <span class='ocr_line' id='line_1_72' title="bbox 1150 1358 1886 1401; baseline -0.001 -10"><span class='ocrx_word' id='word_1_337' title='bbox 1150 1364 1277 1391; x_wconf 86' lang='lat' dir='ltr'>sanctae</span> <span class='ocrx_word' id='word_1_338' title='bbox 1302 1359 1464 1401; x_wconf 42' lang='lat' dir='ltr'>Bingittae,</span> <span class='ocrx_word' id='word_1_339' title='bbox 1486 1359 1524 1391; x_wconf 88' lang='lat' dir='ltr'>ab</span> <span class='ocrx_word' id='word_1_340' title='bbox 1555 1358 1684 1391; x_wconf 87' lang='lat' dir='ltr'>Urbano</span> <span class='ocrx_word' id='word_1_341' title='bbox 1709 1358 1756 1397; x_wconf 79' lang='lat' dir='ltr'>VI,</span> <span class='ocrx_word' id='word_1_342' title='bbox 1780 1358 1886 1391; x_wconf 82' lang='lat' dir='ltr'>Marti-</span> 
     </span>
     <span class='ocr_line' id='line_1_73' title="bbox 1150 1410 1885 1454; baseline -0.003 -10"><span class='ocrx_word' id='word_1_343' title='bbox 1150 1422 1191 1444; x_wconf 91' lang='lat' dir='ltr'>no</span> <span class='ocrx_word' id='word_1_344' title='bbox 1211 1412 1244 1451; x_wconf 89' lang='lat' dir='ltr'>V,</span> <span class='ocrx_word' id='word_1_345' title='bbox 1268 1411 1411 1454; x_wconf 79' lang='lat' dir='ltr'>Eugenio</span> <span class='ocrx_word' id='word_1_346' title='bbox 1428 1411 1465 1444; x_wconf 83' lang='lat' dir='ltr'>IV</span> <span class='ocrx_word' id='word_1_347' title='bbox 1494 1416 1632 1443; x_wconf 85' lang='lat' dir='ltr'>erectam</span> <span class='ocrx_word' id='word_1_348' title='bbox 1654 1416 1686 1443; x_wconf 88' lang='lat' dir='ltr'>et</span> <span class='ocrx_word' id='word_1_349' title='bbox 1705 1410 1885 1453; x_wconf 87' lang='lat' dir='ltr'>respective</span> 
     </span>
     <span class='ocr_line' id='line_1_74' title="bbox 1149 1463 1888 1507; baseline -0.003 -10"><span class='ocrx_word' id='word_1_350' title='bbox 1149 1464 1383 1507; x_wconf 78' lang='lat' dir='ltr'>approbatam&#39;,</span> <span class='ocrx_word' id='word_1_351' title='bbox 1398 1469 1429 1497; x_wconf 90' lang='lat' dir='ltr'>et</span> <span class='ocrx_word' id='word_1_352' title='bbox 1443 1464 1546 1497; x_wconf 81' lang='lat' dir='ltr'>dictae</span> <span class='ocrx_word' id='word_1_353' title='bbox 1564 1464 1731 1507; x_wconf 81' lang='lat' dir='ltr'>religionis</span> <span class='ocrx_word' id='word_1_354' title='bbox 1750 1463 1888 1496; x_wconf 71' lang='lat' dir='ltr'>Novissi-</span> 
     </span>
     <span class='ocr_line' id='line_1_75' title="bbox 1149 1517 1888 1561; baseline -0.001 -11"><span class='ocrx_word' id='word_1_355' title='bbox 1149 1528 1272 1550; x_wconf 88' lang='lat' dir='ltr'>morum</span> <span class='ocrx_word' id='word_1_356' title='bbox 1289 1518 1453 1561; x_wconf 84' lang='lat' dir='ltr'>professos</span> <span class='ocrx_word' id='word_1_357' title='bbox 1469 1517 1636 1560; x_wconf 81' lang='lat' dir='ltr'>utriusque</span> <span class='ocrx_word' id='word_1_358' title='bbox 1655 1527 1749 1549; x_wconf 58' lang='lat' dir='ltr'>sevus</span> <span class='ocrx_word' id='word_1_359' title='bbox 1767 1526 1837 1549; x_wconf 90' lang='lat' dir='ltr'>esse</span> <span class='ocrx_word' id='word_1_360' title='bbox 1856 1521 1888 1549; x_wconf 89' lang='lat' dir='ltr'>et</span> 
     </span>
     <span class='ocr_line' id='line_1_76' title="bbox 1149 1567 1887 1613; baseline -0.001 -11"><span class='ocrx_word' id='word_1_361' title='bbox 1149 1571 1291 1613; x_wconf 81' lang='lat' dir='ltr'>reputari</span> <span class='ocrx_word' id='word_1_362' title='bbox 1309 1581 1400 1603; x_wconf 82' lang='lat' dir='ltr'>veros</span> <span class='ocrx_word' id='word_1_363' title='bbox 1418 1570 1604 1612; x_wconf 77' lang='lat' dir='ltr'>religiosos.</span> <span class='ocrx_word' id='word_1_364' title='bbox 1628 1570 1756 1608; x_wconf 83' lang='lat' dir='ltr'>Romae,</span> <span class='ocrx_word' id='word_1_365' title='bbox 1772 1579 1795 1602; x_wconf 88' lang='lat'>11</span> <span class='ocrx_word' id='word_1_366' title='bbox 1815 1567 1887 1601; x_wconf 88' lang='lat' dir='ltr'>iulii</span> 
     </span>
     <span class='ocr_line' id='line_1_77' title="bbox 1148 1620 1888 1656; baseline -0.003 0"><span class='ocrx_word' id='word_1_367' title='bbox 1148 1633 1320 1656; x_wconf 66' lang='lat' dir='ltr'>nioctxxxl.</span> <span class='ocrx_word' id='word_1_368' title='bbox 1343 1642 1387 1646; x_wconf 83' lang='lat'><em>-</em></span> <span class='ocrx_word' id='word_1_369' title='bbox 1411 1622 1446 1655; x_wconf 88' lang='lat' dir='ltr'>G.</span> <span class='ocrx_word' id='word_1_370' title='bbox 1473 1623 1560 1655; x_wconf 84' lang='lat' dir='ltr'>card.</span> <span class='ocrx_word' id='word_1_371' title='bbox 1586 1622 1763 1655; x_wconf 57' lang='lat' dir='ltr'>ciamus</span> <span class='ocrx_word' id='word_1_372' title='bbox 1783 1620 1888 1654; x_wconf 87' lang='lat' dir='ltr'>archi-</span> 
     </span>
     <span class='ocr_line' id='line_1_78' title="bbox 1150 1676 1594 1719; baseline -0.002 -11"><span class='ocrx_word' id='word_1_373' title='bbox 1150 1677 1323 1719; x_wconf 80' lang='lat' dir='ltr'>episcopus</span> <span class='ocrx_word' id='word_1_374' title='bbox 1349 1676 1437 1716; x_wconf 84' lang='lat' dir='ltr'>San.‚</span> <span class='ocrx_word' id='word_1_375' title='bbox 1463 1686 1545 1708; x_wconf 91' lang='lat' dir='ltr'>secr.</span> <span class='ocrx_word' id='word_1_376' title='bbox 1564 1687 1594 1707; x_wconf 64' lang='lat' dir='ltr'>v.</span> 
     </span>
    </p>

    <p class='ocr_par' dir='ltr' id='par_1_15' title="bbox 1146 1726 1902 2455">
     <span class='ocr_line' id='line_1_79' title="bbox 1193 1726 1902 1771; baseline -0.001 -11"><span class='ocrx_word' id='word_1_377' title='bbox 1193 1729 1206 1771; x_wconf 61' lang='grc' dir='ltr'><em>ἕ</em></span> <span class='ocrx_word' id='word_1_378' title='bbox 1232 1728 1262 1760; x_wconf 68' lang='lat'>2.</span> <span class='ocrx_word' id='word_1_379' title='bbox 1291 1729 1368 1761; x_wconf 87' lang='lat' dir='ltr'>Cum</span> <span class='ocrx_word' id='word_1_380' title='bbox 1394 1734 1512 1768; x_wconf 83' lang='lat' dir='ltr'>autem,</span> <span class='ocrx_word' id='word_1_381' title='bbox 1539 1728 1624 1760; x_wconf 89' lang='lat' dir='ltr'>sicut</span> <span class='ocrx_word' id='word_1_382' title='bbox 1649 1727 1786 1761; x_wconf 87' lang='lat' dir='ltr'>dilectus</span> <span class='ocrx_word' id='word_1_383' title='bbox 1803 1726 1902 1762; x_wconf 72' lang='lat' dir='ltr'>filius,</span> 
     </span>
     <span class='ocr_line' id='line_1_80' title="bbox 1148 1779 1888 1823; baseline -0.003 -10"><span class='ocrx_word' id='word_1_384' title='bbox 1148 1781 1318 1814; x_wconf 84' lang='lat' dir='ltr'>Guislenus</span> <span class='ocrx_word' id='word_1_385' title='bbox 1345 1781 1383 1813; x_wconf 89' lang='lat' dir='ltr'>ab</span> <span class='ocrx_word' id='word_1_386' title='bbox 1409 1781 1649 1823; x_wconf 84' lang='lat' dir='ltr'>Assumptione,</span> <span class='ocrx_word' id='word_1_387' title='bbox 1673 1779 1764 1823; x_wconf 89' lang='lat' dir='ltr'>prior</span> <span class='ocrx_word' id='word_1_388' title='bbox 1789 1790 1888 1822; x_wconf 80' lang='lat' dir='ltr'>gene-</span> 
     </span>
     <span class='ocr_line' id='line_1_81' title="bbox 1149 1833 1887 1876; baseline -0.005 -9"><span class='ocrx_word' id='word_1_389' title='bbox 1149 1835 1224 1867; x_wconf 87' lang='lat' dir='ltr'>ralis</span> <span class='ocrx_word' id='word_1_390' title='bbox 1257 1833 1524 1876; x_wconf 75' lang='lat' dir='ltr'>Congregationis</span> <span class='ocrx_word' id='word_1_391' title='bbox 1557 1834 1715 1866; x_wconf 88' lang='lat' dir='ltr'>dictorum</span> <span class='ocrx_word' id='word_1_392' title='bbox 1751 1833 1887 1864; x_wconf 81' lang='lat' dir='ltr'>fratrum</span> 
     </span>
     <span class='ocr_line' id='line_1_82' title="bbox 1148 1885 1887 1930; baseline -0.004 -10"><span class='ocrx_word' id='word_1_393' title='bbox 1148 1887 1398 1930; x_wconf 74' lang='lat' dir='ltr'>Brigittanorum</span> <span class='ocrx_word' id='word_1_394' title='bbox 1417 1886 1678 1926; x_wconf 85' lang='lat' dir='ltr'>Novissimorum,</span> <span class='ocrx_word' id='word_1_395' title='bbox 1700 1885 1794 1918; x_wconf 89' lang='lat' dir='ltr'>nobis</span> <span class='ocrx_word' id='word_1_396' title='bbox 1812 1885 1887 1917; x_wconf 86' lang='lat' dir='ltr'>sub-</span> 
     </span>
     <span class='ocr_line' id='line_1_83' title="bbox 1147 1937 1888 1982; baseline -0.004 -10"><span class='ocrx_word' id='word_1_397' title='bbox 1147 1940 1222 1972; x_wconf 87' lang='lat' dir='ltr'>inde</span> <span class='ocrx_word' id='word_1_398' title='bbox 1248 1938 1366 1982; x_wconf 79' lang='lat' dir='ltr'>exponi</span> <span class='ocrx_word' id='word_1_399' title='bbox 1400 1939 1490 1979; x_wconf 83' lang='lat' dir='ltr'>fecit,</span> <span class='ocrx_word' id='word_1_400' title='bbox 1525 1938 1595 1982; x_wconf 89' lang='lat' dir='ltr'>ipse</span> <span class='ocrx_word' id='word_1_401' title='bbox 1629 1939 1798 1971; x_wconf 90' lang='lat' dir='ltr'>decretum</span> <span class='ocrx_word' id='word_1_402' title='bbox 1830 1937 1888 1969; x_wconf 87' lang='lat' dir='ltr'>hu-</span> 
     </span>
     <span class='ocr_line' id='line_1_84' title="bbox 1148 1991 1888 2035; baseline -0.003 -10"><span class='ocrx_word' id='word_1_403' title='bbox 1148 1993 1300 2033; x_wconf 87' lang='lat' dir='ltr'>iusmodi,</span> <span class='ocrx_word' id='word_1_404' title='bbox 1329 2002 1393 2035; x_wconf 82' lang='lat' dir='ltr'>quo</span> <span class='ocrx_word' id='word_1_405' title='bbox 1418 1991 1540 2024; x_wconf 83' lang='lat' dir='ltr'>firmius</span> <span class='ocrx_word' id='word_1_406' title='bbox 1565 1992 1731 2032; x_wconf 86' lang='lat' dir='ltr'>subsistat,</span> <span class='ocrx_word' id='word_1_407' title='bbox 1758 1995 1888 2034; x_wconf 90' lang='lat' dir='ltr'>aposto-</span> 
     </span>
     <span class='ocr_line' id='line_1_85' title="bbox 1147 2042 1887 2087; baseline -0.004 -9"><span class='ocrx_word' id='word_1_408' title='bbox 1147 2046 1228 2078; x_wconf 91' lang='lat' dir='ltr'>licae</span> <span class='ocrx_word' id='word_1_409' title='bbox 1254 2044 1510 2078; x_wconf 76' lang='lat' dir='ltr'>confirmationis</span> <span class='ocrx_word' id='word_1_410' title='bbox 1540 2050 1670 2077; x_wconf 87' lang='lat' dir='ltr'>nostrae</span> <span class='ocrx_word' id='word_1_411' title='bbox 1706 2042 1887 2087; x_wconf 81' lang='lat' dir='ltr'>patrocinio</span> 
     </span>
     <span class='ocr_line' id='line_1_86' title="bbox 1148 2094 1885 2138; baseline -0.001 -10"><span class='ocrx_word' id='word_1_412' title='bbox 1148 2095 1339 2129; x_wconf 88' lang='lat' dir='ltr'>communiri</span> <span class='ocrx_word' id='word_1_413' title='bbox 1365 2105 1573 2138; x_wconf 87' lang='lat' dir='ltr'>summopere</span> <span class='ocrx_word' id='word_1_414' title='bbox 1599 2094 1779 2127; x_wconf 83' lang='lat' dir='ltr'>desideret:</span> <span class='ocrx_word' id='word_1_415' title='bbox 1805 2104 1885 2135; x_wconf 89' lang='lat' dir='ltr'>nos,</span> 
     </span>
     <span class='ocr_line' id='line_1_87' title="bbox 1148 2146 1889 2191; baseline -0.004 -10"><span class='ocrx_word' id='word_1_416' title='bbox 1148 2148 1320 2191; x_wconf 79' lang='lat' dir='ltr'>specialem</span> <span class='ocrx_word' id='word_1_417' title='bbox 1346 2148 1408 2191; x_wconf 91' lang='lat' dir='ltr'>ipsi</span> <span class='ocrx_word' id='word_1_418' title='bbox 1434 2147 1587 2181; x_wconf 91' lang='lat' dir='ltr'>Guisleno</span> <span class='ocrx_word' id='word_1_419' title='bbox 1612 2146 1811 2191; x_wconf 86' lang='lat' dir='ltr'>procuratori</span> <span class='ocrx_word' id='word_1_420' title='bbox 1833 2157 1889 2189; x_wconf 82' lang='lat' dir='ltr'>ge-</span> 
     </span>
     <span class='ocr_line' id='line_1_88' title="bbox 1148 2200 1887 2243; baseline -0.004 -10"><span class='ocrx_word' id='word_1_421' title='bbox 1148 2201 1247 2233; x_wconf 88' lang='lat' dir='ltr'>nerali</span> <span class='ocrx_word' id='word_1_422' title='bbox 1275 2200 1408 2243; x_wconf 81' lang='lat' dir='ltr'>gratiam</span> <span class='ocrx_word' id='word_1_423' title='bbox 1435 2201 1538 2233; x_wconf 87' lang='lat' dir='ltr'>facere</span> <span class='ocrx_word' id='word_1_424' title='bbox 1571 2201 1730 2237; x_wconf 86' lang='lat' dir='ltr'>volentes,</span> <span class='ocrx_word' id='word_1_425' title='bbox 1748 2208 1887 2241; x_wconf 85' lang='lat' dir='ltr'>eumque</span> 
     </span>
     <span class='ocr_line' id='line_1_89' title="bbox 1147 2252 1887 2296; baseline -0.003 -11"><span class='ocrx_word' id='word_1_426' title='bbox 1147 2264 1164 2285; x_wconf 87' lang='lat' dir='ltr'>a</span> <span class='ocrx_word' id='word_1_427' title='bbox 1189 2253 1354 2296; x_wconf 81' lang='lat' dir='ltr'>quibusvis</span> <span class='ocrx_word' id='word_1_428' title='bbox 1376 2252 1730 2291; x_wconf 78' lang='lat' dir='ltr'>excommunicationis,</span> <span class='ocrx_word' id='word_1_429' title='bbox 1751 2261 1887 2294; x_wconf 86' lang='lat' dir='ltr'>suspen-</span> 
     </span>
     <span class='ocr_line' id='line_1_90' title="bbox 1147 2302 1888 2348; baseline -0.004 -11"><span class='ocrx_word' id='word_1_430' title='bbox 1147 2305 1249 2338; x_wconf 86' lang='lat' dir='ltr'>sionis</span> <span class='ocrx_word' id='word_1_431' title='bbox 1272 2311 1303 2337; x_wconf 86' lang='lat' dir='ltr'>et</span> <span class='ocrx_word' id='word_1_432' title='bbox 1328 2305 1502 2346; x_wconf 88' lang='lat' dir='ltr'>interdicti,</span> <span class='ocrx_word' id='word_1_433' title='bbox 1529 2304 1667 2348; x_wconf 89' lang='lat' dir='ltr'>aliisque</span> <span class='ocrx_word' id='word_1_434' title='bbox 1693 2302 1888 2337; x_wconf 87' lang='lat' dir='ltr'>ecclesiasti-</span> 
     </span>
     <span class='ocr_line' id='line_1_91' title="bbox 1148 2355 1889 2400; baseline -0.004 -10"><span class='ocrx_word' id='word_1_435' title='bbox 1148 2358 1192 2390; x_wconf 84' lang='lat' dir='ltr'>cis</span> <span class='ocrx_word' id='word_1_436' title='bbox 1220 2360 1400 2398; x_wconf 84' lang='lat' dir='ltr'>sententiis,</span> <span class='ocrx_word' id='word_1_437' title='bbox 1419 2358 1564 2391; x_wconf 88' lang='lat' dir='ltr'>censuris</span> <span class='ocrx_word' id='word_1_438' title='bbox 1588 2363 1619 2389; x_wconf 89' lang='lat' dir='ltr'>et</span> <span class='ocrx_word' id='word_1_439' title='bbox 1639 2355 1764 2400; x_wconf 77' lang='lat' dir='ltr'>poenis,</span> <span class='ocrx_word' id='word_1_440' title='bbox 1783 2367 1800 2388; x_wconf 92' lang='lat' dir='ltr'>a</span> <span class='ocrx_word' id='word_1_441' title='bbox 1818 2356 1889 2388; x_wconf 88' lang='lat' dir='ltr'>iure</span> 
     </span>
     <span class='ocr_line' id='line_1_92' title="bbox 1146 2408 1888 2455; baseline -0.003 -12"><span class='ocrx_word' id='word_1_442' title='bbox 1146 2413 1194 2444; x_wconf 82' lang='lat' dir='ltr'>vel</span> <span class='ocrx_word' id='word_1_443' title='bbox 1231 2412 1270 2443; x_wconf 89' lang='lat' dir='ltr'>ab</span> <span class='ocrx_word' id='word_1_444' title='bbox 1297 2412 1438 2452; x_wconf 86' lang='lat' dir='ltr'>bomine,</span> <span class='ocrx_word' id='word_1_445' title='bbox 1476 2411 1586 2455; x_wconf 79' lang='lat' dir='ltr'>quavis</span> <span class='ocrx_word' id='word_1_446' title='bbox 1624 2409 1797 2443; x_wconf 78' lang='lat' dir='ltr'>occasione</span> <span class='ocrx_word' id='word_1_447' title='bbox 1839 2408 1888 2441; x_wconf 88' lang='lat' dir='ltr'>vel</span> 
     </span>
    </p>
   </div>
   <div class='ocr_carea' id='block_1_12' title="bbox 1147 2481 1888 2560">
    <p class='ocr_par' dir='ltr' id='par_1_16' title="bbox 1147 2481 1888 2560">
     <span class='ocr_line' id='line_1_93' title="bbox 1184 2481 1888 2516; baseline -0.004 -9"><span class='ocrx_word' id='word_1_448' title='bbox 1184 2485 1191 2507; x_wconf 86' lang='grc'>1</span> <span class='ocrx_word' id='word_1_449' title='bbox 1219 2482 1311 2508; x_wconf 72' lang='lat' dir='ltr'>Nescio</span> <span class='ocrx_word' id='word_1_450' title='bbox 1326 2490 1358 2508; x_wconf 84' lang='lat' dir='ltr'>an</span> <span class='ocrx_word' id='word_1_451' title='bbox 1375 2482 1520 2516; x_wconf 82' lang='lat' dir='ltr'>legendum</span> <span class='ocrx_word' id='word_1_452' title='bbox 1537 2482 1627 2516; x_wconf 87' lang='lat' dir='ltr'>potius</span> <span class='ocrx_word' id='word_1_453' title='bbox 1643 2481 1737 2508; x_wconf 68' lang='lat' dir='ltr'>erecte</span> <span class='ocrx_word' id='word_1_454' title='bbox 1752 2483 1776 2507; x_wconf 81' lang='lat' dir='ltr'>el</span> <span class='ocrx_word' id='word_1_455' title='bbox 1792 2486 1888 2513; x_wconf 63' lang='lat' dir='ltr'>respe-</span> 
     </span>
     <span class='ocr_line' id='line_1_94' title="bbox 1147 2526 1507 2560; baseline -0.003 -8"><span class='ocrx_word' id='word_1_456' title='bbox 1147 2526 1217 2553; x_wconf 74' lang='lat' dir='ltr'>clive</span> <span class='ocrx_word' id='word_1_457' title='bbox 1233 2527 1390 2560; x_wconf 63' lang='lat' dir='ltr'>approbata</span> <span class='ocrx_word' id='word_1_458' title='bbox 1408 2529 1444 2559; x_wconf 72' lang='lat' dir='ltr'>(R.</span> <span class='ocrx_word' id='word_1_459' title='bbox 1459 2526 1507 2559; x_wconf 84' lang='grc' dir='ltr'>Τ.).</span> 
     </span>
    </p>
   </div>
   <div class='ocr_carea' id='block_1_13' title="bbox 1896 144 2091 183">
    <p class='ocr_par' dir='ltr' id='par_1_17' title="bbox 1896 144 2091 183">
     <span class='ocr_line' id='line_1_95' title="bbox 1896 144 2091 183; baseline 0.021 -4"><span class='ocrx_word' id='word_1_460' title='bbox 1896 156 1947 180; x_wconf 77' lang='lat' dir='ltr'>An.</span> <span class='ocrx_word' id='word_1_461' title='bbox 1968 160 1996 181; x_wconf 72' lang='lat' dir='ltr'>c.</span> <span class='ocrx_word' id='word_1_462' title='bbox 2013 144 2091 183; x_wconf 66' lang='lat'><strong>{681⁶</strong></span> 
     </span>
    </p>
   </div>
   <div class='ocr_carea' id='block_1_14' title="bbox 1912 318 2080 396">
    <p class='ocr_par' dir='ltr' id='par_1_18' title="bbox 1912 318 2080 396">
     <span class='ocr_line' id='line_1_96' title="bbox 1971 318 2080 342; baseline 0.009 -3"><span class='ocrx_word' id='word_1_463' title='bbox 1971 318 2080 342; x_wconf 75' lang='lat' dir='ltr'>Decretum</span> 
     </span>
     <span class='ocr_line' id='line_1_97' title="bbox 1912 344 2080 374; baseline 0.024 -10"><span class='ocrx_word' id='word_1_464' title='bbox 1912 344 2018 374; x_wconf 41' lang='lat' dir='ltr'>raeda-:tae</span> <span class='ocrx_word' id='word_1_465' title='bbox 2029 346 2080 368; x_wconf 80' lang='lat' dir='ltr'>Cou-</span> 
     </span>
     <span class='ocr_line' id='line_1_98' title="bbox 1912 373 2034 396; baseline 0.025 -6"><span class='ocrx_word' id='word_1_466' title='bbox 1912 373 2034 396; x_wconf 52' lang='lat' dir='ltr'>testationis.</span> 
     </span>
    </p>
   </div>
   <div class='ocr_carea' id='block_1_15' title="bbox 1898 1730 2080 1779">
    <p class='ocr_par' dir='ltr' id='par_1_19' title="bbox 1898 1730 2080 1779">
     <span class='ocr_line' id='line_1_99' title="bbox 1948 1730 2080 1752; baseline 0 0"><span class='ocrx_word' id='word_1_467' title='bbox 1948 1730 2080 1752; x_wconf 76' lang='lat' dir='ltr'>Confirmatio</span> 
     </span>
     <span class='ocr_line' id='line_1_100' title="bbox 1898 1758 1960 1779; baseline -0.016 0"><span class='ocrx_word' id='word_1_468' title='bbox 1898 1758 1960 1779; x_wconf 80' lang='lat' dir='ltr'>itlius.</span> 
     </span>
    </p>
   </div>
  </div>
 </body>
</html>
