2111 3157
165 207 214 238 An,
234 206 266 235 c.
287 206 353 234 1619
399 199 462 233 0210

233 1472 358 1492 Com-editur

175 1499 270 1518 translat.
312 1500 357 1517 tavi<

176 1527 198 1545 ut
213 1532 232 1545 111
250 1525 342 1545 intima.

361 258 607 291 ellristianorum
622 255 1005 300 principunuconcordia,
1023 255 1094 287 hae-

360 319 466 342 resum
501 310 735 352 extirpationc,
766 318 802 340 ae
830 312 957 340 sanctae
982 306 1092 339 matris

360 362 521 395 Ecclesiae
543 362 735 394 exaltatione
754 361 821 403 pias
840 360 879 393 ad
895 360 996 392 Deum
1020 369 1094 402 pre-

362 425 415 447 ces
441 414 637 452 ctl'udissent,
660 413 838 455 plenariam
857 412 1002 444 omnium
1018 422 1094 454 pec-

362 472 505 499 catorum
529 475 658 497 suorum
683 465 917 506 indulgentiam
937 463 1095 496 011011115-

363 519 485 550 sionem
514 517 769 550 misericorditer
797 517 829 549 in
857 516 993 549 Domino
1018 526 1093 548 con-

363 571 510 611 cesserit,
528 577 625 613 prout
645 572 677 603 in
699 571 800 614 ipsius
818 571 989 603 Clementis
1007 581 1095 613 prae-

364 624 545 657 decessoris
580 624 695 657 littcris
742 625 881 667 desuper
924 625 956 656 in
998 623 1093 656 simili

363 678 464 709 forma
489 677 597 709 Brevis
616 678 666 710 dic.
683 688 733 710 xix
752 677 931 710 decembris
956 686 1093 710 Moetxxl

364 730 532 771 expeditis,
554 741 632 773 quas
652 731 818 773 perpetuis
842 729 956 761 suturis
978 735 1096 771 tempo-

364 782 453 815 ribus
477 783 585 815 valere
610 783 717 821 voluit,
745 783 873 814 uberius
898 782 1093 820 continetur,

366 841 407 874 et,
433 834 516 867 sicut
540 845 598 877 pro
625 840 714 877 parte
741 835 932 867 dilectorum
956 833 1094 866 filiorum

365 892 612 929 procuratorum
634 888 832 929 generalium
851 886 1048 919 Cassincnsis
1067 891 1098 918 et

367 940 541 983 Hispaniae
551 940 843 981 Congregationum
857 939 984 971 Ordinis
996 938 1095 970 sancti

366 992 530 1024 Benedicti
545 992 639 1024 nobis
653 1002 756 1034 nuper
770 990 951 1033 expositum
967 990 1031 1029 suit,
1045 989 1095 1022 ob⁴

367 1044 578 1076 mobilitatem
605 1043 783 1076 festivitatis
801 1043 964 1076 Pascliatis
981 1042 1098 1074 Resur-

367 1097 521 1129 rectionis
545 1096 728 1128 Dominicae
743 1096 857 1127 festum
875 1095 1017 1127 eiusdem
1032 1105 1099 1126 san-

368 1148 407 1181 cti
432 1148 597 1181 Benedicti
618 1148 780 1180 interdum
805 1147 837 1179 in
863 1147 1097 1180 hebdomadam

368 1200 520 1234 maiorem
535 1201 665 1239 incidat,
678 1202 778 1242 eaque
794 1200 832 1232 de
847 1202 943 1232 causa
956 1199 987 1231 in
1003 1199 1097 1231 alium

369 1254 454 1286 diem
492 1254 725 1292 transferatur,
754 1262 790 1285 ac
821 1256 997 1295 propterea
1023 1251 1098 1283 dicti

368 1311 599 1348 procuratores
619 1305 786 1346 generales
804 1309 988 1346 opportune
1006 1313 1101 1344 super

370 1359 431 1391 1100
449 1369 465 1390 a
482 1357 574 1390 nobis
598 1357 761 1399 provideri
786 1361 818 1389 et
834 1361 868 1387 ut
892 1355 974 1387 infra
998 1355 1101 1387 indul-

370 1410 439 1452 geri
464 1409 639 1452 plurimum
665 1408 871 1441 desiderent:

412 1463 426 1505 g
458 1462 489 1494 ΕΖ.
523 1462 586 1495 Nos
600 1488 607 1501 ,
637 1461 824 1494 eorumdem
857 1464 1100 1502 procuratorum

369 1515 571 1557 generalium
584 1514 666 1547 votis
685 1515 744 1546 hac
758 1513 789 1545 in
806 1523 850 1552 re,
866 1518 1017 1555 quantum
1031 1523 1102 1544 cum

369 1567 505 1599 Domino
530 1576 709 1609 possumu5‚
727 1565 944 1598 favorabiliter
960 1574 1101 1596 annuere

369 1620 527 1658 volentes,
547 1624 704 1651 eteorum
722 1618 902 1660 singulares
915 1627 1070 1660 personas
1087 1628 1103 1648 a

371 1672 538 1715 quibusvis
555 1670 903 1710 excommunicationis,
919 1669 1104 1712 suspensio-

370 1725 420 1758 nis
430 1723 642 1763 etinterdicti,
655 1723 790 1765 aliisque
802 1722 1028 1755 ecclesiasticis
1038 1732 1103 1754 sen-

371 1777 490 1816 tentiis,
511 1776 657 1808 censuris
677 1781 708 1807 et
732 1775 859 1817 poenis,
876 1785 893 1806 a
913 1775 982 1806 iure
994 1775 1043 1806 vel
1064 1775 1102 1805 ab

370 1830 513 1867 homine,
533 1828 642 1871 quavis
653 1827 824 1859 occasione
842 1827 892 1859 vel
913 1828 1007 1858 eausa
1022 1826 1103 1865 latis,

371 1882 397 1913 si
431 1881 548 1924 quibus
570 1879 817 1923 quomodolibet
840 1879 1014 1911 innodatae
1039 1878 1104 1910 exi-

371 1939 469 1973 stunt,
483 1934 520 1965 ad
537 1932 685 1965 effectum
703 1931 920 1974 praesentium
945 1931 1103 1963 dumtaxat

371 1986 663 2028 consequendum,
691 1985 803 2017 harum
828 1985 912 2016 serie
936 1984 1104 2016 absolven-

373 2046 420 2071 tes
435 2045 465 2071 et
483 2039 646 2071 absolutas
664 2038 732 2070 fore
750 2043 933 2076 censentes,
948 2037 1104 2079 supplica-

372 2093 516 2124 tionibus
535 2101 647 2124 eorum
667 2091 797 2123 nomine
812 2090 907 2123 nobis
925 2100 1022 2132 super
1042 2090 1104 2122 hoc

373 2142 708 2186 humiliterporrectis
725 2142 881 2181 inclinati,
896 2147 941 2180 ut,
960 2141 1105 2184 quando-

374 2207 510 2239 cumque
530 2201 742 2228 memoratum
758 2195 873 2227 festum
886 2194 987 2226 saneti
1005 2194 1104 2226 Bene-

374 2249 448 2281 dicti
466 2259 500 2280 ex
519 2250 612 2280 causa
626 2249 835 2290 praenarrata
852 2247 890 2279 ad
908 2246 1003 2278 alium
1022 2246 1104 2278 diem

375 2302 596 2341 transferatur,
618 2300 848 2333 christifideles
866 2299 1029 2342 praedicti,
1052 2299 1105 2341 qui

375 2354 515 2397 aliquam
540 2364 577 2385 ex
602 2353 746 2386 ecclesiis
773 2352 966 2395 supradictis
992 2363 1029 2384 eo
1055 2352 1105 2384 dic

376 2408 413 2439 ad
433 2417 527 2448 quem
542 2405 711 2438 translatio
733 2405 920 2437 huiusmodi
941 2405 1022 2437 saeta
1040 2405 1108 2436 sue-

377 2459 419 2491 rit
435 2459 547 2491 devote
565 2458 683 2500 pariter
709 2458 913 2497 visitaverint,
936 2462 1107 2499 ceteraque

377 2511 485 2544 omnia
509 2510 541 2543 in
573 2510 687 2543 litteris
723 2510 875 2553 praefatis
907 2510 1108 2553 praescripta

414 2573 424 2600 1
442 2572 590 2607 Praeposit.
607 2571 639 2599 ob
655 2579 703 2599 nos
718 2571 840 2599 addimus
853 2572 890 2606 (a.
901 2571 950 2607 T.)-

937 206 1116 232 BULLARIUM
1141 185 1291 230 Romami
1328 227 1331 231 .

1342 240 1345 242 q
1537 240 1551 246 ⁶
1872 203 1921 231 An.
1937 200 1966 229 c.
1985 185 2053 230 'mai

1135 245 1397 297 adimpleverint,
1423 244 1600 296 plenariam
1624 252 1767 286 omnium
1792 261 1866 295 pec-

1135 312 1279 340 catorum
1314 317 1443 339 suorum
1480 306 1713 348 indulgentiam
1747 311 1778 338 et
1809 315 1863 339 re-

1136 359 1330 397 missionem,
1348 370 1365 391 a
1383 358 1526 401 praefato
1551 358 1715 391 Clemente
1729 358 1868 401 praede·

1135 421 1273 450 cessorc‚
1304 410 1386 443 sicut
1410 410 1646 453 praemittitur,
1668 420 1865 451 concessam,

1136 468 1374 507 consequantur
1390 463 1422 496 in
1441 463 1588 496 omnibus
1614 469 1646 496 et
1668 474 1726 506 per
1751 464 1866 504 omnia,

1137 518 1271 561 perinde
1297 529 1332 551 ac
1356 519 1380 551 si
1406 518 1579 561 praemissa
1609 517 1716 551 omnia
1740 517 1772 550 in
1797 518 1867 561 ipso

1138 571 1218 603 sesto
1242 582 1307 604 non
1334 573 1488 604 translato
1514 571 1789 614 adimplevissent,
1815 581 1869 603 au-

1137 623 1284 656 ctoritate
1310 624 1499 666 apostolica,
1522 629 1633 656 tenore
1659 623 1868 666 presentium,

1138 675 1169 707 in
1187 681 1378 718 perpetuum
1394 676 1600 709 concedimus
1611 676 1866 718 etindulgemus.

1182 728 1196 770 ξ
1220 728 1251 760 3.
1272 728 1339 760 Non
1365 728 1579 767 obstantibus,
1602 733 1760 771 quatenus
1787 738 1868 771 opus

1138 779 1198 817 sit,
1226 782 1334 812 nostra
1359 780 1397 812 de
1424 790 1487 813 non
1520 781 1738 813 concedendis
1763 780 1870 813 indul·

1140 832 1255 872 gentiis
1282 832 1319 863 ad
1344 832 1453 870 instar,
1479 832 1614 875 aliisque
1640 832 1871 865 constitutioni-

1140 883 1197 914 bus
1223 889 1253 916 et
1277 883 1534 917 ordinationilms
1559 885 1767 927 apostolicis,
1787 890 1872 918 cete-

1140 935 1247 978 risque
1273 937 1442 969 contrariis
1467 938 1732 982 quibuscumque.

1184 988 1254 1029 gli.
1286 988 1437 1021 Volumus
1472 995 1576 1022 autem
1611 995 1647 1023 ut
1684 991 1870 1025 earumdem
1882 991 2061 1039 ,.„„',¹'‘s·}⁴,}¹}‡¹,¹'‘⁹²⁰'

1141 1040 1360 1081 praesentium
1380 1042 1560 1075 litterarum
1578 1044 1798 1086 transumptis,
1816 1054 1872 1077 seu

1142 1093 1305 1135 exemplis,
1324 1094 1419 1127 ctiam
1437 1095 1616 1138 impressis,
1629 1107 1724 1129 manu
1738 1097 1873 1130 alicuius

1142 1146 1259 1178 notarii
1281 1148 1401 1188 publici
1420 1149 1619 1193 subscriptis,
1634 1156 1665 1183 et
1680 1151 1789 1193 sigillo
1806 1161 1875 1194 per·

1142 1209 1239 1231 sonae
1269 1200 1301 1232 in
1326 1202 1543 1234 ecclesiastica
1574 1204 1730 1245 dignitate
1754 1207 1875 1239 consti-

1144 1259 1229 1287 tutae
1251 1256 1392 1295 munitis,
1414 1258 1526 1290 eadem
1552 1269 1687 1301 prorsus
1712 1258 1791 1292 fides
1807 1260 1876 1292 ubi-

1144 1320 1205 1350 que
1230 1310 1374 1342 locorum
1401 1310 1571 1350 habeatur,
1592 1321 1673 1353 quae
1698 1312 1876 1344 haberetur

1145 1364 1223 1406 ipsis
1255 1364 1477 1406 praesentibus
1512 1363 1536 1395 si
1570 1363 1675 1396 forent
1710 1363 1875 1397 exhibitae

1144 1418 1192 1450 vcl
1218 1423 1376 1450 ostensae.

1188 1472 1300 1503 Datum
1325 1471 1454 1509 Romae,
1469 1471 1551 1512 apud
1573 1469 1604 1502 S.
1631 1470 1761 1503 Mariam
1779 1471 1877 1503 Maio-

1145 1536 1223 1564 rem,
1242 1527 1300 1558 sub
1321 1526 1442 1558 annulo
1466 1525 1647 1565 PiscatoriS,
1673 1525 1724 1557 die
1741 1536 1811 1559 xxv1
1830 1535 1878 1558 se-

1146 1579 1303 1622 ptembris
1336 1588 1516 1618 rrnccxmx,
1543 1578 1750 1620 pontificatus
1773 1579 1876 1612 nostri

1146 1642 1231 1664 anno
1250 1642 1285 1664 111
1300 1630 1320 1663 ¹.

1183 1693 1239 1720 Dat.
1259 1693 1302 1719 die
1317 1693 1350 1720 26
1366 1693 1527 1729 septembris
1549 1693 1626 1726 1679,
1642 1693 1737 1729 pontif.
1756 1701 1825 1722 anno
1840 1700 1876 1722 ιν.

1928 730 2059 760 Obstantium

1879 759 1975 777 remotio.

1445 1810 1573 1842 LXXIV.

1149 1878 1392 1920 Confirmantur
1427 1883 1456 1911 ee
1485 1879 1683 1912 innovantur
1717 1880 1878 1923 quaedam

1190 1932 1412 1964 ordinationes
1439 1942 1497 1975 pro
1521 1933 1677 1975 fratribus
1701 1933 1878 1966 Praedica-

1191 1986 1347 2019 torz‘bus2.
1372 2013 1377 2041 ζ
1585 1983 1587 1985 ’
1673 1979 1678 1983 ’

1334 2058 1528 2085 Innocentius
1549 2059 1627 2092 Papa
1647 2059 1709 2093 XI,-

1264 2102 1299 2128 ad
1326 2106 1498 2135 perpetuam
1517 2104 1560 2130 rei
1582 2103 1760 2130 memoriam.

1190 2139 1204 2181 g
1227 2138 1256 2170 1.
1270 2138 1344 2170 Cum
1371 2149 1428 2171 nos
1452 2139 1539 2177 alias,
1558 2140 1598 2172 de
1616 2139 1653 2172 iis
1671 2150 1751 2182 quae
1768 2139 2009 2189 Ordini[Quaedffl.n
2019 2143 2068 2173 ΡΨ·

1899 2170 1950 2189 uticus
1958 2170 2069 2189 ordinatio·

1149 2191 1280 2223 fratrum
1300 2191 1559 2224 Praedicatorum
1579 2192 1760 2224 necessaria
1784 2198 1878 2234 atque
1891 2197 2069 2242 gfjrffimffssc'ass}

1148 2244 1237 2276 utilia
1258 2249 1348 2276 erant
1376 2244 1454 2276 satis
1478 2244 1591 2284 edocti,
1618 2244 1772 2287 quasdam
1797 2244 1957 2295 01111-ῗὲη-*ὲ*ι
1969 2249 2070 2294 waerm-

1149 2295 1296 2328 nationes
1328 2296 1366 2328 ad
1402 2296 1555 2328 dilectum
1592 2296 1694 2329 filium
1732 2300 1879 2328 nostrum
1915 2289 1920 2299 '
2025 2287 2032 2294 ’

1151 2348 1309 2380 Palatium
1338 2349 1369 2381 S,
1397 2349 1433 2380 R.
1461 2349 1495 2381 E.
1521 2349 1747 2392 presbyterum
1778 2348 1881 2381 cardi-

1151 2403 1255 2434 nalem
1274 2402 1312 2435 de
1330 2400 1459 2434 Alteriis
1480 2406 1710 2444 nuncupatum,
1729 2400 1805 2434 dicti
1825 2400 1882 2435 Or-

1188 2481 1196 2506 1
1222 2480 1263 2506 Α1)
1283 2481 1414 2507 electione
1434 2489 1477 2507 an.
1498 2469 1524 2507 iv
1544 2482 1581 2512 (R.
1597 2480 1645 2510 T.l.

1186 2524 1201 2550 Ξ
1222 2524 1294 2551 Aliae
1314 2524 1495 2552 ordinationes
1514 2524 1706 2551 confirmantur
1728 2523 1755 2550 in
1775 2523 1882 2553 Consti·

1153 2569 1252 2597 tutione
1272 2576 1337 2597 xxm
1357 2577 1425 2605 quae
1444 2568 1538 2603 incipit
1556 2567 1591 2594 In
1610 2574 1751 2604 supremo.
