2111 3157
202 166 250 192 An.
267 165 295 193 c.
321 166 386 193 ¹678
431 158 473 192 80

393 227 454 259 que
470 217 664 260 apostolicae
678 217 848 260 potestatis
864 217 1079 260 plenitudine,
1092 223 1126 250 ut

393 270 432 302 de
447 276 552 302 cetero
568 281 681 303 omnes
699 276 730 303 et
743 270 871 312 singuli,
887 270 983 302 etiam
996 270 1026 303 S.
1040 270 1122 302 RE.

392 323 579 361 cardinales,
606 334 662 356 scu
689 323 798 366 quavis
822 323 884 355 alia
900 323 1125 366 praeeminen-

394 376 435 408 tia
460 382 489 409 et
520 377 672 418 dignitate
698 376 856 419 praediti,
884 382 915 410 et
940 377 1018 409 alifis
1046 387 1125 420 quo-

391 429 569 462 modolibet
594 428 781 472 qualificati,
806 438 861 461 seu
887 428 1068 471 specificam
1093 434 1125 461 et

392 481 589 513 individuam
607 481 804 514 mentionem
823 481 1039 524 requirentes,
1060 482 1123 524 qui-

392 535 451 565 bus
476 534 635 566 eiusmodi
666 534 805 574 indulta,
830 534 1000 577 privilegia
1024 540 1056 567 et
1081 535 1123 566 sa-

390 588 523 620 cult.ates
549 587 762 619 transterendi
798 587 970 630 pensiones
1000 598 1121 620 annuas

390 650 486 682 super
511 640 670 678 fructibus,
697 640 876 672 redditibus
902 646 933 673 et
958 641 1122 683 proventi-

389 693 465 730 bus,
493 692 616 725 iuribus
634 719 641 733 ‚
669 692 916 725 obventionibus
944 698 975 725 et
999 693 1121 725 emolu-

390 745 516 783 mentis,
546 745 771 787 undecumque
797 745 1062 788 provenientibus
1089 752 1120 778 et

388 798 419 830 in
446 797 705 841 quibuscumque
732 798 827 830 rebus
854 798 1118 839 consistentibus,

389 861 424 882 ac
448 850 726 883 distributionibus
752 851 845 883 etiam
871 850 1066 894 quotidianis
1089 857 1120 884 et

388 903 590 936 manualibus
622 903 906 946 patriarchalium,
932 905 1119 946 metropoli-

387 962 540 996 tanarum,
552 956 798 999 cathedralium,
814 956 1030 997 abbatialium,
1046 957 1119 990 alia-

387 1020 520 1052 rumque
535 1019 716 1042 mensarum
738 1020 775 1042 ao
800 1010 1001 1052 dignitatum,
1023 1010 1117 1043 etiam

386 1063 540 1095 maiorum
562 1067 593 1094 et
612 1062 848 1105 principalium,
875 1068 1117 1105 personatuum,

385 1115 584 1154 officiorum,
609 1116 923 1158 praepositurarum,
950 1116 1116 1158 praeposi-

385 1173 516 1206 tatnum,
535 1168 779 1200 canonicatuum
800 1173 830 1201 et
847 1168 1116 1211 praebendarum,

384 1222 561 1254 aliorumve
577 1222 806 1264 quorumlibet,
822 1233 893 1254 cum
907 1224 984 1255 cura
998 1228 1030 1255 et
1046 1223 1113 1255 sine

383 1277 458 1306 cura
473 1301 481 1314 ,
508 1274 720 1307 saecularium
742 1280 774 1307 et
798 1275 938 1308 cuiusvis
966 1275 1112 1314 Ordinis,

383 1327 649 1369 congregationis
681 1332 712 1360 et
742 1328 878 1360 instituti
905 1328 1112 1370 regularium,

381 1378 614 1412 beneficiorum
627 1385 816 1419 reservatas,
830 1391 887 1412 seu
902 1381 1027 1413 illarum
1041 1382 1113 1414 loco

382 1431 513 1471 fructus,
528 1432 672 1464 redditus
689 1438 720 1464 et
736 1439 911 1475 proventus
927 1433 1111 1466 huiusmodi

381 1489 570 1524 reservatos,
583 1483 591 1499 ¹
609 1484 674 1517 sive
691 1495 749 1528 per
772 1485 853 1517 viam
875 1486 1062 1518 cassationis
1082 1491 1113 1519 et

379 1546 482 1569 novae
498 1537 738 1578 reservationis,
756 1537 820 1571 sive
839 1538 993 1581 simplicis
1011 1544 1112 1571 trans—

380 1589 518 1629 lationis,
543 1600 599 1622 sen
620 1589 716 1622 alias⁹
733 1591 981 1634 quomodolibet
1003 1592 1111 1625 hacte-

379 1652 439 1674 nus
459 1653 475 1674 a
499 1642 580 1675 Sede
599 1643 784 1685 Apostolica
808 1653 962 1677 concessa
985 1650 1060 1677 sunt
1081 1651 1111 1678 et

378 1694 409 1727 in
428 1695 573 1728 futurum
600 1701 663 1728 tam
688 1706 747 1738 per
768 1707 826 1729 nos
851 1708 946 1740 quam
971 1708 1030 1741 per
1051 1698 1111 1731 Ro-

378 1758 490 1780 manos
508 1748 679 1781 Pontifices
697 1760 899 1783 successores
925 1758 1054 1784 nostros
1079 1758 1110 1784 et

377 1800 494 1833 Sedem
520 1801 716 1843 praedictam
737 1803 966 1843 concedentur,
985 1815 1109 1837 eorum-

377 1854 450 1886 dem
474 1853 728 1896 privilegiorum,
748 1855 947 1888 indultorum
962 1862 994 1889 et
1014 1858 1108 1890 sacul-

377 1911 476 1938 tatum
511 1907 622 1949 vigore
660 1908 824 1941 dimidiam
857 1909 1020 1942 dumtaxat
1052 1921 1107 1943 seu

377 1959 508 1992 dimidia
534 1960 696 1992 minorem
726 1966 837 2004 partes
863 1962 1004 2005 ipsarum
1030 1974 1108 2006 pen-

376 2012 504 2045 sionum
525 2023 579 2045 seu
599 2013 767 2053 fructuum,
783 2014 967 2047 reddituum
986 2021 1017 2048 et
1033 2027 1108 2059 pro-

375 2070 528 2097 ventuum
553 2066 679 2098 illarum
704 2067 775 2099 loco
795 2072 1029 2101 reservatorum
1051 2070 1108 2101 hu-

375 2118 530 2153 iusmodi.
558 2129 636 2161 quas
675 2124 706 2151 et
730 2130 810 2162 quos
843 2120 953 2163 vigore
983 2121 1106 2164 primae

375 2171 602 2204 reservationis
627 2182 681 2204 seu
706 2172 738 2204 in
764 2183 819 2205 eos
844 2173 945 2206 sactae
971 2176 1106 2207 transla-

375 2224 471 2257 tionis
503 2225 540 2257 de
573 2226 734 2268 praesenti
766 2227 950 2269 percipiunt
981 2233 1012 2260 et
1047 2239 1105 2270 pro

375 2282 521 2320 tempore
546 2278 727 2321 percipient
752 2289 809 2311 seu
834 2280 978 2322 legitime
1004 2282 1106 2324 perci-

374 2341 451 2373 pere
483 2336 616 2373 possunt
648 2337 679 2363 et
714 2336 864 2373 poterunt
903 2334 1103 2376 respective,

374 2384 546 2416 transferre
571 2385 698 2417 valeant
723 2385 791 2426 (ita
817 2391 923 2418 tamen
954 2391 987 2417 ut
1019 2387 1106 2419 eius-

373 2436 460 2469 modi
487 2437 724 2477 translationes,
747 2438 783 2477 si,
799 2441 922 2471 servata
939 2439 1104 2482 ceteroqui

409 2507 418 2532 1
444 2506 521 2533 Deest
542 2515 588 2532 vox
610 2516 682 2542 quae
701 2509 740 2539 (n.
761 2507 810 2538 T.).

407 2550 423 2576 2
445 2550 512 2576 Edit.
535 2551 614 2576 atain.
638 2551 698 2585 legit
720 2552 780 2577 alia
800 2555 838 2581 (nv
855 2555 904 2585 Τ.).

973 170 1151 193 BULLARtL'M
1175 169 1325 193 noussen

1145 219 1147 234 ¹
1169 217 1330 250 dictorum
1355 216 1611 260 privilegiorum,
1642 216 1838 251 indultorum
1869 223 1901 251 et

1168 270 1362 311 facultatum,
1388 281 1424 303 ac
1448 270 1638 313 praesertim
1663 271 1769 313 quoad
1800 282 1901 314 quan-

1169 322 1290 356 titatem
1306 324 1510 366 pensionum,
1531 323 1689 356 fructuum
1707 324 1900 356 transteren-

1168 376 1282 409 dorum
1308 376 1340 408 in
1366 377 1413 409 eis
1439 386 1635 420 expressam,
1664 376 1764 408 forma
1789 382 1819 408 et
1838 376 1901 409 dis-

1167 428 1339 470 positione,
1362 429 1463 461 factae
1483 428 1608 467 suerint,
1625 428 1748 461 tametsi
1766 428 1900 468 fructus,

1167 481 1308 513 redditus
1334 487 1365 514 et
1388 486 1572 524 proventus,
1594 481 1671 520 iura,
1690 480 1900 514 obventiones

1167 539 1198 566 et
1223 535 1443 567 emolumenta
1467 539 1498 567 et
1522 534 1769 567 distributiones
1802 533 1900 567 etiam

1167 587 1374 630 quotidianae
1392 593 1422 619 et
1438 588 1602 619 manuales
1621 597 1805 619 mensarum
1822 586 1900 620 alio-

1167 650 1301 682 rumque
1319 639 1550 672 benelieiorum
1572 639 1757 671 huiusmodi
1773 639 1898 682 pensio-

1164 703 1240 724 num
1261 697 1293 725 et
1309 692 1469 724 fructuum
1486 696 1724 724 reservatorum
1744 691 1898 724 oneribus

1164 747 1246 778 ultra
1271 756 1383 778 eorum
1410 745 1614 778 medietatem
1640 745 1746 777 adhuc
1768 749 1897 786 gravata

1164 803 1381 838 remanerent,
1397 797 1608 841 nihilominus
1630 797 1750 837 firmae,
1772 797 1896 829 validae

1164 856 1195 883 et
1219 852 1363 883 efficaces
1390 851 1537 890 existant,
1563 860 1622 882 nec
1648 860 1683 882 ex
1711 849 1816 892 capite
1842 860 1897 881 ex-

1162 914 1270 935 cessus
1294 904 1476 936 medietatis
1508 903 1664 935 fructuum
1691 902 1895 945 aliorumque

1160 957 1401 1000 praedictorum
1426 957 1458 989 in
1484 956 1544 989 vim
1570 956 1756 999 praedictae
1774 955 1896 988 consti-

1161 1010 1292 1043 tutionis
1318 1009 1435 1043 Urbani
1457 1008 1725 1053 praedecessoris,
1743 1018 1837 1051 quam
1860 1007 1893 1040 in

1161 1063 1221 1095 hac
1246 1068 1335 1105 parte
1364 1063 1470 1106 quoad
1506 1062 1628 1094 suturas
1661 1061 1892 1094 translationes

1159 1116 1278 1148 nullius
1302 1115 1429 1148 roboris
1454 1120 1483 1147 et
1509 1113 1664 1147 momenti
1691 1114 1756 1146 sore
1782 1113 1878 1146 dec-er

1158 1168 1284 1205 nimus,
1310 1165 1376 1201 ullo
1413 1168 1508 1201 modo
1533 1166 1714 1211 Impugnari
1741 1165 1891 1209 possint)

1158 1226 1272 1255 tenore
1297 1222 1519 1265 praesentium
1540 1225 1698 1264 perpetuo
1723 1219 1890 1252 statuimus

1157 1280 1189 1307 et
1212 1276 1411 1308 ordinamus.

1199 1328 1214 1371 ἓ
1239 1328 1269 1360 4.
1293 1328 1510 1361 Decernentes
1548 1327 1677 1360 easdem
1701 1330 1890 1370 praesentes

1156 1379 1277 1412 litteras
1297 1386 1329 1414 et
1352 1381 1384 1413 in
1402 1392 1455 1413 eas
1481 1385 1632 1413 contenta
1653 1388 1889 1423 quaecumque,

1155 1432 1252 1465 etiam
1277 1443 1314 1466 ex
1341 1444 1378 1466 eo
1403 1434 1490 1477 quod
1515 1433 1649 1476 praefati
1676 1438 1707 1465 et
1730 1432 1784 1464 alii
1810 1430 1886 1474 qui-

1153 1486 1244 1525 libet,
1270 1487 1365 1519 etiam
1389 1486 1537 1530 specifica
1562 1491 1593 1519 et
1617 1485 1779 1518 individua
1799 1495 1890 1519 men·

1155 1538 1242 1571 tione
1268 1538 1365 1581 digni,
1384 1549 1420 1571 ac
1440 1538 1658 1572 cardinalatus
1683 1539 1809 1571 honore
1830 1538 1889 1571 sul-

1154 1597 1276 1634 gentes,
1295 1592 1327 1625 in
1344 1592 1531 1636 praemissis
1552 1592 1709 1625 interesse
1727 1592 1887 1625 hahentes

1153 1655 1209 1676 seu
1227 1645 1347 1677 habere
1368 1645 1613 1688 quomodolibet
1626 1645 1885 1688 praetendentes

1151 1696 1215 1730 illis
1240 1707 1305 1730 non
1330 1697 1564 1737 consenserint,
1589 1707 1649 1730 nec
1669 1697 1708 1729 ad
1726 1707 1763 1730 ea
1783 1696 1885 1730 vocati

1152 1756 1183 1783 et
1200 1751 1309 1791 auditi,
1327 1762 1384 1784 seu
1402 1761 1528 1791 causae,
1544 1756 1678 1794 propter
1695 1761 1772 1794 quas
1793 1750 1884 1793 ipsae

1152 1809 1339 1847 praesentes
1356 1804 1545 1844 emanarint,
1568 1804 1734 1843 adductae,
1756 1801 1886 1846 specifi-

1151 1863 1239 1890 catae
1265 1862 1297 1889 et
1321 1856 1510 1890 iustificatae
1537 1867 1600 1889 non
1617 1857 1745 1897 suerint,
1766 1862 1822 1889 aut
1846 1865 1883 1887 ex

1152 1910 1213 1942 alia
1232 1909 1385 1952 qualibet,
1404 1909 1498 1942 etiam
1520 1908 1722 1952 quantumvis
1741 1908 1882 1949 iuridica,

1907 170 1957 196 An.
1974 169 2004 197 C.
2025 169 2092 200 1678

1926 1338 2045 1364 clausula..

1151 1963 1204 2006 pia
1229 1968 1260 1995 et
1285 1962 1487 2006 privilegiata
1511 1964 1618 2001 causa,
1642 1963 1764 2003 colore,
1791 1971 1884 2004 prae·

1152 2021 1237 2048 textu
1263 2021 1295 2048 et
1319 2015 1436 2058 capite,
1463 2015 1558 2047 etiam
1586 2015 1617 2046 in
1643 2025 1780 2057 corpore
1805 2013 1883 2047 iuris

1150 2069 1270 2108 clauso,
1296 2068 1392 2101 etiam
1418 2068 1570 2109 enormis,
1586 2068 1829 2101 enormissimae
1852 2072 1884 2101 et

1151 2122 1257 2154 totalis
1282 2121 1442 2161 laesionis,
1469 2122 1558 2154 nullo
1576 2131 1717 2164 unquam
1735 2126 1883 2164 tempore

1150 2175 1188 2207 de
1225 2174 1441 2218 subreptionis
1478 2176 1528 2207 vel
1569 2175 1770 2218 obreptionis
1805 2174 1882 2207 vitio

1149 2232 1203 2260 aut
1240 2227 1428 2260 intentionis
1460 2233 1590 2261 nostrae
1627 2238 1684 2260 seu
1721 2227 1882 2261 interesse

1150 2281 1337 2313 habentium
1367 2291 1566 2321 consensus,
1601 2281 1703 2314 aliove
1735 2282 1884 2324 quolibet

1149 2334 1244 2366 etiam
1257 2334 1460 2377 quantumvis
1480 2345 1596 2377 magno
1618 2339 1649 2366 et
1666 2334 1880 2375 substantiali,

1149 2398 1184 2419 ac
1218 2387 1392 2429 incogitato
1425 2392 1457 2419 et
1477 2387 1740 2430 inexcogitabili,
1768 2387 1882 2420 indivi-

1149 2440 1310 2482 duamque
1336 2440 1576 2483 expressionem
1607 2439 1792 2482 requirente
1826 2440 1883 2473 de-

1150 2492 1232 2525 fectu
1258 2492 1372 2533 notari,
1398 2492 1591 2536 impugnari,
1617 2492 1759 2535 infringi,
1783 2498 1882 2526 retra-

1149 2545 1249 2584 ctari,
1276 2545 1307 2577 in
1333 2545 1582 2579 controversiam
1615 2545 1721 2578 vocari
1757 2556 1812 2578 seu
1840 2546 1879 2578 ad
