2111 3157
217 232 266 259 An.
290 230 318 258 C.
343 231 409 258 ¹688
455 224 520 256 (ΜΕ.)

411 282 589 316 dicationes
615 293 726 315 eorum
753 283 805 325 qui
831 282 870 315 de
896 282 1013 315 Ordine
1037 287 1148 315 nostro

410 346 477 368 non
502 341 586 375 sunt,
612 335 677 368 sive
714 337 880 378 regulares
916 334 1035 367 suerint
1081 334 1147 368 sive

410 391 603 429 saeculares,
640 391 826 422 nullatenus
862 389 1054 429 audiantur,
1086 388 1147 420 nisi

411 443 449 475 dc
474 442 582 475 vicarii
609 447 639 475 et
656 442 833 485 priorissae
851 441 980 475 licentia
998 440 1145 484 speciali.

453 506 570 529 xxxvii.
606 495 784 535 Monialcs,
817 493 1037 527 saecularibus
1066 494 1146 526 insa-

409 550 504 582 miam
530 548 657 582 Ordinis
684 547 849 591 tangentia
873 548 1064 587 revelantes,
1086 547 1148 591 pri-

409 607 526 635 ventur
550 603 621 635 velo
647 602 756 644 nigro,
784 606 815 634 et
845 600 1059 634 nihilominus
1087 611 1148 643 per

408 656 607 688 visitationes
633 654 775 688 districte
800 654 995 697 puniantur,
1022 653 1047 686 si
1072 653 1146 687 inde

409 709 596 743 scandalum
622 708 717 741 suerit
741 708 961 740 subsecutum.

452 773 583 796 xxxv111.
610 761 764 795 Moniales
790 761 927 794 reddant
951 760 1067 793 Breves
1091 760 1146 793 Or-

409 816 493 849 dinis
510 843 517 856 ,
544 821 576 849 et
600 815 711 849 missas
736 815 872 848 reddere
899 814 1037 855 saciant,
1066 825 1146 858 quae

410 870 572 903 debentur
594 880 654 913 pro
681 868 835 902 Brevibus
862 868 1057 901 memoratis.
1085 868 1146 901 Pro

409 922 554 967 qualibet
578 923 690 963 missa,
716 932 797 966 quae
825 926 960 965 propter
985 922 1145 955 desectum

407 976 613 1010 sacerdotum
639 986 704 1008 non
729 974 850 1018 poterit
873 974 976 1015 reddi,
998 974 1147 1008 dicantur

408 1028 643 1073 quinquaginta
672 1027 807 1071 psalmi,
835 1028 877 1060 ita
902 1027 1006 1070 quod,
1032 1038 1145 1060 secun-

408 1083 482 1115 dum
508 1081 744 1115 ordinationem
770 1080 877 1113 vicarii
902 1082 950 1113 vel
968 1081 1145 1124 priorissae

408 1141 440 1169 et
464 1145 631 1168 numerum
658 1134 826 1167 missarum
852 1144 934 1177 quae
963 1134 1053 1167 reddi
1080 1145 1145 1167 non

407 1192 568 1231 poterunt,
584 1187 770 1220 dividuntur
784 1187 935 1230 psalteria
948 1187 1032 1220 inter
1049 1188 1144 1230 ipsas.

407 1239 590 1273 Tricenaria
615 1250 746 1283 quoque
771 1240 803 1272 in
828 1239 937 1272 missis
961 1245 993 1272 et
1012 1241 1144 1283 psalmis

407 1292 525 1325 saciant
552 1292 634 1326 sicut
657 1292 828 1332 monachi,
855 1298 886 1325 et
909 1293 1059 1325 monachi
1086 1304 1143 1336 pro

408 1345 466 1385 eis,
491 1346 573 1378 sicut
598 1356 655 1388 pro
677 1345 747 1378 aliis
774 1345 924 1388 personis
944 1345 1080 1385 Ordinis,
1100 1346 1144 1379 sa-

408 1399 511 1438 ciant,
538 1404 569 1431 et
594 1409 652 1442 pro
678 1398 812 1441 singulis
838 1398 1034 1439 tricenariis,
1062 1410 1143 1442 quae

408 1452 511 1484 sicut¹
535 1452 574 1485 de
593 1453 679 1484 carta
703 1451 854 1495 capituli,
882 1451 994 1494 viginti
1020 1457 1142 1485 tantum

407 1505 548 1548 psalmos
574 1505 683 1537 dicere
708 1509 889 1537 teneantur.

450 1568 555 1591 xxxlx.
571 1557 724 1590 Moniales
740 1567 804 1591 non
822 1562 914 1590 suant
928 1563 1031 1590 vestes
1045 1563 1145 1591 extra-

407 1621 544 1643 neorum
572 1610 785 1643 saecularium
818 1611 867 1643 vel
898 1610 1140 1653 religiosorum,

408 1674 469 1696 nec
494 1664 668 1707 loquantur
699 1674 771 1696 cum
803 1663 848 1696 eis
873 1663 934 1696 nisi
960 1664 999 1696 ad
1024 1669 1143 1697 cratem

408 1716 628 1757 cancellatum,
655 1727 713 1749 nec
738 1717 861 1750 litteras
882 1717 1010 1749 mittant
1029 1718 1078 1749 vel
1096 1727 1144 1750 re-

408 1768 529 1812 cipiant
562 1768 631 1801 sine
657 1769 799 1802 licentia.
827 1769 891 1802 Nec
922 1769 1043 1802 debent
1075 1775 1144 1801 tan-

408 1832 484 1864 gere
509 1827 562 1855 aut
597 1823 729 1855 abluere
765 1822 982 1866 purificatoria
1007 1822 1116 1855 calicis
1133 1850 1140 1863 ,

406 1875 469 1907 nisi
495 1885 552 1919 pro
577 1876 626 1908 bis
651 1877 700 1910 vel
727 1881 775 1908 ter
799 1875 909 1908 abluta
941 1876 1061 1908 suerint
1085 1885 1143 1919 per

406 1928 547 1972 aliquem
573 1930 774 1962 sacerdotem
799 1934 852 1961 aut
870 1929 1052 1961 diaconum.

450 1992 500 2015 xL.
527 1981 620 2015 Nulla
645 1991 786 2025 persona
810 1982 938 2015 Ordinis
964 1982 1066 2015 nostri
1086 1983 1143 2015 do-

406 2045 475 2067 mos
501 2034 690 2068 monialium
717 2036 912 2078 frequentet,
940 2035 1000 2067 nisi
1025 2045 1143 2078 urgen-

407 2094 435 2120 te
462 2088 655 2121 necessitate
681 2089 729 2121 vel
755 2088 904 2121 evidente
929 2088 1079 2127 utilitate,
1102 2093 1141 2127 et,

406 2146 550 2183 peracto,
566 2150 624 2183 pro
643 2151 707 2184 quo
727 2140 829 2181 iverit,
847 2140 988 2183 negotio,
1012 2140 1143 2173 recedat

406 2194 527 2238 absque
552 2196 651 2233 mora,
677 2199 709 2227 et
733 2204 772 2227 ne
794 2195 944 2237 loquatur
961 2204 1033 2226 cum
1059 2194 1116 2226 eis.

448 2257 511 2280 xm.
538 2247 653 2280 Viearii
679 2246 866 2279 monialium
887 2246 1012 2279 sortiter
1030 2256 1142 2289 repre-

406 2300 551 2333 hendant
575 2310 731 2344 personas
748 2299 886 2341 Ordinis,
905 2299 1140 2343 cuiuscumque

407 2353 604 2386 conditionis
631 2353 764 2393 suerint,
791 2363 873 2396 quae
910 2353 979 2386 sine
1003 2352 1141 2386 rationa-

405 2407 463 2439 bili
488 2408 581 2439 eausa
607 2407 720 2439 domos
746 2406 932 2439 monialium
955 2406 1141 2449 frequenta-

407 2464 500 2498 rent·,
528 2469 587 2492 nec
607 2459 754 2492 differant
770 2459 949 2492 reverendo
968 2459 1050 2502 patri
1069 2459 1141 2492 Car-

408 2511 534 2544 tiiusiae
558 2511 717 2552 intimare,
743 2512 797 2545 ubi
815 2512 955 2545 viderint
973 2512 1137 2556 expedire,

409 2565 455 2597 vel
482 2564 624 2607 capitulo
650 2565 807 2608 generali.

441 2626 454 2654 1
477 2626 631 2661 Li·genduni
649 2627 752 2654 videtur
767 2627 826 2656 sint
843 2635 890 2664 pro
910 2628 982 2654 sicul
995 2629 1035 2664 (n.
1054 2627 1102 2662 T.).

998 234 1176 257 BULLARIUM
1202 234 1352 260 ROMANUM

1236 292 1311 316 xm.
1338 283 1495 325 Monachi,
1521 285 1668 318 conversi
1687 290 1717 318 et
1734 287 1844 320 donati
1859 288 1928 321 uni-

1190 336 1283 376 versi,
1299 336 1331 369 in
1346 337 1495 370 domibus
1521 338 1709 372 monialium
1731 340 1927 382 habitantes,

1191 390 1411 424 obedientiam
1436 395 1557 424 tantum
1583 392 1772 434 promittant
1796 393 1926 434 vicario,

1190 447 1221 474 et
1246 453 1311 475 non
1329 443 1526 486 priorissae;
1554 449 1586 476 et
1610 445 1688 477 tales
1714 445 1857 478 habeant
1881 447 1926 489 lo-⁴

1190 506 1262 528 cum
1287 501 1434 539 apertum
1459 497 1498 530 ad
1524 498 1785 540 cognoscendum
1817 500 1926 543 culpas

1189 559 1261 582 suas
1279 549 1391 582 diebus
1409 550 1550 593 capituli,
1565 560 1624 583 nec
1641 551 1841 585 manducent
1853 563 1925 586 cum

1190 602 1434 641 saecularibus,
1468 613 1529 636 nec
1559 603 1647 647 ipsos
1685 604 1856 638 admittant
1885 606 1924 639 ad

1189 666 1331 688 mensam
1361 666 1451 688 suam
1476 655 1508 688 in
1541 656 1632 689 cellis
1656 656 1740 697 suis;
1768 657 1823 701 qui
1848 668 1926 691 con-

1190 708 1370 750 trafecerit,
1396 708 1536 751 graviter
1560 719 1578 741 a
1606 708 1724 742 vicario
1748 710 1923 753 puniatur;

1189 766 1221 794 et
1245 762 1469 806 eleemosynas
1493 762 1557 795 sive
1583 761 1679 803 dona,
1697 773 1779 806 quae
1796 762 1860 797 illis
1879 764 1927 797 os·

1190 815 1350 855 seruntur,
1378 816 1506 848 tradant
1540 815 1735 859 priorissae;
1770 816 1926 859 priorissa

1187 879 1263 901 vero
1289 872 1321 901 et
1345 868 1483 901 vicarius
1508 868 1700 912 provideant
1731 870 1777 902 eis
1802 870 1843 903 de
1868 880 1925 903 ne·

1188 922 1349 961 cessariis,
1376 927 1472 965 prout
1503 922 1535 955 in
1561 923 1710 955 domibus
1746 925 1925 957 monacho-

1189 986 1259 1007 rum
1285 981 1334 1008 est
1358 974 1428 1008 sieri
1452 980 1655 1008 consuetum.
1682 975 1772 1014 Quod
1798 977 1823 1009 si
1858 988 1925 1011 non

1189 1028 1343 1068 fecerint,
1378 1033 1517 1071 possunt
1550 1028 1610 1071 ipsi
1647 1029 1798 1062 monachi
1822 1030 1925 1073 priori

1188 1081 1376 1114 Cartliusiae
1391 1082 1440 1114 vel
1461 1081 1620 1114 visitatori
1646 1081 1830 1125 provinciae
1847 1083 1926 1116 seri·

1188 1136 1275 1173 bere,
1302 1134 1354 1178 qui
1380 1126 1427 1167 eis
1453 1133 1685 1178 providebunt.

1230 1198 1317 1222 xtui.
1345 1187 1492 1220 Monaclii
1518 1187 1557 1220 de
1582 1187 1819 1222 incontinentia
1836 1189 1925 1222 diffa-

1188 1241 1276 1282 mati,
1296 1241 1343 1274 vel
1362 1240 1516 1283 suspecti,
1536 1251 1599 1273 non
1618 1241 1846 1283 permittantur
1868 1242 1925 1276 ha-

1188 1295 1289 1328 hitare
1307 1305 1378 1327 cum
1392 1293 1598 1333 monialibus,
1613 1304 1673 1327 nec
1688 1294 1800 1327 domos
1815 1304 1926 1328 earum

1187 1349 1319 1380 intrare.

1229 1411 1312 1434 XLIV.
1338 1399 1454 1432 Vicarii
1481 1399 1668 1433 monialium
1695 1399 1727 1432 in
1752 1400 1822 1433 soro
1847 1411 1926 1444 poe-

1187 1453 1358 1493 nitentiae,
1390 1452 1495 1496 quoad
1529 1452 1687 1486 moniales
1713 1457 1744 1485 et
1767 1463 1925 1496 personas

1186 1518 1258 1540 cum
1275 1507 1320 1540 eis
1342 1506 1535 1545 habitantes,
1557 1516 1626 1539 eam
1644 1506 1765 1539 habent
1784 1511 1924 1550 potesta·

1188 1565 1263 1599 tem,
1288 1570 1381 1603 quam
1408 1559 1530 1592 liabent
1554 1558 1682 1602 priores
1708 1559 1740 1591 in
1757 1570 1831 1593 suos
1855 1570 1924 1593 mo-

1186 1613 1309 1646 nachos
1335 1612 1482 1655 aliosque
1506 1611 1689 1652 sul)iectos;
1712 1617 1751 1652 et,
1773 1622 1844 1645 curn
1862 1623 1922 1656 pro

1186 1677 1219 1699 se
1244 1665 1455 1708 indiguerint,
1482 1674 1565 1696 unus
1591 1664 1630 1696 de
1655 1664 1824 1698 monachis
1849 1675 1923 1698 cum

1186 1719 1264 1762 ipsis
1291 1717 1530 1756 babitantibus,
1557 1727 1653 1760 quem
1679 1716 1741 1749 sibi
1766 1717 1924 1760 elegerint

1185 1772 1217 1804 in
1232 1770 1477 1810 confessarium,
1492 1770 1703 1813 eamdemque
1722 1770 1857 1804 habebit
1870 1782 1924 1815 po·

1187 1830 1334 1858 testatem
1360 1824 1391 1856 in
1418 1824 1487 1856 soro
1513 1823 1730 1856 conscientiae
1757 1834 1832 1867 erga
1852 1835 1923 1858 eos-

1186 1878 1259 1911 dem
1283 1876 1431 1916 viearios,
1458 1886 1553 1920 quam
1579 1875 1702 1908 babent
1723 1875 1833 1909 vicarii
1847 1887 1923 1910 con-

1185 1931 1361 1969 ventuales,
1381 1939 1438 1962 seu
1455 1928 1507 1961 alii
1534 1938 1612 1972 quos
1639 1928 1700 1961 sibi
1718 1929 1845 1972 priores
1862 1930 1923 1963 ele·

1186 1982 1292 2026 gerint
1305 1982 1336 2014 in
1354 1980 1581 2021 confessarios,
1598 1991 1674 2023 erga
1689 1991 1764 2014 suos
1779 1982 1918 2025 priores.

1228 2046 1298 2069 va.
1326 2035 1464 2068 Caveant
1488 2034 1547 2067 sibi
1566 2034 1675 2066 vicarii
1698 2039 1730 2067 et
1749 2035 1922 2078 priorissae

1185 2100 1224 2122 ne
1250 2089 1426 2122 monachos
1452 2099 1527 2121 suos
1553 2088 1623 2120 sine
1645 2088 1776 2121 licentia
1790 2088 1921 2132 capituli

1185 2142 1346 2185 generalis
1371 2143 1421 2175 vel
1453 2141 1622 2174 reverendi
1657 2141 1756 2184 patris
1788 2141 1923 2174 Carthu-

1184 2195 1251 2228 siae
1277 2201 1365 2228 extra
1391 2194 1543 2227 terminos
1571 2194 1722 2234 mittant3
1752 2194 1830 2227 alias
1859 2194 1921 2238 ipsi

1184 2247 1334 2281 monaehi
1350 2253 1458 2280 essent
1471 2246 1607 2290 fugitivi,
1626 2251 1657 2279 et
1672 2246 1836 2280 mittentes
1854 2257 1922 2290 gra·

1185 2300 1252 2333 vius
1277 2300 1445 2344 puniendi.

1227 2363 1310 2387 XLVI.
1339 2353 1432 2386 Nulla
1457 2362 1597 2396 persona
1615 2353 1787 2386 domorum
1802 2353 1923 2386 monia-

1184 2407 1262 2440 lium
1287 2417 1346 2450 per
1382 2406 1513 2449 capituli
1549 2405 1711 2448 generalis
1736 2406 1919 2439 mandatum

1184 2460 1222 2492 de
1244 2460 1340 2492 domo
1358 2459 1395 2492 ad
1415 2459 1546 2492 domum
1564 2459 1718 2491 translata
1735 2458 1854 2502 poterit
1870 2469 1921 2492 re-

1183 2512 1274 2556 gredi
1300 2512 1369 2545 sine
1394 2511 1527 2546 licentia
1549 2511 1680 2555 capituli
1698 2512 1872 2555 generalis.

1224 2575 1319 2598 vau.
1343 2564 1486 2597 Vicarius
1512 2564 1702 2597 monialium
1721 2564 1760 2597 de
1777 2564 1916 2599 licentiis

1183 2618 1296 2651 dandis
1322 2617 1517 2652 monialibus
1542 2623 1573 2651 et
1606 2617 1786 2662 disciplinis
1813 2617 1917 2663 impo-

1935 239 1986 268 Αη.
2006 240 2034 269 C.
2048 242 2111 274 ¹688
