2111 3157
0 233 35 253 ιιι.
50 223 78 252 C.
102 223 166 250 ¹684

755 221 970 245 {NNOGENTtus
992 221 1022 244 Χῐ
1048 221 1096 244 N’.

177 270 294 303 edendi
313 269 494 303 facultatem
514 269 738 303 tribueremus.
765 269 905 312 Cumque
950 268 1000 301 die
1024 279 1074 302 xvt
1095 268 1286 312 septembris
1306 278 1487 302 uocrxxxut
1508 274 1539 302 et
1556 270 1607 303 die
1625 282 1681 304 χιιι

176 334 235 356 nos
261 324 439 367 supplicem
465 323 609 356 libellum
642 333 740 365 super
764 322 825 354 hoe
849 332 906 364 pro
950 321 1084 353 ianuarii
1122 323 1266 365 proxime
1302 323 1468 366 praeteriti
1503 325 1681 368 respective

176 386 289 410 eorum
315 382 404 421 parte
429 376 523 409 nobis
553 381 735 419 porrectum
761 375 799 408 ad
825 374 906 407 Con-

175 428 396 471 grcgationem
430 428 662 461 venerabilium
695 428 826 459 fratrum
851 437 906 459 no-

172 487 311 514 strorum
341 481 371 514 S.
404 481 441 513 R.
475 481 510 514 E.
536 479 746 513 cardinalium
772 484 803 511 et
827 478 906 511 dile-

173 539 298 567 ctorum
322 533 462 567 filiorum
487 533 649 566 Romanae
674 532 788 564 Curiae
813 541 905 574 prae-

172 585 309 619 latorum
334 596 431 629 super
448 585 586 628 negotiis
604 584 794 617 visitationis
813 594 905 626 apos-

172 639 286 672 tolicae
312 640 523 672 eeclesiarum
548 643 580 671 et
603 638 751 670 locorum
776 636 902 679 piorum

171 691 274 725 dietae
298 691 392 725 Urbis
423 691 615 724 auctoritate
644 689 822 733 apostoliea
855 690 903 721 in-

171 745 315 777 stitutam
340 744 593 784 remisissemus,
621 743 660 776 ab
686 743 797 775 eadem
823 742 903 775 Con-

169 798 357 840 gregatione
388 796 598 830 cardinalium
631 801 663 829 et
686 797 901 839 praelatorum

169 850 201 882 in
225 850 420 883 visitatorem
453 849 608 882 ecclesiae
633 848 663 882 S.
697 848 901 881 Pantaleonis

168 907 200 935 et
222 902 490 946 Congregationis
520 902 551 935 S.
578 901 709 945 Iosephi
739 901 902 944 praefato-

167 965 239 988 rum
263 956 386 989 electus
415 955 475 988 suit
499 955 635 988 dilectus
670 954 753 987 filius
789 960 902 987 noster

166 1007 254 1041 Felix
279 1008 424 1042 eiusdem
448 1008 479 1042 S.
501 1007 585 1041 RE.
618 1007 772 1040 diaconus
798 1006 901 1039 cardi-

166 1060 248 1093 nalis
260 1060 494 1104 Rospigliosius
511 1065 728 1103 nuncupatus.
744 1059 812 1098 Qui,
828 1069 898 1091 cum

166 1113 199 1146 in
224 1119 297 1146 actu
320 1114 510 1147 visitationis
534 1115 650 1146 multas
685 1113 899 1145 inordinatio-

165 1176 224 1199 nes
248 1171 312 1200 tam
335 1167 368 1199 in
393 1167 614 1210 spiritualibus
651 1176 746 1209 quam
771 1166 803 1198 in
825 1170 901 1198 tem-

165 1219 331 1262 poralibus
356 1230 392 1253 ex
417 1220 472 1253 illa
502 1218 754 1259 conviventium¹
779 1219 899 1251 unione

165 1279 276 1306 enatas
301 1284 369 1307 esse
393 1274 617 1317 comperisset,
635 1273 796 1316 praefatae
821 1272 901 1305 Con-

165 1327 346 1370 gregationi
373 1327 584 1360 cardinalium
617 1333 648 1360 et
679 1327 898 1370 praelatorum

164 1380 285 1421 retulit,
313 1380 373 1413 sibi
398 1380 499 1413 videri
527 1379 680 1423 expedire
706 1385 740 1412 ut
764 1380 803 1412 ad
829 1390 899 1412 cre-

164 1433 303 1466 ctionem
344 1433 487 1466 formalis
525 1432 793 1476 Congregationis
838 1443 898 1475 pro

163 1485 240 1518 solis
264 1485 460 1529 presbyteris
486 1491 518 1518 et
541 1486 674 1526 clericis,
713 1485 767 1529 qui
792 1485 898 1519 convi-

163 1544 282 1579 verent,
319 1539 534 1580 deveniretur,
568 1538 708 1572 exclusis
748 1539 898 1572 omnibus

163 1602 229 1625 non
254 1592 516 1632 conviventibus;
539 1593 655 1635 quibus
675 1598 781 1625 tamen
807 1603 900 1636 prae-

165 1650 306 1679 staretur
329 1646 538 1679 commoditas
572 1646 714 1685 oratorii,
749 1646 782 1678 in
814 1646 898 1689 quod

165 1699 204 1732 ad
229 1698 410 1743 spiritualia
446 1699 597 1732 exercitia
628 1699 687 1731 sub
719 1699 898 1732 directione

165 1752 299 1786 alicuius
325 1763 361 1785 ex
387 1753 480 1786 dictis
506 1753 702 1796 presbyteris
727 1753 900 1785 conviven-

164 1806 249 1840 tibus
267 1806 417 1839 obeunda
429 1807 599 1839 convenire
620 1807 783 1846 valerent;
800 1811 898 1849 utque

165 1859 426 1899 constitutiones,
453 1869 531 1902 quas
555 1869 613 1902 pro
649 1858 732 1892 felici
768 1869 900 1902 prospe-

165 1923 267 1957 roque
292 1911 557 1955 Congregationis
582 1912 820 1945 conviventium
846 1912 902 1944 hu-

165 1965 303 2000 iusmodi
330 1965 488 2007 regimine
515 1970 546 1997 et
570 1965 728 2007 gubernio
762 1977 779 1998 a
804 1976 901 2009 quon-

166 2018 239 2052 dam
264 2018 404 2051 Mariano
428 2018 555 2058 Soeino,
572 2018 647 2052 dum
665 2018 749 2059 vixit,
771 2019 902 2063 presby-

166 2077 237 2105 tero
268 2071 426 2104 saeculari
462 2070 730 2114 Congregationis
763 2071 900 2105 Oratorii

167 2123 199 2157 S.
226 2124 367 2167 Philippi
392 2123 477 2156 Nerii
503 2124 541 2156 de
566 2122 649 2156 Urbe
673 2123 735 2156 iam
759 2123 900 2157 firmatas

168 2187 223 2211 seu
238 2177 425 2220 compilatas
439 2182 617 2220 repererat,
632 2177 899 2220 approbarentur.

168 2229 268 2264 Porro
298 2229 411 2262 eadem
442 2229 658 2271 Congrcgatio
690 2230 902 2263 cardinalium

169 2288 202 2316 et
224 2283 449 2326 praelatorum,
470 2282 576 2317 audita
593 2287 624 2314 et
644 2283 823 2316 examinata
847 2283 904 2316 Fe-

168 2335 240 2369 licis
265 2335 436 2369 cardinalis
452 2335 610 2368 relatione
631 2335 828 2377 huiusmodi,
849 2347 905 2369 au-

172 2388 245 2422 ditis
274 2398 401 2432 quoque
432 2388 553 2432 pluries
592 2387 737 2431 partibus
772 2393 836 2421 tam
873 2388 904 2421 in

170 2452 248 2475 voce
284 2453 381 2485 quam
414 2442 445 2474 in
481 2441 607 2484 scriptis
644 2442 902 2483 informantibus,

172 2495 318 2528 eiusdem
349 2495 464 2529 Felicis
493 2494 667 2529 cardinalis
699 2501 806 2528 votum
838 2495 904 2529 sive

172 2547 366 2582 sententiam
390 2548 574 2581 huiusmodi
593 2558 651 2591 per
675 2547 737 2581 duo
763 2548 903 2589 decreta,

209 2609 220 2640 1
243 2609 323 2637 Deest
341 2612 368 2638 et
387 2618 443 2637 non
463 2609 672 2639 conviventium
692 2610 731 2644 (n.
752 2610 810 2650 ¹¹²)j.

950 380 1105 414 emanata,
1129 376 1328 419 approbavit,
1348 377 1555 422 ipsorumque
1574 379 1684 414 decre-

950 431 1053 458 torum
1080 429 1300 462 executionem
1336 431 1454 464 dilecto
1489 433 1582 466 eliam
1616 434 1681 468 filio

948 483 1059 512 nostro
1083 479 1216 524 Gaspari
1241 482 1272 515 S.
1293 483 1376 516 RE.
1403 486 1567 527 praefatae
1592 497 1682 530 pres·

947 531 1059 574 hytero
1073 533 1228 567 cardinali
1254 536 1292 568 de
1310 536 1467 579 Carpineo
1488 546 1679 583 nuncupato,

948 589 1058 617 nostro
1083 584 1116 617 in
1142 585 1224 619 Urbe
1250 589 1394 630 praefata
1419 590 1537 623 vicario
1562 592 1594 624 in
1615 593 1681 635 spi-

946 635 1114 669 ritualibus
1133 641 1288 681 generali,
1308 643 1480 676 commisit.
1508 644 1577 687 lpse
1603 656 1680 679 vero

946 687 1065 731 Gaspar
1099 691 1269 724 cardinalis
1303 699 1335 725 et
1364 695 1512 735 vicarius,
1549 697 1580 730 in
1617 699 1680 731 vim

946 740 1150 775 decretorum
1177 743 1370 786 huiusmodi,
1390 749 1586 790 praedictam
1605 751 1681 785 Con-

945 794 1166 835 gregationem
1194 796 1225 829 S.
1253 797 1389 841 loseplii‚
1417 802 1502 843 apud
1534 804 1681 846 supradi-

944 851 1026 879 ctam
1051 848 1221 881 ecclesiam
1246 850 1276 882 S.
1304 851 1507 887 Pantaleonis
1528 866 1586 898 pro
1606 867 1682 890 con-

943 899 1123 934 viventibus
1150 907 1180 934 et
1205 913 1266 936 non
1292 905 1532 941 conviventibus
1552 909 1681 954 iampri-

937 952 1016 984 ·dem
1044 959 1078 985 ut
1102 956 1285 997 praefertur
1316 963 1466 999 erectam,
1484 960 1515 993 in
1541 962 1680 1005 Congre-

944 1007 1105 1047 gationem
1139 1019 1197 1050 pro
1233 1011 1457 1045 sacerdotibus
1490 1019 1521 1046 et
1551 1016 1678 1049 clericis

944 1064 1065 1092 tantum
1094 1060 1127 1092 in
1153 1061 1222 1104 ipsa
1245 1064 1487 1099 conviventibus
1512 1069 1679 1102 restrinxit

943 1118 973 1144 et
985 1113 1120 1153 reduxit,
1135 1120 1167 1147 et
1184 1115 1297 1156 denuo,
1310 1123 1469 1160 quatenus
1486 1130 1567 1163 opus
1586 1127 1677 1163 esset,

944 1165 1043 1197 erexit
1070 1171 1101 1198 et
1124 1167 1270 1208 instituit,
1290 1171 1487 1214 eosdemque
1513 1174 1680 1208 conviven-

945 1222 991 1249 tes
1023 1218 1173 1252 nomine¹
1199 1220 1466 1265 Congregationis
1492 1226 1678 1261 huiusmodi

943 1281 1058 1314 corpus
1080 1272 1224 1314 legitime
1245 1276 1439 1310 constituere
1461 1278 1611 1322 decrevit,
1630 1291 1680 1314 ex-

942 1324 1037 1356 clusis
1064 1326 1214 1359 omnibus
1235 1337 1300 1360 non
1318 1330 1558 1364 conviventibus
1580 1344 1597 1366 a
1614 1345 1678 1367 cor-

942 1387 1021 1419 pore
1061 1377 1204 1412 eiusdem
1244 1380 1524 1425 Congregationis‚
1561 1387 1677 1429 quibus

942 1436 1060 1471 tamen,
1076 1442 1135 1474 pro
1153 1443 1263 1466 eorum
1278 1436 1441 1470 exercitiis
1459 1438 1679 1481 spiritualibus

941 1484 1001 1516 sub
1027 1485 1162 1519 alicuius
1188 1497 1224 1519 ex
1249 1488 1448 1533 presbyteris
1482 1492 1679 1527 conviventi-

941 1538 999 1570 bus
1025 1538 1201 1572 directione
1216 1543 1420 1584 peragendis,
1440 1545 1615 1579 oratorium
1635 1557 1680 1580 as-

941 1590 1094 1633 signavit;
1136 1603 1172 1625 ac
1210 1595 1455 1630 constitutiones
1497 1600 1678 1641 praedictas

942 1643 1002 1677 iam
1027 1645 1146 1679 revisas
1171 1647 1362 1690 approbavit
1393 1655 1425 1682 et
1454 1650 1676 1694 confirmavit;

942 1702 973 1729 et
996 1697 1200 1742 alias,prout
1225 1700 1356 1734 uberius
1382 1703 1565 1737 continetur
1589 1706 1622 1738 in
1647 1717 1680 1739 e·

942 1749 1066 1783 iusdem
1092 1751 1242 1795 Gasparis
1267 1755 1439 1788 cardinalis
1465 1757 1598 1792 decreto
1625 1760 1680 1793 de-

942 1813 1040 1846 super
1065 1811 1224 1846 emanato,
1252 1807 1301 1839 cui
1328 1809 1461 1842 eaedem
1484 1811 1679 1846 constitutio-

943 1867 1000 1889 nes
1026 1857 1064 1890 de
1089 1858 1188 1891 verbo
1213 1860 1251 1892 ad
1277 1861 1410 1894 verbum
1429 1862 1567 1897 insertae
1593 1871 1678 1906 sunt,

945 1911 1066 1943 tenoris
1091 1911 1145 1954 qui
1171 1912 1326 1955 sequitur,
1353 1914 1522 1948 videlicet:

993 1976 1004 1994 α
1030 1964 1141 1997 Fidem
1183 1965 1262 1998 facio
1299 1977 1357 2010 per
1391 1975 1578 2011 praesentes
1619 1981 1679 2013 ego

944 2018 1163 2060 infrascriptus
1188 2018 1358 2052 tribunalis
1379 2022 1625 2055 eminentissimi
1647 2029 1680 2056 et

943 2071 1203 2105 reverendissimi
1229 2072 1349 2105 domini
1375 2075 1548 2108 cardinalis
1570 2075 1679 2110 vicarii

944 2124 1146 2164 secretarius,
1179 2125 1317 2168 qualiter
1352 2126 1385 2158 in
1419 2128 1561 2160 currenti
1598 2129 1680 2162 libro

945 2178 1148 2211 decretorum
1175 2179 1266 2211 adest
1295 2179 1534 2224 infrascriptum
1569 2181 1681 2215 deere-

946 2236 1011 2263 tum
1038 2230 1160 2264 tenoris
1184 2231 1358 2274 sequentis,
1383 2233 1554 2268 videlicet:

995 2296 1007 2315 α
1033 2284 1088 2316 Die
1113 2294 1131 2317 v
1148 2284 1340 2327 septembris
1357 2295 1536 2322 MDCLxxxtv
1556 2298 1614 2331 pro
1634 2299 1681 2322 re·
1708 2295 1876 2325 ‚venetorum-

946 2336 1095 2370 vereudis
1125 2336 1344 2370 sacerdotibus
1380 2339 1623 2373 conviventibus
1648 2322 1874 2379 ingi‘iff'giicmcon-

947 2389 1041 2423 domo
1065 2389 1096 2422 S.
1124 2389 1328 2422 pantaleonis
1353 2391 1391 2424 ad
1413 2391 1546 2434 Montes,
1568 2375 1876 2430 contraiissiiiiii'iiiba'ifiuss‘-

1692 2430 1740 2450 ctu.

947 2452 1181 2486 quoscumque,
1207 2448 1281 2482 etc„
1308 2444 1488 2486 comparuit
1512 2455 1618 2479 coram
1651 2457 1683 2480 e-

947 2494 1184 2527 minentissimo
1209 2499 1241 2527 et
1264 2496 1531 2530 reverendissimo
1552 2498 1682 2532 domino

947 2547 1087 2591 Gaspare
1112 2548 1151 2580 de
1175 2547 1332 2592 Carpineo
1352 2549 1542 2583 sanctissimi
1560 2551 1682 2585 domini

928 2648 934 2652 ἡ
985 2612 993 2637 t
1018 2610 1117 2639 Forsan
1137 2618 1218 2638 omne
1234 2611 1274 2638 vet
1290 2618 1378 2639 novae
1394 2611 1495 2647 tegend-
1521 2614 1559 2650 (n.
1575 2614 1625 2649 τ.).

1579 209 1646 243 597
1693 220 1741 247 An.
1758 219 1786 246 c.
1811 219 1875 248 1683

1800 2323 1873 2343 vicarit
