2111 3157
200 238 251 266 Au,
269 238 288 265 C
324 237 389 263 μήκη)
436 229 499 261 ¹2).ss

480 287 483 292 “
583 287 776 315 Innocentius
797 286 876 320 Papa
896 286 946 320 xl,

516 336 551 360 ad
571 336 746 366 perpetuam
766 331 810 358 rei
831 331 1012 358 memoriam.

197 407 380 455 ,‚„'.',‘‚·.²„⁹.'!',⁰¹³„133
435 394 449 436 ξ
469 394 498 426 l.
523 394 608 426 Alias
631 393 731 426 felicis
761 393 998 426 recordationis
1015 392 1131 435 Grego-

197 468 254 481 ass..
267 462 379 492 nntaoso.
391 457 456 478 rius
470 447 527 479 PP.
545 447 594 479 XV
609 447 844 490 praedecessor
854 450 964 479 noster
979 446 1128 479 omnibus

196 487 422 535 {llis-ssiuffilnnl'ulliet
447 500 581 543 singulis
605 501 778 543 utriusque
810 510 904 532 sexus
935 499 1129 534 christifide-

196 543 304 563 ⁸⁰⁶¹⁶''‘'''
389 554 473 587 libus
498 564 573 586 vere
598 553 842 597 poenitentibus
861 558 893 586 et
909 553 1068 586 confessis
1092 564 1128 586 ac

389 608 476 640 sacra
502 607 730 640 communione
756 607 895 647 refectis,
915 608 968 650 qui
986 607 1126 651 aliquam

388 671 423 693 ex·
457 660 602 693 eeclesiis
642 660 774 693 fratrum
806 660 935 693 Ordinis
966 660 1125 693 Minorum

387 713 489 746 sancti
514 713 675 746 Francisei
701 713 980 757 Cappuccinornm
1005 724 1125 747 nuncu-

387 771 548 809 patorum,
565 767 687 810 ubique
702 767 919 807 existentium,
936 767 985 799 die
1000 777 1124 800 nmen-

386 819 427 851 sis
453 819 587 862 augusti,
607 831 623 852 a
648 820 762 863 primis
785 820 928 863 vesperis
953 830 1057 863 usquc
1083 822 1121 854 ad

386 882 536 905 occasum
570 873 647 906 solis
685 873 749 907 diei
775 873 990 913 huiusmodi,
1027 874 1120 906 annis

385 926 538 968 singulis,
565 926 678 959 devote
704 927 910 967 visitassent,
937 932 969 959 et
993 926 1036 959 ibi
1063 938 1121 970 pro

385 980 638 1015 christianornm
656 981 839 1025 principum
853 982 1036 1021 concordia,
1050 981 1122 1014 hae-

385 1046 493 1068 resum
520 1035 735 1078 extirpatione
768 1046 803 1067 ac
829 1035 859 1067 S.
880 1035 918 1067 M.
939 1035 973 1067 E.
1002 1036 1120 1068 exalta-

385 1089 471 1122 tione
497 1089 567 1132 pias
596 1089 633 1121 ad
659 1088 760 1121 Deum
786 1099 897 1131 preces
922 1087 1120 1128 effudissent,

382 1142 565 1186 plenariam
595 1142 739 1174 omnium
776 1146 983 1184 peccatorum
1014 1141 1120 1174 indul-

383 1195 524 1238 gentiam
551 1200 583 1228 et
609 1195 834 1228 remissionem
866 1194 1121 1227 misericorditer

382 1250 414 1281 in
441 1248 578 1282 Domino
599 1248 771 1287 concessit,
795 1253 827 1280 et
851 1248 942 1287 alias,
968 1252 1063 1291 prout
1087 1247 1119 1280 in

381 1302 482 1346 ipsius
498 1301 644 1344 Gregorii
659 1302 921 1345 praedecessoris
934 1301 1052 1334 litteris
1070 1302 1122 1334 de-

382 1365 481 1399 super
507 1355 603 1388 simili
631 1355 733 1387 forma
759 1355 879 1395 Brevis,
904 1354 954 1387 die
972 1365 1015 1388 xil
1036 1360 1122 1388 octo-

381 1408 447 1441 bris
473 1415 604 1442 MDcxxu
641 1408 821 1451 expeditis,
848 1418 926 1451 quas
955 1408 1121 1451 perpetuis

382 1462 496 1494 futuris
518 1462 723 1505 temporibus
738 1463 844 1495 valere
862 1461 973 1502 voluit,
988 1461 1120 1494 uberius

381 1515 581 1549 continetur.

424 1570 438 1612 ᾗ
464 1568 494 1601 ⁶2.
519 1568 595 1601 Cum
620 1571 738 1608 autem,
763 1567 846 1600 sicut
871 1568 1008 1601 dilectus
1034 1568 1120 1601 filius

380 1623 555 1655 modernus
581 1626 772 1665 procurator
793 1621 955 1664 generalis
973 1621 1048 1654 dicti
1066 1621 1122 1654 Or-

382 1677 466 1710 dinis
498 1676 594 1708 nobis
620 1685 728 1719 nuper
752 1675 871 1718 exponi
899 1675 987 1715 fecit,
1014 1675 1121 1708 indul-

380 1730 522 1772 gentiam
537 1728 718 1772 plenariam
737 1733 769 1761 et.
786 1734 993 1771 peccatorum
1010 1729 1121 1761 remis-

379 1784 504 1817 sionem
530 1793 588 1826 per
617 1777 739 1814 dictum
764 1781 957 1823 Gregorium
988 1782 1121 1825 praedo-

379 1846 551 1875 cessorem,
564 1840 599 1867 ut
612 1835 802 1878 praefertur,
814 1846 1010 1876 concessam,
1023 1836 1118 1868 etiam

379 1890 546 1923 animabus
585 1889 847 1922 christifidelium
892 1889 1118 1922 defunctorum

379 1954 440 1987 per
476 1943 606 1975 modum
646 1942 788 1985 suffragii
826 1942 983 1986 applicari
1020 1952 1120 1986 posse

381 2006 588 2040 summopere
608 1996 787 2030 desideret:
808 2006 877 2036 nos,
896 1996 959 2039 piis
975 1997 1118 2030 eiusdem

381 2048 603 2092 procuratoris
635 2048 798 2090 generalis
821 2049 902 2081 votis
928 2049 989 2082 hac
1014 2049 1046 2082 in
1072 2060 1118 2091 re,

382 2107 534 2146 quantum
561 2112 633 2134 cum
659 2102 795 2135 Domino
821 2112 1001 2146 possumus,
1038 2104 1123 2137 favo-

382 2154 529 2188 rabiliter
564 2165 708 2188 annuere
743 2157 900 2197 volentes,
932 2157 1121 2190 anctoritate

383 2208 478 2240 nobis
506 2219 522 2241 a
548 2209 683 2241 Domino
722 2209 848 2249 tradita,
885 2221 920 2243 ac
954 2211 1122 2244 beatorum

383 2261 467 2294 Petri
495 2266 527 2294 et
551 2262 641 2295 Pauli
667 2263 887 2305 apostolorum
921 2263 988 2297 eius
1021 2269 1124 2297 aucto-

384 2315 478 2347 ritate
515 2315 635 2355 confisi,
673 2316 908 2358 indulgentiam
943 2318 1122 2360 plenariam

384 2373 415 2399 et
440 2373 648 2410 peccatorum
674 2369 913 2409 remissionem,
931 2370 1125 2403 christifide-

385 2420 469 2453 libus
489 2421 644 2462 pracfatis
671 2423 875 2464 supradictas
892 2424 1045 2456 ecclesias
1064 2424 1124 2457 fra-

386 2478 467 2504 trum
493 2472 621 2506 Ordinis
650 2475 751 2507 sancti
777 2475 939 2509 Francisci
971 2476 1124 2521 Capucci-

387 2536 500 2558 norum
527 2526 611 2559 dicta
636 2527 687 2560 die
714 2530 858 2562 secunda
882 2531 1002 2563 mensis
1027 2541 1125 2573 augu-

212 1574 324 1594 Conco-<io
340 1574 370 1595 di·

184 1604 233 1621 ttae
255 1604 368 1623 lacunatis.

386 2595 424 2622 sei
441 2596 628 2624 constitutione
645 2598 687 2624 ed.
704 2605 875 2633 nnchxxvn,
891 2600 934 2627 die
950 2599 983 2626 ⁶22
998 2601 1122 2636 ianuarii,

387 2640 481 2676 pontif.
505 2648 539 2668 xi.

983 236 1161 261 BULLARHYM
1186 236 1337 262 noitANttM

1914 242 1963 269 An.
1979 242 2008 269 c.
2032 238 2106 273 ioso'

1175 286 1225 326 sti,
1252 290 1287 318 ut
1311 296 1418 330 supra,
1444 287 1648 321 visitantibus
1680 292 1712 321 et
1738 290 1914 331 praemissa
2101 309 2105 314 -

1174 339 1406 383 peragentibus
1435 351 1636 381 concessam,
1661 341 1755 375 etiam
1784 342 1914 376 christi-

1174 393 1318 426 fidelium
1343 394 1525 436 animabus,
1550 405 1634 438 quae
1658 395 1724 428 Deo
1750 395 1782 428 in
1807 396 1914 429 chari-

1173 452 1235 480 tate
1250 446 1444 480 coniunctae
1463 447 1501 479 ab
1519 448 1581 481 hac
1602 449 1673 481 luce
1690 448 1914 491 migraverint,

1172 511 1231 544 per
1266 500 1399 534 modum
1425 500 1567 543 suffragii
1602 501 1758 544 applicari
1789 508 1911 545 posse,

1172 554 1268 587 etiam
1293 558 1454 597 perpetuo
1480 554 1690 587 concedimus
1712 559 1743 587 et
1767 554 1913 599 indulge-

1170 617 1251 640 mus.
1279 607 1313 640 In
1338 605 1538 641 contrarium
1563 606 1754 641 facientibus
1779 608 1912 653 quibus-

1169 671 1321 704 cumque.

1211 714 1282 757 53.
1310 714 1464 748 Volumus
1500 720 1606 748 autem
1650 720 1686 748 ut
1720 716 1909 750 earumdem

1166 768 1389 811 praesentium
1407 768 1589 801 litterarum
1611 769 1832 813 transumptis,
1853 781 1911 803 seu

1167 820 1334 864 exemplis,
1360 821 1456 854 etiam
1482 821 1662 864 impressis
1688 832 1785 854 manu
1810 822 1911 855 alicu·

1165 874 1213 907 ius
1236 874 1355 908 notarii
1379 874 1503 918 publici
1524 874 1728 918 subscriptis,
1750 880 1780 908 et
1800 874 1909 918 sigillo

1163 937 1324 970 personae
1350 928 1382 960 in
1404 927 1626 960 ecclesiastica
1649 927 1807 971 dignitate
1833 939 1911 962 con-

1164 980 1295 1013 stitutae
1309 980 1453 1020 munitis,
1470 981 1582 1013 eadem
1598 991 1731 1024 prorsus
1746 980 1826 1014 fides
1842 986 1909 1015 tam

1168 1032 1200 1064 in
1222 1032 1344 1066 iudicio
1363 1042 1461 1076 quam
1488 1038 1579 1065 extra
1604 1033 1686 1066 illud
1709 1033 1908 1078 ubicumque

1163 1086 1308 1118 locorum
1328 1085 1498 1125 habeatur,
1522 1095 1603 1128 quae
1628 1085 1707 1129 ipsis
1727 1087 1909 1129 praesenti-

1164 1140 1223 1171 bus
1250 1139 1430 1172 haberetur
1460 1138 1485 1171 si
1519 1139 1626 1173 forent
1659 1138 1825 1172 exhibitae
1849 1141 1908 1183 ssvel

1164 1198 1329 1225 ostensae.

1208 1245 1321 1277 Datum
1347 1244 1480 1285 Romae,
1505 1245 1591 1287 apud
1616 1244 1646 1277 S.
1667 1244 1798 1277 Mariam
1815 1245 1908 1278 Maio-

1165 1309 1242 1339 rem,
1270 1298 1328 1330 sub
1351 1299 1472 1331 annulo
1496 1297 1680 1337 piscatoris,
1703 1298 1755 1330 die
1778 1308 1797 1331 x
1829 1298 1906 1331 maii

1165 1361 1359 1392 nncnxxxnc,
1377 1350 1587 1394 pontificatus
1606 1350 1709 1385 nostri
1727 1361 1813 1384 anno
1833 1361 1903 1385 xm.

1201 1413 1262 1441 Dat.
1281 1413 1325 1440 die
1348 1413 1380 1440 10
1393 1413 1458 1440 maii
1477 1412 1555 1447 1689,
1573 1412 1672 1448 pontif.
1688 1420 1760 1441 anno
1776 1418 1832 1440 xm.

1971 728 2032 750 Fides
2046 731 2099 752 tran-

1920 757 2056 781 sumptorum.

1488 1553 1599 1590 CCVI)

1162 1637 1314 1681 E'rigye'tur
1339 1639 1375 1670 in
1401 1636 1797 1681 archiconsraternitatem
1826 1649 1906 1672 con-

1205 1691 1397 1733 fraternitas
1414 1691 1566 1724 Nominis
1582 1691 1622 1724 B.
1641 1691 1685 1724 M.
1707 1691 1740 1724 V.
1761 1691 1796 1724 in
1813 1691 1907 1725 eccle·

1206 1745 1254 1777 είᾶ
1271 1745 1303 1778 S.
1314 1744 1473 1788 Stephani
1490 1745 1527 1777 de
1543 1744 1638 1778 Caeco
1654 1744 1692 1777 de
1711 1744 1793 1778 Urbe
1808 1745 1873 1778 sita
1886 1744 1906 1778 ⁴.

1353 1824 1553 1852 Innocentius
1573 1825 1652 1858 Papa
1672 1825 1720 1858 xl,

1303 1870 1339 1897 ad
1354 1869 1489 1896 futuram
1505 1869 1550 1896 rei
1569 1870 1752 1897 memoriam.

1207 1942 1222 1985 ἓ
1248 1942 1277 1975 1.
1297 1941 1375 1975 Cum
1393 1951 1452 1974 nos
1470 1941 1549 1974 alias
1566 1941 1823 1975 confraternitati
1844 1943 1905 1976 snb
1934 1949 2092 1994 Confratemism

1163 1996 1364 2030 invocatione
1400 1994 1453 2027 SS.
1488 1994 1633 2027 Nominis
1665 1995 1699 2027 B.
1731 1995 1770 2028 M.
1804 1994 1839 2028 V.
1871 1977 2092 2031 inae„,³,{3¹,¹;5;’¹¹,222

1165 2050 1302 2083 ecclesia
1327 2049 1358 2082 S.
1387 2048 1546 2091 Stephani
1584 2048 1622 2081 de
1652 2048 1751 2081 Caeco
1782 2032 1979 2082 nuncu-⁸¹¹⁹*

1165 2106 1237 2147 pata
1263 2104 1302 2136 de
1327 2102 1413 2135 Urbe
1435 2101 1704 2144 Congregationis
1729 2103 1907 2136 monacho-

1165 2167 1235 2189 rum
1261 2154 1525 2189 Silvestrinornm
1551 2154 1706 2188 canonice
1740 2154 1799 2198 (ut
1823 2166 1907 2189 asse-

1165 2210 1265 2252 ritur)
1300 2213 1439 2248 erectae,
1462 2208 1597 2251 eiusque
1630 2208 1848 2241 confratribus
1874 2214 1907 2242 et

1167 2262 1407 2302 consororibus,
1433 2261 1609 2294 nonnullas
1631 2261 1849 2304 indulgentias
1875 2267 1907 2294 et

1167 2320 1374 2359 peccatorum
1391 2314 1601 2347 remissiones
1623 2325 1659 2347 ac
1687 2314 1907 2358 poenitentia-

1168 2380 1238 2402 rum
1274 2368 1502 2407 relaxationes,
1524 2368 1583 2400 sub
1615 2367 1713 2400 certis
1743 2368 1839 2401 modo
1875 2373 1908 2401 et

1168 2423 1271 2456 forma
1297 2428 1373 2455 tune
1399 2421 1572 2465 expressis,
1605 2420 1796 2454 auctoritate
1829 2431 1906 2464 apo-

1168 2476 1281 2509 stolica
1302 2480 1461 2519 perpetuo
1482 2474 1749 2514 concesserimus,
1768 2478 1801 2507 et
1817 2474 1905 2514 alias,

1204 2557 1213 2582 1
1232 2555 1429 2583 Constitutione
1449 2554 1521 2582 edita
1544 2560 1688 2581 mucci-tavit
1712 2553 1756 2581 die
1780 2555 1812 2581 16
1836 2553 1906 2589 iulli,

1168 2601 1262 2635 pontif.
1283 2607 1301 2631 1,
1323 2600 1530 2627 confraternitas
1549 2599 1636 2626 almae
1656 2598 1754 2626 Domus
1773 2598 1906 2625 Laureta-

1168 2653 1216 2672 nae
1232 2644 1264 2671 de
1279 2644 1352 2672 Urbe
1368 2648 1458 2672 erecta
1474 2643 1521 2672 fuit
1534 2644 1559 2671 in
1571 2642 1906 2671 archiconsraternitatem.
