2111 3157
178 168 234 213 Ἀο.
254 181 283 210 c.
301 180 369 210 ¹682
414 172 479 207 4⁶24

233 2025 308 2046 nerum
319 2021 388 2050 prehi-

207 2053 260 2088 ὶιιιῖιο
281 2052 390 2072 coufirma-

375 231 527 265 ventibus
544 229 679 263 multum
697 225 842 261 adferre¹
865 225 1038 268 dispendii,
1054 225 1111 257 sed

377 284 474 318 etiam
499 291 632 325 prorsus
656 280 786 312 inutiles
813 288 903 318 esse,
933 287 1005 309 cum
1028 275 1110 316 finis,

378 337 471 371 cuius
488 335 589 377 gratia
603 333 789 366 introducta
806 331 908 364 fuerat
924 329 1112 363 huiusmodi

378 389 539 423 sociorum
565 387 692 425 electio,
719 389 772 417 aut
795 387 965 423 cessasset,
988 386 1044 415 aut
1065 392 1115 414 va-

377 442 435 476 riis
460 440 580 472 artibus
604 438 801 477 eluderetur,
819 441 873 469 aut
895 434 1025 468 aliunde
1049 444 1117 466 me-

378 495 440 528 lius
457 491 595 526 obtineri
613 492 750 530 valeret,
770 489 849 533 quin
869 488 966 521 etiam
990 497 1116 520 eorum-

379 547 453 579 dem
486 544 647 577 sociorum
674 543 707 575 in
732 540 881 585 capitulis
906 539 1114 583 generalibus

379 599 598 631 interventum
623 594 853 634 electionibus,
880 592 1017 635 aliisque
1039 591 1116 624 aeti-

379 652 440 685 bus
464 649 586 682 ibidem
610 647 680 681 fleri
712 647 836 686 solitis,
866 644 1041 688 quominus
1065 652 1117 676 re-

381 708 430 736 cte
455 706 552 746 atque
578 700 693 733 ordine
726 698 859 737 fierent,
890 697 1026 730 multum
1060 695 1117 727 im-

381 754 570 800 pedimenti,
595 758 690 796 atque
715 750 971 796 perturbationis
988 748 1118 782 invehe-

382 819 431 842 re:
458 817 527 847 neS,
549 807 599 839 die
618 816 669 839 xvi
693 804 801 837 martii
826 802 971 847 proxime
990 806 1119 845 praete-

382 860 445 901 riti,
471 859 602 892 attentis
631 857 816 901 praemissis
832 883 839 897 ,
867 855 1003 898 aliisque
1027 853 1117 886 iustis

384 915 424 948 de
449 913 553 947 causis
576 912 719 945 animum
736 915 883 943 nostrum
902 907 1117 947 moventibuS,

385 976 534 1011 expresse
558 964 788 1003 mandavimus,
806 968 849 1003 ut,
868 961 1036 995 occasione
1058 964 1120 992 tarn

385 1019 516 1063 capituli
532 1017 694 1061 generalis
713 1021 789 1049 tunc
803 1016 843 1049 de
860 1014 1008 1058 proximo
1026 1023 1119 1057 quam

385 1073 519 1106 aliorum
556 1078 836 1113 quorumcumque
868 1068 901 1100 in
924 1070 1120 1110 perpetuum

385 1122 662 1162 celebrandorum,
677 1122 863 1154 nullatenus
876 1130 893 1152 a
909 1118 1120 1152 conventibus

386 1177 490 1210 dictae
515 1174 780 1217 Congregationis
810 1173 1001 1205 Mantuanae
1027 1171 1121 1204 deve-

386 1230 512 1263 niretur
531 1228 571 1260 ad
588 1227 782 1260 electionem
801 1225 973 1266 sociorum,
990 1230 1032 1266 et,
1051 1236 1121 1268 qua-

389 1287 481 1314 tenus
504 1290 564 1324 pro
589 1285 667 1312 tunc
690 1278 872 1311 imminenti
898 1278 1030 1311 illorum
1056 1278 1123 1311 ele-

388 1334 452 1368 ctio
477 1338 590 1367 secuta
615 1332 738 1371 fuisset,
764 1331 811 1364 sic
836 1331 932 1364 electi
956 1341 1021 1364 non
1046 1341 1122 1374 pos-

388 1391 461 1420 sent
496 1386 534 1419 ad
567 1385 645 1418 illud
683 1395 718 1417 se
743 1384 933 1424 transferre,
960 1388 993 1417 et
1016 1383 1041 1416 si
1067 1383 1122 1427 qui

389 1439 430 1473 ad
455 1440 561 1472 locum
590 1448 650 1481 pro
676 1437 791 1471 eodem
816 1437 959 1480 capitulo
985 1436 1124 1470 destina-

390 1498 456 1525 tum
481 1491 545 1524 iam
569 1500 602 1523 se
631 1490 863 1530 contulissent,
889 1489 921 1522 in
947 1499 984 1523 eo
1013 1488 1124 1522 suss'ra-

392 1544 460 1587 gari
478 1543 611 1576 minime
628 1543 786 1582 valerent,
805 1541 866 1575 sub
883 1542 997 1584 poenis
1014 1546 1125 1574 contra

392 1595 585 1629 facientibus
605 1594 794 1638 privationis
812 1593 999 1634 officiorum,
1022 1605 1059 1627 ac
1071 1604 1125 1627 vo·

392 1649 437 1681 cis
461 1647 580 1680 activae
599 1652 631 1680 et
654 1647 812 1690 passivae,
830 1646 968 1690 aliisque
993 1646 1125 1680 arbitrio

392 1706 502 1735 nostro
518 1700 733 1743 imponendis,
748 1704 780 1732 et
800 1700 886 1740 alias,
905 1705 1004 1743 prout
1023 1699 1055 1733 in
1072 1700 1128 1732 de-

393 1758 482 1787 creto
509 1753 650 1795 desuper
675 1753 763 1784 iussu
788 1757 901 1785 nostro
927 1752 979 1785 die
1004 1752 1129 1796 praedi-

396 1808 446 1839 cta
470 1805 642 1849 expedito,
669 1804 758 1838 cuius
781 1809 925 1837 tenorem
950 1806 1130 1848 praesenti-

396 1859 456 1892 bus
480 1868 539 1901 pro
563 1859 659 1901 plene
697 1862 728 1890 et
759 1857 955 1891 sufficienter
979 1868 1130 1901 expresso

399 1917 431 1944 et
446 1911 569 1944 inserto
587 1909 702 1943 haberi
722 1910 883 1951 volumus,
905 1910 1036 1943 uberius
1054 1921 1132 1944 con-

399 1964 533 1998 tinetur.

443 2018 458 2061 ᾗ
490 2017 521 2050 2.
556 2017 632 2051 Cum
662 2021 770 2050 autem
796 2017 899 2060 (sicut
930 2017 1131 2060 accepimus)

400 2070 572 2105 novissime
597 2069 808 2113 praeteritum
833 2070 1010 2113 capitulum
1035 2080 1134 2113 gene-

401 2124 468 2157 rale
485 2123 648 2167 praefatae
661 2122 927 2165 Congregationis
944 2123 1133 2156 Mantuanae

401 2176 537 2209 subinde
568 2176 688 2219 absque
719 2176 878 2209 dictorum
903 2176 1063 2209 sociorum
1087 2176 1134 2208 in-

403 2234 545 2261 terventu
563 2229 649 2261 iuxta
663 2228 907 2272 dispositionem
924 2228 999 2261 dicti
1015 2229 1134 2262 decreti

403 2282 503 2314 nostri
528 2282 725 2314 celebratum
751 2282 856 2320 suerit,
876 2282 1018 2324 indeque
1043 2292 1134 2324 expe-

402 2334 519 2366 rientia
547 2335 713 2376 cognitum
743 2335 785 2366 sit
813 2334 913 2377 ipsius
937 2334 1057 2367 decreti
1083 2334 1135 2367 ob-

404 2386 617 2419 servationem
646 2387 750 2419 eidem
774 2387 1024 2430 Congregationi
1054 2388 1137 2420 mul-

405 2444 469 2471 tum
484 2440 689 2471 emolumenti
704 2445 798 2483 atque
815 2440 964 2473 utilitatis
979 2440 1136 2479 attulisse,

406 2502 441 2523 ac
466 2492 601 2533 proinde
629 2492 717 2524 liu-ile
739 2493 861 2534 sperari
887 2493 997 2535 possit,
1017 2493 1137 2525 camin

444 2553 454 2580 1
478 2552 542 2580 Male
562 2552 623 2578 edit·
645 2552 722 2579 Malu.
745 2553 807 2588 legit
825 2554 962 2589 adserunt
982 2554 1019 2588 (n.
1040 2553 1087 2588 T.).

954 176 1133 202 BULLARIUM
1157 175 1310 200 nonnum

1153 224 1294 256 futurum
1312 232 1442 267 quoque
1459 232 1526 256 non
1541 220 1651 256 minus
1664 223 1778 257 utilem
1792 228 1891 267 atque

1154 275 1334 319 proficuam
1357 275 1445 308 sore:
1472 274 1550 308 hinc
1571 279 1620 307 est
1644 276 1728 318 quod
1752 286 1820 318 nos,
1837 276 1892 309 sir-
1913 277 1923 321 J

1154 328 1249 361 miori
1275 327 1420 360 eiusdem
1446 327 1568 360 decreti
1600 327 1821 361 stabilimento
1853 339 1891 361 ex
1913 339 1916 345 ¹

1155 380 1345 414 commissae
1369 380 1464 413 nobis
1486 380 1621 413 caelitus
1641 380 1892 424 dispensationis

1155 443 1291 466 munere
1305 432 1488 476 providere,
1500 443 1536 465 ac
1546 438 1745 466 memoratae
1757 433 1894 476 Congre-

1156 486 1296 529 gationis
1314 485 1492 519 commodis
1511 490 1543 519 et
1557 486 1768 527 utilitatibus,
1791 497 1894 530 quan-

1157 544 1225 572 tum
1241 539 1337 572 nobis
1359 549 1396 573 ex
1414 540 1479 573 alto
1498 539 1705 579 conceditur,
1722 541 1894 573 consulere
1910 550 1914 564 1

1157 592 1345 635 cupientes,
1378 597 1469 625 motu
1493 592 1629 635 proprio
1644 619 1651 633 ,
1683 603 1721 626 ac
1745 603 1781 625 ex
1806 595 1895 626 certa

1158 643 1293 678 scientia
1318 649 1350 678 et
1365 646 1490 677 matura
1503 644 1739 678 deliberatione
1763 646 1893 687 nostris,

1159 696 1264 740 deque
1281 696 1479 740 apostolieae
1495 697 1664 740 potestatis
1677 694 1906 741 plenitudines}

1159 759 1200 782 ne
1219 749 1257 782 de
1278 753 1397 789 cetero,
1423 748 1655 792 cuiuscumque
1681 750 1816 793 capituli
1841 761 1903 793 ge-·

1159 801 1281 834 neralis
1305 801 1408 834 dietae
1425 801 1691 844 Congregationis
1707 801 1897 835 Mantuanae

1160 863 1219 896 pro
1238 858 1382 897 tempore
1399 854 1586 886 celebrandi
1610 854 1792 894 occasione,
1813 855 1897 887 eius-

1161 906 1247 939 modi
1272 906 1349 939 socii
1370 917 1387 939 a
1404 906 1617 940 conventibus
1635 906 1739 950 ipsius
1757 907 1898 950 Congre-

1162 958 1301 1001 gationis
1337 959 1404 992 ullo
1435 959 1532 991 modo
1563 959 1745 1001 eligantur,
1770 970 1833 993 nec
1857 960 1899 993 ad

1162 1011 1339 1054 capitulum
1364 1012 1516 1054 generale
1541 1011 1729 1045 huiusmodi
1746 1022 1806 1055 pro
1823 1012 1912 1045 tem-'³

1162 1073 1242 1106 pore
1275 1064 1504 1096 celebrandum
1536 1064 1711 1104 accedere,
1737 1064 1770 1096 in
1795 1074 1898 1107 eoque

1162 1114 1328 1158 suffragari
1343 1116 1485 1148 audeant
1497 1116 1609 1159 quovis
1623 1117 1731 1157 modo,
1744 1122 1799 1149 seu
1810 1127 1901 1160 prae-

1164 1174 1315 1211 sumant,
1353 1169 1412 1202 sub
1437 1169 1628 1212 privationis
1660 1169 1839 1202 officiorum
1862 1180 1900 1202 ac

1163 1222 1248 1255 vocis
1274 1222 1393 1255 activae
1419 1226 1452 1254 et
1477 1220 1627 1264 passivae
1659 1232 1718 1264 per
1741 1222 1902 1255 contrafa-

1164 1274 1288 1307 cientes
1317 1274 1388 1317 ipso
1414 1273 1498 1306 sacto
1523 1273 1645 1316 absque
1670 1273 1733 1306 alia
1758 1274 1902 1308 declara-

1166 1328 1252 1361 tione
1288 1327 1497 1368 incurrendfi,
1528 1326 1664 1370 aliisque
1696 1331 1808 1360 nostro
1843 1337 1902 1360 seu

1165 1391 1224 1424 pro
1249 1386 1394 1423 tempore
1419 1379 1589 1413 existentis
1614 1379 1749 1412 Romani
1774 1379 1903 1413 Pontifi-

1166 1434 1210 1467 cis
1235 1433 1369 1467 arbitrio
1394 1432 1601 1476 imponendis
1626 1432 1760 1475 poenis,
1787 1438 1902 1466 tenore

1166 1486 1406 1530 praesentium,
1439 1490 1597 1529 perpetuo
1628 1484 1842 1529 prohibemus
1870 1489 1903 1518 et

1167 1539 1407 1573 interdicimus.

1211 1595 1226 1637 g
1251 1593 1282 1627 3.
1308 1593 1528 1626 Decernentes
1554 1596 1685 1625 easdem
1713 1596 1901 1636 praesentes

1169 1648 1291 1681 litteras
1311 1652 1343 1680 et
1365 1647 1398 1679 in
1423 1647 1469 1680 eis
1494 1651 1647 1679 contenta
1671 1656 1903 1689 quaecumque,

1171 1700 1267 1733 etiam
1292 1710 1330 1733 ex
1355 1710 1392 1733 eo
1418 1700 1504 1743 quod
1535 1699 1731 1742 quicumque
1755 1699 1788 1731 in
1812 1709 1905 1742 prae-

1170 1753 1275 1786 missis
1314 1754 1471 1786 interesse
1503 1753 1661 1785 hahentes
1693 1762 1750 1785 seu
1781 1752 1905 1784 habere

1172 1806 1417 1849 quomodolibet
1451 1805 1701 1848 praetendentes
1738 1804 1802 1837 illis
1840 1815 1905 1838 non

1173 1858 1407 1898 consenserint,
1424 1868 1483 1890 nec
1503 1858 1542 1890 ad
1558 1868 1595 1890 ea
1619 1857 1722 1890 vocati
1744 1862 1775 1890 et
1793 1857 1905 1898 auditi,

1173 1922 1234 1945 nec
1250 1911 1393 1952 causae',
1409 1916 1544 1954 propter
1555 1921 1633 1954 quas
1654 1911 1741 1953 ipsae
1760 1921 1908 1954 praesen-

1176 1969 1222 1997 tes
1247 1964 1437 2003 emanarint,
1457 1963 1655 1996 susficienter
1672 1964 1840 2003 adductae,
1859 1973 1909 1995 ve-

1175 2017 1316 2050 rificatae
1341 2018 1390 2050 vel
1416 2016 1604 2049 iustificatae
1630 2016 1768 2055 suerint,
1792 2021 1847 2048 aut
1871 2026 1909 2048 ex

1175 2071 1238 2103 alia
1261 2070 1418 2113 qualibet,
1446 2070 1543 2102 etiam
1569 2069 1772 2112 quantumvis
1796 2069 1909 2101 iuridi-

1175 2126 1219 2163 ea,
1245 2124 1297 2166 pia
1323 2128 1354 2156 et
1378 2123 1578 2166 privilegiata
1598 2125 1704 2162 causa,
1726 2127 1908 2165 praetextu,

1176 2178 1283 2209 colore
1300 2178 1349 2209 vel
1373 2176 1488 2219 capite,
1514 2176 1609 2208 etiam
1626 2176 1659 2208 in
1678 2185 1812 2218 corpore
1830 2175 1910 2207 iuris

1175 2230 1296 2269 clauso,
1324 2229 1419 2261 ctiam
1445 2229 1596 2268 enormis,
1614 2228 1858 2261 enormissimae
1880 2232 1912 2260 et

1177 2282 1283 2315 totalis
1309 2281 1473 2320 laesionis,
1493 2282 1584 2314 nullo
1609 2291 1751 2323 unquam
1765 2285 1911 2323 tempore

1178 2335 1217 2368 de
1235 2334 1464 2377 subreptionis,
1477 2334 1527 2366 vel
1542 2332 1756 2376 obreptionis,
1770 2337 1825 2364 aut
1841 2334 1913 2365 nul-

1178 2387 1276 2421 litatis
1300 2387 1389 2427 vitio,
1416 2397 1472 2419 seu
1496 2385 1684 2418 intentionis
1711 2391 1840 2417 nostrae
1858 2389 1913 2417 aut

1179 2440 1337 2472 interesse
1369 2438 1559 2471 habentium
1590 2448 1784 2476 consensus,
1810 2437 1912 2470 aliove

1179 2493 1346 2536 quolibet,
1373 2492 1469 2524 etiam
1502 2490 1706 2534 quantumvis
1739 2500 1856 2533 magno
1881 2495 1914 2524 et

1217 2554 1227 2580 1
1251 2553 1320 2583 Edit.
1342 2553 1419 2579 Main.
1440 2551 1504 2588 legit
1522 2560 1609 2579 causa
1629 2556 1666 2585 (a.
1682 2554 1731 2584 T.)-

1898 177 1948 205 Αῂ,
1965 177 1992 205 Ο.
2017 179 2080 211 ¹682

1938 1599 2055 1622 Clausulu.
