2111 3157
0 190 19 210 2„
35 181 63 209 c.
87 179 154 210 1633,
744 179 954 204 lNSociiNilt'S
977 179 1006 203 xi
1033 180 1081 203 rr.
1557 168 1618 202 709
1665 177 1714 205 Λη.
1730 177 1757 206 C.
1782 178 1849 203 4688
1873 174 1875 178 “

156 232 245 262 inero
271 232 417 261 votorum
442 228 611 261 sufficienti
637 233 668 260 et
692 227 886 265 necessario,
928 232 994 266 est3
1017 232 1082 265 aut,
1100 226 1124 259 si
1147 227 1225 260 ratio
1244 227 1385 265 suadeat,
1405 225 1483 259 duos
1509 231 1562 258 aut
1587 226 1661 268 plu-

156 281 275 315 nullam
291 286 459 324 praeterea
476 281 552 314 dare
569 281 696 324 possint
714 280 808 313 aliam
826 280 886 312 ele·
928 289 979 311 res
1004 280 1057 322 qni
1083 289 1146 312 non
1182 279 1246 312 sint
1281 280 1348 312 dies
1384 279 1467 311 sesti.
1494 278 1558 311 Noc
1588 278 1660 311 sine

156 333 316 374 ctioneni;
335 344 399 377 quo
416 345 490 366 casu
511 334 730 376 contingente,
747 333 887 365 scriben-
929 332 1063 365 termino
1089 332 1275 365 huiusmodi
1304 338 1359 365 aut
1379 331 1524 365 terminis
1548 331 1660 365 confir-

156 385 230 418 dum
257 392 331 419 tunc
366 386 428 418 erit
462 390 564 419 totum
595 385 766 428 negocium
799 395 886 417 reve·
927 390 1014 417 ment
1037 385 1187 423 electum,
1215 385 1341 418 etiamsi
1367 390 1541 417 conventus
1565 385 1660 417 aliter

153 438 255 472 rendo
280 438 363 481 patri
386 438 588 478 Carthusiae,
616 437 669 481 qni
691 449 761 471 cuni
781 437 885 470 consi·
928 437 1069 473 instaret,
1094 448 1164 469 cuin
1190 438 1223 470 in
1248 448 1281 470 re
1304 443 1365 470 tam
1390 438 1486 471 ardua
1512 438 1593 471 nihil
1618 439 1660 471 sit

152 491 196 524 lio
222 491 269 524 sui
286 496 464 525 conventus
480 491 663 535 providebit
685 491 814 524 orbatae
833 490 885 523 do·
927 500 984 531 per
1013 489 1250 522 festinationem
1286 491 1464 532 agendum,
1491 496 1523 523 et
1557 491 1659 523 multa

153 544 218 576 mui
245 543 283 577 de
307 550 449 588 pastore.
903 531 905 573 i
926 542 1047 574 interea
1063 543 1165 575 latere
1186 542 1310 585 possint
1327 543 1366 575 de
1384 545 1523 585 persona
1543 544 1657 583 electa,

194 607 298 630 xxxlv.
317 596 416 630 Porro
434 596 459 630 si
477 607 630 630 numerus
649 596 811 629 sufficiens
825 596 883 628 lia·
926 599 978 625 aut.
996 595 1035 627 de
1060 595 1265 634 electoribus,
1283 597 1332 628 vel
1355 596 1455 629 forma
1481 596 1656 636 electionis,

150 649 274 689 beatur,
293 654 324 683 et
341 660 422 682 unus
441 651 530 684 solus
549 650 645 683 suerit
669 650 808 688 electus,
824 659 884 692 pn·
925 657 1005 689 quae
1024 653 1147 679 matura
1171 648 1388 681 consideratio
1418 653 1450 681 et
1472 654 1595 692 tempus
1612 649 1658 682 as·

149 701 323 735 blicabitur
355 713 472 736 nomen
509 703 611 745 ipsius
643 713 713 734 euin
746 713 881 735 numero
925 699 1009 732 serre
1034 710 1071 732 ac
1095 700 1261 733 declarare
1286 706 1451 742 poterunt.

150 760 298 788 votorum
326 766 408 798 quae
433 755 559 787 habuit.
585 754 640 787 Sin
661 756 770 797 plures
789 755 881 787 electi
967 762 1081 785 xxxvu.
1099 752 1223 785 Interea
1241 758 1302 785 tam
1318 754 1543 787 conventuales
1561 765 1655 798 qnam

148 806 278 847 suerint,
304 807 390 840 illius
416 812 539 840 tantum
564 817 683 839 nomen
708 807 882 849 publicabi-
923 804 1165 837 confirmatores
1202 805 1321 838 debent
1353 806 1524 848 diligenter
1553 808 1658 840 consi*-

149 865 201 892 tur
220 859 272 903 qni
290 870 458 892 numerum
481 860 691 892 sufficientem
711 860 879 899 habuerit·,
900 845 903 882 -Ι
922 857 1035 890 derare
1067 862 1099 889 et
1122 868 1298 900 personam
1327 859 1419 891 electi
1455 864 1487 891 et
1521 859 1656 894 sormam

148 917 332 954 ceterorum
356 923 431 945 vero
463 913 729 955 supprimentur:
757 913 812 944 sed
839 918 881 944 ta-
899 888 902 964 g
922 909 1112 943 electionis:
1139 910 1285 950 sormam,
1301 921 1352 943 -an
1378 911 1418 944 sit
1437 921 1593 946 canonice
1612 913 1657 944 l*-

146 974 219 997 men
245 964 355 998 dicent
412 970 468 998 uot
502 965 622 998 suerint
654 965 748 998 simul
785 965 879 998 electi
899 968 901 1002 ἰ
921 967 990 1001 cta;
1017 962 1079 995 erit
1112 968 1216 995 autem
1252 963 1406 996 canonice
1432 965 1513 996 Pacta
1537 965 1564 997 si
1589 976 1657 998 ser-

146 1027 217 1049 cum
242 1027 289 1056 eo,
309 1023 340 1050 et
364 976 443 1060 qiiot
467 1018 603 1061 quisque
621 1023 693 1050 vota
713 1017 879 1050 habuerit:
898 1019 900 1050 ὲ
921 1020 991 1047 vata
1015 1015 1136 1048 suerint
1159 1016 1265 1048 omnia
1300 1027 1382 1058 quae
1408 1016 1439 1048 in
1465 1017 1527 1050 hoe
1551 1018 1656 1060 capite

147 1074 181 1155 gt
206 1079 301 1102 nemo
326 1070 465 1129 aliquan]
500 1071 586 1155 sorte¹
609 1070 708 1155 posisit
732 1054 900 1124 praetem}
922 1068 982 1100 iam
1007 1068 1093 1154 diet?
1117 1074 1201 1108 sunt,
1229 1075 1260 1100 et
1285 1069 1366 1154 {nfra
1391 1069 1557 1155 dicentilirz
1583 1081 1656 1113 per-

170 1131 223 1155 ere
259 1133 454 1166 suspicionis
495 1128 549 1155 aut
587 1124 646 1155 ‘ran
676 1123 699 1155 is
737 1123 880 1156 occasio-
898 1143 899 1156 1
920 1131 1030 1154 sonam
1057 1132 1072 1154 e
1090 1121 1161 1160 ecti,
1187 1132 1225 1154 aii
1252 1122 1321 1154 tais
1346 1122 1407 1161 sit,
1467 1133 1505 1155 na
1524 1132 1573 1155 em
1600 1133 1655 1156 ne-

146 1183 229 1207 nem.
250 1174 350 1208 Porro
370 1186 483 1208 omnes
509 1176 692 1215 schedulae,
708 1182 879 1219 postquam
898 1166 901 1222 i
920 1175 1060 1208 cessario
1079 1185 1148 1207 esse
1166 1175 1286 1207 debere
1304 1185 1401 1218 supra
1416 1133 1655 1220 delscripsimus,

144 1228 246 1261 lectae
273 1228 410 1268 suerint,
439 1229 568 1272 publice
604 1229 723 1262 ibidem
749 1229 879 1262 ccuiilin-
897 1231 899 1250 ³
919 1238 990 1260 cum
1017 1228 1055 1260 de
1080 1228 1313 1270 ineligiliilibus
1335 1234 1497 1271 ageretur.

144 1286 279 1365 gentum
306 1282 550 1366 qnoddsemper
570 1282 664 1315 toties
689 1287 736 1315 est
762 1271 901 1336 facien-J
961 1291 1093 1365 {ixxvnr
1126 1281 1374 1314 Coiisirmatores
1399 1287 1526 1323 autem,
1553 1283 1654 1317 Deum

168 1343 229 1373 um,
271 1339 374 1367 uoties
422 1345 505 1367 enno
531 1345 583 1367 eas
610 1345 643 1367 re
672 1335 713 1367 eti
739 1335 878 1368 eonn'oe-
896 1366 898 1370 ,
919 1334 1056 1366 iuzicem
1099 1344 1151 1367 rae
1171 1334 1271 1367 oculis
1294 1335 1453 1368 habentes
1483 1347 1499 1368 a
1517 1336 1565 1368 via
1584 1337 1637 1369 Dei

144 1385 201 1418 rit:
226 1345 355 1429 iliiisqne
380 1387 565 1426 combustis,
591 1345 674 1419 diczii
697 1388 782 1420 elai-ii
799 1360 877 1420 vobce
896 1383 899 1436 f
918 1397 1026 1420 amore
1058 1344 1256 1430 all³iquorum
1284 1398 1349 1421 non
1375 1362 1576 1430 exorl’ntent,
1602 1364 1653 1424 vei

142 1439 331 1482 principalis
356 1439 561 1472 confirmator
595 1441 757 1472 Habemus
791 1437 897 1483 prio-l
919 1440 1044 1473 timore.
1064 1440 1151 1473 Sicut
1175 1441 1259 1473 enim
1285 1441 1486 1485 praecipitur
1510 1452 1654 1475 convene

142 1501 221 1531 rem,
242 1497 274 1524 et
297 1492 443 1525 nominet.
468 1503 551 1531 euin,
580 1498 610 1524 et
635 1493 763 1525 domum
784 1493 875 1526 cuins
893 1489 897 1559 5
918 1492 1056 1525 tualibus
1095 1493 1287 1526 electionem
1328 1493 1459 1526 samnitis
1492 1498 1525 1526 ut
1563 1495 1650 1527 omni

141 1543 183 1576 sit
206 1544 381 1587 professus,
401 1550 431 1577 et
455 1545 676 1578 obedientiam
703 1556 798 1588 quam
820 1547 896 1581 lia-i
917 1545 1042 1578 meliori
1068 1546 1165 1578 modo
1192 1556 1257 1588 quo
1282 1551 1436 1589 poterunt
1472 1547 1649 1579 secundum

141 1597 206 1636 bet,
231 1597 256 1629 si
281 1596 420 1640 aliquam
446 1603 522 1629 tunc
547 1598 682 1637 haheat,
710 1604 741 1631 et
763 1609 876 1631 nume·
915 1597 1013 1630 Deum
1039 1598 1177 1640 eligant,
1206 1599 1317 1632 eodem
1344 1600 1439 1632 modo
1464 1600 1585 1632 vocatis
1611 1600 1650 1634 ad

141 1661 211 1683 rum
228 1655 375 1683 votorum
401 1661 482 1693 quae
509 1651 680 1690 liabuit‚ut
697 1661 808 1685 omnes
827 1653 875 1684 in·
916 1650 1111 1684 electionem
1135 1651 1299 1694 prioribus
1329 1652 1526 1694 praecipitur
1551 1663 1590 1685 ne
1616 1653 1648 1684 in

143 1703 289 1745 telligant
313 1714 353 1736 an
379 1704 434 1736 ille
467 1714 618 1737 numerus
654 1705 787 1738 excedat
812 1713 1087 1779 me-1pei·soiiaiii
1124 1713 1188 1736 non
1223 1704 1373 1737 idoneam
1410 1705 1553 1738 scienter
1585 1706 1646 1738 ativ-

141 1755 294 1789 dietatem
320 1756 418 1789 totins
442 1763 616 1790 conventus
642 1758 804 1800 eligentis.
892 1787 894 1815 4
915 1757 1043 1799 qnando
1069 1756 1280 1789 concordent.
1300 1756 1367 1789 Non
1391 1757 1587 1790 tenebuntur
1604 1763 1649 1790 ta-

183 1818 271 1842 xxxv.
288 1809 399 1842 Priore
414 1819 521 1842 eoram
537 1810 686 1843 omnibus
707 1810 872 1843 nominato
890 1817 894 1852 1
915 1819 987 1841 inen
1014 1809 1219 1842 considerare
1244 1820 1283 1841 an
1313 1820 1453 1852 persona
1482 1811 1584 1843 electa
1608 1812 1650 1843 sit

141 1866 174 1894 et
196 1861 372 1905 publicato,
391 1862 538 1902 vicarius,
556 1863 615 1895 nisi
642 1863 682 1896 sit
705 1863 874 1896 confirma·
892 1853 894 1879 ³
914 1862 1030 1894 melior
1048 1867 1077 1894 et
1095 1862 1209 1905 aptior,
1229 1873 1323 1905 quam
1348 1862 1454 1895 omnis
1480 1862 1559 1895 alius
1593 1863 1647 1906 qui

141 1919 191 1947 tor
216 1920 268 1947 aut
304 1915 427 1974 electus
455 1916 489 1948 in
513 1916 676 1974 priorem,
701 1917 764 1949 lioc
789 1917 872 1949 enim
891 1902 894 1922 '
915 1920 989 1946 tunc
1013 1914 1172 1973 potuisset
1196 1915 1294 1957 eligi‘,
1322 1916 1377 1948 sed
1404 1917 1506 1949 Solum
1532 1926 1571 1948 {⁸1¹
1591 1917 1647 1949 ha-

139 1977 213 2000 casu
229 1969 379 2026 tranSibit
395 1969 427 2027 id
446 1969 541 2027 ost‘icii
561 1970 598 2002 ad
622 1980 693 2002 eum
713 1970 765 2012 qni
784 1981 873 2003 exer·
889 1958 895 2025 J
912 1968 988 2000 beat
1004 1968 1125 2025 aliquid
1147 1968 1411 2025 impedimentum
1430 1979 1541 2001 eorum
1563 1979 1645 2012 quae

139 2025 190 2078 cet
207 2020 346 2054 officium
364 2026 565 2064 antiquioris,
591 2022 675 2054 dicat
691 2022 776 2055 clara
795 2034 871 2056 voce
891 2038 894 2074 1
913 2031 1008 2063 supra
1032 2020 1071 2053 de
1097 2021 1332 2063 ineligibilibus
1361 2021 1464 2064 posita
1496 2027 1580 2054 sunt.
1613 2021 1645 2055 Si

86 2082 90 2087 ²
140 2082 205 2105 sic:
236 2073 468 2106 «venerabiles
488 2080 595 2117 patres
615 2075 870 2128 confirmatores,
891 2076 892 2106 l
913 2079 1016 2106 tainen
1043 2075 1165 2106 electus
1192 2078 1276 2106 esset
1306 2073 1398 2113 talis,
1431 2075 1515 2117 quod
1541 2075 1644 2107 mani-

139 2135 196 2159 nos
214 2127 448 2185 conventuales
472 2126 611 2184 petimus
636 2137 653 2159 a
677 2128 792 2161 vestris
814 2140 871 2172 pa·
890 2125 892 2183 ζ
913 2126 990 2158 feste
1006 2131 1131 2169 pateret
1149 2126 1237 2158 illum
1257 2136 1326 2158 esse
1344 2127 1532 2160 notabiliter
1549 2132 1645 2160 trans

139 2179 363 2217 ternitatibns,
389 2184 578 2264 alnetomtatfe
603 2179 658 2212 Dei
684 2185 716 2213 et
740 2182 870 2224 capituli
890 2204 891 2209 ,
912 2189 1093 2263 grossiorem
1119 2180 1343 2263 oblservantiiie
1369 2180 1549 2222 regularis,
1569 2186 1644 2214 tunc

138 2231 238 2264 nostri
301 2241 398 2264 encra
415 2231 440 2264 is
495 2232 677 2264 conirmari
718 2233 794 2265 nobi
840 2234 845 2239 '
890 2228 974 2265 'non
1017 2233 1156 2264 ebentta
1173 2243 1221 2264 ein
1240 2232 1412 2265 confirmat·
1438 2258 1444 2264 .
1487 2243 1504 2264 u
1601 2233 1607 2239 ”

139 2242 402 2326 prioremgliuiiis
427 2258 541 2317 domus
574 2244 871 2329 νθηεναῦὶὶυῑηδρῖηιῖ
889 2276 892 2301 ¹
911 2285 1068 2327 regularis
1104 2285 1311 2317 observantia
1347 2286 1387 2317 sit
1415 2232 1643 2324 {hffqffigtmg

139 2343 218 2370 trem
235 2337 396 2370 dominum
412 2337 448 2370 N.
465 2338 642 2379 professum
663 2338 776 2371 domus
791 2339 866 2372 N.».
889 2322 893 2369 i
912 2339 1058 2382 personis
1088 2338 1189 2371 nostri
1219 2338 1355 2371 instituti
1381 2318 1560 2372 exercenda
1576 2367 1583 2380 ,
1608 2344 1644 2373 ut

182 2399 283 2423 xxxw.
296 2390 511 2423 Postulatione
525 2391 616 2428 Pacta,
627 2391 868 2424 confirmatores
911 2402 968 2434 per
993 2392 1123 2424 sormam
1149 2390 1357 2433 professionis
1382 2396 1477 2434 patet,
1500 2392 1550 2434 qui
1583 2392 1644 2425 hu-

139 2442 346 2484 assignabunt
376 2442 545 2476 terminum
571 2443 608 2475 ad
635 2445 867 2486 opponendum
910 2445 1046 2477 iusmodi
1074 2443 1311 2476 observantiam
1328 2454 1392 2476 non
1415 2444 1564 2485 haberet,
1584 2455 1644 2478 nec

137 2501 248 2553 contra
273 2496 443 2552 electionis
477 2496 608 2553 sormam
640 2501 673 2528 et
696 2507 867 2539 personam
909 2499 946 2530 acl
974 2508 1043 2529 eam
1068 2496 1257 2535 afficeretur,
1275 2507 1338 2529 non
1357 2501 1440 2529 esset
1463 2497 1642 2540 probabilis

137 2548 252 2588 electi,
283 2548 368 2581 diem
391 2548 543 2582 videlicet
565 2559 663 2581 unum
679 2575 686 2589 ‚
714 2549 767 2594 qui
793 2550 867 2583 satis
909 2561 980 2593 spes
1006 2549 1092 2593 qnod
1118 2559 1187 2582 eam
1213 2559 1418 2591 conservare,
1442 2560 1560 2593 augere
1590 2551 1640 2585 vel
