2111 3157
0 231 37 251 tn.
56 223 84 249 C.
104 222 170 248 1686

753 221 966 245 INNOCENTIUS
989 221 1017 244 xl
1043 222 1091 245 PP-

177 270 315 309 crimen,
351 271 400 302 vel
440 280 500 313 per
536 270 667 312 aliquod
706 269 902 307 scandalum,

177 322 208 354 in
242 322 430 354 exercitium
469 323 659 355 missionum
697 322 814 360 datum,
850 331 904 353 seu

176 385 234 418 per
270 376 507 408 excusationem
523 402 530 416 ,
558 386 619 418 qua
635 402 642 415 ,
669 375 739 407 sine
764 373 905 416 legitima

175 429 270 460 causa
295 439 310 460 a
337 428 484 461 discretis
508 427 725 471 approbanda,
746 437 779 459 se
797 437 814 459 a
838 426 906 458 mis-

175 480 331 521 sionibus,
356 480 443 513 iuxta
474 481 709 524 praescriptum
737 478 905 522 guardiani

173 533 224 565 vel
260 533 473 565 comm1ssarii
510 532 699 565 missionum
735 530 902 570 faciendis,

174 585 385 624 excusaverit,
411 590 465 617 aut
487 595 546 628 per
570 585 731 617 desectum
749 583 780 615 in
799 583 905 615 obser-

172 638 299 670 vatione
317 638 535 681 praesentium
556 642 748 670 statutorum
769 641 798 669 et
815 636 903 679 pacis

173 691 339 723 seminarii
372 701 407 723 ac
437 691 563 723 decoris
599 690 742 723 exercitii
776 699 905 722 conser-

172 743 301 775 vatione
326 742 553 782 commissum,
591 752 646 774 seu
682 751 741 785 per
764 742 903 784 aliquam

171 795 351 828 vocationis
381 795 653 834 mutabilitatem,
680 804 765 837 qua,
805 794 904 826 tribus

172 847 331 880 distinctis
362 847 495 887 vicibus,
533 847 566 879 in
603 847 706 879 trihus
744 845 903 879 distinctis

170 899 346 938 mensibus,
360 899 494 942 aspiciat
510 904 606 939 retro,
622 903 654 931 et
667 904 807 931 aratrum
821 899 903 931 velle

175 952 337 986 dimittere
362 963 428 985 non
462 952 643 993 erubescat,
674 963 710 985 ac
743 952 862 985 exitum
888 963 904 984 a

170 1005 342 1038 seminario
368 1006 519 1049 amplecti
546 1016 610 1039 non
639 1006 825 1044 abhorreat,
853 1004 903 1037 et¹

170 1058 336 1091 consortio
355 1059 578 1101 operariorum
595 1058 706 1091 vineae
720 1057 846 1090 Domini
862 1058 904 1089 in-

171 1110 287 1153 dignus
306 1110 482 1152 efficiatur,
513 1111 551 1144 de
582 1121 744 1144 consensu
772 1110 903 1143 maioris

168 1162 271 1206 partis
297 1163 478 1196 discretorii
513 1163 552 1195 ad
587 1163 751 1206 propriam
777 1162 905 1205 provin-

170 1216 251 1248 ciam
277 1216 472 1256 remittetur,
497 1216 607 1259 ibique
637 1227 654 1248 a
680 1215 902 1259 superioribus

170 1270 229 1301 sub
262 1269 384 1303 eisdem
416 1269 542 1312 poenis,
577 1270 635 1302 sub
661 1269 777 1312 quibus
803 1268 904 1300 licen-

168 1321 240 1354 tiari
266 1322 391 1362 debuit,
417 1321 534 1355 iterum
560 1322 746 1365 recipiatur,
775 1327 804 1354 et
829 1332 903 1363 poe-

168 1375 218 1408 nis
243 1375 275 1407 in
300 1375 428 1407 statutis
462 1380 572 1407 contra
607 1376 831 1418 incorporatos
871 1374 901 1406 in

170 1427 276 1460 atiena
299 1427 464 1470 provincia
489 1434 518 1460 et
536 1428 651 1460 iterum
672 1427 845 1461 redeuntes
864 1427 902 1459 ad

167 1480 336 1523 propriam
358 1481 518 1513 contentis
544 1481 726 1520 subiaceat,
748 1486 787 1519 et,
807 1480 831 1511 si
855 1490 902 1512 rc-

166 1532 301 1575 ligiosus
326 1532 486 1575 Hispanus
513 1533 615 1573 suerit,
636 1538 668 1565 et
686 1543 701 1564 a
726 1532 900 1565 seminario

166 1584 200 1618 in
226 1585 385 1617 indiarum
412 1585 554 1628 partibus
579 1585 734 1618 existente
761 1586 902 1628 expella-

169 1642 229 1677 tur,
256 1637 283 1669 ci
306 1638 507 1680 avsuperiore
526 1638 669 1680 generali
688 1638 813 1671 illarum
832 1649 903 1680 par-

166 1692 247 1724 tium
265 1692 372 1735 aliqua
390 1692 552 1735 provincia
574 1692 766 1734 assignetur,
789 1692 819 1724 iu
841 1703 902 1735 qua

168 1743 268 1777 dictas
292 1755 414 1788 poenas
441 1745 565 1785 subeat,
583 1750 614 1777 et
644 1754 743 1787 usquc
763 1745 800 1776 ad
824 1750 901 1777 tem-

166 1806 236 1840 pus,
261 1797 293 1829 in
313 1808 388 1840 quo,
408 1797 495 1830 iuxta
515 1803 630 1830 statuta
655 1797 830 1840 generalia,
849 1796 902 1829 lli-

167 1849 313 1893 spaniam
339 1850 447 1883 venire
478 1850 592 1892 possit,
619 1854 848 1888 conservetur;
875 1849 900 1880 si

167 1908 272 1936 autem
297 1903 440 1935 habitum
465 1903 496 1934 in
524 1902 698 1935 seminario
730 1902 899 1946 receperit,

167 1955 211 1988 ibi
251 1955 401 1988 omnibus
447 1955 638 1998 prudentiae
683 1955 900 1988 conformibus

167 2008 280 2042 mediis
317 2008 512 2050 corrigatur,
546 2012 600 2048 et,
631 2007 655 2040 si
681 2018 740 2051 per
764 2014 902 2050 quatuor

168 2071 268 2094 annos
299 2060 528 2102 incorrigibilis
554 2060 817 2102 perseveraverit,
848 2071 902 2092 su-

167 2113 278 2156 perior
310 2112 492 2155 generalis,
530 2112 712 2145 admonitus
745 2124 761 2145 a
786 2113 899 2145 maiori

168 2171 260 2209 parte
281 2166 473 2205 discretorii,
496 2165 585 2198 illum
604 2166 635 2197 in
657 2165 762 2209 aliqua
783 2176 818 2198 ex
838 2166 901 2198 suis

167 2217 344 2262 provinciis
370 2218 548 2258 constituat,
575 2223 609 2250 ut
627 2228 644 2250 a
661 2219 815 2260 pestifera
832 2229 900 2251 con-

167 2271 298 2314 tagione
324 2272 500 2314 evangelici
527 2272 676 2311 ministri,
699 2272 752 2315 qui
772 2273 816 2304 sal
839 2277 901 2305 ter-

168 2334 222 2357 rac
256 2330 288 2357 ct
323 2324 373 2356 lux
409 2324 520 2356 mundi
558 2334 592 2356 ac
628 2324 773 2356 civitates
805 2335 900 2368 supra

167 2382 307 2409 montem
337 2376 460 2419 positae
494 2387 564 2409 esse
593 2376 732 2416 debent,
764 2377 900 2420 provide

168 2429 360 2464 liberentur.
400 2429 602 2462 Guardianus
638 2440 709 2462 cum
745 2431 902 2473 approba-

169 2481 257 2514 tione
283 2482 494 2515 discretorum
520 2492 578 2525 per
602 2481 751 2524 suffragia
776 2489 902 2516 secreta

169 2534 289 2578 poterit
312 2534 447 2568 novitios
472 2535 554 2567 intra
571 2534 773 2578 praedictum
791 2546 901 2569 nume-

169 2592 171 2595 *
206 2596 217 2624 ¹
240 2596 379 2624 Coniunct.
402 2599 428 2624 et
448 2605 495 2625 nos
515 2597 636 2625 addimus
656 2598 691 2633 (n.
713 2597 760 2633 r.).

1568 212 1634 244 ⁷717

947 279 1015 300 rum
1044 269 1214 312 recipere;
1242 268 1420 312 recipiendi
1446 273 1569 308 autem,
1595 270 1678 301 ultra

948 322 1118 363 qualitates
1142 322 1173 354 in
1199 322 1325 355 statutis
1350 324 1608 356 ultramontanae
1634 322 1679 354 sa-

947 373 1052 406 miliae
1077 380 1108 406 et
1131 374 1293 407 Indiarum
1318 375 1496 418 respective
1520 374 1679 418 praescri-

947 430 1017 467 ptas
1036 452 1044 466 ,
1083 426 1137 460 tali
1169 427 1306 460 scientia
1343 428 1406 460 sint
1437 427 1595 470 praediti,
1624 432 1677 467 ut,

948 483 1107 512 transacto
1132 485 1214 512 statu
1240 480 1399 520 clericali,
1434 491 1489 513 seu
1526 480 1680 513 chorista-

946 535 1004 570 tus,
1031 531 1125 564 alicui
1151 532 1306 565 exercitio
1330 543 1365 565 ex
1384 532 1461 572 illis,
1481 532 1519 565 ad
1540 538 1681 576 quae,ut

946 583 1136 624 praefertur,
1158 584 1330 617 seminaria
1355 585 1532 626 eriguntur,
1557 590 1625 618 tuto
1650 590 1681 617 et

947 645 1018 667 cum
1043 636 1219 669 animarum
1246 638 1390 680 prosectu
1416 648 1527 670 vacare
1552 639 1679 678 valeat,

947 687 1041 730 eique
1067 689 1204 731 qualitas
1228 695 1260 722 et
1284 690 1440 732 perfectio
1467 690 1560 730 vitae,
1585 701 1681 733 quam

946 741 1091 783 profiteri
1117 743 1298 782 desiderat,
1325 754 1341 775 a
1366 744 1521 785 magistro
1546 743 1681 776 novitio-

946 802 1024 831 rum,
1043 798 1116 825 ante
1131 793 1259 826 habitus
1277 795 1529 836 susceptionem,
1549 801 1680 827 extense

946 845 1142 888 explicetur;
1162 846 1216 888 qui
1237 851 1343 878 autem
1361 847 1550 889 vigesimum
1568 848 1680 880 aetatis

946 909 1066 930 annum
1084 909 1150 931 non
1168 898 1442 942 adimpleverint¹,
1458 899 1489 932 in
1508 899 1680 943 praedictis

946 951 1126 984 seminariis
1147 952 1286 984 novitius
1312 962 1376 984 non
1397 953 1600 992 admittatur;
1621 952 1680 985 nisi

947 1004 1049 1044 aliud,
1075 1015 1133 1047 pro
1160 1005 1221 1037 hoc
1244 1005 1292 1037 vel
1319 1005 1375 1037 illo
1400 1005 1600 1048 recipiendo,
1622 1003 1680 1036 sub

948 1058 998 1090 his
1030 1059 1079 1090 vel
1112 1057 1175 1090 illis
1207 1057 1476 1098 circumstantiis,
1513 1057 1608 1090 alicui
1644 1068 1681 1089 ex

947 1110 1126 1143 seminariis
1158 1115 1221 1142 tam
1249 1110 1364 1143 erectis
1390 1121 1484 1153 quarn
1519 1109 1681 1153 erigendis

946 1163 1024 1195 utile
1057 1173 1092 1195 ac
1124 1162 1299 1205 expediens
1333 1173 1350 1194 a
1382 1163 1548 1206 superiore
1584 1173 1682 1205 gene-

947 1215 1003 1247 rali
1030 1214 1206 1257 respective
1225 1215 1263 1247 de
1282 1225 1415 1247 assensu
1434 1215 1564 1248 maioris
1581 1215 1681 1258 partis

946 1267 1127 1300 discretorii
1152 1267 1325 1310 aliquando
1345 1267 1514 1300 iudicetur.
1542 1268 1681 1301 Ulterius

947 1319 1064 1363 poterit
1099 1319 1295 1362 guardianus
1328 1320 1442 1352 fratres
1480 1321 1602 1361 laicos,
1641 1321 1680 1353 dc

945 1382 1076 1405 assensu
1096 1371 1316 1412 discretorum,
1332 1382 1369 1404 ex
1387 1383 1587 1416 quacumque
1608 1384 1682 1417 pro-

946 1424 1060 1464 vincia,
1086 1424 1145 1456 sub
1170 1424 1273 1456 forma
1290 1429 1321 1456 et
1339 1425 1525 1468 receptione
1543 1426 1681 1458 aliorum

945 1478 1188 1512 seminariorum
1205 1479 1368 1519 servanda,
1388 1479 1549 1523 recipere,
1569 1485 1599 1512 et
1618 1486 1680 1512 tam

945 1532 1063 1564 subditi
1104 1543 1198 1575 quam
1225 1532 1409 1575 superiores
1442 1533 1680 1576 praedictarum

945 1585 1181 1628 provinciarum
1199 1585 1259 1617 sub
1275 1585 1397 1618 eisdem
1415 1585 1530 1628 poeuis
1553 1591 1681 1618 tenean-

945 1644 996 1670 tur
1021 1648 1133 1670 eorum
1159 1638 1190 1669 in
1216 1638 1389 1670 seminaria
1418 1638 1587 1671 transitum
1615 1649 1680 1671 non

944 1690 1121 1733 impedire:
1161 1695 1192 1722 at
1231 1690 1303 1722 laici
1346 1690 1525 1733 recipiendi
1563 1691 1681 1724 debent

944 1753 1012 1776 esse
1038 1743 1156 1781 devoti,
1181 1743 1335 1785 probatae
1361 1743 1443 1775 vitae
1476 1748 1509 1775 et
1545 1743 1678 1776 omnino

946 1796 1009 1839 apti
1046 1807 1105 1839 pro
1135 1795 1247 1829 officiis
1273 1808 1290 1828 a
1314 1796 1403 1829 laicis
1440 1797 1472 1829 in
1506 1797 1678 1829 seminario

944 1849 1143 1882 exercendis.
1164 1849 1345 1882 Accedente
1366 1860 1527 1883 consensu
1547 1850 1678 1883 maioris

943 1903 1042 1946 partis
1060 1903 1281 1942 discretorum,
1303 1908 1364 1935 tam
1383 1904 1546 1936 seminarii
1565 1915 1581 1936 a
1602 1915 1677 1947 quo,

943 1967 1037 1999 quam
1063 1956 1227 1988 seminarii
1252 1956 1290 1988 ad
1317 1957 1422 1999 quod,
1448 1957 1598 1999 superior
1623 1967 1677 1999 ge*

944 2009 1062 2042 ncralis
1086 2009 1215 2042 illarum
1242 2009 1390 2052 partium,
1423 2009 1454 2041 in
1487 2009 1603 2052 quibus
1629 2020 1678 2042 se-

944 2062 1078 2094 minaria
1101 2062 1230 2102 suerint,
1257 2062 1419 2105 quoslibet
1447 2062 1618 2105 religiosos
1637 2062 1675 2095 de

944 2125 1008 2147 uno
1025 2115 1058 2146 in
1079 2113 1165 2147 aliud
1181 2114 1391 2147 seminarium
1409 2120 1532 2147 mutare
1554 2116 1673 2155 valeat;

944 2173 975 2200 et
998 2167 1127 2210 quando
1154 2167 1304 2199 transitus
1339 2167 1393 2199 siat
1429 2168 1466 2200 de
1499 2168 1675 2201 seminario

943 2221 975 2252 in
1010 2220 1181 2263 Hispaniae
1218 2220 1361 2262 partibus
1398 2221 1435 2252 ad
1468 2221 1676 2253 seminarium

942 2273 973 2305 in
991 2273 1088 2310 indiis
1105 2273 1255 2312 existens,
1270 2283 1447 2305 consensus
1465 2272 1674 2306 commissarii

942 2325 1102 2367 generalis
1128 2324 1288 2356 indiarum
1322 2325 1353 2356 in
1379 2324 1471 2357 Curia
1499 2325 1675 2358 Matritensi

944 2377 1115 2411 residentis
1133 2383 1163 2410 et
1183 2377 1395 2410 commissarii
1412 2378 1603 2410 missionum
1621 2377 1674 2421 qui

942 2442 1001 2475 pro
1027 2437 1170 2474 tempore
1202 2430 1372 2473 religiosos
1404 2430 1435 2462 in
1468 2431 1573 2464 Indias
1598 2441 1675 2463 con-

943 2485 1058 2516 ducere
1083 2483 1262 2522 curaverit,
1294 2483 1412 2525 absque
1445 2482 1552 2525 aliquo
1587 2483 1672 2523 alio,

943 2535 1087 2576 sufficiet,
1112 2541 1143 2568 et
1168 2545 1227 2568 nec
1252 2535 1425 2568 seminaria
1445 2535 1619 2579 Hispaniae
1644 2541 1674 2582 5³¹.

979 2600 990 2626 1
1013 2598 1102 2627 Potius
1121 2599 1180 2634 lege
1200 2585 1460 2635 adimpleveril‘ffi.
1477 2598 1525 2634 1)

1683 221 1732 246 An.
1752 221 1778 246 C.
1806 221 1870 247 1086
