2111 3157
187 247 240 276 Aa.
256 246 287 275 C.
309 245 376 275 ¹688
421 236 486 271 870

383 295 572 338 relinquunt
588 295 621 327 in
646 292 796 327 domibus
816 290 961 330 visitatis,
981 300 1039 323 nec
1059 290 1118 322 dis-

383 347 489 380 serant
506 357 605 390 usque
622 346 661 378 ad
676 344 861 388 capitulum,
879 343 903 376 si
922 342 989 375 {ieri
1007 343 1116 386 possit,

384 407 420 434 ut
443 409 587 442 congruo
613 404 759 441 tempore
779 396 879 440 possit
897 406 950 428 eas
969 406 1119 428 reveren-

384 454 442 487 dus
466 460 559 498 pater
582 453 706 485 videre.
734 451 770 483 Et
794 455 929 483 caveant
955 460 992 482 ne
1017 448 1116 491 aliqui

383 506 525 540 extranei
559 510 660 538 cartas
693 504 776 547 ipsas
809 503 938 536 videant
965 503 1013 534 vel
1048 501 1116 534 illa-

383 570 452 593 rum
478 559 599 602 copias.

426 623 473 647 Lv.
495 612 694 651 Visitatores‚
714 616 744 643 et
765 621 876 643 eorum
901 608 997 648 socii,
1023 607 1115 640 alteri

381 676 476 710 quam
503 664 679 699 reverendo
705 663 787 708 patri
820 663 868 696 vel
893 660 1117 695 definitoribus

383 719 513 763 capituli
529 719 698 761 generalis,
715 727 876 756 excessus,
890 716 914 749 si
933 726 1013 759 quos
1031 714 1117 747 inve-

381 773 487 806 nerint
512 773 544 805 in
571 772 719 804 domibus
744 780 822 813 quas
846 769 1026 807 visitarunt,
1055 779 1114 800 ma·

381 826 462 859 xime
487 824 652 859 infamiam
679 829 848 866 tangentes
874 832 1087 866 personarum
1104 848 1111 861 ,

379 889 445 912 non
470 879 626 918 revelent,
644 877 722 910 alias
746 877 849 910 sciant
872 886 905 908 se
931 876 969 907 ad
990 875 1114 907 restitu-

380 932 500 966 tionem
526 932 629 964 samae
655 930 770 970 teneri,
789 935 820 962 et
845 928 1055 962 nihilominus
1081 928 1111 960 in

378 985 519 1028 capitulo
540 984 682 1027 generali
697 982 836 1026 graviter
853 982 1041 1025 puniantur.
1061 981 1112 1014 Ca-

377 1044 473 1071 veant
497 1039 592 1072 etiam
623 1048 661 1070 ne
687 1036 833 1069 conversi
859 1041 913 1068 aut
933 1035 1041 1067 donati
1063 1035 1111 1067 vel

377 1091 487 1125 famuli
520 1101 631 1125 eorum
657 1090 768 1134 culpas
794 1094 826 1121 et
850 1088 980 1121 modum
1006 1087 1112 1120 visita-

377 1144 472 1178 tionis
503 1145 673 1178 domorum
706 1143 904 1176 visitatarum
937 1141 1039 1174 sciant
1063 1142 1110 1173 vel

375 1198 551 1241 inquirant,
580 1197 691 1230 aliisve
722 1197 879 1229 revelent.
905 1193 971 1227 Nee
999 1194 1031 1226 in
1061 1194 1112 1226 iti-

376 1261 453 1284 nere
477 1256 530 1284 aut
553 1250 630 1284 alibi
656 1260 764 1283 eoram
801 1248 926 1281 famulis
955 1252 1010 1280 aut
1040 1248 1110 1280 aliis

375 1304 413 1337 de
438 1304 620 1337 defectibus
646 1304 760 1336 domus
785 1302 930 1335 visitatae
962 1302 1011 1335 vel
1038 1312 1112 1345 per-

374 1368 528 1390 sonarum
554 1357 621 1390 eius
646 1366 789 1400 unquam
815 1356 999 1399 loquantur.

418 1421 468 1444 Lv.
495 1411 625 1443 Priores
640 1438 647 1451 ,
674 1415 831 1449 rectores,
857 1414 889 1441 et
912 1407 1020 1440 vicarii
1044 1418 1109 1440 mo·

374 1464 529 1505 nullium,
557 1469 588 1497 et
609 1468 847 1507 procuratores,
872 1472 936 1494 non
963 1461 1110 1494 obstante

375 1529 576 1562 quacumque
601 1517 760 1551 contraria
785 1515 1029 1557 consuetudine,
1055 1515 1111 1548 du-

376 1578 465 1605 rante
490 1572 673 1605 visitatione
700 1581 770 1604 cum
785 1570 1005 1603 visitatoribus
1023 1570 1110 1602 nullo

375 1626 472 1659 modo
498 1625 693 1665 comedant,
722 1624 826 1656 donec
859 1622 993 1656 recitata
1025 1628 1111 1656 carta

376 1680 493 1719 suerit,
514 1689 573 1711 nec
607 1688 717 1711 eorum
751 1677 924 1720 colloquiis
950 1686 984 1709 se
1010 1676 1111 1708 immi-

376 1739 496 1773 sceant,
515 1733 553 1765 ad
574 1731 737 1764 vitandam
763 1741 893 1764 omnem
917 1729 1112 1773 suspicionis

376 1791 492 1826 notam,
507 1786 569 1819 nisi
590 1786 668 1818 tales
693 1790 767 1817 tunc
792 1784 1041 1827 supervenerint
1058 1784 1113 1816 ho-

377 1840 487 1884 spites,
512 1839 638 1883 quibus,
664 1838 784 1871 iudicio
810 1838 1025 1878 visitatorum,
1044 1837 1112 1870 ossi-

377 1894 505 1927 cialium
530 1892 717 1936 praesentia
734 1892 903 1925 commode
923 1891 1034 1934 negari
1048 1901 1111 1924 non

377 1948 492 1993 possit.

421 2011 497 2034 Lv11.
531 1999 717 2033 Visitatores
743 2009 878 2032 munera
910 1998 975 2031 sive
1000 2008 1115 2030 munu-

379 2055 468 2088 scula
489 2053 718 2096 cuiuscumque
739 2051 927 2095 quantitatis
947 2051 996 2083 vel
1017 2050 1114 2093 pretii

380 2119 439 2141 nec
464 2106 620 2150 accipiant
645 2105 743 2148 gratis
768 2106 887 2143 oblata,
907 2115 968 2137 nec
986 2104 1117 2146 exigant

379 2172 444 2194 non
470 2161 577 2193 oblata
608 2170 667 2202 per
699 2170 732 2191 se
767 2159 815 2191 vel
852 2168 910 2201 pcr
942 2156 1116 2200 interposi-

382 2220 443 2247 tam
476 2223 676 2257 quacumque
713 2212 970 2244 dissimulatione
1006 2220 1117 2253 perso-

382 2279 476 2307 nam·‚
506 2266 686 2310 spiritualia
714 2276 841 2308 quoque
869 2263 1026 2297 beneficia
1052 2273 1116 2296 non

383 2320 524 2363 exigant.
540 2319 718 2352 Moderatus
734 2324 839 2350 tamen
856 2327 1024 2360 expensas,
1039 2326 1116 2359 quas

383 2373 541 2406 veniendo
568 2371 713 2411 fecerim,
733 2373 783 2404 vel
810 2371 978 2403 redeundo
1004 2369 1117 2402 facturi

385 2432 468 2466 sunt,
485 2437 524 2458 ne
545 2425 728 2468 sumptibus
745 2424 810 2456 suis
828 2424 976 2463 militent,
991 2432 1118 2464 exigere

387 2483 559 2522 poterunt,
586 2482 616 2511 et
640 2477 725 2510 licite
757 2478 904 2520 recipcre
930 2488 947 2509 a
972 2476 1119 2509 domibus

386 2541 465 2574 quas
490 2530 629 2569 visitant,
654 2530 863 2562 etiamsinon
889 2529 1010 2562 distant
1027 2539 1044 2560 a
1065 2529 1120 2561 do-

386 2584 493 2617 mibus
511 2583 645 2615 visitatis
670 2584 755 2615 ultra
781 2583 861 2615 duas
887 2583 998 2615 dietas.

430 2645 519 2671 Lvtll.
547 2635 646 2669 Porro
663 2663 670 2677 ,
699 2636 828 2679 quando
860 2636 971 2679 plures
1005 2634 1119 2668 doinus

964 242 1144 267 mittamini!
1166 241 1319 267 ROMANUM

1160 290 1312 323 continue
1337 290 1557 324 visitabuntur
1572 319 1579 332 ‚
1611 301 1772 335 expensae
1796 293 1894 327 totius

1161 343 1286 376 itineris
1313 343 1502 377 visitationis
1534 345 1719 378 dividentur
1746 357 1806 389 per
1836 347 1894 380 do-

1161 407 1231 429 mos
1255 397 1409 437 visitatas,
1441 408 1550 430 earum
1576 398 1698 432 scilicet
1722 409 1823 432 onere
1848 399 1895 433 sic

1161 460 1218 492 per
1235 450 1337 483 dictas
1356 450 1471 483 domos
1490 461 1548 494 per
1565 451 1745 484 visitatores
1764 452 1894 495 partito,

1160 508 1193 534 ut
1208 513 1440 546 unaquaequae
1457 504 1579 544 domus,
1599 515 1663 547 quo
1681 505 1779 537 ditior
1794 511 1826 538 et
1845 516 1895 539 re-

1161 555 1279 588 motior
1304 555 1420 595 suerit,
1452 566 1491 589 eo
1520 557 1658 600 amplius
1694 558 1837 591 conferat
1859 558 1894 592 in

1159 608 1284 642 ratione
1311 618 1539 651 expensarum.
1557 608 1648 647 Quod
1675 609 1700 642 si
1726 610 1822 644 unica
1842 611 1896 645 do·

1160 671 1228 693 mus
1262 661 1426 703 visitetur,
1453 662 1557 695 solvat
1588 672 1701 696 omnes
1733 673 1894 707 expensas

1159 713 1258 747 totius
1292 713 1418 747 itineris
1450 713 1483 747 in
1508 713 1616 748 eundo
1648 720 1681 748 et
1710 715 1890 751 redeundo.

1157 766 1214 805 Qui
1233 777 1307 800 vero
1327 767 1488 800 veniendo
1506 767 1544 800 ad
1563 768 1741 811 capitulum
1767 769 1892 813 aliquas

1157 820 1271 853 domos
1297 819 1434 860 visitant,
1454 820 1615 864 accipiant
1639 831 1656 853 a
1680 821 1831 854 domibus
1847 822 1893 856 vi-

1157 873 1259 905 sitatis
1284 883 1441 916 expensas
1459 872 1531 906 illas
1557 873 1720 907 dumtaxat
1744 885 1822 918 quas
1840 885 1894 909 oc-

1155 926 1284 959 casione
1310 925 1503 958 visitationis
1535 926 1673 959 dixerint
1702 936 1736 960 se
1762 927 1889 962 fecisse.

1155 979 1341 1011 Visitatores
1371 979 1468 1011 etiarn
1494 980 1623 1012 domum
1648 978 1835 1014 Carthusiae
1860 986 1892 1015 et

1155 1033 1273 1065 vicinas
1298 1032 1327 1064 ei
1354 1032 1489 1073 domos,
1514 1032 1675 1066 veniendo
1706 1032 1746 1066 ad
1771 1034 1893 1078 capitu-

1155 1086 1219 1118 lum
1244 1086 1292 1117 vel
1318 1084 1503 1125 redeundo,
1528 1095 1658 1128 semper
1681 1085 1830 1128 visitent,
1855 1091 1892 1120 ut

1154 1137 1317 1170 discursus
1344 1143 1373 1170 et
1399 1147 1560 1180 expensae
1585 1137 1795 1178 minuantur,
1827 1138 1891 1173 nisi

1154 1190 1261 1234 aliqua
1286 1200 1457 1232 emergens
1483 1195 1513 1222 et
1539 1190 1671 1223 evidens
1698 1190 1820 1224 utilitas
1836 1196 1892 1224 aut

1155 1243 1327 1275 necessitas
1353 1243 1448 1275 aliter
1479 1243 1662 1285 requireret
1693 1243 1889 1278 faciendum.

1194 1295 1337 1326 Ordinatio
1352 1297 1418 1324 anni
1440 1303 1586 1325 MDCLxXIx
1606 1305 1619 1323 «
1636 1294 1768 1326 visitatio
1788 1296 1891 1327 domus

1153 1345 1321 1375 Carthusiae
1337 1344 1384 1374 fiet
1401 1354 1451 1383 per
1472 1344 1653 1383 deputandos
1674 1344 1799 1382 singulis
1820 1345 1893 1375 vici-

1153 1394 1206 1424 bus
1221 1403 1236 1423 a
1253 1393 1380 1433 capitulo
1395 1393 1523 1431 generali
1534 1393 1613 1422 iuxta
1626 1401 1710 1422 usum
1722 1393 1889 1432 antiquum,

1152 1444 1224 1473 etin
1247 1443 1301 1473 ista
1320 1442 1484 1472 visitatione
1507 1442 1574 1471 tatis
1597 1442 1687 1471 forma
1710 1441 1889 1473 servabitur:

1153 1491 1355 1522 visitatoribus
1366 1491 1524 1530 capitulum
1538 1491 1677 1528 ingressis
1688 1491 1814 1520 vicarius
1825 1491 1891 1522 Car-

1153 1542 1267 1571 thusiae
1289 1541 1368 1571 dicet
1383 1540 1547 1574 Benedicite,
1564 1544 1592 1569 et
1607 1548 1673 1569 curn
1692 1543 1810 1569 ventum
1830 1541 1891 1570 sue-

1153 1590 1190 1620 rit
1204 1590 1239 1620 ad
1255 1589 1505 1629 praecipiendum,
1524 1588 1692 1627 praecipiet,
1711 1588 1843 1618 addendo
1855 1597 1890 1618 ex

1154 1640 1357 1670 commissione
1375 1639 1529 1669 reverendi
1552 1639 1653 1678 patris
1675 1638 1823 1668 Serutinio
1837 1647 1888 1668 au-

1155 1693 1210 1719 tem
1222 1689 1302 1719 iuxta
1318 1697 1428 1718 rnorem
1441 1687 1558 1718 solitum
1572 1687 1706 1726 perfecto,
1724 1687 1890 1717 visitatores

1154 1738 1189 1768 ad
1220 1737 1324 1768 cellam
1346 1736 1498 1767 reverendi
1521 1736 1610 1775 patris
1633 1740 1765 1775 pergent,
1795 1740 1826 1766 ut
1847 1735 1891 1765 illi

1154 1791 1291 1818 contenta
1313 1787 1343 1817 in
1366 1786 1507 1816 scrutinio
1529 1786 1675 1820 reserant,
1699 1785 1839 1824 illumque
1862 1789 1893 1815 ut

1156 1837 1243 1867 moris
1260 1840 1303 1866 est
1318 1836 1348 1866 in
1368 1836 1426 1865 illis
1443 1834 1577 1864 domibus
1594 1834 1723 1872 audiant,
1741 1838 1769 1863 et
1792 1837 1891 1873 postea

1156 1885 1314 1925 procedant
1335 1884 1369 1914 ad
1391 1884 1591 1913 recitationem
1608 1882 1753 1920 scrutinii,
1766 1882 1811 1912 cui
1827 1882 1893 1912 acle-

1156 1938 1224 1964 runt
1252 1942 1374 1969 omnes,
1397 1936 1517 1971 excepto
1548 1931 1707 1960 reverendo
1735 1934 1835 1970 patre3
1859 1940 1892 1960 ea

1157 1992 1223 2012 vero
1246 1992 1318 2021 quae
1341 1981 1533 2011 reverendum
1554 1984 1663 2019 patrem
1687 1978 1891 2017 expectabunt,

1157 2032 1283 2060 reserent
1301 2030 1335 2059 ad
1358 2029 1539 2058 definitorem
1564 2028 1726 2067 praesentis
1749 2027 1891 2066 capituli,

1157 2080 1239 2109 cuius
1262 2079 1316 2108 erit
1338 2087 1456 2107 monere
1479 2077 1671 2106 reverendum
1695 2080 1805 2115 patrem
1829 2076 1892 2115 his,

1158 2137 1231 2167 quae
1252 2127 1308 2156 sibi
1330 2126 1532 2156 convenientia
1555 2124 1741 2154 videbuntur.
1765 2123 1796 2153 ln
1818 2124 1894 2154 ordi-

1158 2176 1325 2206 nationibus
1347 2180 1455 2212 autem,
1472 2174 1496 2203 si
1512 2183 1585 2213 quae
1601 2172 1770 2212 apponenda
1787 2172 1845 2202 sint
1864 2173 1894 2202 in

1159 2227 1238 2255 carta
1257 2224 1432 2254 visitationis
1443 2223 1623 2260 eurinome,
1637 2231 1795 2251 consensus
1814 2230 1895 2250 reve-

1160 2274 1239 2304 rendi
1257 2274 1346 2313 patris
1362 2273 1418 2302 erit
1433 2271 1610 2311 expetendus
1626 2275 1653 2300 et
1675 2270 1893 2309 exprimendus.

1204 2334 1265 2356 Lix.
1293 2323 1438 2355 Ceterum
1458 2321 1660 2360 vestimenta,
1683 2319 1891 2362 equitaturas,

1161 2378 1269 2416 sellas,
1293 2376 1415 2415 sroena,
1441 2374 1588 2413 calcaria,
1614 2383 1678 2405 non
1704 2372 1824 2405 debent
1848 2371 1894 2404 vi-

1161 2430 1311 2462 sitatores
1343 2430 1382 2461 de
1415 2427 1596 2471 sumptibus
1625 2424 1815 2458 visitationis*
1840 2425 1896 2457 ha-

1162 2483 1238 2515 bere
1254 2482 1311 2524 (a),
1331 2481 1390 2513 nisi
1412 2479 1587 2522 contigerit
1612 2488 1687 2511 casu
1711 2476 1834 2520 aliquid
1858 2487 1896 2509 ex

1196 2553 1226 2586 α)
1236 2551 1423 2579 lutollerabilis
1439 2559 1502 2585 ergo
1518 2550 1618 2576 abusus
1633 2552 1714 2583 esset,
1730 2548 1753 2574 si
1767 2547 1818 2575 sub
1833 2555 1897 2583 quo-

1162 2597 1228 2623 libet
1250 2599 1400 2631 praetextu,
1427 2597 1514 2621 vestes
1536 2597 1709 2629 acceptarent
1734 2592 1897 2625 visitatores,

1164 2641 1202 2670 vet
1219 2640 1405 2676 connnissarii,
1421 2639 1475 2668 sive
1500 2639 1579 2668 etiam
1608 2638 1723 2675 pretium
1744 2636 1898 2666 elocutionis

1892 244 1956 273 'Am
1969 244 2002 274 C.
2020 247 2085 278 16³³
