2111 3157
28 199 94 235 stin.
113 196 142 224 c.
158 195 227 224 mss

806 191 1018 217 INNOCENTIL'S
1042 192 1071 215 XI
1098 192 1145 215 PP.

235 248 313 284 aut,
337 243 362 276 si
387 242 472 287 quod
498 242 634 276 celatum
660 247 708 275 est
739 241 899 285 pertineat
929 241 967 274 ad

216 297 388 342 priorem,
409 308 468 341 per
484 297 645 337 vicarium,
672 306 742 329 eum
768 295 966 328 iniunctione

235 350 382 383 salutaris
409 349 640 393 poenitentiae.
663 349 700 381 Et
716 348 740 381 si
759 348 797 381 de
815 348 877 381 hoe
892 358 967 380 con-

234 402 310 436 victi
334 404 384 436 vel
407 403 537 447 publice
570 402 704 436 confessi
738 401 869 441 suerint,
894 411 965 434 cum

235 455 440 488 adiunctione
465 460 587 498 septem
612 454 892 487 abstinentiarum.

278 519 328 542 xv.
346 508 570 542 Verumtamen
596 508 628 541 in
645 512 816 546 conventu,
836 517 891 540 seu
912 518 966 550 pa-

235 561 311 600 lam,
336 560 416 594 nulli
440 560 561 594 crimen
585 561 762 603 imponant,
780 559 866 603 quod
891 570 965 602 pro-

234 613 302 647 bari
328 624 393 647 non
417 614 542 657 possit:
570 624 610 646 ne
632 613 743 646 eadem
769 614 883 655 poena,
903 624 965 655 qua

234 670 400 700 teneretur
431 667 457 700 is
482 667 536 710 qui
561 667 664 699 dietus
694 671 781 698 esset
812 676 906 705 reus,
938 666 962 697 si

233 719 482 753 convinceretur
499 720 538 752 de
558 719 702 759 crimine,
721 719 752 751 in
771 718 962 761 probatione

234 771 420 805 deficientes
440 771 589 805 involvat.
609 771 725 804 Eadem
742 771 832 814 prior
851 782 961 804 eorum

233 824 290 856 sua
313 823 359 856 eis
383 823 573 856 auctoritate
598 822 785 865 praecipiat.

274 885 336 909 xv1.
358 874 498 908 Caveant
521 874 617 907 etiam
643 885 753 908 omnes
777 885 818 908 ne
839 885 874 907 ex
901 885 964 907 ma-

231 928 312 969 litia,
331 928 407 962 odio
430 929 481 961 vel
505 928 624 961 invidia
653 928 774 972 aliquid
799 929 961 971 deponant

231 986 342 1014 contra
365 981 505 1024 aliquem
531 981 569 1014 ad
606 981 669 1014 hoc
692 987 725 1014 ut
750 982 963 1015 confundatur

232 1040 264 1067 et
287 1033 478 1067 infametur:
497 1034 553 1067 sed
578 1045 613 1067 ex
640 1034 796 1067 charitate
821 1041 852 1068 et
876 1037 963 1068 recta

232 1086 425 1129 intentione,
452 1092 487 1120 ut
503 1087 692 1121 emendetur
712 1088 737 1120 is
767 1087 821 1131 qui
840 1088 963 1121 denun-

231 1139 343 1173 ciatur.

274 1203 350 1227 XVII.
377 1192 531 1234 Ceterum,
557 1204 627 1226 cun]
649 1193 728 1226 fiunt
752 1193 961 1233 visitationm,

231 1245 262 1278 in
281 1245 489 1289 inquisitione
507 1257 562 1279 seu
581 1247 772 1290 probatione
797 1248 962 1290 culparum

231 1298 370 1331 habetur
388 1304 594 1342 praeceptum
619 1299 824 1332 obedientiae
843 1310 902 1343 pro
921 1300 963 1332 iu-

229 1357 385 1386 ramento.
423 1352 562 1386 Possunt
587 1357 691 1385 tamen
721 1352 911 1393 visitatores,
937 1354 961 1385 si

231 1405 277 1438 eis
302 1404 474 1445 videbitur,
501 1406 533 1438 in
565 1406 716 1448 gravibus
746 1406 873 1439 casibus
903 1417 962 1449 pro

230 1457 403 1490 revelanda
437 1457 563 1501 plenius
597 1459 731 1491 veritate
771 1459 962 1502 praecipere

231 1509 292 1542 suh
316 1512 422 1554 poena
446 1511 797 1551 excommunicationis,
819 1517 851 1544 et
868 1512 961 1544 etiam

230 1562 362 1606 exigere
387 1564 619 1603 iuramentum,
647 1564 707 1596 nisi
734 1565 787 1596 ubi
811 1565 963 1597 verisimi-

230 1614 303 1648 liter
328 1615 495 1649 timeretur
520 1616 559 1649 de
584 1616 739 1659 periurio.
767 1616 854 1648 Tune
879 1618 963 1649 enim

230 1678 295 1701 non
320 1673 368 1701 est
392 1668 586 1711 exigendum
612 1669 841 1704 iuramentum.

273 1732 362 1756 xvtu.
390 1721 433 1754 De
464 1722 631 1754 monachis
652 1733 725 1755 vero
746 1728 777 1754 et
801 1723 964 1755 conversis

230 1774 400 1818 inquisitio
426 1774 481 1807 fiat
505 1786 521 1807 a
546 1776 721 1813 monachis,
744 1776 908 1808 conversis
934 1782 965 1808 et

230 1827 376 1868 donatis3
402 1828 594 1868 saeculares
618 1828 741 1860 etiamsi
769 1828 878 1860 idonei
903 1828 963 1860 sint

230 1880 269 1913 ad
295 1879 544 1920 testificandum,
562 1880 700 1913 maxime
725 1891 801 1913 vero
828 1880 963 1913 familia-

230 1943 285 1966 res
301 1938 355 1967 aut
372 1933 526 1966 officiales
544 1934 726 1966 saeculares
744 1934 870 1972 domus,
889 1944 964 1976 pos-

230 1992 313 2027 sunt,
331 1986 356 2020 si
376 1985 548 2026 videbitur,
566 1986 597 2018 in
617 1986 837 2019 testimonium
862 1986 962 2028 recipi

230 2045 294 2072 tam
318 2044 428 2073 contra
452 2039 594 2083 priorem
629 2049 725 2082 quam
760 2044 872 2072 contra
897 2050 964 2071 mo-

230 2093 368 2126 nachum
383 2098 414 2126 et
428 2103 625 2133 conversum,
643 2093 681 2132 si,
699 2093 784 2136 quod
802 2092 965 2136 probatio-

229 2157 271 2180 ne
293 2147 427 2189 indiget,
446 2157 505 2190 per
524 2151 652 2179 nostros
677 2156 741 2179 non
766 2146 866 2189 possit
891 2156 965 2187 pro-

229 2199 318 2241 bari;
343 2200 390 2233 sie
415 2204 522 2232 tamen
547 2199 611 2232 hoc
635 2198 706 2239 fiat,
733 2204 783 2238 ut,
810 2204 963 2241 quantuni

230 2254 384 2299 possibile
402 2252 475 2292 erit,
494 2263 553 2296 per
570 2253 632 2285 hoc
655 2262 720 2285 non
745 2251 965 2284 scandalizen-

231 2314 283 2341 tur
306 2307 497 2345 saeculares,
523 2316 563 2338 ne
589 2305 733 2338 desectus
753 2315 964 2347 personarum

229 2361 358 2395 Ordinis
374 2359 475 2393 nostri
492 2359 551 2392 sibi
573 2358 756 2400 incognitos
775 2357 849 2390 inde
867 2368 965 2400 agno-

231 2418 340 2448 scant.
374 2412 564 2445 Visitatores
599 2411 695 2443 etiam
729 2419 795 2443 non
831 2409 966 2442 credant

231 2467 319 2502 omni
343 2465 482 2511 spiritui,
508 2474 568 2497 nec
590 2464 720 2507 aliquen
744 2473 781 2496 ex
815 2463 885 2496 sola
908 2472 962 2495 su-

233 2519 380 2564 spicione
401 2518 633 2552 condemnent.

275 2583 337 2608 xix.
364 2572 460 2605 Facto
484 2575 659 2614 praecepto
685 2574 716 2602 et
740 2569 835 2602 allata
866 2578 963 2612 prae-

321 2635 398 2662 Ruit.
422 2634 502 2660 Rom.
528 2633 586 2660 t'ot.
609 2648 639 2651 ——
662 2632 736 2659 XIX.
768 2666 772 2671 ⁴
885 2630 932 2657 100

1638 180 1701 215 835

1011 240 1152 273 cedentis
1178 237 1372 272 visitationis
1408 239 1514 279 carta,
1542 244 1574 272 et
1605 239 1638 272 in
1666 250 1741 272 con-

1010 298 1120 336 speetu
1147 292 1290 325 omnium
1309 293 1402 332 lecta,
1421 291 1511 335 prior
1536 296 1567 324 et
1590 292 1739 324 monaehi

1009 346 1047 377 ad
1073 346 1170 378 cellas
1195 345 1352 386 redeunt,
1377 344 1432 377 ubi
1457 355 1474 377 a
1497 344 1633 387 singulis
1659 355 1740 387 quae

1009 399 1126 431 suerint
1150 398 1346 442 inquirenda
1362 398 1546 431 visitatores
1565 398 1741 441 diligenter

1008 452 1183 495 inquirant.
1210 452 1435 485 Verumtamen
1456 457 1611 495 poterunt
1634 452 1734 486 visita-

1008 510 1095 537 tores
1121 516 1179 548 pro
1204 505 1359 538 scrutinio
1386 504 1531 538 faciendo
1563 516 1739 539 convocare

1007 559 1182 591 monachos
1206 558 1393 601 singillatim
1409 559 1447 590 ad
1469 560 1575 592 locum
1593 559 1654 592 sibi
1679 570 1739 602 pro

1007 610 1204 643 habitatione
1241 611 1449 653 assignatum,
1487 612 1540 654 qui
1576 622 1740 655 nunquam

1006 664 1050 696 eis
1077 664 1107 695 in
1133 665 1273 697 claustro
1298 665 1490 707 assignetur,
1509 666 1561 697 ubi
1588 666 1668 698 alius
1693 666 1740 698 lo-

1006 728 1059 749 cus
1083 722 1171 750 extra
1196 719 1369 750 claustrum
1396 719 1441 751 eis
1466 718 1621 762 assignari
1654 729 1739 752 com-

1007 770 1099 803 mode
1124 770 1254 813 poterit.

1048 833 1098 854 xx.
1125 822 1309 855 visitatores
1333 823 1465 856 visitent
1489 823 1679 863 custodiam,
1707 824 1739 857 in

1006 885 1067 917 qua
1091 885 1215 908 sacrum
1235 874 1353 908 Christi
1378 875 1498 918 Corpus
1524 882 1678 915 servatur,
1695 887 1729 909 sa

1006 938 1092 960 crum
1110 927 1259 967 chrisma,
1276 933 1307 960 et
1325 928 1536 971 reliquiarum
1555 933 1739 962 sanctarum

1005 990 1128 1023 capsas,
1147 986 1177 1013 et
1195 980 1303 1013 omnIa
1328 981 1544 1014 ecclesiastica
1569 981 1740 1013 indumen-

1007 1038 1043 1072 ta,
1069 1038 1257 1067 ornamenta
1283 1039 1315 1066 et
1337 1034 1497 1074 utensilia,
1531 1039 1562 1066 et
1595 1034 1740 1066 conside-

1005 1091 1077 1118 rent
1113 1096 1151 1118 an
1188 1086 1294 1119 omnia
1331 1087 1497 1128 decenter,
1524 1086 1676 1130 religiose
1709 1092 1740 1120 et

1005 1139 1141 1171 honeste
1167 1140 1230 1172 sint
1256 1139 1424 1182 disposita.

1049 1203 1111 1226 xxi.
1138 1193 1259 1225 Deinde
1284 1193 1429 1236 singulos
1454 1193 1626 1236 diligenter
1651 1204 1740 1227 scru-

1006 1250 1111 1277 tentur
1135 1256 1234 1288 super
1255 1245 1468 1288 pactionibus,
1495 1257 1574 1289 quas
1599 1246 1737 1289 priores,

1004 1298 1221 1331 visitationem
1256 1298 1417 1338 timentes,
1451 1299 1531 1331 sorte
1569 1304 1733 1342 extorque·

1005 1356 1076 1383 rent
1101 1362 1117 1383 a
1143 1351 1310 1383 monachis
1328 1356 1359 1382 et
1376 1350 1552 1391 conversis,
1569 1357 1601 1383 et
1614 1351 1639 1383 si
1659 1361 1739 1394 quas

1006 1404 1179 1443 inveniant,
1204 1404 1337 1443 solvant,
1364 1408 1394 1436 et
1419 1404 1508 1446 prior
1526 1404 1567 1436 sit
1583 1409 1672 1436 extra
1692 1414 1741 1437 se-

1006 1458 1078 1490 dem
1103 1467 1190 1489 suam
1213 1456 1342 1499 ubique;
1362 1456 1393 1488 in
1411 1461 1572 1489 conventu
1591 1461 1623 1488 et
1642 1457 1741 1489 misssi

1005 1515 1111 1542 careat
1134 1520 1237 1552 usque
1256 1509 1293 1541 ad
1312 1509 1500 1552 capitulum,
1520 1509 1580 1541 nisi
1599 1509 1739 1542 novitius

1006 1563 1047 1594 sit
1072 1562 1308 1605 professionem
1335 1562 1484 1601 facturus,
1508 1563 1557 1594 vel
1594 1568 1739 1594 mortuus

1007 1615 1238 1658 sepeliendus;
1270 1614 1484 1648 nihilominus
1517 1614 1684 1657 capitulo,
1714 1615 1739 1647 si

1007 1669 1066 1701 sibi
1092 1668 1263 1707 videbitur,
1290 1667 1526 1710 poenitentiam
1547 1673 1694 1700 aucturo.

1050 1732 1122 1754 xxii.
1145 1723 1270 1753 Attente
1289 1731 1417 1763 quoque
1432 1720 1598 1763 inquirant
1613 1721 1637 1752 si
1652 1731 1740 1763 prae-

1007 1775 1123 1807 cedi-ns
1148 1774 1287 1806 visitatio
1320 1774 1404 1806 bene
1431 1773 1527 1805 suerit
1553 1774 1738 1814 observata;

1007 1833 1048 1867 et,
1073 1838 1168 1870 quem
1185 1827 1217 1859 in
1238 1837 1303 1859 non
1329 1826 1530 1859 observando
1556 1825 1741 1858 invenerint

1007 1880 1216 1923 culpabilem,
1243 1879 1309 1912 sive
1335 1879 1376 1911 sit
1401 1880 1584 1922 praelatus,
1610 1879 1673 1911 sive
1699 1879 1741 1911 sit

1006 1933 1164 1972 subditus,
1181 1938 1342 1975 tamquam
1368 1932 1608 1964 inobedientem
1628 1932 1690 1965 Deo
1709 1937 1741 1965 et

1007 1986 1149 2029 capitulo
1175 1985 1316 2027 generali
1343 1985 1481 2027 graviter
1500 1985 1649 2028 puniant.

1049 2049 1137 2072 xxiii.
1167 2039 1296 2070 Attente
1322 2037 1417 2070 etiarn
1442 2042 1473 2069 et
1498 2038 1647 2077 sollicite,
1674 2048 1740 2070 non

1007 2092 1154 2124 obstante
1187 2090 1294 2133 aliqua
1331 2090 1560 2122 benevolentia
1593 2100 1674 2133 quae
1708 2090 1741 2122 in

1007 2144 1249 2177 subversionem
1271 2143 1397 2176 Ordinis
1416 2142 1590 2186 aliquando
1611 2142 1742 2177 exhibe-

1008 2204 1069 2237 tur,
1102 2197 1265 2240 inquirant
1295 2196 1468 2238 diligenter
1499 2195 1538 2227 de
1573 2195 1741 2237 negligen-

1008 2251 1048 2283 tia
1073 2250 1234 2293 priorum,
1261 2249 1287 2281 si
1318 2248 1483 2290 corrigent
1515 2258 1680 2287 excessus,
1712 2248 1740 2282 si

1007 2304 1072 2335 sint
1096 2302 1226 2336 solliciti
1263 2311 1303 2334 ne
1339 2301 1460 2334 subditi
1495 2300 1596 2333 libros
1627 2300 1742 2344 prohi-

1008 2356 1090 2389 bitos
1115 2356 1275 2394 habeant,
1302 2355 1325 2386 si
1359 2354 1397 2388 de
1423 2353 1614 2387 necessariis
1637 2353 1741 2396 provi-

1008 2408 1106 2441 deant
1121 2407 1316 2441 suffieienter
1330 2406 1451 2439 eisdem
1466 2411 1527 2438 tam
1547 2405 1632 2438 sanis
1645 2416 1741 2448 quam

1008 2460 1160 2504 aegrotis,
1181 2460 1206 2492 si
1233 2460 1297 2492 sint
1322 2460 1468 2492 carnales
1485 2460 1533 2492 vel
1559 2459 1742 2491 saeculares

1009 2513 1112 2552 nimis,
1140 2513 1165 2545 si
1192 2512 1269 2545 dent
1304 2513 1423 2544 bonurn
1460 2512 1641 2554 exemplum
1677 2510 1742 2543 suis

1009 2566 1146 2601 subditis
1172 2565 1204 2598 in
1229 2564 1468 2609 frequentando
1502 2563 1683 2603 ecclesiam,
1709 2562 1743 2594 in

1748 190 1795 217 An.
1817 190 1844 218 C.
1866 190 1931 218 ¹688
