2111 3157
8 191 56 219 Αη.
72 188 101 218 C.
123 187 188 216 1689

27 1725 172 1752 Tunsnrnpto·

0 1757 37 1772 'un
51 1753 109 1774 tiens.

774 188 985 213 INNOCENTH’S
1007 191 1037 214 XI
1064 192 1110 215 ΡΡ.

1599 186 1662 218 9115
1708 196 1754 223 An.
1769 196 1797 224 c.
1823 196 1888 224 iasa

196 235 306 275 cessis,
330 234 525 268 confirmatis
544 239 573 268 et
593 235 786 279 approbatis,
807 247 843 268 ac
859 237 930 279 plu·
974 239 1121 272 sentibus
1140 240 1350 274 adhiberetur
1368 242 1394 275 si
1415 247 1524 275 essent
1543 244 1704 277 exhibitae

194 288 258 321 ries
276 293 308 321 et
327 288 592 332 quantiscumque
616 288 738 321 vicibus
754 289 927 330 innovatis;

194 341 312 385 quibus
333 342 482 374 omnibus
509 348 541 374 et
565 342 708 384 singulis,
728 342 852 375 etiamsi
867 353 928 386 pro

193 393 323 428 illorum
349 394 521 427 sufficienti
555 395 766 438 derogatione
799 396 838 428 de
862 395 927 428 illis

193 457 372 492 eorumque
391 448 466 481 totis
490 448 654 481 tenoribus
680 448 841 492 specialis,
859 457 928 491 spe-

192 500 282 533 cifica
308 511 458 545 expressa
475 507 506 535 et
525 501 700 542 individua,
716 512 753 535 ao
773 501 926 538 deverbo

191 554 231 587 ad
256 554 389 587 verbum
407 581 414 595 ,
439 565 504 588 non
536 560 643 588 autem
674 564 734 598 per
767 555 924 587 clausulas

191 607 358 649 generales
383 607 468 640 idem
486 607 709 650 iniportantes,
727 606 850 640 mentio
868 617 924 639 seu

190 659 320 702 quaevis
342 660 404 692 alia
432 659 596 704 expressio
620 660 771 693 habenda
793 664 847 692 aut
872 659 925 693 ali-

190 723 250 756 qua
266 713 328 747 alia
342 713 497 757 exquisita
518 713 618 747 forma
634 714 672 747 ad
687 714 750 747 hoc
767 713 923 747 servanda

188 765 292 806 soret,
318 766 450 800 illorum
482 767 626 800 omnium
658 772 690 800 et
721 767 923 810 singulorum

189 822 331 857 tenores,
356 818 491 858 formas,
516 828 629 853 causas
660 825 690 852 ct
714 819 921 862 occasiones,

186 870 413 913 praesentibus
446 881 505 914 pro
537 872 633 915 plene
664 877 695 906 et
726 871 922 905 sufficienter

186 933 223 956 ac
241 923 440 957 exactissime
452 929 482 957 et
493 925 732 958 accuratissime
748 925 917 968 expressis,

185 976 325 1017 insertis,
343 977 476 1010 servatis
492 984 522 1011 et
539 977 729 1022 specificatis
743 979 919 1021 respective

185 1029 357 1071 habentes,
384 1029 449 1064 illis
475 1030 553 1064 alias
571 1031 601 1063 in
628 1041 685 1064 suo
710 1031 829 1064 robore
850 1041 920 1074 per-

184 1081 369 1123 mansuris,
405 1083 443 1116 ad
469 1083 724 1127 praemissorum
750 1083 918 1123 effectum,

184 1134 380 1178 specialiter,
405 1146 566 1179 expresse,
593 1137 783 1180 plenissime
808 1141 919 1170 etam-

183 1187 327 1231 plissime
352 1187 556 1232 derogamus,
575 1195 607 1223 et
631 1190 819 1233 derogatum
844 1200 917 1223 csse

183 1240 353 1281 volumus,
380 1241 560 1286 ceterisque
590 1242 759 1276 contrariis
785 1242 918 1286 quibus-

183 1303 343 1337 cumque;
369 1299 425 1327 aut
448 1294 473 1327 si
498 1295 648 1338 praefatis
673 1296 841 1339 personis,
865 1298 916 1330 vel

183 1345 348 1389 quibusvis
373 1347 454 1387 aliis,
473 1349 689 1381 communiter
705 1350 755 1382 vcl
775 1349 913 1388 divisim,

183 1399 221 1432 ab
247 1399 361 1433 eadem
387 1399 427 1433 sit
456 1400 538 1434 Sede
564 1401 735 1441 indultum,
764 1401 849 1444 quod
870 1401 916 1435 in-

183 1452 306 1494 terdici,
322 1454 484 1497 suspendi,
499 1455 549 1488 vel
564 1454 831 1488 excommunicari
849 1465 914 1488 non

182 1505 311 1549 possint
334 1517 395 1550 per
418 1507 543 1541 litteras
567 1508 761 1551 apostolicas
786 1518 850 1541 non
876 1509 916 1542 sa-

184 1560 307 1593 cientes
320 1560 449 1603 plenam
464 1565 495 1593 ct
509 1571 690 1604 expressam
711 1571 745 1593 ac
765 1561 804 1593 de
818 1562 915 1595 verbo

184 1612 223 1645 ad
247 1612 380 1645 verbum
406 1612 445 1646 de
470 1612 593 1646 indulto
623 1612 805 1646 huiusmodi
829 1624 916 1646 men-

183 1665 315 1699 tionem.

226 1720 241 1763 g
266 1719 297 1752 5.
325 1719 472 1752 Volumus
490 1723 596 1752 autem
614 1719 698 1762 quod
716 1724 915 1762 praesentes,

183 1777 351 1816 postquam
376 1771 474 1804 valvis
509 1772 666 1805 eeclesiae
692 1772 915 1805 Larci-anemis

184 1831 215 1858 et
238 1824 391 1858 basilicae
426 1825 584 1868 Principis
617 1826 846 1868 Apostolorum
876 1826 914 1858 de

182 1877 291 1918 Urbe,
323 1887 451 1911 necnon
491 1878 523 1910 in
556 1878 624 1911 acie
660 1878 769 1921 Campi
804 1878 914 1911 Florae

184 1931 295 1963 affixae
322 1935 354 1963 et
378 1930 561 1973 publicatae
586 1930 717 1969 suerint,
748 1940 859 1963 omnes
885 1937 916 1963 et

183 1983 349 2025 singulos,
376 1988 438 2015 tam
470 1983 502 2015 in
530 1983 672 2016 Romana
698 1983 792 2016 Curia
822 1994 915 2027 quam

185 2041 274 2069 extra
299 2047 368 2069 eam
394 2036 588 2078 existentes,
620 2047 754 2080 quorum
780 2036 912 2070 interest

183 2090 233 2123 vel
258 2089 414 2122 interesse
440 2089 580 2132 poterit,
611 2090 747 2132 perinde
771 2090 916 2132 obligent

185 2147 217 2176 et
230 2147 366 2183 aretem,
385 2153 420 2175 ac
435 2142 461 2175 si
479 2142 655 2186 unicuique
678 2153 789 2175 eorum
806 2154 916 2186 perso-

184 2195 301 2228 naliter
315 2199 347 2228 et
362 2194 553 2228 nominatim
569 2195 751 2228 intimatae¹
771 2196 915 2236 fuissent,

185 2248 335 2291 quodque
365 2247 495 2281 illarum
532 2248 704 2291 exemplis,
730 2248 823 2281 etiam
852 2249 917 2281 im—

184 2300 315 2344 pressis,
335 2311 430 2333 manu
446 2301 561 2333 notarii
576 2301 697 2344 publici
719 2301 916 2344 subscriptis,

185 2358 217 2386 et
247 2352 353 2396 sigillo
382 2363 539 2397 personae
571 2354 601 2386 in
629 2354 784 2397 dignitate
815 2355 917 2388 eccle-

185 2405 314 2438 siastica
330 2406 518 2439 constitutae
536 2406 680 2446 munitis,
700 2406 813 2439 eadem
831 2417 917 2449 pror-

186 2468 241 2491 sus
267 2458 346 2492 fides
373 2458 404 2491 in
430 2459 549 2492 iudicio
571 2464 602 2492 et
620 2464 710 2492 extra
736 2459 855 2502 ubique
873 2461 916 2493 lo-

186 2521 296 2544 corum
322 2511 528 2551 adhibeatur,
555 2521 636 2554 quae
661 2511 807 2554 ipsismet
830 2522 918 2555 prae-

223 2573 234 2599 ¹
257 2571 328 2599 Edit.
349 2571 428 2599 Main.
449 2572 513 2607 legit
533 2573 671 2599 intimata
691 2573 729 2606 (a.
750 2571 799 2605 τ.).

274 2626 352 2654 Ball.
377 2627 455 2653 Rom.
475 2641 505 2645 -
525 2626 581 2652 Vol.
600 2626 673 2654 XIX.
820 2628 867 2655 119

972 291 1020 324 vel
1045 297 1206 327 ostensae.

1013 344 1028 387 ξ
1051 344 1082 377 6.
1109 346 1192 380 Nulli
1218 358 1295 390 ergo
1320 349 1450 383 omnino
1474 349 1642 383 hominum
1668 351 1704 383 li-
1739 360 1826 381 amelio
1845 366 1896 387 voe-

969 402 1039 429 ceat
1072 399 1222 441 paginam
1259 401 1343 434 hanc
1373 407 1556 436 nostrarum
1586 389 1774 437 confir-⁰³⁴¹&

968 450 1128 490 mationis,
1154 453 1416 496 approbationis,
1449 456 1701 497 reformationis,

969 504 1087 543 statuti,
1113 505 1249 546 decreti,
1275 507 1512 548 ordinationis,
1539 510 1702 547 mandati,

969 557 1178 597 extensionis,
1201 559 1428 603 ampliationis,
1445 562 1629 601 voluntatis,
1648 563 1704 595 de-

967 610 1144 650 rogationis
1170 616 1201 644 et
1226 612 1415 645 irritationis
1441 613 1628 657 infringere,
1648 617 1700 649 vel

968 660 997 693 ei
1015 672 1092 694 ausu
1119 665 1290 698 temerario
1315 666 1494 705 contraire;
1514 667 1538 699 si
1556 668 1627 711 quis
1644 679 1701 701 au-

968 718 1028 746 tem
1054 715 1115 748 hoe
1139 721 1298 751 attentare
1322 720 1590 762 praesumpserit,
1615 721 1700 754 indi-

967 766 1151 806 gnationem
1177 770 1410 812 omnipotentis
1442 772 1497 804 Dei
1528 784 1564 806 ac
1588 774 1698 806 beato-

965 827 1033 850 rum
1060 819 1144 852 Petri
1171 827 1202 854 et
1226 822 1313 855 Pauli
1338 825 1558 866 apostolorum
1580 826 1646 859 eius
1664 837 1697 860 se

965 877 1091 904 noverit
1115 873 1332 908 incursurum.

1008 923 1119 957 Datum
1144 926 1282 967 Romae,
1308 929 1392 971 apud
1423 929 1453 962 S.
1481 930 1609 962 Mariam
1635 932 1697 964 Ma-

964 975 1086 1016 iorem,
1122 989 1206 1012 anno
1241 981 1475 1014 incarnationis
1511 983 1696 1017 Dominicae

963 1038 1150 1070 Moetxxxix,
1175 1043 1206 1065 iv
1239 1034 1392 1067 kalendas
1421 1034 1503 1075 iulii,
1527 1036 1697 1080 pontifica-

963 1087 1012 1114 tus
1030 1085 1133 1116 nostri
1157 1095 1244 1118 anno
1267 1096 1336 1120 xm.

996 1144 1054 1172 Dat.
1076 1145 1117 1173 die
1137 1146 1170 1174 ⁶28
1190 1147 1256 1174 iunii
1277 1148 1355 1182 1689,
1376 1149 1469 1184 pontif.
1490 1158 1558 1178 anno
1577 1157 1634 1180 x111.

1246 1259 1248 1261 μ
1261 1263 1382 1298 CCVIII.

960 1331 1203 1374 Confirmanlur
1228 1335 1429 1368 thesaurarii
1450 1339 1646 1380 provisiones
1664 1343 1695 1372 et

1001 1385 1222 1419 ordinationes
1246 1392 1273 1420 et
1299 1392 1392 1421 laxae
1414 1400 1473 1432 pro
1499 1390 1577 1422 bono
1602 1392 1693 1424 Mon·

1001 1438 1083 1470 tium
1107 1440 1270 1472 Romanae
1295 1441 1412 1474 Curiae
1435 1443 1601 1485 reqimz'ne.

1145 1510 1340 1538 Innocentius
1361 1512 1438 1546 Papa
1458 1513 1506 1546 XI,

1168 1556 1250 1582 Motu
1268 1557 1399 1590 proprio,
1420 1560 1478 1585 ete.

1750 1623 1885 1644 Proxumum,

1001 1615 1015 1657 ξ
1044 1615 1074 1647 l.
1104 1615 1182 1648 Cum
1210 1617 1400 1650 recolendae
1427 1620 1602 1653 memoriae
1624 1621 1812 1670 Cle-fflmmm
1833 1651 1876 1671 vm

958 1677 1048 1699 mens
1065 1668 1136 1706 l'lll,
1163 1669 1395 1711 praedecessor
1420 1676 1540 1711 noster,
1563 1673 1601 1704 ad
1629 1675 1759 1722 tol-{13:¹¹3
1784 1667 1884 1724 niomffi·

959 1720 1070 1752 lendas
1097 1720 1236 1760 fraudes,
1255 1732 1335 1764 quae
1360 1723 1392 1754 in
1417 1724 1809 1765 resignationihus“omine-

958 1773 1103 1805 locorum
1133 1773 1286 1806 Montium
1313 1775 1473 1808 Romanae
1498 1776 1623 1817 Curiae,
1651 1779 1688 1811 ad

958 1824 1119 1858 Cameram
1138 1827 1372 1869 Apostolicam,
1393 1839 1429 1861 ac
1447 1829 1541 1862 etiam
1558 1831 1691 1873 religio-

959 1889 1034 1918 nes,
1062 1880 1317 1920 communitates,
1337 1880 1536 1921 domicellos,
1553 1888 1584 1914 et
1608 1884 1689 1916 alios

958 1931 1179 1974 spectantium,
1194 1942 1210 1964 a
1229 1933 1410 1965 secretariis
1428 1933 1587 1967 dictorum
1604 1935 1691 1968 Mon-

959 1984 1037 2016 tium
1064 1984 1094 2015 in
1113 1984 1345 2026 praeiudicium
1371 1985 1515 2018 eiusdem
1539 1986 1689 2021 Gamerae

958 2037 1162 2079 aliorumque
1186 2037 1428 2080 praedictorum
1447 2040 1691 2073 committeban-

960 2095 1017 2129 tur,
1036 2091 1089 2121 sua
1107 2090 1336 2132 motusproprii
1355 2091 1470 2123 cedula
1489 2091 1539 2123 die
1559 2101 1599 2124 xv
1614 2093 1688 2125 maii

958 2153 1022 2177 Mne
1049 2142 1211 2186 publicata
1241 2148 1359 2175 certam
1389 2144 1523 2176 sormam
1550 2145 1691 2188 desuper

959 2195 1212 2238 praescripserit,
1224 2204 1259 2226 ac
1272 2196 1379 2238 plures
1394 2196 1626 2237 ordinationes,
1640 2199 1691 2231 de-

959 2252 1047 2280 creta
1062 2252 1093 2279 et
1108 2247 1266 2286 mandata,
1282 2247 1376 2279 etiam
1392 2248 1552 2290 poenalia,
1568 2249 1601 2281 in
1618 2260 1686 2282 con-

961 2299 1164 2332 trafacientes
1178 2299 1375 2342 promulgari
1392 2300 1530 2340 iusserit,
1546 2307 1642 2344 prout
1659 2303 1691 2335 in

959 2353 1027 2396 ipsa
1052 2351 1283 2394 motusproprii
1305 2352 1417 2385 cedula
1433 2353 1526 2385 latius
1551 2355 1693 2387 eontine-

960 2411 1019 2446 tur,
1034 2405 1071 2438 ad
1090 2414 1194 2448 quarn,
1214 2409 1275 2437 etc.
1291 2415 1298 2444 ;
1315 2415 1451 2448 cumque
1469 2416 1552 2438 anno
1565 2416 1691 2441 MDcvul

959 2459 1072 2491 similis
1090 2458 1262 2491 memoriae
1280 2458 1396 2490 Paulus
1414 2458 1445 2497 V,
1461 2469 1520 2501 pro
1539 2459 1691 2493 tollendis

959 2511 1176 2554 praeiudiciiS‚
1201 2510 1370 2549 abusibus,
1398 2511 1635 2544 difficultatibus
1661 2517 1693 2545 et

959 2563 1207 2607 impedimentis,
1225 2573 1306 2606 quae
1324 2563 1407 2596 circa
1424 2563 1585 2607 praefatos
1602 2574 1692 2597 mon-
