2111 3157
91 211 140 238 Λη.
156 210 184 238 C.
208 210 274 238 ¹685

107 748 227 772 Clausulas.

90 1433 200 1458 Dorngmn
209 1440 258 1456 eon.

76 1463 114 1481 tran
121 1467 196 1483 inrum.

281 259 445 293 absolutos
471 259 537 293 sore
562 264 745 299 censentes,
769 258 1015 303 supplicationi-

280 312 339 345 bus
360 322 472 347 eorum
493 313 624 348 nomine
637 313 731 346 nobis
755 324 856 356 super
873 313 936 346 hoc
957 313 1014 345 hu-

279 365 398 399 militer
413 367 569 410 porrectis
581 366 737 406 inclinati,
750 366 913 399 decretum
926 376 1012 408 prae-

278 417 446 459 insertum,
464 419 654 452 auctoritate
674 419 870 462 apostolica,
900 422 1010 451 tenore

276 472 510 514 praesentium,
529 472 759 505 confirmamus
789 477 820 504 et
850 471 1010 514 approba·-

276 535 348 558 mus
370 552 377 565 ,
414 525 527 568 illique
571 525 767 557 inviolabilis
811 524 1007 566 apostolicae

275 577 432 611 firmitatis
456 578 556 610 robur
580 576 765 615 adiicimus3
788 577 874 608 salva
899 581 1005 609 tamen

275 641 405 674 semper
435 630 467 662 in
499 629 683 673 praemissis
715 628 907 661 auctoritate
940 639 1006 662 me-

274 689 418 716 moratae
442 681 710 725 Congregationis
734 682 958 715 cardinalium.

317 736 331 779 ἓ
354 735 384 770 3.
412 734 629 768 Decernentes
655 735 784 768 easdem
815 740 1003 777 praesentes

271 790 396 823 litteras
421 798 549 831 semper
571 788 688 828 firmas,
712 787 833 821 validas
857 792 888 821 et
905 788 1004 821 effica-

272 853 323 875 ces
348 843 487 876 existere
512 846 543 875 et
567 842 643 881 fore,
669 851 810 884 suosque
839 841 1002 884 plenarios

272 900 304 929 et
330 896 474 938 integros
499 895 630 928 ell'ectus
655 894 764 927 sortiri
789 899 821 927 et
838 893 1000 934 obtinere,

270 959 306 982 ac
330 949 404 988 illis,
422 949 461 982 ad
487 959 566 992 quos
591 952 716 991 spectat
732 953 762 980 et
779 957 837 991 pro
855 952 1002 991 tempore

269 1001 435 1045 spectabit,
450 1001 682 1035 inviolabiliter
702 1001 872 1041 observari,
894 1001 1002 1044 sieque

269 1055 300 1087 in
323 1055 508 1098 praemissis
539 1065 596 1098 per
630 1065 850 1098 quoscumque
880 1054 1002 1087 indices

269 1108 450 1141 ordinarios
467 1113 498 1141 et
517 1109 695 1151 delegatos,
714 1107 810 1140 etiam
834 1117 1003 1141 causarum

269 1162 379 1204 palatii
394 1161 745 1205 apostolieiauditores,
760 1160 894 1194 iudicari
905 1166 937 1194 et
953 1161 1003 1193 de-

269 1213 351 1246 finiri
366 1215 496 1255 debere,
513 1225 549 1247 ae
566 1214 693 1248 irritum
707 1219 738 1246 et
762 1214 857 1247 inane
867 1213 891 1246 si
911 1223 1001 1246 secus

269 1277 368 1310 super
381 1267 430 1299 his
448 1278 465 1300 a
486 1277 656 1310 quoquam,
672 1266 783 1310 quavis
800 1267 1001 1306 auctoritate,

269 1319 412 1353 scienter
439 1321 488 1353 vel
520 1320 723 1363 ignoranter,
750 1320 925 1362 contigerit
949 1324 999 1353 at-

269 1372 399 1406 tentari.

311 1426 326 1470 §
351 1425 381 1458 4.
402 1425 472 1459 Non
496 1426 696 1459 obstantibus
718 1425 1001 1459 constitutionibus

268 1483 300 1513 ct
327 1478 588 1512 ordinationibus
610 1479 812 1522 apostolicis,
832 1483 872 1519 et,
894 1483 1002 1519 quate-

267 1543 327 1566 nus
343 1543 425 1576 opus
443 1532 492 1571 sit,
510 1533 726 1575 praePatorum
738 1532 865 1565 Ordinis
880 1537 911 1565 et
925 1542 1001 1575 pro-

267 1586 455 1626 vinciarum,
484 1586 580 1619 etiam
606 1586 803 1625 iuramento,
830 1585 1000 1618 confirma-

269 1639 355 1672 tione
387 1639 588 1681 apostolica,
620 1640 669 1672 vel
706 1639 816 1682 quavis
851 1638 999 1671 firmitate

268 1693 330 1725 alia
356 1692 522 1727 roboratis.
551 1691 677 1724 statutis
702 1697 734 1724 et
757 1690 1001 1724 consuetudini-

268 1745 345 1785 bus,
372 1744 549 1788 privilegiis
574 1755 711 1788 quoque,
736 1744 870 1777 indultis
896 1750 927 1776 et
952 1744 1001 1776 lit-

270 1798 346 1830 teris
383 1797 569 1841 apostolicis
609 1797 640 1829 in
676 1797 875 1830 contrarium
909 1806 1001 1839 prae-

269 1851 439 1883 missorum
465 1850 710 1894 quomodolibet
727 1850 908 1888 concessis,
927 1859 1002 1881 con-

270 1903 402 1936 tirmatis
428 1908 458 1936 et
489 1903 670 1943 innovatis,
704 1903 819 1945 quibus
853 1902 1001 1935 omnibus

269 1961 302 1989 et
331 1957 490 1999 singulis,
523 1956 653 1989 illorum
696 1961 824 1989 tenores
851 1966 1002 1998 praesen-

271 2009 356 2042 tibus
383 2018 442 2052 pro
471 2010 568 2052 plene
601 2014 631 2042 et
655 2008 853 2041 sufficienter
870 2018 1002 2051 expres-

271 2062 315 2095 sis
349 2072 384 2094 ac
417 2062 456 2094 ad
490 2063 623 2094 verbum
654 2061 788 2094 insertis
823 2061 1002 2101 habentes,

270 2115 335 2148 illis
359 2115 438 2147 alias
464 2114 497 2146 in
528 2125 586 2147 suo
622 2114 741 2147 robore
772 2114 1002 2157 permansuris,

271 2168 309 2201 ad
325 2167 577 2211 praemissorum
595 2167 752 2207 ellectum,
768 2169 826 2201 hac
838 2168 905 2200 viee
920 2168 1005 2200 dum-

273 2226 368 2261 taxat,
395 2221 583 2265 specialiter
616 2226 647 2254 et
682 2231 833 2265 expresse
871 2222 1005 2263 deroga-

272 2284 364 2313 mus·,
401 2274 582 2317 ceterisque
607 2274 779 2306 contrariis
803 2274 1008 2317 quibuscum-

274 2337 348 2370 que.

318 2381 430 2413 Datum
456 2380 596 2419 Romae,
626 2379 710 2422 apud
738 2379 769 2412 S.
796 2379 926 2413 Mariam
946 2380 1008 2413 Ma-

275 2434 388 2473 iorem,
419 2434 477 2466 sub
510 2434 630 2465 annulo
660 2433 841 2473 piscatoris,
873 2433 924 2466 die
957 2444 1007 2467 xvi

277 2487 387 2530 aprilis
408 2496 584 2526 unctxxxv,
601 2485 808 2528 pontificatus
833 2486 936 2519 nostri
954 2497 1009 2519 an-

277 2550 320 2572 no
339 2550 380 2572 ix.
643 2579 648 2582 .

313 2601 369 2629 Dat.
388 2602 432 2628 die
451 2602 481 2630 16
496 2601 587 2638 aprilis
606 2601 682 2635 1685,
698 2602 798 2638 pontit.
823 2610 893 2629 anno
909 2609 944 2630 tx.

862 210 1073 236 INNOCENTlt'S
1096 212 1126 235 XI
1152 211 1199 235 t‘l‘.
1230 215 1235 219 ”

1376 257 1471 292 CLVI.

1055 329 1272 363 Resolvttnlitr
1294 330 1452 374 quaedam
1478 328 1577 362 dubia
1606 328 1692 361 circa
1715 339 1788 365 νηο-1

1098 383 1176 415 dum
1189 383 1373 416 celebrandi
1386 383 1532 425 capitula
1548 381 1713 426 qeneralz'a
1732 381 1776 416 Or

1097 436 1186 468 dinis
1212 436 1430 470 Cz'stercz'ensz's
1443 434 1463 468 ¹.

1234 516 1428 544 Innocentius
1451 517 1530 549 Papa
1549 516 1602 549 XI,

1192 562 1229 588 ad
1247 562 1380 588 futuram
1400 561 1446 588 rei
1467 561 1648 588 memoriam.

1094 631 1108 673 g
1131 630 1160 663 1.
1180 630 1255 663 Cum
1280 631 1311 663 in
1331 633 1427 663 causa
1443 636 1634 674 praetensae
1659 631 1785 665 nullita-

1050 682 1088 715 tis
1107 683 1319 726 quorumdam
1343 684 1558 726 capitulorum
1584 684 1785 726 generalium

1047 734 1175 768 Ordinis
1200 735 1432 775 cisterciensis,
1446 736 1529 768 inter
1546 736 1682 769 dilectos
1702 736 1784 787 lilips

1047 788 1195 821 abbatem
1220 788 1365 821 Cistercii
1391 788 1487 821 totius
1506 788 1633 821 Ordinis
1651 800 1783 832 genera-

1048 843 1123 881 lem,
1150 853 1186 875 ex
1212 844 1275 874 una
1300 847 1332 874 et
1359 842 1492 875 abbates
1515 843 1783 876 monasteriorum

1047 896 1085 928 de
1110 894 1283 934 Firmitate,
1307 900 1338 927 et
1356 895 1544 937 Posignaeo,
1570 895 1607 928 (le
1631 895 1783 928 Claraval-

1047 949 1086 987 le,
1107 953 1138 981 et
1163 948 1202 981 de
1227 948 1431 981 Morimundo
1457 958 1494 980 ex
1515 949 1614 981 altera
1639 949 1783 991 partibus

1046 1007 1200 1042 vertente,
1234 1001 1402 1045 proposita
1434 1001 1554 1034 suerint
1587 1001 1620 1034 in
1644 1001 1782 1045 Congre-

1046 1055 1174 1098 gatione
1193 1055 1427 1088 venerabilium
1443 1054 1575 1087 fratrum
1595 1060 1780 1088 nostrorum

1046 1109 1076 1141 S.
1090 1109 1126 1141 R.
1139 1109 1172 1141 E.
1192 1109 1402 1142 cardinalium
1418 1108 1557 1150 negotiis
1573 1113 1606 1142 et
1622 1110 1782 1141 consulta-

1047 1162 1190 1194 tionibus
1200 1161 1427 1205 episcoporum
1442 1161 1677 1204 etregularium
1688 1172 1782 1205 prae-

1046 1214 1152 1256 posita
1177 1215 1336 1247 nonnulla
1360 1213 1479 1252 dubia,
1516 1224 1653 1257 nempe:
1680 1214 1714 1247 1ο
1740 1225 1778 1247 an

1046 1267 1087 1299 sit
1118 1267 1276 1299 servanda
1300 1267 1515 1306 consuetudo,
1535 1276 1597 1310 qua
1618 1277 1676 1309 pro
1697 1267 1781 1299 indi-

1046 1320 1150 1352 cendo
1176 1320 1319 1363 capitulo
1345 1319 1489 1361 generali
1514 1319 1612 1352 abbas
1637 1319 1780 1353 Cistercii

1044 1372 1212 1405 consuevit
1231 1382 1301 1405 cum
1322 1378 1461 1415 quatuor
1486 1372 1651 1415 primariis
1683 1373 1780 1405 abba-

1047 1426 1129 1459 tibus
1155 1426 1349 1464 deliberare,
1375 1437 1411 1459 ac
1436 1427 1475 1459 de
1496 1427 1685 1459 eorumdem
1706 1437 1781 1459 con-

1044 1479 1116 1512 silio
1153 1484 1185 1512 et
1219 1488 1355 1511 assensu
1394 1479 1569 1521 capitulum
1606 1478 1780 1511 indicere?

1044 1532 1076 1565 2⁰
1090 1543 1130 1565 an
1155 1533 1194 1565 ad
1217 1532 1400 1575 capitulum,
1422 1532 1460 1564 ad
1480 1531 1541 1564 hoc
1565 1536 1599 1563 ut
1623 1531 1664 1563 sit
1682 1542 1780 1573 gene-

1044 1586 1123 1625 rale,
1150 1584 1283 1618 vocandi
1309 1584 1373 1616 sint
1397 1594 1508 1617 omnes
1533 1585 1664 1617 abbates
1688 1583 1781 1617 Ordi-

1044 1638 1114 1670 nis‘?
1138 1637 1172 1671 30
1207 1649 1247 1671 an
1265 1638 1295 1670 in
1315 1637 1455 1680 capitulo
1479 1638 1625 1680 generali
1651 1637 1780 1670 Ordinis

1043 1691 1262 1725 Cisterciensis
1287 1690 1491 1724 definitiones
1518 1691 1692 1724 sumendae
1718 1691 1782 1724 sint.

1044 1755 1102 1787 per
1126 1744 1297 1776 filiationes
1322 1748 1353 1777 et
1377 1754 1441 1776 non
1467 1754 1525 1786 per
1557 1748 1630 1776 vota
1662 1743 1782 1786 capita-

1046 1797 1121 1829 tim‘?
1145 1796 1177 1829 4⁰
1213 1807 1253 1828 an
1288 1796 1320 1828 in
1352 1796 1494 1838 capitulo
1523 1796 1669 1837 generali
1702 1796 1779 1828 dicti

1045 1849 1171 1884 Ordinis
1196 1849 1329 1882 omnino
1354 1848 1531 1881 adhibendi
1568 1848 1632 1881 sint
1666 1847 1780 1890 viginti

1045 1903 1188 1945 quinque
1214 1901 1415 1941 definitores,
1442 1901 1531 1941 itaut,
1551 1911 1614 1934 non
1640 1901 1779 1934 existen-

1047 1957 1130 1988 tibus
1157 1961 1202 1988 tot
1226 1956 1407 1995 abbatibus,
1436 1965 1591 1987 numerus
1617 1954 1782 1996 integran-

1047 2009 1104 2041 dus
1129 2008 1168 2040 sit
1193 2019 1229 2041 ex
1255 2008 1325 2040 aliis
1357 2007 1517 2050 religiosis
1548 2006 1782 2040 benemeritis?

1047 2062 1080 2094 50
1115 2072 1155 2093 an
1180 2060 1301 2104 pariter
1336 2060 1490 2093 interesse
1530 2060 1670 2093 debeant
1705 2070 1783 2103 qua-

1048 2121 1121 2147 tuor
1145 2113 1289 2157 primarii
1315 2113 1458 2152 abbates,
1478 2118 1510 2146 et
1529 2112 1567 2145 iis
1594 2123 1659 2145 non
1684 2113 1783 2145 inter-

1047 2167 1248 2200 venientibus
1284 2166 1501 2199 substituendi
1536 2176 1647 2199 eorum
1682 2165 1783 2199 loco?

1048 2221 1080 2253 6ο
1115 2231 1154 2253 an
1173 2221 1346 2263 capitulum
1366 2220 1518 2261 generale
1537 2219 1612 2252 anni
1629 2229 1782 2253 muctxxtt

1050 2274 1146 2307 suerit
1169 2274 1316 2307 nullum?
1341 2273 1375 2306 7⁰
1403 2284 1442 2306 an
1462 2273 1558 2306 suerit
1574 2273 1696 2316 pariter
1715 2273 1784 2306 nul-

1051 2329 1116 2361 lum
1141 2327 1317 2371 capitulum
1342 2326 1417 2360 anni
1441 2336 1650 2361 MDCLxxxm:

1090 2426 1098 2451 1
1132 2424 1168 2451 De
1195 2423 1311 2459 capitulo
1338 2423 1458 2457 generali
1486 2422 1546 2450 vide
1579 2423 1701 2458 Gregorii
1728 2422 1785 2450 xltt

1052 2469 1158 2496 constit.
1179 2468 1222 2495 ed.
1245 2475 1392 2500 MDLxxvut,
1414 2468 1458 2494 die
1477 2468 1511 2494 22
1531 2467 1602 2500 maii,
1624 2467 1717 2503 pontif.
1739 2473 1785 2500 ηις

1052 2518 1078 2540 et
1102 2514 1134 2539 ile
1156 2513 1268 2539 transitu
1294 2512 1486 2539 monachorum
1516 2512 1543 2538 in
1569 2513 1647 2538 aliam
1676 2511 1785 2544 religio-

1052 2566 1125 2590 nem,
1148 2557 1206 2583 vide
1224 2557 1302 2583 huius
1325 2557 1420 2584 Pontis.
1443 2557 1549 2584 constit.
1566 2557 1609 2584 ed.
1626 2561 1784 2591 MDCLaxxvl,

1052 2602 1095 2629 die
1115 2602 1131 2629 5
1151 2602 1265 2637 augusti,
1288 2601 1380 2638 pontis.
1401 2609 1427 2630 x.

1690 200 1748 233 0:31
1799 210 1847 237 An.
1865 210 1892 236 e.
1917 210 1981 236 1605

1832 643 1897 664 Dubia
1918 649 1977 670 prae-

1795 670 1858 691 dicta.
