<?xml version="1.0" encoding="UTF-8"?>
<!DOCTYPE html PUBLIC "-//W3C//DTD XHTML 1.0 Transitional//EN"
    "http://www.w3.org/TR/xhtml1/DTD/xhtml1-transitional.dtd">
<html xmlns="http://www.w3.org/1999/xhtml" xml:lang="en" lang="en">
 <head>
  <title>
</title>
<meta http-equiv="Content-Type" content="text/html;charset=utf-8" />
  <meta name='ocr-system' content='tesseract 3.04.00' />
  <meta name='ocr-capabilities' content='ocr_page ocr_carea ocr_par ocr_line ocrx_word'/>
</head>
<body>
  <div class='ocr_page' id='page_1' title='image "./bullarumdiplomat19cath_0352.png"; bbox 0 0 2111 3157; ppageno 0'>
   <div class='ocr_carea' id='block_1_1' title="bbox 177 219 472 257">
    <p class='ocr_par' dir='ltr' id='par_1_1' title="bbox 177 219 472 257">
     <span class='ocr_line' id='line_1_1' title="bbox 177 219 472 257; baseline -0.01 0"><span class='ocrx_word' id='word_1_1' title='bbox 177 229 227 257; x_wconf 68' lang='lat' dir='ltr'>An.</span> <span class='ocrx_word' id='word_1_2' title='bbox 242 228 273 257; x_wconf 86' lang='lat' dir='ltr'>c.</span> <span class='ocrx_word' id='word_1_3' title='bbox 294 227 363 257; x_wconf 85' lang='lat'><strong>1680</strong></span> <span class='ocrx_word' id='word_1_4' title='bbox 407 219 472 255; x_wconf 79' lang='lat'>318</span> 
     </span>
    </p>
   </div>
   <div class='ocr_carea' id='block_1_2' title="bbox 173 984 356 1110">
    <p class='ocr_par' dir='ltr' id='par_1_2' title="bbox 173 984 356 1110">
     <span class='ocr_line' id='line_1_2' title="bbox 191 984 356 1004; baseline 0 0"><span class='ocrx_word' id='word_1_5' title='bbox 191 984 215 1004; x_wconf 76' lang='lat' dir='ltr'>tn</span> <span class='ocrx_word' id='word_1_6' title='bbox 227 984 300 1004; x_wconf 74' lang='lat' dir='ltr'>stall-cs</span> <span class='ocrx_word' id='word_1_7' title='bbox 310 984 356 1004; x_wconf 89' lang='lat' dir='ltr'>ubi-</span> 
     </span>
     <span class='ocr_line' id='line_1_3' title="bbox 174 1011 356 1036; baseline 0.005 -6"><span class='ocrx_word' id='word_1_8' title='bbox 174 1016 214 1036; x_wconf 67' lang='lat' dir='ltr'>que</span> <span class='ocrx_word' id='word_1_9' title='bbox 226 1013 309 1031; x_wconf 71' lang='lat' dir='ltr'>servent</span> <span class='ocrx_word' id='word_1_10' title='bbox 319 1011 356 1031; x_wconf 85' lang='lat' dir='ltr'>ho-</span> 
     </span>
     <span class='ocr_line' id='line_1_4' title="bbox 173 1040 355 1057; baseline 0 0"><span class='ocrx_word' id='word_1_11' title='bbox 173 1044 208 1057; x_wconf 67' lang='lat' dir='ltr'>ras</span> <span class='ocrx_word' id='word_1_12' title='bbox 232 1040 355 1057; x_wconf 68' lang='lat' dir='ltr'>constitutas</span> 
     </span>
     <span class='ocr_line' id='line_1_5' title="bbox 173 1063 355 1088; baseline 0.005 -5"><span class='ocrx_word' id='word_1_13' title='bbox 173 1070 211 1088; x_wconf 76' lang='lat' dir='ltr'>pro</span> <span class='ocrx_word' id='word_1_14' title='bbox 257 1063 355 1084; x_wconf 75' lang='lat' dir='ltr'>laudibus</span> 
     </span>
     <span class='ocr_line' id='line_1_6' title="bbox 173 1090 256 1110; baseline 0 0"><span class='ocrx_word' id='word_1_15' title='bbox 173 1090 256 1110; x_wconf 73' lang='lat' dir='ltr'>divinis.</span> 
     </span>
    </p>
   </div>
   <div class='ocr_carea' id='block_1_3' title="bbox 177 1798 358 1846">
    <p class='ocr_par' dir='ltr' id='par_1_3' title="bbox 177 1798 358 1846">
     <span class='ocr_line' id='line_1_7' title="bbox 201 1798 358 1820; baseline 0.006 -1"><span class='ocrx_word' id='word_1_16' title='bbox 201 1798 230 1819; x_wconf 70' lang='lat' dir='ltr'>Ne</span> <span class='ocrx_word' id='word_1_17' title='bbox 242 1798 291 1820; x_wconf 66' lang='lat' dir='ltr'>saris</span> <span class='ocrx_word' id='word_1_18' title='bbox 301 1803 358 1820; x_wconf 75' lang='lat' dir='ltr'>man-</span> 
     </span>
     <span class='ocr_line' id='line_1_8' title="bbox 177 1826 263 1846; baseline 0 0"><span class='ocrx_word' id='word_1_19' title='bbox 177 1826 263 1846; x_wconf 73' lang='lat' dir='ltr'>ducent.</span> 
     </span>
    </p>
   </div>
   <div class='ocr_carea' id='block_1_4' title="bbox 947 219 1302 247">
    <p class='ocr_par' dir='ltr' id='par_1_4' title="bbox 947 219 1302 247">
     <span class='ocr_line' id='line_1_9' title="bbox 947 219 1302 247; baseline -0.006 0"><span class='ocrx_word' id='word_1_20' title='bbox 947 220 1128 247; x_wconf 71' lang='lat' dir='ltr'><strong>BULLARIUM</strong></span> <span class='ocrx_word' id='word_1_21' title='bbox 1150 219 1302 246; x_wconf 68' lang='lat' dir='ltr'>ROMANUM</span> 
     </span>
    </p>
   </div>
   <div class='ocr_carea' id='block_1_5' title="bbox 369 262 1876 366">
    <p class='ocr_par' dir='ltr' id='par_1_5' title="bbox 369 262 1876 366">
     <span class='ocr_line' id='line_1_10' title="bbox 369 262 1876 314; baseline -0.01 -6"><span class='ocrx_word' id='word_1_22' title='bbox 369 277 594 314; x_wconf 77' lang='lat' dir='ltr'>defunctorum,</span> <span class='ocrx_word' id='word_1_23' title='bbox 628 272 798 313; x_wconf 76' lang='lat' dir='ltr'>flagellatio,</span> <span class='ocrx_word' id='word_1_24' title='bbox 821 271 908 310; x_wconf 84' lang='lat' dir='ltr'>vulgo</span> <span class='ocrx_word' id='word_1_25' title='bbox 936 270 1103 309; x_wconf 80' lang='lat' dir='ltr'>disciplina,</span> <span class='ocrx_word' id='word_1_26' title='bbox 1145 269 1246 298; x_wconf 84' lang='lat' dir='ltr'>fecerit</span> <span class='ocrx_word' id='word_1_27' title='bbox 1262 293 1269 303; x_wconf 87' lang='lat'><em>‚</em></span> <span class='ocrx_word' id='word_1_28' title='bbox 1292 267 1423 298; x_wconf 85' lang='lat' dir='ltr'>comedat</span> <span class='ocrx_word' id='word_1_29' title='bbox 1451 266 1482 296; x_wconf 89' lang='lat' dir='ltr'>in</span> <span class='ocrx_word' id='word_1_30' title='bbox 1509 265 1587 296; x_wconf 69' lang='lat' dir='ltr'>terra</span> <span class='ocrx_word' id='word_1_31' title='bbox 1612 265 1643 295; x_wconf 90' lang='lat' dir='ltr'>in</span> <span class='ocrx_word' id='word_1_32' title='bbox 1672 262 1824 295; x_wconf 67' lang='lat' dir='ltr'>refectorio</span> <span class='ocrx_word' id='word_1_33' title='bbox 1846 262 1876 294; x_wconf 90' lang='lat' dir='ltr'>in</span> 
     </span>
     <span class='ocr_line' id='line_1_11' title="bbox 369 314 1615 366; baseline -0.01 -10"><span class='ocrx_word' id='word_1_34' title='bbox 369 336 443 366; x_wconf 87' lang='lat' dir='ltr'>quae</span> <span class='ocrx_word' id='word_1_35' title='bbox 465 335 480 355; x_wconf 89' lang='lat' dir='ltr'>a</span> <span class='ocrx_word' id='word_1_36' title='bbox 502 324 611 355; x_wconf 90' lang='lat' dir='ltr'>nostris</span> <span class='ocrx_word' id='word_1_37' title='bbox 633 324 665 352; x_wconf 81' lang='lat' dir='ltr'>fit</span> <span class='ocrx_word' id='word_1_38' title='bbox 680 322 759 352; x_wconf 91' lang='lat' dir='ltr'>omni</span> <span class='ocrx_word' id='word_1_39' title='bbox 775 325 905 360; x_wconf 88' lang='lat' dir='ltr'>tempore</span> <span class='ocrx_word' id='word_1_40' title='bbox 921 319 995 349; x_wconf 73' lang='lat' dir='ltr'>seria</span> <span class='ocrx_word' id='word_1_41' title='bbox 1010 319 1103 354; x_wconf 73' lang='lat' dir='ltr'>sexta,</span> <span class='ocrx_word' id='word_1_42' title='bbox 1146 326 1219 357; x_wconf 86' lang='lat' dir='ltr'>pane</span> <span class='ocrx_word' id='word_1_43' title='bbox 1243 321 1271 347; x_wconf 88' lang='lat' dir='ltr'>et</span> <span class='ocrx_word' id='word_1_44' title='bbox 1291 317 1368 356; x_wconf 69' lang='lat' dir='ltr'>aqua</span> <span class='ocrx_word' id='word_1_45' title='bbox 1391 315 1520 355; x_wconf 88' lang='lat' dir='ltr'>qualibet</span> <span class='ocrx_word' id='word_1_46' title='bbox 1540 314 1615 344; x_wconf 88' lang='lat' dir='ltr'>vice.</span> 
     </span>
    </p>
   </div>
   <div class='ocr_carea' id='block_1_6' title="bbox 367 367 1105 846">
    <p class='ocr_par' dir='ltr' id='par_1_6' title="bbox 367 367 1105 508">
     <span class='ocr_line' id='line_1_12' title="bbox 369 367 1105 411; baseline -0.012 -6"><span class='ocrx_word' id='word_1_47' title='bbox 369 374 429 411; x_wconf 79' lang='lat' dir='ltr'>siat,</span> <span class='ocrx_word' id='word_1_48' title='bbox 453 375 513 404; x_wconf 68' lang='lat' dir='ltr'>tota</span> <span class='ocrx_word' id='word_1_49' title='bbox 533 371 771 409; x_wconf 69' lang='lat' dir='ltr'>Quadragesima,</span> <span class='ocrx_word' id='word_1_50' title='bbox 788 370 893 408; x_wconf 74' lang='lat' dir='ltr'>quarta</span> <span class='ocrx_word' id='word_1_51' title='bbox 914 372 942 398; x_wconf 90' lang='lat' dir='ltr'>et</span> <span class='ocrx_word' id='word_1_52' title='bbox 963 368 1046 398; x_wconf 74' lang='lat' dir='ltr'>sexta</span> <span class='ocrx_word' id='word_1_53' title='bbox 1067 367 1105 396; x_wconf 89' lang='lat' dir='ltr'>se-</span> 
     </span>
     <span class='ocr_line' id='line_1_13' title="bbox 367 416 1105 454; baseline -0.011 0"><span class='ocrx_word' id='word_1_54' title='bbox 367 424 433 454; x_wconf 73' lang='lat' dir='ltr'>ria:</span> <span class='ocrx_word' id='word_1_55' title='bbox 463 423 492 452; x_wconf 91' lang='lat' dir='ltr'>in</span> <span class='ocrx_word' id='word_1_56' title='bbox 520 419 703 451; x_wconf 74' lang='lat' dir='ltr'>hebdomada</span> <span class='ocrx_word' id='word_1_57' title='bbox 733 427 801 449; x_wconf 87' lang='lat' dir='ltr'>vero</span> <span class='ocrx_word' id='word_1_58' title='bbox 827 418 951 452; x_wconf 71' lang='lat' dir='ltr'>sancta,</span> <span class='ocrx_word' id='word_1_59' title='bbox 980 416 1105 446; x_wconf 80' lang='lat' dir='ltr'>addatur</span> 
     </span>
     <span class='ocr_line' id='line_1_14' title="bbox 369 469 686 508; baseline -0.016 -6"><span class='ocrx_word' id='word_1_60' title='bbox 369 472 455 502; x_wconf 86' lang='lat' dir='ltr'>etiam</span> <span class='ocrx_word' id='word_1_61' title='bbox 477 471 550 500; x_wconf 72' lang='lat' dir='ltr'>seria</span> <span class='ocrx_word' id='word_1_62' title='bbox 571 469 686 508; x_wconf 69' lang='lat' dir='ltr'>quinta.</span> 
     </span>
    </p>

    <p class='ocr_par' dir='ltr' id='par_1_7' title="bbox 367 513 1104 846">
     <span class='ocr_line' id='line_1_15' title="bbox 408 513 1103 555; baseline -0.012 -6"><span class='ocrx_word' id='word_1_63' title='bbox 408 529 447 549; x_wconf 67' lang='lat' dir='ltr'>nv.</span> <span class='ocrx_word' id='word_1_64' title='bbox 471 517 612 548; x_wconf 79' lang='lat' dir='ltr'>Similiter</span> <span class='ocrx_word' id='word_1_65' title='bbox 633 526 648 546; x_wconf 88' lang='lat' dir='ltr'>a</span> <span class='ocrx_word' id='word_1_66' title='bbox 671 515 766 555; x_wconf 65' lang='lat' dir='ltr'>prima</span> <span class='ocrx_word' id='word_1_67' title='bbox 788 514 935 545; x_wconf 68' lang='lat' dir='ltr'>dominica</span> <span class='ocrx_word' id='word_1_68' title='bbox 956 513 1103 543; x_wconf 77' lang='lat' dir='ltr'><strong>Adventus</strong></span> 
     </span>
     <span class='ocr_line' id='line_1_16' title="bbox 367 561 1104 604; baseline -0.009 -7"><span class='ocrx_word' id='word_1_69' title='bbox 367 567 510 597; x_wconf 83' lang='lat' dir='ltr'>inclusive</span> <span class='ocrx_word' id='word_1_70' title='bbox 532 565 688 604; x_wconf 89' lang='lat' dir='ltr'>incipimus</span> <span class='ocrx_word' id='word_1_71' title='bbox 706 563 853 593; x_wconf 86' lang='lat' dir='ltr'>abstinere</span> <span class='ocrx_word' id='word_1_72' title='bbox 868 572 883 592; x_wconf 88' lang='lat' dir='ltr'>a</span> <span class='ocrx_word' id='word_1_73' title='bbox 898 561 1064 600; x_wconf 82' lang='lat' dir='ltr'>lacticiniis,</span> <span class='ocrx_word' id='word_1_74' title='bbox 1076 565 1104 591; x_wconf 91' lang='lat' dir='ltr'>et</span> 
     </span>
     <span class='ocr_line' id='line_1_17' title="bbox 367 610 1104 651; baseline -0.008 -7"><span class='ocrx_word' id='word_1_75' title='bbox 367 614 497 644; x_wconf 75' lang='lat' dir='ltr'>secunda</span> <span class='ocrx_word' id='word_1_76' title='bbox 519 613 593 643; x_wconf 68' lang='lat' dir='ltr'>seri-a</span> <span class='ocrx_word' id='word_1_77' title='bbox 614 613 746 643; x_wconf 87' lang='lat' dir='ltr'>ieiunare</span> <span class='ocrx_word' id='word_1_78' title='bbox 760 620 853 651; x_wconf 87' lang='lat' dir='ltr'>usque</span> <span class='ocrx_word' id='word_1_79' title='bbox 868 610 903 640; x_wconf 89' lang='lat' dir='ltr'>ad</span> <span class='ocrx_word' id='word_1_80' title='bbox 917 610 1022 640; x_wconf 79' lang='lat' dir='ltr'>festum</span> <span class='ocrx_word' id='word_1_81' title='bbox 1038 618 1104 639; x_wconf 91' lang='lat' dir='ltr'>san-</span> 
     </span>
     <span class='ocr_line' id='line_1_18' title="bbox 367 659 1104 694; baseline -0.008 -1"><span class='ocrx_word' id='word_1_82' title='bbox 367 663 514 693; x_wconf 89' lang='lat' dir='ltr'>ctissimae</span> <span class='ocrx_word' id='word_1_83' title='bbox 536 662 700 692; x_wconf 68' lang='lat' dir='ltr'>Nativitatis</span> <span class='ocrx_word' id='word_1_84' title='bbox 726 660 857 694; x_wconf 84' lang='lat' dir='ltr'>Domini,</span> <span class='ocrx_word' id='word_1_85' title='bbox 880 659 1034 690; x_wconf 86' lang='lat' dir='ltr'>dominicis</span> <span class='ocrx_word' id='word_1_86' title='bbox 1056 668 1104 688; x_wconf 83' lang='lat' dir='ltr'>ex-</span> 
     </span>
     <span class='ocr_line' id='line_1_19' title="bbox 367 706 1102 750; baseline -0.007 -9"><span class='ocrx_word' id='word_1_87' title='bbox 367 711 479 750; x_wconf 78' lang='lat' dir='ltr'>‹eptis·,</span> <span class='ocrx_word' id='word_1_88' title='bbox 502 711 567 740; x_wconf 86' lang='lat' dir='ltr'>ideo</span> <span class='ocrx_word' id='word_1_89' title='bbox 589 714 692 740; x_wconf 81' lang='lat' dir='ltr'>curent</span> <span class='ocrx_word' id='word_1_90' title='bbox 713 708 835 748; x_wconf 88' lang='lat' dir='ltr'>praelati</span> <span class='ocrx_word' id='word_1_91' title='bbox 849 712 881 738; x_wconf 89' lang='lat' dir='ltr'>ut</span> <span class='ocrx_word' id='word_1_92' title='bbox 902 707 1048 747; x_wconf 87' lang='lat' dir='ltr'>praedicta</span> <span class='ocrx_word' id='word_1_93' title='bbox 1067 706 1102 736; x_wconf 86' lang='lat' dir='ltr'>ab</span> 
     </span>
     <span class='ocr_line' id='line_1_20' title="bbox 367 757 1101 791; baseline -0.008 -1"><span class='ocrx_word' id='word_1_94' title='bbox 367 759 505 790; x_wconf 76' lang='lat' dir='ltr'>omnibus</span> <span class='ocrx_word' id='word_1_95' title='bbox 519 758 726 789; x_wconf 86' lang='lat' dir='ltr'>inviolabiliter</span> <span class='ocrx_word' id='word_1_96' title='bbox 741 757 943 791; x_wconf 74' lang='lat' dir='ltr'>observentur,</span> <span class='ocrx_word' id='word_1_97' title='bbox 960 759 988 785; x_wconf 90' lang='lat' dir='ltr'>et</span> <span class='ocrx_word' id='word_1_98' title='bbox 1003 759 1101 785; x_wconf 90' lang='lat' dir='ltr'>contra</span> 
     </span>
     <span class='ocr_line' id='line_1_21' title="bbox 367 804 1061 846; baseline -0.007 -9"><span class='ocrx_word' id='word_1_99' title='bbox 367 812 597 846; x_wconf 79' lang='lat' dir='ltr'>transgressores</span> <span class='ocrx_word' id='word_1_100' title='bbox 618 805 802 836; x_wconf 87' lang='lat' dir='ltr'>severissime</span> <span class='ocrx_word' id='word_1_101' title='bbox 819 804 1061 834; x_wconf 80' lang='lat' dir='ltr'>animadvertant.</span> 
     </span>
    </p>
   </div>
   <div class='ocr_carea' id='block_1_7' title="bbox 366 865 1103 1536">
    <p class='ocr_par' dir='ltr' id='par_1_8' title="bbox 367 865 1103 945">
     <span class='ocr_line' id='line_1_22' title="bbox 367 865 1103 906; baseline -0.007 -8"><span class='ocrx_word' id='word_1_102' title='bbox 367 868 463 898; x_wconf 77' lang='lat' dir='ltr'>CAPUT</span> <span class='ocrx_word' id='word_1_103' title='bbox 479 868 510 898; x_wconf 92' lang='lat' dir='ltr'>L.</span> <span class='ocrx_word' id='word_1_104' title='bbox 527 885 565 890; x_wconf 98' lang='lat'><strong>—</strong></span> <span class='ocrx_word' id='word_1_105' title='bbox 581 867 620 897; x_wconf 78' lang='lat' dir='ltr'>De</span> <span class='ocrx_word' id='word_1_106' title='bbox 636 867 772 906; x_wconf 73' lang='lat' dir='ltr'>fratribus</span> <span class='ocrx_word' id='word_1_107' title='bbox 787 867 833 905; x_wconf 73' lang='lat' dir='ltr'>qui</span> <span class='ocrx_word' id='word_1_108' title='bbox 849 866 925 903; x_wconf 75' lang='lat' dir='ltr'>Ionye</span> <span class='ocrx_word' id='word_1_109' title='bbox 940 865 971 894; x_wconf 79' lang='lat' dir='ltr'>ab</span> <span class='ocrx_word' id='word_1_110' title='bbox 986 865 1103 894; x_wconf 80' lang='lat' dir='ltr'>oratorio</span> 
     </span>
     <span class='ocr_line' id='line_1_23' title="bbox 545 915 921 945; baseline -0.005 -1"><span class='ocrx_word' id='word_1_111' title='bbox 545 916 668 945; x_wconf 75' lang='lat' dir='ltr'>laborant</span> <span class='ocrx_word' id='word_1_112' title='bbox 685 919 731 944; x_wconf 78' lang='lat' dir='ltr'>au!</span> <span class='ocrx_word' id='word_1_113' title='bbox 746 916 776 944; x_wconf 75' lang='lat' dir='ltr'>in</span> <span class='ocrx_word' id='word_1_114' title='bbox 792 915 835 943; x_wconf 69' lang='lat' dir='ltr'>viti</span> <span class='ocrx_word' id='word_1_115' title='bbox 849 918 921 943; x_wconf 78' lang='lat' dir='ltr'>sunt.</span> 
     </span>
    </p>

    <p class='ocr_par' dir='ltr' id='par_1_9' title="bbox 366 969 1103 1489">
     <span class='ocr_line' id='line_1_24' title="bbox 410 969 1103 1015; baseline -0.01 -8"><span class='ocrx_word' id='word_1_116' title='bbox 410 975 538 1007; x_wconf 81' lang='lat' dir='ltr'>Fratres</span> <span class='ocrx_word' id='word_1_117' title='bbox 563 972 618 1015; x_wconf 87' lang='lat' dir='ltr'>qui</span> <span class='ocrx_word' id='word_1_118' title='bbox 643 972 775 1004; x_wconf 91' lang='lat' dir='ltr'>omnino</span> <span class='ocrx_word' id='word_1_119' title='bbox 796 972 892 1013; x_wconf 79' lang='lat' dir='ltr'>longe</span> <span class='ocrx_word' id='word_1_120' title='bbox 917 969 1040 1002; x_wconf 89' lang='lat' dir='ltr'>suntin</span> <span class='ocrx_word' id='word_1_121' title='bbox 1060 969 1103 1001; x_wconf 92' lang='lat' dir='ltr'>la—</span> 
     </span>
     <span class='ocr_line' id='line_1_25' title="bbox 366 1022 1103 1068; baseline -0.009 -8"><span class='ocrx_word' id='word_1_122' title='bbox 366 1028 445 1061; x_wconf 87' lang='lat' dir='ltr'>bore</span> <span class='ocrx_word' id='word_1_123' title='bbox 461 1054 468 1067; x_wconf 94' lang='lat'>,</span> <span class='ocrx_word' id='word_1_124' title='bbox 502 1031 533 1059; x_wconf 90' lang='lat' dir='ltr'>et</span> <span class='ocrx_word' id='word_1_125' title='bbox 564 1036 630 1058; x_wconf 91' lang='lat' dir='ltr'>non</span> <span class='ocrx_word' id='word_1_126' title='bbox 663 1029 799 1068; x_wconf 81' lang='lat' dir='ltr'>possunt</span> <span class='ocrx_word' id='word_1_127' title='bbox 823 1033 997 1057; x_wconf 83' lang='lat' dir='ltr'>occurrere</span> <span class='ocrx_word' id='word_1_128' title='bbox 1021 1022 1103 1054; x_wconf 72' lang='lat' dir='ltr'>hora</span> 
     </span>
     <span class='ocr_line' id='line_1_26' title="bbox 367 1074 1102 1123; baseline -0.01 -10"><span class='ocrx_word' id='word_1_129' title='bbox 367 1078 563 1123; x_wconf 79' lang='lat' dir='ltr'>competenti</span> <span class='ocrx_word' id='word_1_130' title='bbox 587 1078 628 1110; x_wconf 89' lang='lat' dir='ltr'>ad</span> <span class='ocrx_word' id='word_1_131' title='bbox 652 1076 842 1117; x_wconf 89' lang='lat' dir='ltr'>oratorium,</span> <span class='ocrx_word' id='word_1_132' title='bbox 862 1080 894 1108; x_wconf 89' lang='lat' dir='ltr'>et</span> <span class='ocrx_word' id='word_1_133' title='bbox 917 1075 1016 1108; x_wconf 88' lang='lat' dir='ltr'>abbas</span> <span class='ocrx_word' id='word_1_134' title='bbox 1040 1074 1102 1107; x_wconf 88' lang='lat' dir='ltr'>hoc</span> 
     </span>
     <span class='ocr_line' id='line_1_27' title="bbox 366 1127 1101 1176; baseline -0.008 -11"><span class='ocrx_word' id='word_1_135' title='bbox 366 1131 542 1176; x_wconf 80' lang='lat' dir='ltr'>perpendit</span> <span class='ocrx_word' id='word_1_136' title='bbox 577 1130 652 1173; x_wconf 86' lang='lat' dir='ltr'>quia</span> <span class='ocrx_word' id='word_1_137' title='bbox 681 1129 725 1162; x_wconf 89' lang='lat' dir='ltr'>ita</span> <span class='ocrx_word' id='word_1_138' title='bbox 750 1134 816 1169; x_wconf 87' lang='lat' dir='ltr'>est,</span> <span class='ocrx_word' id='word_1_139' title='bbox 854 1133 950 1171; x_wconf 80' lang='lat' dir='ltr'>agant</span> <span class='ocrx_word' id='word_1_140' title='bbox 980 1127 1101 1163; x_wconf 80' lang='lat' dir='ltr'>ibidem</span> 
     </span>
     <span class='ocr_line' id='line_1_28' title="bbox 366 1182 1102 1228; baseline -0.008 -11"><span class='ocrx_word' id='word_1_141' title='bbox 366 1195 450 1228; x_wconf 84' lang='lat' dir='ltr'>opus</span> <span class='ocrx_word' id='word_1_142' title='bbox 475 1183 543 1223; x_wconf 80' lang='lat' dir='ltr'>Dei,</span> <span class='ocrx_word' id='word_1_143' title='bbox 569 1182 625 1215; x_wconf 92' lang='lat' dir='ltr'>ubi</span> <span class='ocrx_word' id='word_1_144' title='bbox 650 1187 838 1225; x_wconf 77' lang='lat' dir='ltr'>operantur,</span> <span class='ocrx_word' id='word_1_145' title='bbox 863 1191 936 1213; x_wconf 88' lang='lat' dir='ltr'>cum</span> <span class='ocrx_word' id='word_1_146' title='bbox 962 1184 1102 1212; x_wconf 84' lang='lat' dir='ltr'>tremore</span> 
     </span>
     <span class='ocr_line' id='line_1_29' title="bbox 366 1232 1100 1279; baseline -0.008 -9"><span class='ocrx_word' id='word_1_147' title='bbox 366 1238 486 1277; x_wconf 83' lang='lat' dir='ltr'>divino,</span> <span class='ocrx_word' id='word_1_148' title='bbox 514 1237 562 1279; x_wconf 78' lang='lat' dir='ltr'>(a)</span> <span class='ocrx_word' id='word_1_149' title='bbox 587 1236 755 1268; x_wconf 85' lang='lat' dir='ltr'>flectentes</span> <span class='ocrx_word' id='word_1_150' title='bbox 780 1244 897 1276; x_wconf 83' lang='lat' dir='ltr'>genua.</span> <span class='ocrx_word' id='word_1_151' title='bbox 924 1232 1100 1272; x_wconf 84' lang='lat' dir='ltr'>Similiter,</span> 
     </span>
     <span class='ocr_line' id='line_1_30' title="bbox 366 1287 1103 1334; baseline -0.008 -12"><span class='ocrx_word' id='word_1_152' title='bbox 366 1291 420 1334; x_wconf 90' lang='lat' dir='ltr'>qui</span> <span class='ocrx_word' id='word_1_153' title='bbox 446 1290 478 1322; x_wconf 91' lang='lat' dir='ltr'>in</span> <span class='ocrx_word' id='word_1_154' title='bbox 499 1289 615 1321; x_wconf 89' lang='lat' dir='ltr'>itinere</span> <span class='ocrx_word' id='word_1_155' title='bbox 642 1287 752 1320; x_wconf 83' lang='lat' dir='ltr'>directi</span> <span class='ocrx_word' id='word_1_156' title='bbox 771 1291 856 1326; x_wconf 90' lang='lat' dir='ltr'>sunt,</span> <span class='ocrx_word' id='word_1_157' title='bbox 874 1296 938 1318; x_wconf 90' lang='lat' dir='ltr'>non</span> <span class='ocrx_word' id='word_1_158' title='bbox 959 1295 1014 1318; x_wconf 91' lang='lat' dir='ltr'>eos</span> <span class='ocrx_word' id='word_1_159' title='bbox 1030 1295 1103 1327; x_wconf 87' lang='lat' dir='ltr'>per-</span> 
     </span>
     <span class='ocr_line' id='line_1_31' title="bbox 366 1339 1103 1380; baseline -0.008 -5"><span class='ocrx_word' id='word_1_160' title='bbox 366 1347 510 1375; x_wconf 78' lang='lat' dir='ltr'>terreant</span> <span class='ocrx_word' id='word_1_161' title='bbox 534 1341 634 1373; x_wconf 87' lang='lat' dir='ltr'>horae</span> <span class='ocrx_word' id='word_1_162' title='bbox 660 1339 872 1379; x_wconf 72' lang='lat' dir='ltr'>constitutae,</span> <span class='ocrx_word' id='word_1_163' title='bbox 892 1339 960 1378; x_wconf 88' lang='lat' dir='ltr'>sed,</span> <span class='ocrx_word' id='word_1_164' title='bbox 979 1343 1014 1369; x_wconf 92' lang='lat' dir='ltr'>ut</span> <span class='ocrx_word' id='word_1_165' title='bbox 1030 1348 1103 1380; x_wconf 84' lang='lat' dir='ltr'>pos-</span> 
     </span>
     <span class='ocr_line' id='line_1_32' title="bbox 367 1390 1102 1436; baseline -0.008 -8"><span class='ocrx_word' id='word_1_166' title='bbox 367 1400 461 1434; x_wconf 83' lang='lat' dir='ltr'>sunt,</span> <span class='ocrx_word' id='word_1_167' title='bbox 488 1399 585 1436; x_wconf 81' lang='lat' dir='ltr'>agant</span> <span class='ocrx_word' id='word_1_168' title='bbox 609 1392 687 1433; x_wconf 92' lang='lat' dir='ltr'>sibi,</span> <span class='ocrx_word' id='word_1_169' title='bbox 722 1397 753 1424; x_wconf 94' lang='lat' dir='ltr'>et</span> <span class='ocrx_word' id='word_1_170' title='bbox 777 1390 940 1424; x_wconf 83' lang='lat' dir='ltr'>servitutis</span> <span class='ocrx_word' id='word_1_171' title='bbox 966 1400 1102 1434; x_wconf 87' lang='lat' dir='ltr'>pensum</span> 
     </span>
     <span class='ocr_line' id='line_1_33' title="bbox 367 1445 802 1489; baseline -0.011 -8"><span class='ocrx_word' id='word_1_172' title='bbox 367 1458 434 1481; x_wconf 92' lang='lat' dir='ltr'>non</span> <span class='ocrx_word' id='word_1_173' title='bbox 458 1447 627 1489; x_wconf 79' lang='lat' dir='ltr'>negligant</span> <span class='ocrx_word' id='word_1_174' title='bbox 650 1445 802 1477; x_wconf 85' lang='lat' dir='ltr'>reddero.</span> 
     </span>
    </p>

    <p class='ocr_par' dir='ltr' id='par_1_10' title="bbox 636 1513 830 1536">
     <span class='ocr_line' id='line_1_34' title="bbox 636 1513 830 1536; baseline -0.01 0"><span class='ocrx_word' id='word_1_175' title='bbox 636 1513 830 1536; x_wconf 62' lang='lat' dir='ltr'>oretanum.</span> 
     </span>
    </p>
   </div>
   <div class='ocr_carea' id='block_1_8' title="bbox 367 1560 1104 1649">
    <p class='ocr_par' dir='ltr' id='par_1_11' title="bbox 367 1560 1104 1649">
     <span class='ocr_line' id='line_1_35' title="bbox 408 1560 1104 1605; baseline -0.007 -10"><span class='ocrx_word' id='word_1_176' title='bbox 408 1566 450 1605; x_wconf 83' lang='grc' dir='ltr'>(α)</span> <span class='ocrx_word' id='word_1_177' title='bbox 482 1573 502 1595; x_wconf 88' lang='lat'>1.</span> <span class='ocrx_word' id='word_1_178' title='bbox 526 1564 677 1595; x_wconf 81' lang='lat' dir='ltr'>Fleclentes</span> <span class='ocrx_word' id='word_1_179' title='bbox 697 1573 796 1601; x_wconf 80' lang='lat' dir='ltr'>9enna.</span> <span class='ocrx_word' id='word_1_180' title='bbox 819 1562 977 1592; x_wconf 87' lang='lat' dir='ltr'>Serventur</span> <span class='ocrx_word' id='word_1_181' title='bbox 998 1560 1028 1591; x_wconf 90' lang='lat' dir='ltr'>in</span> <span class='ocrx_word' id='word_1_182' title='bbox 1050 1561 1104 1591; x_wconf 89' lang='lat' dir='ltr'>hoe</span> 
     </span>
     <span class='ocr_line' id='line_1_36' title="bbox 367 1611 926 1649; baseline -0.011 -4"><span class='ocrx_word' id='word_1_183' title='bbox 367 1614 502 1645; x_wconf 85' lang='lat' dir='ltr'>rubricae</span> <span class='ocrx_word' id='word_1_184' title='bbox 524 1611 674 1649; x_wconf 73' lang='lat' dir='ltr'>breviarii,</span> <span class='ocrx_word' id='word_1_185' title='bbox 691 1615 723 1641; x_wconf 90' lang='lat' dir='ltr'>ut</span> <span class='ocrx_word' id='word_1_186' title='bbox 741 1611 850 1641; x_wconf 84' lang='lat' dir='ltr'>dictum</span> <span class='ocrx_word' id='word_1_187' title='bbox 872 1614 926 1640; x_wconf 90' lang='lat' dir='ltr'>est.</span> 
     </span>
    </p>
   </div>
   <div class='ocr_carea' id='block_1_9' title="bbox 368 1672 1107 1981">
    <p class='ocr_par' dir='ltr' id='par_1_12' title="bbox 402 1672 1072 1712">
     <span class='ocr_line' id='line_1_37' title="bbox 402 1672 1072 1712; baseline -0.009 -6"><span class='ocrx_word' id='word_1_188' title='bbox 402 1677 497 1707; x_wconf 72' lang='lat' dir='ltr'><strong>CAPUT</strong></span> <span class='ocrx_word' id='word_1_189' title='bbox 520 1675 564 1705; x_wconf 93' lang='lat' dir='ltr'>LI.</span> <span class='ocrx_word' id='word_1_190' title='bbox 590 1692 625 1696; x_wconf 95' lang='lat'>-—</span> <span class='ocrx_word' id='word_1_191' title='bbox 648 1673 688 1704; x_wconf 81' lang='lat' dir='ltr'>De</span> <span class='ocrx_word' id='word_1_192' title='bbox 708 1672 842 1712; x_wconf 74' lang='lat' dir='ltr'>fratribus</span> <span class='ocrx_word' id='word_1_193' title='bbox 864 1672 911 1710; x_wconf 69' lang='lat' dir='ltr'>qm*</span> <span class='ocrx_word' id='word_1_194' title='bbox 934 1680 987 1701; x_wconf 79' lang='lat' dir='ltr'>non</span> <span class='ocrx_word' id='word_1_195' title='bbox 1007 1672 1072 1701; x_wconf 78' lang='lat' dir='ltr'>salis</span> 
     </span>
    </p>

    <p class='ocr_par' dir='ltr' id='par_1_13' title="bbox 577 1722 895 1761">
     <span class='ocr_line' id='line_1_38' title="bbox 577 1722 895 1761; baseline -0.013 -9"><span class='ocrx_word' id='word_1_196' title='bbox 577 1722 654 1761; x_wconf 65' lang='lat' dir='ltr'>longe</span> <span class='ocrx_word' id='word_1_197' title='bbox 674 1722 895 1761; x_wconf 72' lang='lat' dir='ltr'>proficiscuntur.</span> 
     </span>
    </p>

    <p class='ocr_par' dir='ltr' id='par_1_14' title="bbox 368 1778 1107 1981">
     <span class='ocr_line' id='line_1_39' title="bbox 414 1778 1107 1824; baseline -0.007 -10"><span class='ocrx_word' id='word_1_198' title='bbox 414 1782 551 1822; x_wconf 81' lang='lat' dir='ltr'>Fratres,</span> <span class='ocrx_word' id='word_1_199' title='bbox 570 1780 623 1824; x_wconf 85' lang='lat' dir='ltr'>qui</span> <span class='ocrx_word' id='word_1_200' title='bbox 642 1789 701 1823; x_wconf 78' lang='lat' dir='ltr'>pro</span> <span class='ocrx_word' id='word_1_201' title='bbox 720 1778 832 1822; x_wconf 87' lang='lat' dir='ltr'>quovis</span> <span class='ocrx_word' id='word_1_202' title='bbox 853 1787 1012 1821; x_wconf 83' lang='lat' dir='ltr'>responso</span> <span class='ocrx_word' id='word_1_203' title='bbox 1030 1787 1107 1820; x_wconf 89' lang='lat' dir='ltr'>pro-</span> 
     </span>
     <span class='ocr_line' id='line_1_40' title="bbox 368 1830 1106 1874; baseline -0.007 -6"><span class='ocrx_word' id='word_1_204' title='bbox 368 1835 567 1873; x_wconf 86' lang='lat' dir='ltr'>ficiscuntur,</span> <span class='ocrx_word' id='word_1_205' title='bbox 585 1839 617 1866; x_wconf 88' lang='lat' dir='ltr'>et</span> <span class='ocrx_word' id='word_1_206' title='bbox 642 1834 680 1865; x_wconf 76' lang='lat' dir='ltr'>ea</span> <span class='ocrx_word' id='word_1_207' title='bbox 699 1832 751 1864; x_wconf 91' lang='lat' dir='ltr'>die</span> <span class='ocrx_word' id='word_1_208' title='bbox 776 1835 909 1874; x_wconf 88' lang='lat' dir='ltr'>sperant</span> <span class='ocrx_word' id='word_1_209' title='bbox 928 1830 1047 1862; x_wconf 89' lang='lat' dir='ltr'>reverti</span> <span class='ocrx_word' id='word_1_210' title='bbox 1068 1830 1106 1863; x_wconf 89' lang='lat' dir='ltr'>ad</span> 
     </span>
     <span class='ocr_line' id='line_1_41' title="bbox 369 1883 1107 1929; baseline -0.009 -7"><span class='ocrx_word' id='word_1_211' title='bbox 369 1888 616 1927; x_wconf 86' lang='lat' dir='ltr'>monasterium,</span> <span class='ocrx_word' id='word_1_212' title='bbox 643 1886 690 1929; x_wconf 87' lang='grc' dir='ltr'>(α)</span> <span class='ocrx_word' id='word_1_213' title='bbox 716 1895 780 1918; x_wconf 90' lang='lat' dir='ltr'>non</span> <span class='ocrx_word' id='word_1_214' title='bbox 805 1889 1014 1927; x_wconf 87' lang='lat' dir='ltr'>praesumant</span> <span class='ocrx_word' id='word_1_215' title='bbox 1030 1883 1107 1916; x_wconf 87' lang='lat' dir='ltr'>soris</span> 
     </span>
     <span class='ocr_line' id='line_1_42' title="bbox 370 1937 1105 1981; baseline -0.01 -6"><span class='ocrx_word' id='word_1_216' title='bbox 370 1942 586 1980; x_wconf 87' lang='lat' dir='ltr'>manducare,</span> <span class='ocrx_word' id='word_1_217' title='bbox 612 1939 736 1973; x_wconf 87' lang='lat' dir='ltr'>etiamsi</span> <span class='ocrx_word' id='word_1_218' title='bbox 761 1948 778 1970; x_wconf 89' lang='lat' dir='ltr'>a</span> <span class='ocrx_word' id='word_1_219' title='bbox 802 1937 913 1981; x_wconf 86' lang='lat' dir='ltr'>quovis</span> <span class='ocrx_word' id='word_1_220' title='bbox 937 1941 1105 1980; x_wconf 78' lang='lat' dir='ltr'>rogentur,</span> 
     </span>
    </p>
   </div>
   <div class='ocr_carea' id='block_1_10' title="bbox 370 1971 1130 2085">
    <p class='ocr_par' dir='ltr' id='par_1_15' title="bbox 370 1971 1130 2085">
     <span class='ocr_line' id='line_1_43' title="bbox 370 1971 1130 2033; baseline -0.011 -4"><span class='ocrx_word' id='word_1_221' title='bbox 370 1995 433 2029; x_wconf 91' lang='lat' dir='ltr'>nisi</span> <span class='ocrx_word' id='word_1_222' title='bbox 459 1995 539 2028; x_wconf 81' lang='lat' dir='ltr'>l&#39;orte</span> <span class='ocrx_word' id='word_1_223' title='bbox 564 1993 610 2027; x_wconf 91' lang='lat' dir='ltr'>eis</span> <span class='ocrx_word' id='word_1_224' title='bbox 635 1993 673 2025; x_wconf 90' lang='lat' dir='ltr'>ab</span> <span class='ocrx_word' id='word_1_225' title='bbox 696 1991 812 2024; x_wconf 84' lang='lat' dir='ltr'>abbate</span> <span class='ocrx_word' id='word_1_226' title='bbox 838 2001 895 2023; x_wconf 89' lang='lat' dir='ltr'>suo</span> <span class='ocrx_word' id='word_1_227' title='bbox 928 1971 1130 2033; x_wconf 69' lang='lat' dir='ltr'>p1·aecipia-i</span> 
     </span>
     <span class='ocr_line' id='line_1_44' title="bbox 371 2043 1109 2085; baseline -0.008 -5"><span class='ocrx_word' id='word_1_228' title='bbox 371 2053 435 2081; x_wconf 90' lang='lat' dir='ltr'>tur.</span> <span class='ocrx_word' id='word_1_229' title='bbox 462 2046 554 2085; x_wconf 84' lang='lat' dir='ltr'>Quod</span> <span class='ocrx_word' id='word_1_230' title='bbox 579 2046 606 2079; x_wconf 91' lang='lat' dir='ltr'>si</span> <span class='ocrx_word' id='word_1_231' title='bbox 631 2045 726 2078; x_wconf 87' lang='lat' dir='ltr'>aliter</span> <span class='ocrx_word' id='word_1_232' title='bbox 751 2043 906 2084; x_wconf 80' lang='lat' dir='ltr'>fecerint,</span> <span class='ocrx_word' id='word_1_233' title='bbox 925 2052 1109 2076; x_wconf 79' lang='lat' dir='ltr'>excommu-</span> 
     </span>
    </p>
   </div>
   <div class='ocr_carea' id='block_1_11' title="bbox 371 2101 837 2182">
    <p class='ocr_par' dir='ltr' id='par_1_16' title="bbox 371 2101 837 2182">
     <span class='ocr_line' id='line_1_45' title="bbox 371 2101 533 2134; baseline -0.006 -1"><span class='ocrx_word' id='word_1_234' title='bbox 371 2101 533 2134; x_wconf 89' lang='lat' dir='ltr'>nicentur.</span> 
     </span>
     <span class='ocr_line' id='line_1_46' title="bbox 643 2158 837 2182; baseline -0.01 0"><span class='ocrx_word' id='word_1_235' title='bbox 643 2158 837 2182; x_wconf 68' lang='lat' dir='ltr'><strong>DECLARATIO.</strong></span> 
     </span>
    </p>
   </div>
   <div class='ocr_carea' id='block_1_12' title="bbox 374 2206 1109 2294">
    <p class='ocr_par' dir='ltr' id='par_1_17' title="bbox 374 2206 1109 2294">
     <span class='ocr_line' id='line_1_47' title="bbox 414 2206 1106 2249; baseline -0.007 -10"><span class='ocrx_word' id='word_1_236' title='bbox 414 2209 456 2249; x_wconf 88' lang='grc' dir='ltr'>(α)</span> <span class='ocrx_word' id='word_1_237' title='bbox 483 2219 503 2240; x_wconf 87' lang='lat'>1.</span> <span class='ocrx_word' id='word_1_238' title='bbox 533 2209 592 2241; x_wconf 85' lang='lat' dir='ltr'>Non</span> <span class='ocrx_word' id='word_1_239' title='bbox 622 2212 802 2248; x_wconf 77' lang='lat' dir='ltr'>praesumant</span> <span class='ocrx_word' id='word_1_240' title='bbox 831 2206 900 2246; x_wconf 83' lang='lat' dir='ltr'>foris</span> <span class='ocrx_word' id='word_1_241' title='bbox 931 2206 1106 2235; x_wconf 79' lang='lat' dir='ltr'>manducare.</span> 
     </span>
     <span class='ocr_line' id='line_1_48' title="bbox 374 2254 1109 2294; baseline -0.008 -6"><span class='ocrx_word' id='word_1_242' title='bbox 374 2257 549 2288; x_wconf 85' lang='lat' dir='ltr'>Declarando</span> <span class='ocrx_word' id='word_1_243' title='bbox 572 2256 740 2286; x_wconf 82' lang='lat' dir='ltr'>ordinamus</span> <span class='ocrx_word' id='word_1_244' title='bbox 764 2255 841 2294; x_wconf 87' lang='lat' dir='ltr'>quod</span> <span class='ocrx_word' id='word_1_245' title='bbox 869 2254 968 2283; x_wconf 88' lang='lat' dir='ltr'>nullus</span> <span class='ocrx_word' id='word_1_246' title='bbox 995 2257 1109 2283; x_wconf 88' lang='lat' dir='ltr'>nostrae</span> 
     </span>
    </p>
   </div>
   <div class='ocr_carea' id='block_1_13' title="bbox 1197 375 1822 409">
    <p class='ocr_par' dir='ltr' id='par_1_18' title="bbox 1197 375 1822 409">
     <span class='ocr_line' id='line_1_49' title="bbox 1197 375 1822 409; baseline -0.01 0"><span class='ocrx_word' id='word_1_247' title='bbox 1197 378 1293 409; x_wconf 70' lang='lat' dir='ltr'><strong>CAPUT</strong></span> <span class='ocrx_word' id='word_1_248' title='bbox 1316 378 1374 408; x_wconf 89' lang='lat' dir='ltr'>LII.</span> <span class='ocrx_word' id='word_1_249' title='bbox 1396 396 1434 400; x_wconf 97' lang='lat'><strong>—</strong></span> <span class='ocrx_word' id='word_1_250' title='bbox 1456 377 1495 407; x_wconf 86' lang='lat' dir='ltr'>De</span> <span class='ocrx_word' id='word_1_251' title='bbox 1517 377 1634 406; x_wconf 77' lang='lat' dir='ltr'>oratorio</span> <span class='ocrx_word' id='word_1_252' title='bbox 1655 375 1822 404; x_wconf 76' lang='lat' dir='ltr'>monasterii.</span> 
     </span>
    </p>
   </div>
   <div class='ocr_carea' id='block_1_14' title="bbox 1188 431 2070 487">
    <p class='ocr_par' dir='ltr' id='par_1_19' title="bbox 1188 431 2070 487">
     <span class='ocr_line' id='line_1_50' title="bbox 1188 431 2070 487; baseline -0.006 -19"><span class='ocrx_word' id='word_1_253' title='bbox 1188 435 1369 468; x_wconf 89' lang='lat' dir='ltr'>Oratorium</span> <span class='ocrx_word' id='word_1_254' title='bbox 1394 434 1456 467; x_wconf 89' lang='lat' dir='ltr'>hoc</span> <span class='ocrx_word' id='word_1_255' title='bbox 1480 434 1522 466; x_wconf 89' lang='lat' dir='ltr'>sit</span> <span class='ocrx_word' id='word_1_256' title='bbox 1551 432 1639 476; x_wconf 83' lang='lat' dir='ltr'>quod</span> <span class='ocrx_word' id='word_1_257' title='bbox 1664 431 1791 472; x_wconf 86' lang='lat' dir='ltr'>dicitur,</span> <span class='ocrx_word' id='word_1_258' title='bbox 1816 441 1876 465; x_wconf 86' lang='lat' dir='ltr'>nec</span> <span class='ocrx_word' id='word_1_259' title='bbox 1886 439 2070 487; x_wconf 42' lang='lat' dir='ltr'>dut-›lrlffirtiumdsgt</span> 
     </span>
    </p>
   </div>
   <div class='ocr_carea' id='block_1_15' title="bbox 1145 484 2056 531">
    <p class='ocr_par' dir='ltr' id='par_1_20' title="bbox 1145 484 2056 531">
     <span class='ocr_line' id='line_1_51' title="bbox 1145 484 2056 531; baseline -0.007 -11"><span class='ocrx_word' id='word_1_260' title='bbox 1145 488 1187 520; x_wconf 93' lang='lat' dir='ltr'>ibi</span> <span class='ocrx_word' id='word_1_261' title='bbox 1213 488 1387 531; x_wconf 85' lang='lat' dir='ltr'>quidquam</span> <span class='ocrx_word' id='word_1_262' title='bbox 1413 486 1499 519; x_wconf 88' lang='lat' dir='ltr'>aliud</span> <span class='ocrx_word' id='word_1_263' title='bbox 1524 490 1666 528; x_wconf 84' lang='lat' dir='ltr'>geratur,</span> <span class='ocrx_word' id='word_1_264' title='bbox 1688 489 1742 516; x_wconf 91' lang='lat' dir='ltr'>aut</span> <span class='ocrx_word' id='word_1_265' title='bbox 1761 484 1878 517; x_wconf 89' lang='lat' dir='ltr'>conda·</span> <span class='ocrx_word' id='word_1_266' title='bbox 1888 498 1934 514; x_wconf 73' lang='lat' dir='ltr'>mus</span> <span class='ocrx_word' id='word_1_267' title='bbox 1948 493 2056 514; x_wconf 62' lang='lat' dir='ltr'>orationis.</span> 
     </span>
    </p>
   </div>
   <div class='ocr_carea' id='block_1_16' title="bbox 1143 537 1879 1162">
    <p class='ocr_par' dir='ltr' id='par_1_21' title="bbox 1143 537 1879 1162">
     <span class='ocr_line' id='line_1_52' title="bbox 1145 537 1877 583; baseline -0.007 -10"><span class='ocrx_word' id='word_1_268' title='bbox 1145 547 1206 574; x_wconf 87' lang='lat' dir='ltr'>tur.</span> <span class='ocrx_word' id='word_1_269' title='bbox 1231 541 1278 583; x_wconf 85' lang='grc' dir='ltr'>(α)</span> <span class='ocrx_word' id='word_1_270' title='bbox 1303 540 1437 583; x_wconf 88' lang='lat' dir='ltr'>Expleto</span> <span class='ocrx_word' id='word_1_271' title='bbox 1461 549 1558 582; x_wconf 90' lang='lat' dir='ltr'>opere</span> <span class='ocrx_word' id='word_1_272' title='bbox 1577 537 1646 577; x_wconf 85' lang='lat' dir='ltr'>Dei,</span> <span class='ocrx_word' id='word_1_273' title='bbox 1673 546 1785 570; x_wconf 89' lang='lat' dir='ltr'>omnes</span> <span class='ocrx_word' id='word_1_274' title='bbox 1804 547 1877 569; x_wconf 90' lang='lat' dir='ltr'>cum</span> 
     </span>
     <span class='ocr_line' id='line_1_53' title="bbox 1144 592 1877 632; baseline -0.005 -7"><span class='ocrx_word' id='word_1_275' title='bbox 1144 603 1270 626; x_wconf 89' lang='lat' dir='ltr'>summo</span> <span class='ocrx_word' id='word_1_276' title='bbox 1296 592 1427 625; x_wconf 90' lang='lat' dir='ltr'>silentio</span> <span class='ocrx_word' id='word_1_277' title='bbox 1455 595 1580 630; x_wconf 80' lang='lat' dir='ltr'>exeant,</span> <span class='ocrx_word' id='word_1_278' title='bbox 1598 594 1631 622; x_wconf 91' lang='lat' dir='ltr'>et</span> <span class='ocrx_word' id='word_1_279' title='bbox 1651 593 1764 632; x_wconf 79' lang='lat' dir='ltr'>agatur</span> <span class='ocrx_word' id='word_1_280' title='bbox 1786 599 1877 622; x_wconf 89' lang='lat' dir='ltr'>reve-</span> 
     </span>
     <span class='ocr_line' id='line_1_54' title="bbox 1144 642 1877 686; baseline -0.005 -8"><span class='ocrx_word' id='word_1_281' title='bbox 1144 646 1250 678; x_wconf 85' lang='lat' dir='ltr'>rentia</span> <span class='ocrx_word' id='word_1_282' title='bbox 1273 645 1355 685; x_wconf 91' lang='lat' dir='ltr'>Deo,</span> <span class='ocrx_word' id='word_1_283' title='bbox 1374 650 1410 677; x_wconf 89' lang='lat' dir='ltr'>ut</span> <span class='ocrx_word' id='word_1_284' title='bbox 1434 645 1543 684; x_wconf 79' lang='lat' dir='ltr'>frater,</span> <span class='ocrx_word' id='word_1_285' title='bbox 1563 643 1616 686; x_wconf 90' lang='lat' dir='ltr'>qui</span> <span class='ocrx_word' id='word_1_286' title='bbox 1637 643 1720 675; x_wconf 83' lang='lat' dir='ltr'>forte</span> <span class='ocrx_word' id='word_1_287' title='bbox 1740 642 1801 674; x_wconf 87' lang='lat' dir='ltr'>sibi</span> <span class='ocrx_word' id='word_1_288' title='bbox 1821 652 1877 685; x_wconf 85' lang='lat' dir='ltr'>pe-</span> 
     </span>
     <span class='ocr_line' id='line_1_55' title="bbox 1144 695 1876 738; baseline -0.004 -8"><span class='ocrx_word' id='word_1_289' title='bbox 1144 698 1308 731; x_wconf 87' lang='lat' dir='ltr'>culiariter</span> <span class='ocrx_word' id='word_1_290' title='bbox 1339 699 1407 730; x_wconf 91' lang='lat' dir='ltr'>vult</span> <span class='ocrx_word' id='word_1_291' title='bbox 1442 707 1555 736; x_wconf 87' lang='lat' dir='ltr'>orare,</span> <span class='ocrx_word' id='word_1_292' title='bbox 1581 706 1646 729; x_wconf 91' lang='lat' dir='ltr'>non</span> <span class='ocrx_word' id='word_1_293' title='bbox 1682 695 1876 738; x_wconf 83' lang='lat' dir='ltr'>impediatur</span> 
     </span>
     <span class='ocr_line' id='line_1_56' title="bbox 1143 748 1878 793; baseline -0.004 -10"><span class='ocrx_word' id='word_1_294' title='bbox 1143 751 1276 783; x_wconf 86' lang='lat' dir='ltr'>alterius</span> <span class='ocrx_word' id='word_1_295' title='bbox 1307 750 1525 793; x_wconf 85' lang='lat' dir='ltr'>improbitate.</span> <span class='ocrx_word' id='word_1_296' title='bbox 1552 749 1613 782; x_wconf 90' lang='lat' dir='ltr'>Sed</span> <span class='ocrx_word' id='word_1_297' title='bbox 1645 748 1670 781; x_wconf 93' lang='lat' dir='ltr'>si</span> <span class='ocrx_word' id='word_1_298' title='bbox 1702 749 1786 781; x_wconf 86' lang='lat' dir='ltr'>alter</span> <span class='ocrx_word' id='word_1_299' title='bbox 1808 748 1878 781; x_wconf 89' lang='lat' dir='ltr'>vult</span> 
     </span>
     <span class='ocr_line' id='line_1_57' title="bbox 1143 799 1877 843; baseline -0.004 -8"><span class='ocrx_word' id='word_1_300' title='bbox 1143 803 1203 835; x_wconf 86' lang='lat' dir='ltr'>sibi</span> <span class='ocrx_word' id='word_1_301' title='bbox 1223 804 1305 835; x_wconf 79' lang='lat' dir='ltr'>sorte</span> <span class='ocrx_word' id='word_1_302' title='bbox 1322 802 1478 835; x_wconf 86' lang='lat' dir='ltr'>secretius</span> <span class='ocrx_word' id='word_1_303' title='bbox 1497 811 1602 841; x_wconf 89' lang='lat' dir='ltr'>orare,</span> <span class='ocrx_word' id='word_1_304' title='bbox 1623 799 1813 843; x_wconf 84' lang='lat' dir='ltr'>simpliciter</span> <span class='ocrx_word' id='word_1_305' title='bbox 1827 800 1877 832; x_wconf 91' lang='lat' dir='ltr'>in-</span> 
     </span>
     <span class='ocr_line' id='line_1_58' title="bbox 1145 852 1877 894; baseline -0.001 -8"><span class='ocrx_word' id='word_1_306' title='bbox 1145 860 1207 888; x_wconf 88' lang='lat' dir='ltr'>tret</span> <span class='ocrx_word' id='word_1_307' title='bbox 1231 860 1263 887; x_wconf 91' lang='lat' dir='ltr'>et</span> <span class='ocrx_word' id='word_1_308' title='bbox 1287 859 1369 894; x_wconf 85' lang='lat' dir='ltr'>oret,</span> <span class='ocrx_word' id='word_1_309' title='bbox 1396 864 1462 887; x_wconf 91' lang='lat' dir='ltr'>non</span> <span class='ocrx_word' id='word_1_310' title='bbox 1486 854 1520 886; x_wconf 90' lang='lat' dir='ltr'>in</span> <span class='ocrx_word' id='word_1_311' title='bbox 1544 854 1685 886; x_wconf 73' lang='lat' dir='ltr'>clamosa</span> <span class='ocrx_word' id='word_1_312' title='bbox 1701 863 1793 893; x_wconf 85' lang='lat' dir='ltr'>voce,</span> <span class='ocrx_word' id='word_1_313' title='bbox 1819 852 1877 885; x_wconf 90' lang='lat' dir='ltr'>sed</span> 
     </span>
     <span class='ocr_line' id='line_1_59' title="bbox 1144 905 1877 950; baseline -0.001 -11"><span class='ocrx_word' id='word_1_314' title='bbox 1144 907 1175 939; x_wconf 92' lang='lat' dir='ltr'>in</span> <span class='ocrx_word' id='word_1_315' title='bbox 1200 907 1349 950; x_wconf 78' lang='lat' dir='ltr'>lacrymis</span> <span class='ocrx_word' id='word_1_316' title='bbox 1381 911 1413 939; x_wconf 88' lang='lat' dir='ltr'>et</span> <span class='ocrx_word' id='word_1_317' title='bbox 1442 906 1622 939; x_wconf 87' lang='lat' dir='ltr'>intentione</span> <span class='ocrx_word' id='word_1_318' title='bbox 1647 905 1766 939; x_wconf 87' lang='lat' dir='ltr'>cordis.</span> <span class='ocrx_word' id='word_1_319' title='bbox 1792 905 1877 948; x_wconf 84' lang='lat' dir='ltr'>Ergo</span> 
     </span>
     <span class='ocr_line' id='line_1_60' title="bbox 1144 958 1879 1002; baseline -0.001 -11"><span class='ocrx_word' id='word_1_320' title='bbox 1144 960 1199 1002; x_wconf 86' lang='lat' dir='ltr'>qui</span> <span class='ocrx_word' id='word_1_321' title='bbox 1223 959 1327 992; x_wconf 87' lang='lat' dir='ltr'>simile</span> <span class='ocrx_word' id='word_1_322' title='bbox 1352 969 1433 1002; x_wconf 86' lang='lat' dir='ltr'>opus</span> <span class='ocrx_word' id='word_1_323' title='bbox 1452 968 1519 991; x_wconf 91' lang='lat' dir='ltr'>non</span> <span class='ocrx_word' id='word_1_324' title='bbox 1543 958 1631 999; x_wconf 84' lang='lat' dir='ltr'>facit,</span> <span class='ocrx_word' id='word_1_325' title='bbox 1654 968 1721 991; x_wconf 92' lang='lat' dir='ltr'>non</span> <span class='ocrx_word' id='word_1_326' title='bbox 1745 958 1879 1001; x_wconf 90' lang='lat' dir='ltr'>permit-</span> 
     </span>
     <span class='ocr_line' id='line_1_61' title="bbox 1146 1010 1877 1055; baseline -0.001 -11"><span class='ocrx_word' id='word_1_327' title='bbox 1146 1018 1250 1052; x_wconf 89' lang='lat' dir='ltr'>tatur,</span> <span class='ocrx_word' id='word_1_328' title='bbox 1279 1013 1409 1055; x_wconf 84' lang='lat' dir='ltr'>expleto</span> <span class='ocrx_word' id='word_1_329' title='bbox 1435 1022 1533 1054; x_wconf 88' lang='lat' dir='ltr'>opere</span> <span class='ocrx_word' id='word_1_330' title='bbox 1558 1010 1635 1052; x_wconf 92' lang='lat' dir='ltr'>Dei,</span> <span class='ocrx_word' id='word_1_331' title='bbox 1662 1010 1819 1044; x_wconf 88' lang='lat' dir='ltr'>remorari</span> <span class='ocrx_word' id='word_1_332' title='bbox 1842 1010 1877 1043; x_wconf 92' lang='lat' dir='ltr'>in</span> 
     </span>
     <span class='ocr_line' id='line_1_62' title="bbox 1144 1063 1878 1106; baseline -0.003 -8"><span class='ocrx_word' id='word_1_333' title='bbox 1144 1066 1296 1106; x_wconf 86' lang='lat' dir='ltr'>oratorio,</span> <span class='ocrx_word' id='word_1_334' title='bbox 1315 1065 1398 1098; x_wconf 89' lang='lat' dir='ltr'>sicut</span> <span class='ocrx_word' id='word_1_335' title='bbox 1414 1065 1535 1098; x_wconf 90' lang='lat' dir='ltr'>dictum</span> <span class='ocrx_word' id='word_1_336' title='bbox 1552 1069 1620 1105; x_wconf 89' lang='lat' dir='ltr'>est,</span> <span class='ocrx_word' id='word_1_337' title='bbox 1645 1074 1686 1097; x_wconf 85' lang='lat' dir='ltr'>ne</span> <span class='ocrx_word' id='word_1_338' title='bbox 1710 1063 1791 1097; x_wconf 86' lang='lat' dir='ltr'>alius</span> <span class='ocrx_word' id='word_1_339' title='bbox 1815 1063 1878 1096; x_wconf 91' lang='lat' dir='ltr'>im-</span> 
     </span>
     <span class='ocr_line' id='line_1_63' title="bbox 1144 1117 1539 1162; baseline -0.005 -11"><span class='ocrx_word' id='word_1_340' title='bbox 1144 1118 1367 1162; x_wconf 89' lang='lat' dir='ltr'>pedimentum</span> <span class='ocrx_word' id='word_1_341' title='bbox 1386 1117 1539 1161; x_wconf 89' lang='lat' dir='ltr'>patiatur.</span> 
     </span>
    </p>
   </div>
   <div class='ocr_carea' id='block_1_17' title="bbox 1412 1186 1607 1208">
    <p class='ocr_par' dir='ltr' id='par_1_22' title="bbox 1412 1186 1607 1208">
     <span class='ocr_line' id='line_1_64' title="bbox 1412 1186 1607 1208; baseline 0 0"><span class='ocrx_word' id='word_1_342' title='bbox 1412 1186 1607 1208; x_wconf 67' lang='lat' dir='ltr'>DECLARATIO.</span> 
     </span>
    </p>
   </div>
   <div class='ocr_carea' id='block_1_18' title="bbox 1143 1231 1884 2287">
    <p class='ocr_par' dir='ltr' id='par_1_23' title="bbox 1143 1231 1879 1506">
     <span class='ocr_line' id='line_1_65' title="bbox 1183 1231 1878 1272; baseline -0.003 -10"><span class='ocrx_word' id='word_1_343' title='bbox 1183 1242 1202 1263; x_wconf 96' lang='lat'>1.</span> <span class='ocrx_word' id='word_1_344' title='bbox 1227 1232 1343 1272; x_wconf 62' lang='lat' dir='ltr'>Eaepleto</span> <span class='ocrx_word' id='word_1_345' title='bbox 1368 1241 1448 1271; x_wconf 81' lang='lat' dir='ltr'>opere</span> <span class='ocrx_word' id='word_1_346' title='bbox 1476 1231 1546 1266; x_wconf 75' lang='lat' dir='ltr'>Dei,</span> <span class='ocrx_word' id='word_1_347' title='bbox 1570 1240 1660 1261; x_wconf 77' lang='lat' dir='ltr'>omnes</span> <span class='ocrx_word' id='word_1_348' title='bbox 1687 1240 1749 1261; x_wconf 83' lang='lat' dir='ltr'>cum</span> <span class='ocrx_word' id='word_1_349' title='bbox 1773 1240 1878 1261; x_wconf 84' lang='lat' dir='ltr'>summo</span> 
     </span>
     <span class='ocr_line' id='line_1_66' title="bbox 1143 1279 1877 1319; baseline -0.001 -8"><span class='ocrx_word' id='word_1_350' title='bbox 1143 1282 1250 1311; x_wconf 74' lang='lat' dir='ltr'>silentio</span> <span class='ocrx_word' id='word_1_351' title='bbox 1271 1285 1376 1310; x_wconf 60' lang='lat' dir='ltr'>areant.</span> <span class='ocrx_word' id='word_1_352' title='bbox 1399 1280 1459 1310; x_wconf 91' lang='lat' dir='ltr'>Nisi</span> <span class='ocrx_word' id='word_1_353' title='bbox 1475 1280 1525 1319; x_wconf 88' lang='lat' dir='ltr'>qui</span> <span class='ocrx_word' id='word_1_354' title='bbox 1547 1287 1700 1309; x_wconf 87' lang='lat' dir='ltr'>remanere</span> <span class='ocrx_word' id='word_1_355' title='bbox 1720 1279 1877 1318; x_wconf 86' lang='lat' dir='ltr'>voluerint,</span> 
     </span>
     <span class='ocr_line' id='line_1_67' title="bbox 1143 1328 1878 1368; baseline -0.003 -8"><span class='ocrx_word' id='word_1_356' title='bbox 1143 1334 1175 1361; x_wconf 87' lang='lat' dir='ltr'>ut</span> <span class='ocrx_word' id='word_1_357' title='bbox 1192 1329 1317 1360; x_wconf 87' lang='lat' dir='ltr'>orationi</span> <span class='ocrx_word' id='word_1_358' title='bbox 1333 1333 1445 1359; x_wconf 85' lang='lat' dir='ltr'>vacent.</span> <span class='ocrx_word' id='word_1_359' title='bbox 1462 1329 1596 1359; x_wconf 85' lang='lat' dir='ltr'>Facimus</span> <span class='ocrx_word' id='word_1_360' title='bbox 1611 1333 1719 1366; x_wconf 88' lang='lat' dir='ltr'>tamen,</span> <span class='ocrx_word' id='word_1_361' title='bbox 1735 1328 1878 1368; x_wconf 89' lang='lat' dir='ltr'>completo</span> 
     </span>
     <span class='ocr_line' id='line_1_68' title="bbox 1144 1376 1879 1419; baseline -0.003 -10"><span class='ocrx_word' id='word_1_362' title='bbox 1144 1388 1231 1419; x_wconf 90' lang='lat' dir='ltr'>opere</span> <span class='ocrx_word' id='word_1_363' title='bbox 1254 1378 1323 1415; x_wconf 90' lang='lat' dir='ltr'>Dei,</span> <span class='ocrx_word' id='word_1_364' title='bbox 1346 1377 1465 1408; x_wconf 89' lang='lat' dir='ltr'>brevem</span> <span class='ocrx_word' id='word_1_365' title='bbox 1495 1377 1636 1407; x_wconf 86' lang='lat' dir='ltr'>morulam</span> <span class='ocrx_word' id='word_1_366' title='bbox 1663 1377 1693 1407; x_wconf 90' lang='lat' dir='ltr'>in</span> <span class='ocrx_word' id='word_1_367' title='bbox 1715 1376 1823 1414; x_wconf 87' lang='lat' dir='ltr'>choro,</span> <span class='ocrx_word' id='word_1_368' title='bbox 1846 1381 1879 1407; x_wconf 91' lang='lat' dir='ltr'>ut</span> 
     </span>
     <span class='ocr_line' id='line_1_69' title="bbox 1144 1425 1879 1466; baseline -0.003 -9"><span class='ocrx_word' id='word_1_369' title='bbox 1144 1436 1244 1457; x_wconf 89' lang='lat' dir='ltr'>omnes</span> <span class='ocrx_word' id='word_1_370' title='bbox 1266 1426 1377 1466; x_wconf 86' lang='lat' dir='ltr'>possint</span> <span class='ocrx_word' id='word_1_371' title='bbox 1397 1426 1454 1455; x_wconf 88' lang='lat' dir='ltr'>Deo</span> <span class='ocrx_word' id='word_1_372' title='bbox 1476 1426 1654 1464; x_wconf 83' lang='lat' dir='ltr'>satisfacere,</span> <span class='ocrx_word' id='word_1_373' title='bbox 1670 1425 1695 1455; x_wconf 88' lang='lat' dir='ltr'>si</span> <span class='ocrx_word' id='word_1_374' title='bbox 1716 1425 1785 1465; x_wconf 90' lang='lat' dir='ltr'>quid</span> <span class='ocrx_word' id='word_1_375' title='bbox 1806 1425 1879 1455; x_wconf 88' lang='lat' dir='ltr'>omi-</span> 
     </span>
     <span class='ocr_line' id='line_1_70' title="bbox 1144 1473 1537 1506; baseline -0.008 0"><span class='ocrx_word' id='word_1_376' title='bbox 1144 1476 1236 1506; x_wconf 88' lang='lat' dir='ltr'>serint</span> <span class='ocrx_word' id='word_1_377' title='bbox 1256 1474 1291 1504; x_wconf 90' lang='lat' dir='ltr'>de</span> <span class='ocrx_word' id='word_1_378' title='bbox 1313 1474 1411 1504; x_wconf 84' lang='lat' dir='ltr'>divino</span> <span class='ocrx_word' id='word_1_379' title='bbox 1433 1473 1537 1504; x_wconf 76' lang='lat' dir='ltr'>officio.</span> 
     </span>
    </p>

    <p class='ocr_par' dir='ltr' id='par_1_24' title="bbox 1146 1520 1881 1802">
     <span class='ocr_line' id='line_1_71' title="bbox 1183 1520 1880 1560; baseline -0.003 -7"><span class='ocrx_word' id='word_1_380' title='bbox 1183 1533 1214 1553; x_wconf 81' lang='lat'>11.</span> <span class='ocrx_word' id='word_1_381' title='bbox 1237 1522 1336 1553; x_wconf 89' lang='lat' dir='ltr'>Oratio</span> <span class='ocrx_word' id='word_1_382' title='bbox 1358 1526 1455 1552; x_wconf 90' lang='lat' dir='ltr'>autem</span> <span class='ocrx_word' id='word_1_383' title='bbox 1478 1521 1612 1552; x_wconf 85' lang='lat' dir='ltr'>mentalis</span> <span class='ocrx_word' id='word_1_384' title='bbox 1633 1521 1756 1560; x_wconf 86' lang='lat' dir='ltr'>singulis</span> <span class='ocrx_word' id='word_1_385' title='bbox 1777 1520 1880 1551; x_wconf 89' lang='lat' dir='ltr'>diebus</span> 
     </span>
     <span class='ocr_line' id='line_1_72' title="bbox 1146 1569 1880 1612; baseline -0.003 -11"><span class='ocrx_word' id='word_1_386' title='bbox 1146 1581 1196 1612; x_wconf 87' lang='lat' dir='ltr'>per</span> <span class='ocrx_word' id='word_1_387' title='bbox 1217 1571 1355 1601; x_wconf 89' lang='lat' dir='ltr'>dimidiae</span> <span class='ocrx_word' id='word_1_388' title='bbox 1386 1571 1473 1600; x_wconf 88' lang='lat' dir='ltr'>horae</span> <span class='ocrx_word' id='word_1_389' title='bbox 1500 1569 1626 1609; x_wconf 88' lang='lat' dir='ltr'>spatium</span> <span class='ocrx_word' id='word_1_390' title='bbox 1653 1569 1704 1599; x_wconf 89' lang='lat' dir='ltr'>fiat</span> <span class='ocrx_word' id='word_1_391' title='bbox 1731 1569 1761 1599; x_wconf 91' lang='lat' dir='ltr'>in</span> <span class='ocrx_word' id='word_1_392' title='bbox 1791 1569 1880 1600; x_wconf 90' lang='lat' dir='ltr'>choro</span> 
     </span>
     <span class='ocr_line' id='line_1_73' title="bbox 1146 1617 1881 1658; baseline -0.004 -8"><span class='ocrx_word' id='word_1_393' title='bbox 1146 1620 1311 1650; x_wconf 87' lang='lat' dir='ltr'>immediate</span> <span class='ocrx_word' id='word_1_394' title='bbox 1333 1623 1399 1649; x_wconf 90' lang='lat' dir='ltr'>ante</span> <span class='ocrx_word' id='word_1_395' title='bbox 1421 1618 1565 1658; x_wconf 89' lang='lat' dir='ltr'>primam,</span> <span class='ocrx_word' id='word_1_396' title='bbox 1589 1617 1727 1648; x_wconf 90' lang='lat' dir='ltr'>nimirum</span> <span class='ocrx_word' id='word_1_397' title='bbox 1758 1626 1881 1656; x_wconf 74' lang='lat' dir='ltr'>congre-</span> 
     </span>
     <span class='ocr_line' id='line_1_74' title="bbox 1146 1665 1880 1707; baseline -0.004 -9"><span class='ocrx_word' id='word_1_398' title='bbox 1146 1669 1219 1707; x_wconf 78' lang='lat' dir='ltr'>gatis</span> <span class='ocrx_word' id='word_1_399' title='bbox 1242 1667 1393 1697; x_wconf 89' lang='lat' dir='ltr'>monachis</span> <span class='ocrx_word' id='word_1_400' title='bbox 1421 1670 1449 1697; x_wconf 89' lang='lat' dir='ltr'>et</span> <span class='ocrx_word' id='word_1_401' title='bbox 1474 1667 1557 1704; x_wconf 86' lang='lat' dir='ltr'>signo</span> <span class='ocrx_word' id='word_1_402' title='bbox 1584 1665 1650 1696; x_wconf 90' lang='lat' dir='ltr'>dato</span> <span class='ocrx_word' id='word_1_403' title='bbox 1676 1675 1692 1696; x_wconf 88' lang='lat' dir='ltr'>a</span> <span class='ocrx_word' id='word_1_404' title='bbox 1713 1665 1880 1705; x_wconf 84' lang='lat' dir='ltr'>superiore,</span> 
     </span>
     <span class='ocr_line' id='line_1_75' title="bbox 1146 1713 1878 1756; baseline -0.005 -9"><span class='ocrx_word' id='word_1_405' title='bbox 1146 1726 1203 1756; x_wconf 88' lang='lat' dir='ltr'>qua</span> <span class='ocrx_word' id='word_1_406' title='bbox 1224 1716 1360 1756; x_wconf 71' lang='lat' dir='ltr'>expleta,</span> <span class='ocrx_word' id='word_1_407' title='bbox 1384 1715 1460 1745; x_wconf 88' lang='lat' dir='ltr'>idem</span> <span class='ocrx_word' id='word_1_408' title='bbox 1489 1714 1624 1754; x_wconf 89' lang='lat' dir='ltr'>superior</span> <span class='ocrx_word' id='word_1_409' title='bbox 1644 1713 1732 1744; x_wconf 85' lang='lat' dir='ltr'>saciat</span> <span class='ocrx_word' id='word_1_410' title='bbox 1751 1714 1878 1753; x_wconf 82' lang='lat' dir='ltr'>signum,</span> 
     </span>
     <span class='ocr_line' id='line_1_76' title="bbox 1147 1763 1621 1802; baseline -0.006 -7"><span class='ocrx_word' id='word_1_411' title='bbox 1147 1769 1175 1795; x_wconf 90' lang='lat' dir='ltr'>et</span> <span class='ocrx_word' id='word_1_412' title='bbox 1195 1764 1361 1795; x_wconf 87' lang='lat' dir='ltr'>immediate</span> <span class='ocrx_word' id='word_1_413' title='bbox 1382 1764 1496 1794; x_wconf 91' lang='lat' dir='ltr'>dicatur</span> <span class='ocrx_word' id='word_1_414' title='bbox 1518 1763 1621 1802; x_wconf 88' lang='lat' dir='ltr'>prima.</span> 
     </span>
    </p>

    <p class='ocr_par' dir='ltr' id='par_1_25' title="bbox 1147 1811 1884 2287">
     <span class='ocr_line' id='line_1_77' title="bbox 1187 1811 1883 1853; baseline -0.003 -9"><span class='ocrx_word' id='word_1_415' title='bbox 1187 1823 1227 1844; x_wconf 85' lang='lat'>111.</span> <span class='ocrx_word' id='word_1_416' title='bbox 1250 1814 1284 1844; x_wconf 87' lang='lat' dir='ltr'>Et</span> <span class='ocrx_word' id='word_1_417' title='bbox 1305 1813 1441 1853; x_wconf 88' lang='lat' dir='ltr'>quoniam</span> <span class='ocrx_word' id='word_1_418' title='bbox 1472 1813 1553 1842; x_wconf 85' lang='lat' dir='ltr'>hisce</span> <span class='ocrx_word' id='word_1_419' title='bbox 1580 1811 1760 1851; x_wconf 87' lang='lat' dir='ltr'>temporibus</span> <span class='ocrx_word' id='word_1_420' title='bbox 1781 1811 1883 1842; x_wconf 88' lang='lat' dir='ltr'>lauda-</span> 
     </span>
     <span class='ocr_line' id='line_1_78' title="bbox 1147 1861 1882 1893; baseline -0.003 0"><span class='ocrx_word' id='word_1_421' title='bbox 1147 1864 1214 1893; x_wconf 88' lang='lat' dir='ltr'>bilis</span> <span class='ocrx_word' id='word_1_422' title='bbox 1241 1873 1274 1893; x_wconf 93' lang='lat' dir='ltr'>ac</span> <span class='ocrx_word' id='word_1_423' title='bbox 1302 1862 1488 1893; x_wconf 88' lang='lat' dir='ltr'>devotissima</span> <span class='ocrx_word' id='word_1_424' title='bbox 1509 1861 1630 1891; x_wconf 91' lang='lat' dir='ltr'>inolevit</span> <span class='ocrx_word' id='word_1_425' title='bbox 1650 1861 1829 1892; x_wconf 88' lang='lat' dir='ltr'>consuetudo</span> <span class='ocrx_word' id='word_1_426' title='bbox 1850 1870 1882 1891; x_wconf 91' lang='lat' dir='ltr'>o·</span> 
     </span>
     <span class='ocr_line' id='line_1_79' title="bbox 1148 1910 1881 1951; baseline -0.004 -9"><span class='ocrx_word' id='word_1_427' title='bbox 1148 1912 1230 1942; x_wconf 88' lang='lat' dir='ltr'>randi</span> <span class='ocrx_word' id='word_1_428' title='bbox 1248 1921 1299 1951; x_wconf 87' lang='lat' dir='ltr'>per</span> <span class='ocrx_word' id='word_1_429' title='bbox 1313 1911 1505 1951; x_wconf 85' lang='lat' dir='ltr'>quadraginta</span> <span class='ocrx_word' id='word_1_430' title='bbox 1520 1910 1657 1940; x_wconf 86' lang='lat' dir='ltr'>horarum</span> <span class='ocrx_word' id='word_1_431' title='bbox 1672 1910 1798 1949; x_wconf 86' lang='lat' dir='ltr'>spatium</span> <span class='ocrx_word' id='word_1_432' title='bbox 1813 1912 1881 1940; x_wconf 83' lang='lat' dir='ltr'>ante</span> 
     </span>
     <span class='ocr_line' id='line_1_80' title="bbox 1148 1958 1880 1990; baseline -0.003 0"><span class='ocrx_word' id='word_1_433' title='bbox 1148 1960 1364 1990; x_wconf 88' lang='lat' dir='ltr'>sanctissimum</span> <span class='ocrx_word' id='word_1_434' title='bbox 1385 1958 1585 1989; x_wconf 84' lang='lat' dir='ltr'>Eucharistiae</span> <span class='ocrx_word' id='word_1_435' title='bbox 1610 1961 1824 1988; x_wconf 85' lang='lat' dir='ltr'>sacramentum</span> <span class='ocrx_word' id='word_1_436' title='bbox 1848 1958 1880 1988; x_wconf 77' lang='lat' dir='ltr'>fn</span> 
     </span>
     <span class='ocr_line' id='line_1_81' title="bbox 1148 2007 1883 2048; baseline -0.004 -9"><span class='ocrx_word' id='word_1_437' title='bbox 1148 2009 1234 2039; x_wconf 87' lang='lat' dir='ltr'>altari</span> <span class='ocrx_word' id='word_1_438' title='bbox 1252 2008 1426 2048; x_wconf 85' lang='lat' dir='ltr'>expositum,</span> <span class='ocrx_word' id='word_1_439' title='bbox 1450 2007 1581 2037; x_wconf 87' lang='lat' dir='ltr'>eamdem</span> <span class='ocrx_word' id='word_1_440' title='bbox 1596 2015 1648 2036; x_wconf 88' lang='lat' dir='ltr'>nos</span> <span class='ocrx_word' id='word_1_441' title='bbox 1666 2015 1782 2046; x_wconf 87' lang='lat' dir='ltr'>quoque</span> <span class='ocrx_word' id='word_1_442' title='bbox 1803 2014 1883 2036; x_wconf 89' lang='lat' dir='ltr'>sum-</span> 
     </span>
     <span class='ocr_line' id='line_1_82' title="bbox 1149 2054 1882 2095; baseline -0.005 -7"><span class='ocrx_word' id='word_1_443' title='bbox 1149 2059 1196 2088; x_wconf 71' lang='lat' dir='ltr'>ma</span> <span class='ocrx_word' id='word_1_444' title='bbox 1217 2066 1282 2087; x_wconf 90' lang='lat' dir='ltr'>cum</span> <span class='ocrx_word' id='word_1_445' title='bbox 1304 2056 1456 2087; x_wconf 85' lang='lat' dir='ltr'>devotione</span> <span class='ocrx_word' id='word_1_446' title='bbox 1478 2065 1529 2095; x_wconf 93' lang='lat' dir='ltr'>pro</span> <span class='ocrx_word' id='word_1_447' title='bbox 1544 2054 1654 2085; x_wconf 90' lang='lat' dir='ltr'>viribus</span> <span class='ocrx_word' id='word_1_448' title='bbox 1669 2055 1752 2094; x_wconf 91' lang='lat' dir='ltr'>sequi</span> <span class='ocrx_word' id='word_1_449' title='bbox 1772 2054 1882 2085; x_wconf 87' lang='lat' dir='ltr'>iustum</span> 
     </span>
     <span class='ocr_line' id='line_1_83' title="bbox 1148 2102 1883 2142; baseline -0.007 -5"><span class='ocrx_word' id='word_1_450' title='bbox 1148 2110 1202 2137; x_wconf 91' lang='lat' dir='ltr'>est.</span> <span class='ocrx_word' id='word_1_451' title='bbox 1226 2106 1292 2136; x_wconf 90' lang='lat' dir='ltr'>Ideo</span> <span class='ocrx_word' id='word_1_452' title='bbox 1310 2105 1340 2135; x_wconf 92' lang='lat' dir='ltr'>in</span> <span class='ocrx_word' id='word_1_453' title='bbox 1355 2103 1535 2134; x_wconf 72' lang='lat' dir='ltr'>hebdomada</span> <span class='ocrx_word' id='word_1_454' title='bbox 1555 2103 1668 2140; x_wconf 72' lang='lat' dir='ltr'>sancta,</span> <span class='ocrx_word' id='word_1_455' title='bbox 1684 2106 1734 2133; x_wconf 88' lang='lat' dir='ltr'>aut</span> <span class='ocrx_word' id='word_1_456' title='bbox 1754 2102 1784 2132; x_wconf 91' lang='lat' dir='ltr'>in</span> <span class='ocrx_word' id='word_1_457' title='bbox 1802 2111 1883 2142; x_wconf 87' lang='lat' dir='ltr'>prae-</span> 
     </span>
     <span class='ocr_line' id='line_1_84' title="bbox 1149 2150 1884 2193; baseline -0.007 -8"><span class='ocrx_word' id='word_1_458' title='bbox 1149 2154 1283 2192; x_wconf 86' lang='lat' dir='ltr'>cedenti,</span> <span class='ocrx_word' id='word_1_459' title='bbox 1308 2157 1392 2193; x_wconf 85' lang='lat' dir='ltr'>prout</span> <span class='ocrx_word' id='word_1_460' title='bbox 1422 2152 1544 2192; x_wconf 86' lang='lat' dir='ltr'>praelati</span> <span class='ocrx_word' id='word_1_461' title='bbox 1570 2151 1661 2190; x_wconf 87' lang='lat' dir='ltr'>magis</span> <span class='ocrx_word' id='word_1_462' title='bbox 1690 2150 1884 2181; x_wconf 86' lang='lat' dir='ltr'>iudicaverint</span> 
     </span>
     <span class='ocr_line' id='line_1_85' title="bbox 1149 2199 1884 2243; baseline -0.007 -10"><span class='ocrx_word' id='word_1_463' title='bbox 1149 2203 1295 2243; x_wconf 86' lang='lat' dir='ltr'>expedire,</span> <span class='ocrx_word' id='word_1_464' title='bbox 1309 2202 1338 2232; x_wconf 92' lang='lat' dir='ltr'>in</span> <span class='ocrx_word' id='word_1_465' title='bbox 1361 2201 1492 2231; x_wconf 84' lang='lat' dir='ltr'>ecclesiis</span> <span class='ocrx_word' id='word_1_466' title='bbox 1510 2199 1751 2230; x_wconf 88' lang='lat' dir='ltr'>monasteriorum</span> <span class='ocrx_word' id='word_1_467' title='bbox 1773 2201 1884 2229; x_wconf 88' lang='lat' dir='ltr'>nostro-</span> 
     </span>
     <span class='ocr_line' id='line_1_86' title="bbox 1149 2247 1883 2287; baseline -0.007 -6"><span class='ocrx_word' id='word_1_468' title='bbox 1149 2260 1214 2281; x_wconf 88' lang='lat' dir='ltr'>rum</span> <span class='ocrx_word' id='word_1_469' title='bbox 1237 2251 1312 2280; x_wconf 85' lang='lat' dir='ltr'>hane</span> <span class='ocrx_word' id='word_1_470' title='bbox 1339 2249 1499 2279; x_wconf 86' lang='lat' dir='ltr'>orationem</span> <span class='ocrx_word' id='word_1_471' title='bbox 1527 2247 1716 2287; x_wconf 81' lang='lat' dir='ltr'>quadraginta</span> <span class='ocrx_word' id='word_1_472' title='bbox 1746 2247 1883 2276; x_wconf 90' lang='lat' dir='ltr'>horarum</span> 
     </span>
    </p>
   </div>
   <div class='ocr_carea' id='block_1_19' title="bbox 374 2285 1886 2391">
    <p class='ocr_par' dir='ltr' id='par_1_26' title="bbox 374 2285 1886 2391">
     <span class='ocr_line' id='line_1_87' title="bbox 374 2285 1886 2343; baseline -0.007 -7"><span class='ocrx_word' id='word_1_473' title='bbox 374 2304 623 2343; x_wconf 81' lang='lat' dir='ltr'>Congregationis,</span> <span class='ocrx_word' id='word_1_474' title='bbox 639 2308 906 2343; x_wconf 87' lang='lat' dir='ltr'>quantumcumque</span> <span class='ocrx_word' id='word_1_475' title='bbox 917 2305 1047 2339; x_wconf 81' lang='lat' dir='ltr'>rogatus,</span> <span class='ocrx_word' id='word_1_476' title='bbox 1061 2310 1110 2330; x_wconf 89' lang='lat' dir='ltr'>au-</span> <span class='ocrx_word' id='word_1_477' title='bbox 1127 2285 1132 2335; x_wconf 75' lang='lat' dir='ltr'>i</span> <span class='ocrx_word' id='word_1_478' title='bbox 1151 2300 1303 2330; x_wconf 89' lang='lat' dir='ltr'>instituant</span> <span class='ocrx_word' id='word_1_479' title='bbox 1318 2302 1345 2328; x_wconf 92' lang='lat' dir='ltr'>et</span> <span class='ocrx_word' id='word_1_480' title='bbox 1357 2300 1514 2337; x_wconf 83' lang='lat' dir='ltr'>exponant,</span> <span class='ocrx_word' id='word_1_481' title='bbox 1533 2296 1563 2326; x_wconf 90' lang='lat' dir='ltr'>in</span> <span class='ocrx_word' id='word_1_482' title='bbox 1576 2305 1632 2335; x_wconf 84' lang='lat' dir='ltr'>qua</span> <span class='ocrx_word' id='word_1_483' title='bbox 1654 2298 1807 2325; x_wconf 87' lang='lat' dir='ltr'>serventur</span> <span class='ocrx_word' id='word_1_484' title='bbox 1821 2304 1886 2326; x_wconf 84' lang='lat' dir='ltr'>cae-</span> 
     </span>
     <span class='ocr_line' id='line_1_88' title="bbox 375 2339 1804 2391; baseline -0.008 -8"><span class='ocrx_word' id='word_1_485' title='bbox 375 2354 442 2384; x_wconf 86' lang='lat' dir='ltr'>deat</span> <span class='ocrx_word' id='word_1_486' title='bbox 463 2353 638 2383; x_wconf 88' lang='lat' dir='ltr'>manducare</span> <span class='ocrx_word' id='word_1_487' title='bbox 660 2356 710 2382; x_wconf 88' lang='lat' dir='ltr'>aut</span> <span class='ocrx_word' id='word_1_488' title='bbox 732 2354 903 2391; x_wconf 86' lang='lat' dir='ltr'>pernoctare</span> <span class='ocrx_word' id='word_1_489' title='bbox 925 2350 955 2379; x_wconf 90' lang='lat' dir='ltr'>in</span> <span class='ocrx_word' id='word_1_490' title='bbox 977 2349 1110 2379; x_wconf 87' lang='lat' dir='ltr'>domibus</span> <span class='ocrx_word' id='word_1_491' title='bbox 1129 2339 1132 2366; x_wconf 75' lang='lat'><strong>¹</strong></span> <span class='ocrx_word' id='word_1_492' title='bbox 1151 2348 1300 2379; x_wconf 90' lang='lat' dir='ltr'>remouiae</span> <span class='ocrx_word' id='word_1_493' title='bbox 1322 2347 1351 2376; x_wconf 94' lang='lat' dir='ltr'>in</span> <span class='ocrx_word' id='word_1_494' title='bbox 1375 2345 1474 2376; x_wconf 86' lang='lat' dir='ltr'>rituali</span> <span class='ocrx_word' id='word_1_495' title='bbox 1488 2353 1608 2375; x_wconf 89' lang='lat' dir='ltr'>romano</span> <span class='ocrx_word' id='word_1_496' title='bbox 1630 2343 1804 2383; x_wconf 85' lang='lat' dir='ltr'>descriptae.</span> 
     </span>
    </p>
   </div>
   <div class='ocr_carea' id='block_1_20' title="bbox 374 2397 1111 2487">
    <p class='ocr_par' dir='ltr' id='par_1_27' title="bbox 374 2397 1111 2487">
     <span class='ocr_line' id='line_1_89' title="bbox 375 2397 1111 2441; baseline -0.007 -10"><span class='ocrx_word' id='word_1_497' title='bbox 375 2401 567 2441; x_wconf 89' lang='lat' dir='ltr'>possessionis</span> <span class='ocrx_word' id='word_1_498' title='bbox 595 2400 639 2429; x_wconf 88' lang='lat' dir='ltr'>vel</span> <span class='ocrx_word' id='word_1_499' title='bbox 673 2400 745 2429; x_wconf 89' lang='lat' dir='ltr'>locis</span> <span class='ocrx_word' id='word_1_500' title='bbox 778 2398 957 2440; x_wconf 62' lang='lat' dir='ltr'>qnibuslibet</span> <span class='ocrx_word' id='word_1_501' title='bbox 984 2397 1111 2427; x_wconf 85' lang='lat' dir='ltr'>saecula-</span> 
     </span>
     <span class='ocr_line' id='line_1_90' title="bbox 374 2445 1111 2487; baseline -0.009 -7"><span class='ocrx_word' id='word_1_502' title='bbox 374 2450 463 2487; x_wconf 90' lang='lat' dir='ltr'>rium,</span> <span class='ocrx_word' id='word_1_503' title='bbox 480 2449 575 2479; x_wconf 87' lang='lat' dir='ltr'>necin</span> <span class='ocrx_word' id='word_1_504' title='bbox 593 2448 770 2485; x_wconf 86' lang='lat' dir='ltr'>civitatibus,</span> <span class='ocrx_word' id='word_1_505' title='bbox 788 2452 836 2477; x_wconf 89' lang='lat' dir='ltr'>aut</span> <span class='ocrx_word' id='word_1_506' title='bbox 858 2447 888 2477; x_wconf 91' lang='lat' dir='ltr'>in</span> <span class='ocrx_word' id='word_1_507' title='bbox 910 2446 981 2476; x_wconf 89' lang='lat' dir='ltr'>locis</span> <span class='ocrx_word' id='word_1_508' title='bbox 1003 2446 1032 2475; x_wconf 92' lang='lat' dir='ltr'>in</span> <span class='ocrx_word' id='word_1_509' title='bbox 1048 2445 1111 2484; x_wconf 88' lang='lat' dir='ltr'>qui-</span> 
     </span>
    </p>
   </div>
   <div class='ocr_carea' id='block_1_21' title="bbox 376 2494 1109 2531">
    <p class='ocr_par' dir='ltr' id='par_1_28' title="bbox 376 2494 1109 2531">
     <span class='ocr_line' id='line_1_91' title="bbox 376 2494 1109 2531; baseline -0.007 -4"><span class='ocrx_word' id='word_1_510' title='bbox 376 2497 430 2528; x_wconf 90' lang='lat' dir='ltr'>bus</span> <span class='ocrx_word' id='word_1_511' title='bbox 461 2496 603 2527; x_wconf 80' lang='lat' dir='ltr'>habentur</span> <span class='ocrx_word' id='word_1_512' title='bbox 624 2496 800 2525; x_wconf 84' lang='lat' dir='ltr'>monasteria</span> <span class='ocrx_word' id='word_1_513' title='bbox 831 2495 877 2524; x_wconf 89' lang='lat' dir='ltr'>vel</span> <span class='ocrx_word' id='word_1_514' title='bbox 906 2494 968 2524; x_wconf 89' lang='lat' dir='ltr'>loca</span> <span class='ocrx_word' id='word_1_515' title='bbox 999 2497 1109 2531; x_wconf 85' lang='lat' dir='ltr'>nostra,</span> 
     </span>
    </p>
   </div>
   <div class='ocr_carea' id='block_1_22' title="bbox 376 2541 1112 2630">
    <p class='ocr_par' dir='ltr' id='par_1_29' title="bbox 376 2541 1112 2630">
     <span class='ocr_line' id='line_1_92' title="bbox 376 2541 1112 2580; baseline -0.008 -4"><span class='ocrx_word' id='word_1_516' title='bbox 376 2545 490 2576; x_wconf 80' lang='lat' dir='ltr'>etiamsi</span> <span class='ocrx_word' id='word_1_517' title='bbox 512 2545 549 2574; x_wconf 80' lang='lat' dir='ltr'>sit</span> <span class='ocrx_word' id='word_1_518' title='bbox 571 2544 600 2573; x_wconf 92' lang='lat' dir='ltr'>in</span> <span class='ocrx_word' id='word_1_519' title='bbox 621 2544 726 2573; x_wconf 87' lang='lat' dir='ltr'>itinere</span> <span class='ocrx_word' id='word_1_520' title='bbox 742 2543 930 2580; x_wconf 78' lang='lat' dir='ltr'>constitutus,</span> <span class='ocrx_word' id='word_1_521' title='bbox 954 2541 1062 2580; x_wconf 85' lang='lat' dir='ltr'>absque</span> <span class='ocrx_word' id='word_1_522' title='bbox 1078 2541 1112 2570; x_wconf 88' lang='lat' dir='ltr'>li-</span> 
     </span>
     <span class='ocr_line' id='line_1_93' title="bbox 377 2590 1110 2630; baseline -0.01 -5"><span class='ocrx_word' id='word_1_523' title='bbox 377 2594 474 2625; x_wconf 70' lang='lat' dir='ltr'>centia</span> <span class='ocrx_word' id='word_1_524' title='bbox 505 2593 616 2623; x_wconf 85' lang='lat' dir='ltr'>abbatis</span> <span class='ocrx_word' id='word_1_525' title='bbox 644 2601 695 2621; x_wconf 87' lang='lat' dir='ltr'>seu</span> <span class='ocrx_word' id='word_1_526' title='bbox 723 2591 902 2630; x_wconf 80' lang='lat' dir='ltr'>superioris:</span> <span class='ocrx_word' id='word_1_527' title='bbox 932 2590 981 2629; x_wconf 81' lang='lat' dir='ltr'>qui</span> <span class='ocrx_word' id='word_1_528' title='bbox 1011 2593 1110 2620; x_wconf 85' lang='lat' dir='ltr'>contra</span> 
     </span>
    </p>
   </div>
   <div class='ocr_carea' id='block_1_23' title="bbox 1152 2390 1888 2625">
    <p class='ocr_par' dir='ltr' id='par_1_30' title="bbox 1152 2390 1888 2625">
     <span class='ocr_line' id='line_1_94' title="bbox 1191 2390 1887 2432; baseline -0.007 -6"><span class='ocrx_word' id='word_1_529' title='bbox 1191 2405 1230 2426; x_wconf 84' lang='lat' dir='ltr'>iv.</span> <span class='ocrx_word' id='word_1_530' title='bbox 1258 2396 1398 2426; x_wconf 86' lang='lat' dir='ltr'>Volumus</span> <span class='ocrx_word' id='word_1_531' title='bbox 1425 2394 1495 2424; x_wconf 82' lang='lat' dir='ltr'>item</span> <span class='ocrx_word' id='word_1_532' title='bbox 1525 2393 1601 2432; x_wconf 88' lang='lat' dir='ltr'>quod</span> <span class='ocrx_word' id='word_1_533' title='bbox 1628 2400 1687 2421; x_wconf 91' lang='lat' dir='ltr'>non</span> <span class='ocrx_word' id='word_1_534' title='bbox 1715 2390 1810 2421; x_wconf 91' lang='lat' dir='ltr'>solum</span> <span class='ocrx_word' id='word_1_535' title='bbox 1837 2400 1887 2422; x_wconf 87' lang='lat' dir='ltr'>ex-</span> 
     </span>
     <span class='ocr_line' id='line_1_95' title="bbox 1152 2439 1886 2484; baseline -0.01 -9"><span class='ocrx_word' id='word_1_536' title='bbox 1152 2445 1228 2484; x_wconf 83' lang='lat' dir='ltr'>pleto</span> <span class='ocrx_word' id='word_1_537' title='bbox 1256 2453 1342 2483; x_wconf 88' lang='lat' dir='ltr'>opere</span> <span class='ocrx_word' id='word_1_538' title='bbox 1370 2443 1420 2473; x_wconf 91' lang='lat' dir='ltr'>Dei</span> <span class='ocrx_word' id='word_1_539' title='bbox 1442 2442 1494 2481; x_wconf 87' lang='lat' dir='ltr'>(ut</span> <span class='ocrx_word' id='word_1_540' title='bbox 1514 2441 1562 2471; x_wconf 81' lang='lat' dir='ltr'>hic</span> <span class='ocrx_word' id='word_1_541' title='bbox 1584 2439 1683 2478; x_wconf 84' lang='lat' dir='ltr'>regula</span> <span class='ocrx_word' id='word_1_542' title='bbox 1706 2439 1886 2479; x_wconf 85' lang='lat' dir='ltr'>praecipit),</span> 
     </span>
     <span class='ocr_line' id='line_1_96' title="bbox 1153 2487 1888 2529; baseline -0.007 -7"><span class='ocrx_word' id='word_1_543' title='bbox 1153 2493 1203 2522; x_wconf 87' lang='lat' dir='ltr'>sed</span> <span class='ocrx_word' id='word_1_544' title='bbox 1225 2492 1312 2522; x_wconf 90' lang='lat' dir='ltr'>etiam</span> <span class='ocrx_word' id='word_1_545' title='bbox 1334 2492 1364 2522; x_wconf 93' lang='lat' dir='ltr'>iu</span> <span class='ocrx_word' id='word_1_546' title='bbox 1387 2491 1488 2529; x_wconf 81' lang='lat' dir='ltr'>choro,</span> <span class='ocrx_word' id='word_1_547' title='bbox 1512 2490 1541 2519; x_wconf 92' lang='lat' dir='ltr'>in</span> <span class='ocrx_word' id='word_1_548' title='bbox 1564 2488 1703 2524; x_wconf 87' lang='lat' dir='ltr'>sacrario,</span> <span class='ocrx_word' id='word_1_549' title='bbox 1726 2487 1756 2518; x_wconf 91' lang='lat' dir='ltr'>in</span> <span class='ocrx_word' id='word_1_550' title='bbox 1778 2487 1888 2518; x_wconf 88' lang='lat' dir='ltr'>dormi-</span> 
     </span>
     <span class='ocr_line' id='line_1_97' title="bbox 1155 2535 1887 2578; baseline -0.008 -8"><span class='ocrx_word' id='word_1_551' title='bbox 1155 2541 1247 2577; x_wconf 85' lang='lat' dir='ltr'>torio,</span> <span class='ocrx_word' id='word_1_552' title='bbox 1279 2540 1307 2569; x_wconf 94' lang='lat' dir='ltr'>in</span> <span class='ocrx_word' id='word_1_553' title='bbox 1337 2538 1480 2578; x_wconf 87' lang='lat' dir='ltr'>capitulo,</span> <span class='ocrx_word' id='word_1_554' title='bbox 1508 2537 1537 2567; x_wconf 91' lang='lat' dir='ltr'>in</span> <span class='ocrx_word' id='word_1_555' title='bbox 1564 2535 1716 2566; x_wconf 80' lang='lat' dir='ltr'>refectorio</span> <span class='ocrx_word' id='word_1_556' title='bbox 1742 2535 1818 2574; x_wconf 87' lang='lat' dir='ltr'>quod</span> <span class='ocrx_word' id='word_1_557' title='bbox 1851 2535 1887 2565; x_wconf 86' lang='lat' dir='ltr'>de</span> 
     </span>
     <span class='ocr_line' id='line_1_98' title="bbox 1154 2583 1887 2625; baseline -0.007 -8"><span class='ocrx_word' id='word_1_558' title='bbox 1154 2587 1341 2618; x_wconf 66' lang='lat' dir='ltr'>observantia</span> <span class='ocrx_word' id='word_1_559' title='bbox 1370 2589 1572 2625; x_wconf 87' lang='lat' dir='ltr'>nuncupatur,</span> <span class='ocrx_word' id='word_1_560' title='bbox 1596 2585 1624 2614; x_wconf 90' lang='lat' dir='ltr'>in</span> <span class='ocrx_word' id='word_1_561' title='bbox 1657 2583 1790 2614; x_wconf 88' lang='lat' dir='ltr'>cubiculo</span> <span class='ocrx_word' id='word_1_562' title='bbox 1812 2583 1887 2621; x_wconf 88' lang='lat' dir='ltr'>ignis</span> 
     </span>
    </p>
   </div>
   <div class='ocr_carea' id='block_1_24' title="bbox 1883 213 2069 243">
    <p class='ocr_par' dir='ltr' id='par_1_31' title="bbox 1883 213 2069 243">
     <span class='ocr_line' id='line_1_99' title="bbox 1883 213 2069 243; baseline 0 -1"><span class='ocrx_word' id='word_1_563' title='bbox 1883 213 1934 242; x_wconf 78' lang='lat' dir='ltr'>An.</span> <span class='ocrx_word' id='word_1_564' title='bbox 1949 213 1979 243; x_wconf 84' lang='lat' dir='ltr'>G.</span> <span class='ocrx_word' id='word_1_565' title='bbox 2000 214 2069 243; x_wconf 83' lang='lat'><strong>1680</strong></span> 
     </span>
    </p>
   </div>
  </div>
 </body>
</html>
