2111 3157
37 202 91 228 An.
106 200 133 227 C.
157 200 222 227 ¹686

226 258 308 290 qnae
334 252 442 280 tamen
467 249 588 281 nullam
611 249 806 282 validitatem
831 253 885 281 aut
909 259 958 281 ro-

225 302 286 334 bur
321 306 593 344 assequerentur,
619 302 681 334 nisi
718 308 887 345 postquam
918 301 956 333 ab

225 355 410 397 Apostolica
424 354 505 388 Sede
523 355 658 388 fuissent
677 367 828 399 expresse
847 355 958 389 confir-

224 412 337 447 matae,
364 407 562 447 essbrmandi,
580 409 762 441 facultatem
787 408 956 440 tribuimus

225 465 257 492 et
272 460 425 503 impertiti
446 471 567 500 sumus,
586 466 618 493 et
635 459 722 500 alias,
737 467 834 503 prout
855 461 887 492 in
904 470 958 492 no-

223 513 296 545 stris
321 513 462 557 desuper
487 514 519 545 in
544 514 641 546 simili
661 514 761 546 ffirma
781 513 888 545 Brevis
905 512 956 545 die

222 575 292 599 xxvi
311 566 434 608 augusti
454 576 630 599 unctxxxlv
651 565 807 608 expeditis
824 565 954 604 litteris,

223 628 358 661 quarum
377 623 520 651 tenorem
540 617 764 660 praesentibus
782 627 840 659 pro
858 618 955 659 plene

222 675 255 703 et
271 670 468 703 sufficienter
484 680 635 712 expresso
654 674 684 701 et
704 668 824 701 inserto
843 668 954 700 haberi

222 724 379 762 volumus,
400 722 532 755 uberius
556 722 747 754 continetur.

810 202 882 224 11<th
889 200 1019 224 nutrius
1041 200 1071 224 xi
1096 200 1146 224 FP.

999 247 1084 287 dicti,
1107 247 1145 280 ad
1163 257 1260 290 quam
1278 251 1340 280 tam
1361 245 1495 279 abbates
1513 256 1609 289 quam
1630 245 1730 278 ceteri

999 300 1143 342 religiosi
1163 300 1265 333 nostri
1289 299 1417 332 Ordinis
1430 299 1459 332 vi
1475 304 1622 332 votorum
1640 299 1732 332 emis-

999 363 1104 385 sorum
1123 357 1285 394 tenentur,
1306 353 1350 386 ita
1366 357 1606 392 restaurare‚ut
1619 353 1731 386 eadem

998 406 1109 447 regula
1128 405 1213 438 iuxta
1234 406 1398 439 charitatis
1417 410 1447 439 et
1464 405 1674 448 perfectionis
1692 407 1731 439 le-

999 466 1053 498 ges
1068 457 1174 490 debite
1187 458 1382 497 observetur,
1397 468 1431 490 ac
1441 457 1604 491 Ecclesiae
1618 458 1731 492 ritibus

998 514 1029 541 et
1046 510 1172 552 legibus
1197 510 1302 543 onmia
1330 512 1590 544 accomodentur.
1617 510 1731 550 Quam-

998 561 1119 602 obrem,
1138 563 1271 596 aliarum
1289 564 1575 606 congregationum
1594 565 1731 597 laudabi-

997 614 1096 654 lium,
1129 626 1246 659 nempe
1270 616 1491 656 Cassinensis‚
1517 617 1548 650 S.
1575 618 1674 650 Mauri
1699 625 1731 652 et

996 667 1252 709 Vallisoletanae,
1271 669 1466 702 salutaribus
1483 671 1607 704 statutis
1625 677 1656 703 et
1676 672 1731 705 de-

996 721 1224 754 clarationibus
1254 721 1284 754 in
1311 722 1434 764 praxim
1467 722 1529 755 iam
1560 724 1704 757 redactas
1717 751 1727 764 ,

1628 188 1691 222 639
1738 198 1790 224 An.
1810 198 1838 225 c.
1858 197 1923 225 mee

996 779 1149 815 quantum
1174 781 1352 815 possumus,
1368 784 1426 807 nos
1444 775 1727 816 conformabimus,

995 830 1108 857 cuncta
1133 825 1179 858 sic
1211 826 1428 868 disponendo,
1455 832 1502 867 ut,
1528 828 1610 861 nihil
1636 829 1730 861 nimis

995 878 1131 910 arduum
1155 883 1188 910 et
1218 887 1393 911 onerosum
1418 879 1618 922 iniungendo
1634 907 1641 921 ,
1669 882 1730 914 iter

996 930 1202 973 evangelicae
1219 931 1428 974 perfectionis
1454 937 1485 965 et
1505 933 1729 967 observantiae

30 784 212 837 2css¹f²fss2³<²>¹¹¹⁵22¹ffif
265 775 280 818 ἓ
304 775 334 807 2.
357 775 434 808 Cum
452 780 566 813 autem,
586 774 665 806 sicut
681 784 739 817 pro
765 780 856 817 parte
876 773 954 806 dile-

29 837 73 858 2u¹o
120 832 344 862 antedictorum
373 827 513 860 filiorum
545 826 713 860 Caelestini
746 826 869 859 abbatis
890 837 954 859 mo-

29 869 83 884 ὃΠΙὶΟ
97 869 211 884 nncuxxtv

28 889 135 936 iffi-3553}
153 896 210 935 ¹¹0¹?ss
221 880 351 913 nasterii
366 880 396 913 S.
413 880 591 913 Emmerani
608 879 850 912 Ratisbonensis
866 890 955 923 prae-

29 933 297 966 w··..ta1-esur-sidis
321 938 353 966 et
377 940 558 966 ceterorum
577 933 728 965 abbatum
753 932 856 965 dictae
873 932 953 965 Con-

28 971 104 989 mata-i.

219 986 417 1029 gregationis
446 986 613 1019 Bavaricae
646 986 738 1023 nobis
764 996 870 1029 nuper
902 997 953 1019 ex-

219 1040 360 1083 positum
376 1040 444 1079 suit,
460 1039 518 1082 ipsi
540 1040 653 1073 eodem
674 1049 757 1072 anno
777 1049 952 1073 nnetxxxiv

219 1092 358 1135 primum
391 1103 502 1125 eorum
535 1092 708 1135 capitulum
744 1094 894 1134 generale
920 1093 951 1125 in

219 1146 305 1179 dicto
328 1147 527 1179 monasterio
559 1146 786 1179 Ratisbonensi
811 1146 952 1179 celebra-

218 1199 332 1239 verint,
351 1199 383 1231 in
408 1210 512 1242 eoque
536 1199 622 1231 iuxta
647 1199 832 1232 facultatem
857 1199 916 1231 sibi
935 1210 952 1231 a

218 1251 319 1291 nobis,
336 1252 419 1284 sicut
432 1251 657 1294 praemittitur,
669 1252 865 1291 attributam,
876 1262 952 1284 non-

217 1305 323 1337 nullas
349 1304 595 1337 constitutiones
626 1315 685 1347 pro
711 1304 794 1337 felici
820 1314 952 1347 prospe-

218 1367 321 1400 roque
338 1356 480 1390 eiusdem
494 1357 759 1399 congregationis
780 1357 950 1390 Bavaricae

218 1409 375 1451 regimine
388 1415 419 1442 et
432 1410 590 1452 gubernio
608 1410 854 1450 efformaverint,
869 1420 949 1453 quae

217 1462 251 1495 in
267 1473 367 1495 unum
390 1464 540 1496 volumen
564 1463 713 1496 redactae
742 1467 774 1495 et
803 1463 842 1495 ad
868 1463 951 1495 lianc

217 1514 364 1548 Sanctam
389 1514 503 1548 Sedem
530 1515 735 1548 transmissae
760 1515 897 1554 suerunt,
915 1525 951 1547 ac

217 1567 304 1600 iussu
329 1572 438 1601 nostro
459 1578 477 1600 a
501 1567 754 1609 Congregatione
778 1568 951 1600 nonnullo-

218 1631 288 1653 rum
313 1631 348 1653 ex
374 1620 613 1654 venerabilibus
643 1620 796 1653 fratribus
830 1620 949 1653 nostris

218 1673 250 1706 S.
272 1673 310 1706 R.
332 1674 366 1707 E.
386 1673 615 1713 cardinalibus,
633 1679 664 1706 et
685 1673 864 1716 aliquorum
889 1673 952 1705 Ro-

218 1736 332 1759 manae
356 1725 469 1759 Curiae
494 1727 731 1769 praelatorum,
757 1725 796 1758 ad
821 1725 951 1759 easdem

218 1778 463 1811 constitutiones
504 1778 732 1811 examinandas
769 1778 952 1820 specialiter

219 1832 379 1874 deputata,
397 1831 509 1864 sedulo
535 1831 745 1870 examinatae,
772 1836 811 1869 et,
838 1830 952 1873 aliqui-

218 1885 279 1918 bus
305 1884 444 1925 additis,
470 1885 539 1917 aliis
563 1885 708 1924 sublatis,
732 1889 894 1917 correctae
921 1888 953 1916 et

220 1938 408 1971 emendatae
437 1943 530 1979 sunt,
557 1938 676 1971 tenoris
702 1937 757 1981 qui
781 1936 949 1981 sequitur,

219 1990 389 2024 videlicet:

419 2040 424 2045 '
489 2053 688 2078 pnoomnun.

264 2096 410 2130 Intentio·
430 2096 694 2139 Congregationis
714 2096 883 2130 Bavaricae
900 2095 954 2129 Or-

222 2150 306 2184 dinis
323 2150 426 2183 sancti
451 2149 614 2183 Benedicti
632 2149 692 2182 sub
710 2150 805 2183 titulo
824 2148 873 2183 Ss.
892 2151 955 2182 An-

222 2204 369 2247 gelorum
383 2202 559 2237 Custodum
575 2214 592 2236 a
605 2202 807 2236 sanctissimo
825 2202 954 2236 domino

223 2263 336 2290 nostro
368 2255 556 2290 Innocentio
585 2255 671 2299 Papa
697 2255 735 2288 xl
767 2255 955 2288 auctoritate

223 2309 402 2354 apostolica
426 2319 510 2342 anno
535 2317 713 2342 nocrxxxiv
738 2307 864 2341 noviter
887 2318 957 2341 ere-

224 2367 316 2402 ctae,
343 2371 407 2395 non
433 2366 480 2394 est
504 2371 618 2394 novam
644 2360 789 2402 regulam
814 2359 958 2394 introdu-

225 2425 311 2456 cere,
335 2419 391 2448 aut
415 2424 513 2448 novas
537 2413 753 2454 obligationes
777 2413 956 2455 religiosis,

226 2469 265 2501 ad
296 2467 511 2501 conscientias
543 2466 730 2500 eorumdem
762 2467 957 2508 gravandus,

226 2521 417 2565 imponere,
447 2521 504 2554 sed
539 2521 715 2563 collapsam
750 2519 958 2553 monasticam

228 2574 440 2618 disciplinam,
464 2573 549 2608 iuxta
573 2574 717 2627 regula-m
737 2573 838 2607 sancti
861 2573 959 2608 Bene-

994 983 1152 1026 regularis
1188 994 1251 1016 uno
1282 985 1379 1017 corde
1403 990 1436 1018 et
1460 985 1567 1019 animo
1599 986 1632 1019 in
1661 987 1730 1020 vin-

994 1037 1066 1068 culo
1092 1035 1181 1078 pacis
1206 1041 1237 1069 et
1261 1037 1428 1070 charitatis
1455 1048 1526 1070 cum
1551 1038 1669 1081 gaudio
1698 1044 1729 1072 et

994 1089 1125 1132 spiritus
1149 1090 1372 1123 consolatione
1397 1101 1573 1124 curramus.

1069 1142 1172 1176 CAPUT
1196 1143 1278 1175 1.-
1292 1143 1338 1176 De
1361 1144 1467 1186 formti
1492 1148 1520 1177 el
1539 1144 1653 1178 ordine

1126 1196 1390 1239 Conyreyalionis
1404 1196 1594 1231 Bavaricae.

1037 1248 1248 1292 Congregatio
1267 1250 1417 1282 Bavarica
1434 1251 1532 1283 sacris
1550 1252 1728 1286 canonibus

993 1301 1195 1335 Summorum
1220 1302 1411 1335 Pontificum
1437 1303 1575 1336 decretis
1599 1305 1728 1338 consor-

992 1355 1087 1387 miter
1120 1359 1253 1387 eatenus
1290 1352 1458 1389 formanda
1487 1361 1517 1389 et
1549 1357 1728 1391 ordinanda

992 1412 1062 1446 est,
1092 1411 1126 1438 ut
1150 1417 1208 1450 pro
1234 1407 1343 1440 debita
1367 1408 1570 1442 observantia
1594 1412 1726 1452 regulae

992 1459 1092 1492 sancti
1118 1460 1287 1493 Benedicti
1321 1460 1355 1493 in
1380 1461 1493 1504 primis
1530 1473 1589 1506 per
1620 1462 1728 1497 media

993 1516 1059 1544 tum
1083 1512 1300 1555 capitulorum
1325 1514 1540 1556 generalium,
1572 1520 1639 1548 tum
1668 1527 1728 1559 per
1767 1532 1778 1544 ·

992 1564 1170 1597 visitatores
1199 1566 1401 1608 singulorum
1435 1568 1725 1609 monasteriorum,

991 1617 1165 1660 perfectior
1200 1618 1371 1661 disciplina
1394 1620 1553 1661 regularis
1571 1647 1578 1660 ‚
1608 1631 1724 1664 eaque,

992 1675 1148 1713 quantum
1179 1671 1336 1714 possibile
1373 1671 1455 1712 erit,
1486 1673 1661 1706 conformis
1693 1674 1726 1706 in

992 1724 1141 1756 omnibus
1162 1723 1429 1766 Congregationis
1450 1725 1545 1758 huius
1569 1731 1727 1760 monaste·

992 1776 1049 1809 riis
1074 1777 1296 1809 introducatur
1320 1783 1351 1810 et
1375 1783 1598 1811 conservetur.

1036 1829 1176 1872 Singulis
1202 1830 1350 1863 trienniis
1366 1857 1373 1870 ,
1400 1830 1585 1865 inchoando
1611 1842 1628 1864 a
1651 1842 1727 1875 pro·
1762 1839 1807 1886 lsi
1824 1840 1920 1877 Decani-

993 1881 1076 1915 xime
1094 1883 1289 1916 celebrando
1307 1883 1458 1926 capitulo,
1473 1884 1560 1917 aliud
1576 1886 1726 1927 generale
1738 1868 1920 1918 1νῖιῖἶίῑῖιὲηεῖἒῖ

1737 1919 1824 1940 ratibus.

994 1935 1169 1979 capitulum
1184 1937 1402 1970 celebrabitur
1422 1937 1454 1970 in
1468 1937 1577 1981 aliquo
1598 1949 1728 1972 monas-

994 1988 1076 2021 terio
1107 1988 1145 2021 ad
1177 1989 1259 2028 hoc,
1289 1988 1322 2021 in
1355 1999 1419 2032 quo
1452 2000 1565 2023 onmes
1597 1990 1728 2024 abbates

996 2040 1072 2083 (nisi
1090 2041 1262 2074 canonicas
1279 2042 1543 2085 praepeditiones
1571 2043 1728 2087 habeant)

996 2094 1209 2136 personaliter
1226 2095 1430 2134 conveniant,
1449 2100 1482 2128 et
1497 2095 1659 2129 continuis
1674 2097 1730 2130 ali-

997 2151 1077 2189 quot
1101 2146 1214 2179 diebus
1247 2147 1496 2190 diligentissime
1526 2152 1667 2182 tractent
1690 2149 1730 2182 de

997 2199 1225 2233 reformatione
1260 2199 1527 2243 Congregationis
1558 2206 1591 2234 et
1620 2201 1732 2235 obser·

999 2252 1103 2285 vantia
1128 2253 1279 2296 regulari,
1301 2253 1440 2297 aliisque
1464 2254 1563 2287 rebus
1588 2254 1628 2288 ad
1646 2254 1732 2298 regi-

997 2316 1070 2338 men
1096 2305 1363 2348 Congregationis
1387 2306 1635 2349 pertinentibus.

1042 2359 1275 2393 Convenientes
1308 2359 1404 2392 vitam
1443 2359 1562 2393 ducant
1591 2369 1734 2394 commu·

1000 2423 1072 2445 nem
1086 2412 1173 2446 omni
1192 2411 1415 2455 superfluitate
1434 2413 1572 2453 exclusa,
1588 2413 1734 2447 resectio-

999 2476 1073 2499 nem
1098 2465 1131 2497 in
1155 2466 1267 2497 mensa
1291 2464 1433 2507 regulari
1457 2470 1606 2506 sumant,
1633 2466 1734 2499 conti-

999 2520 1095 2552 nuata
1115 2517 1254 2551 lectione
1275 2517 1350 2551 libri
1368 2517 1542 2561 spiritualis
1561 2528 1618 2562 per
1635 2523 1734 2552 totam

1000 2583 1152 2613 mensam,
1170 2572 1288 2617 fiatque
1302 2581 1319 2605 a
1334 2570 1470 2615 singulis
1486 2570 1736 2616 proportionata
