2111 3157
430 180 495 214 988
981 187 1159 210 BttLLAiuUM
1187 187 1337 210 Romnum

385 243 534 277 Moniales
558 241 670 274 Montis
694 239 856 273 Calvariae
880 243 1079 281 nuncupatae
1103 238 1229 271 Ordinis
1253 238 1283 272 S.
1313 238 1484 279 Benedicti,
1508 239 1550 272 3⁶2
1575 240 1600 271 b.

384 296 570 330 Monialihus
590 292 750 326 conversis
774 291 804 324 S.
822 290 981 323 Francisci
1007 291 1045 323 de
1061 290 1267 324 Observantia
1284 291 1525 326 ultramontanis
1550 303 1568 324 a
1592 293 1743 325 cardinali
1769 293 1852 337 Cybo
1877 293 1927 327 Se-

475 347 594 391 raphici
615 345 740 378 Ordinis
764 348 943 387 protectore
969 344 1072 376 velum
1096 344 1225 387 nigrum
1246 349 1275 376 et
1292 355 1527 388 quamcumque
1544 356 1652 378 vocem
1673 346 1704 378 in
1721 346 1927 380 electionibus

475 399 641 432 interdicta
663 397 767 438 fuisse,
793 396 858 429 395
879 397 918 436 b,
944 398 978 428 ea
1004 396 1042 429 de
1060 407 1094 429 re
1111 396 1272 430 decretum
1290 397 1457 430 cardinalis
1475 398 1614 431 ciusdem
1639 399 1784 440 refertur,
1808 398 1872 432 396
1893 410 1923 439 α;

476 458 505 486 et
530 451 746 488 confirmatur,
772 448 836 481 396
862 449 888 481 b.

386 507 565 540 Meni-alium
587 503 788 536 Adorationis
810 503 984 545 perpetuae
1009 501 1061 534 SS.
1089 502 1283 535 Sacramenti
1308 502 1465 546 originem
1492 503 1598 543 refert,
1627 504 1669 537 ⁹29
1695 505 1730 543 b,
1757 504 1813 537 sub
1845 504 1928 537 dicta

473 558 730 591 denominatione
755 556 932 588 institutum
958 554 1112 598 approbat
1136 560 1166 587 et
1190 555 1368 595 confirmat,
1393 555 1436 588 30
1460 556 1477 588 b
1502 561 1531 588 et
1555 566 1633 600 seq.;
1655 556 1839 589 earumdem
1861 567 1928 589 mo-

474 611 620 650 nasteria,
642 620 794 654 personas
815 614 846 642 et
869 609 953 641 bona
977 609 1015 640 ab
1040 608 1282 641 Ordinariorum
1307 608 1524 642 iurisdictione
1549 609 1669 649 eximit,
1693 609 1771 643 ibid.

387 665 567 698 Monialium
594 664 844 697 Recollectarum
870 662 995 694 Ordinis
1019 661 1071 694 SS.
1096 661 1256 694 Trinitatis
1280 661 1517 705 Redemptionis
1541 661 1741 705 Captivorum
1769 662 1800 694 in
1825 662 1930 706 Hispa-

475 718 525 749 nia
564 717 803 749 constitutiones
834 715 1000 747 nonnullas
1025 724 1084 757 pro
1110 713 1191 746 felici
1216 714 1399 747 earumdem
1424 714 1581 757 regimine
1608 714 1765 747 confectas
1788 720 1930 747 recenset

475 776 504 802 et
529 770 710 809 confirmat,
737 768 802 802 61ss
827 779 847 800 α
872 773 902 799 et
926 778 987 810 seq.

387 823 549 856 Musicales
573 823 671 854 libros
697 832 732 854 ex
754 820 894 853 archivio
912 820 1072 863 cappellae
1088 820 1268 863 pontificiae
1289 820 1409 852 extrahi
1428 820 1484 853 snb
1505 821 1607 864 poena
1628 820 1930 853 excommunicatio-

475 876 522 909 nis
547 875 721 919 prohibuit,
740 874 802 908 772
828 874 844 906 b
869 879 900 906 ct
923 884 984 917 seq.

1151 988 1175 1020 N

388 1089 535 1122 Nicolaus
560 1088 644 1121 card.
671 1087 848 1119 Acciaiolus
874 1086 1029 1118 Minorum
1051 1085 1301 1128 Capuccinorum
1327 1090 1500 1128 protector,
1525 1084 1561 1116 61
1591 1096 1621 1117 a.

388 1142 535 1175 Nicolaus
560 1141 656 1182 Oliva,
679 1141 846 1183 episcopus
863 1138 1077 1179 Cortonensis,
1097 1138 1172 1171 olim
1197 1138 1286 1181 prior
1303 1138 1458 1180 generalis
1476 1137 1682 1170 eremitarum
1704 1137 1734 1170 S.
1756 1138 1931 1180 Augustini,

479 1194 519 1226 73
543 1205 563 1227 α
588 1198 617 1226 et
641 1204 723 1237 seq.;
749 1192 812 1224 ‘149
838 1193 864 1224 b.
1880 1183 1882 1185 ’

388 1247 528 1281 Nuneius
553 1246 745 1290 apostolicus
770 1246 800 1277 in
827 1244 1037 1287 Portugalliae
1062 1253 1161 1286 regno
1185 1243 1244 1276 sub
1270 1243 1453 1276 Innocentio
1470 1244 1509 1276 XI
1530 1242 1632 1276 extitit
1648 1243 1812 1275 Marcellus
1836 1241 1935 1275 archi-

477 1299 646 1343 episcopus
663 1297 938 1338 Chalcedonensis,
949 1296 991 1330 20
1008 1297 1040 1336 113
1060 1296 1162 1328 eidem
1180 1296 1390 1329 committitur
1412 1301 1444 1329 ut
1461 1295 1681 1328 inhibitionem
1700 1306 1717 1327 a
1734 1295 1893 1328 Clemente
1908 1295 1935 1327 X

478 1352 720 1395 inquisitoribus
738 1351 827 1394 regni
848 1350 1058 1392 portugalliae
1080 1350 1194 1383 factam
1215 1349 1246 1381 in
1272 1351 1365 1382 causa
1391 1349 1556 1383 cuiusdam
1578 1359 1726 1382 recursus
1754 1348 1936 1381 moderare-

477 1411 538 1447 tur,
565 1405 607 1437 22
633 1405 667 1443 b;
688 1405 717 1436 in
743 1404 913 1447 Hispaniae
938 1413 1037 1446 regno
1062 1402 1120 1435 sub
1148 1402 1332 1435 Innocentio
1363 1403 1403 1435 XI
1428 1402 1529 1436 extitit
1553 1402 1651 1435 Savus
1675 1401 1935 1445 archiepiscopus

478 1458 698 1497 Caesariensis,
724 1457 783 1489 ²131
813 1457 849 1496 h;
875 1456 1028 1500 quaedam
1047 1461 1116 1489 acta
1133 1455 1257 1488 consilii
1282 1455 1367 1498 regis
1391 1455 1543 1489 Castellae
1567 1461 1677 1488 contra
1697 1455 1848 1488 nuncium
1865 1465 1937 1498 apo-

479 1511 625 1543 stolicum
653 1511 887 1553 Hispaniarum,
909 1510 993 1553 quod
1017 1509 1229 1553 praesedisset
1252 1508 1377 1541 cuidam
1403 1508 1593 1541 clericorum
1620 1508 1815 1551 regularium
1840 1508 1938 1541 Mino-

480 1575 550 1596 rum
569 1564 716 1607 capitulo,
734 1564 822 1596 irrita
836 1563 1026 1602 declaratur,
1048 1561 1111 1595 1302
1129 1573 1165 1602 a,
1184 1561 1370 1603 Alexander,
1381 1561 1550 1605 episcopus
1560 1561 1793 1603 Foroliviensis,
1802 1562 1936 1595 nuncius

480 1617 678 1660 Apostolicae
703 1617 791 1649 Sedis
816 1627 887 1649 cum
914 1621 1069 1659 potestate
1105 1615 1200 1658 legati
1218 1614 1256 1647 de
1280 1614 1378 1647 latere
1409 1625 1466 1658 per
1483 1614 1701 1654 Germaniam,
1726 1614 1936 1658 indulgentias

480 1670 632 1713 quasdam
658 1670 812 1702 concessit
830 1669 1079 1702 confraternitati
1097 1668 1150 1701 SS.
1172 1667 1304 1706 Rosarii,
1321 1666 1385 1700 182
1403 1678 1422 1700 α
1438 1678 1443 1706 ;
1465 1667 1570 1700 nuncii
1588 1667 1752 1710 apostolici
1769 1667 1852 1711 apud
1869 1667 1937 1701 Hel-

481 1723 580 1756 vetios
597 1723 770 1756 auctoritas
796 1722 985 1761 extenditur,
1011 1721 1074 1755 726
1100 1733 1118 1754 α
1147 1727 1176 1754 et
1200 1732 1263 1764 seq.

1159 1834 1182 1867 O

393 1931 611 1971 Observantes,
635 1932 705 1963 vide
722 1931 856 1963 Minores
874 1930 912 1963 de
929 1930 1144 1964 Observantia.

393 1984 578 2018 Odcscalchi
604 1983 802 2023 Benedictus,
826 1984 897 2016 vide
921 1983 1122 2015 Innocentius
1148 1984 1198 2016 XI.

394 2037 599 2071 Odesehalchi
626 2038 740 2077 Livius,
765 2037 834 2070 vide
859 2037 975 2070 Livius.

395 2092 630 2125 Odesehalchus
654 2092 801 2131 Thomas,
825 2092 897 2124 vide
920 2092 1068 2124 Thomas.

395 2145 501 2176 Officia
520 2145 719 2184 Sanctorum,
736 2145 807 2177 vide
825 2144 936 2183 Festa;
962 2145 1039 2177 item
1058 2145 1131 2179 vide
1154 2144 1292 2178 Sanctos
1317 2144 1372 2177 sub
1395 2145 1528 2188 proprio
1555 2155 1705 2188 quemque
1730 2146 1869 2177 nomine.

396 2196 504 2229 Ofticia
537 2197 688 2229 vacabilia
721 2197 981 2229 vicecancellario
1013 2197 1066 2240 qui
1091 2197 1261 2230 Pontifices
1297 2197 1373 2230 olim
1411 2197 1646 2237 concesserint,
1671 2196 1736 2230 230
1760 2197 1776 2229 b
1798 2202 1828 2230 et
1852 2208 1936 2242 seq.‚

483 2260 562 2292 quae
597 2255 626 2281 et
656 2255 732 2292 quot
768 2250 884 2281 suerint
908 2250 1069 2293 praedicta
1094 2250 1218 2291 officia,
1244 2255 1397 2292 recenset,
1422 2250 1519 2289 ibz'd.;
1546 2250 1722 2284 officiorum
1748 2250 1935 2284 vaeabilium

486 2302 720 2344 praedictorum
747 2303 1003 2343 concessionem,
1029 2303 1287 2336 vicecancellario
1313 2304 1435 2345 factam,
1461 2304 1639 2345 revocavit,
1665 2313 1763 2347 eaque
1787 2303 1936 2337 Gamerae

486 2355 686 2397 Apostolicae
707 2355 855 2395 restituit,
877 2357 955 2389 ibid.

398 2407 539 2439 Officium
558 2408 588 2439 S.
610 2408 832 2451 Inquisitionis,
850 2409 921 2441 vide
938 2409 1112 2452 Inquisitio.

399 2459 507 2492 Olinda
533 2460 598 2502 (de)
623 2461 775 2503 oppidum
801 2462 998 2494 Brasiliensis
1022 2462 1176 2495 dioecesis
1201 2463 1231 2495 in
1256 2463 1412 2496 civitatem
1439 2463 1592 2505 erigitur,
1623 2463 1782 2507 ipsiusque
1807 2463 1936 2496 ecclesia

488 2513 677 2554 parochialis
703 2514 732 2545 in
758 2514 983 2554 cathedralem,
1005 2516 1024 2548 9
1048 2527 1067 2548 α
1093 2521 1121 2548 et
1141 2527 1203 2559 seq.

399 2564 504 2597 Oratio
529 2565 680 2606 mentalis,
700 2567 771 2598 vide
791 2567 1016 2609 Indulgentiae.
