2111 3157
200 263 248 288 An.
266 261 295 288 C.
319 261 385 289 1687

433 251 496 284 7Γο

394 311 506 343 domos
539 319 623 347 suas,
658 316 785 339 necnon
817 303 883 336 vias
919 302 1065 346 publicas
1101 306 1132 333 et

394 363 530 405 plateas,
558 371 639 403 quae
665 359 750 391 circa
775 358 889 390 domos
910 360 992 394 sunt,
1013 354 1132 386 l'acino-

394 415 475 448 rosis
501 414 576 457 ipsis
604 418 703 444 tutum
727 410 887 452 refugium
905 414 936 441 et
953 407 1043 451 quasi
1061 416 1131 448 por-

396 474 460 500 tum
486 477 555 499 esse
581 466 689 504 velint,
707 463 842 506 signatis
867 461 963 494 etiam
987 459 1132 502 franchi-

397 522 519 553 riarum
545 519 675 552 nomine
701 515 941 560 quodammodo
974 512 1130 546 limitibus

395 574 426 606 in
447 573 506 611 via,
521 583 602 616 quos
618 571 741 604 iustitia
754 568 909 603 ministris
923 566 1049 610 ingredi
1068 575 1131 598 non

395 626 503 659 liceat:
521 636 592 665 nos,
614 623 834 657 abominabile
855 627 885 654 et
907 619 1131 653 detestandum

394 677 640 710 franchitiarum
666 675 854 709 huiusmodi
889 683 1007 707 nomen
1041 671 1133 714 peni-

395 736 445 763 tus
471 730 639 763 abolemus
657 735 688 762 et
704 733 865 772 perpetuo
887 725 1043 759 abolitum
1066 724 1132 757 sore

396 783 615 817 decernimus.
642 783 794 816 Volumus
826 787 932 814 autem
961 788 1133 812 causarum

395 836 582 880 capitalium
607 835 783 875 iudicibus,
809 834 981 872 barisellis,
1007 831 1133 875 appari-

396 890 534 930 toribus,
563 895 595 922 et
619 890 688 923 aliis
714 889 856 922 iustitiae
893 885 1067 930 praesectis
1104 890 1134 917 et

395 942 562 983 ministris,
590 952 812 986 quascumque
843 941 910 973 vias
941 944 971 972 et
1001 939 1132 982 plateas.

396 996 494 1029 aedes
507 1001 539 1029 et
556 996 679 1035 doniOS,
700 995 739 1028 ad
758 993 986 1037 requirendos,
1006 991 1135 1034 capien-

397 1049 455 1082 dos
481 1054 513 1082 et
537 1049 654 1082 debitis
678 1048 794 1091 poenis
814 1046 1000 1080 afficiendos
1021 1044 1137 1076 facino-

395 1113 488 1136 rosos
513 1103 674 1140 homines,
702 1101 753 1135 die
778 1106 940 1142 noctuque
967 1099 1086 1131 liberas
1106 1102 1136 1129 et

396 1161 524 1199 apertas
551 1165 636 1188 esse.
656 1154 687 1187 Si
706 1155 777 1197 quis
804 1158 923 1191 autem,
942 1156 1016 1194 post
1041 1150 1136 1183 huius

395 1214 529 1243 nostrae
553 1208 726 1241 voluntatis
764 1205 1026 1244 declarationem,
1052 1204 1137 1236 sran-

397 1261 512 1295 chitias
531 1260 714 1293 huiusmodi
736 1260 842 1292 adhuc
860 1258 981 1291 habere
997 1263 1029 1290 et
1043 1256 1137 1295 tueri,

396 1325 433 1348 ac
458 1312 605 1347 illorum¹
623 1318 801 1357 praetextu,
824 1317 878 1345 aut
902 1311 979 1344 alias
1005 1320 1138 1354 quomo-

397 1367 529 1407 dolibet,
548 1366 687 1399 iustitiae
709 1366 874 1398 ministros
894 1365 926 1397 in
948 1365 1137 1397 executione

397 1431 511 1454 eorum
548 1419 645 1453 officii
678 1419 838 1462 impedire
873 1417 1136 1461 praesumpserit,

398 1473 523 1506 etiamsi
557 1473 727 1512 baronus,
762 1471 973 1511 domicellus,
1008 1480 1135 1509 comcs,

398 1527 470 1566 dux,
485 1526 642 1569 principis
663 1524 801 1557 cuiusvis
819 1529 938 1564 orator,
961 1528 1026 1563 aut,
1051 1524 1136 1566 quod

398 1579 542 1612 futurum
567 1578 701 1612 minime
726 1578 908 1618 credimus,
947 1577 1134 1620 episcopus,

399 1632 680 1675 archiepiscopus,
718 1631 917 1675 patriarcha,
956 1635 1010 1663 aut
1041 1631 1136 1663 etiam

398 1686 429 1721 S.
450 1687 487 1720 R.
507 1687 541 1719 E.
566 1686 738 1719 cardinalis
765 1686 919 1726 extiterit,
946 1685 1072 1718 noverit
1104 1695 1136 1717 se

398 1739 584 1772 amissionis
611 1739 733 1782 gratiae
760 1750 795 1772 ac
820 1738 1067 1771 benevolentiae
1086 1749 1138 1770 no-

398 1798 493 1833 strae,
520 1803 649 1826 necnon
675 1791 906 1825 correctionis⁹
930 1797 963 1824 et
987 1792 1138 1824 emenda-

398 1846 504 1886 tionis,
531 1851 630 1889 prout
654 1845 747 1879 nobis
773 1846 858 1878 iuxta
882 1845 1139 1878 circumstantia-

398 1910 468 1932 rum
494 1899 682 1943 qualitatem
717 1898 892 1938 vislebitur,
920 1908 1041 1941 poenas
1067 1898 1137 1940 ipso

400 1953 483 1986 sacto
510 1953 725 1985 incursurum.
750 1951 780 1985 Si
806 1951 876 1995 quis
902 1961 978 1983 vcro
1003 1951 1035 1983 in
1071 1958 1138 1983 tan-

401 2011 464 2039 tam
484 2004 682 2038 decreverit⁸
704 2005 879 2044 audaciam,
897 2008 932 2036 ut
957 2004 1052 2036 etiam
1073 2005 1138 2037 vio-
1158 2011 1160 2045 t

400 2060 508 2094 lenter
537 2064 568 2091 et
599 2069 693 2090 manu
730 2060 851 2090 armata
885 2058 963 2101 ipsis
1000 2058 1160 2090 iustitiae¹

401 2112 557 2146 ministris
583 2122 616 2144 se
636 2121 804 2154 opponere
826 2116 856 2143 ct
873 2112 1026 2144 resistere
1044 2122 1138 2143 ausus
1159 2131 1161 2136 »

402 2165 510 2206 suerit,
539 2170 602 2198 tam
628 2164 789 2203 facientes,
816 2174 911 2207 quam
937 2164 1137 2202 mandantes,

403 2229 441 2252 eo
467 2219 537 2262 ipso
563 2219 685 2251 crimen
711 2219 815 2250 laesae
837 2217 1014 2249 maiestatis
1039 2217 1162 2250 incur-i

402 2283 475 2305 rere
500 2272 716 2310 declaramus,
737 2276 769 2303 et
789 2281 848 2313 pro
867 2270 953 2303 illius
980 2270 1139 2312 condigna

403 2325 535 2364 ultione,
561 2324 596 2364 si,
614 2325 699 2357 ultra
715 2323 856 2356 iustitiae
881 2323 1058 2363 ministros,
1076 2334 1141 2355 rna-

405 2377 465 2410 iori
491 2388 586 2410 manu
612 2388 692 2421 opus
719 2377 824 2416 suerit,
851 2376 1069 2420 praecipimus
1096 2376 1163 2408 (li-³

405 2431 488 2464 lecto
522 2431 587 2463 filio
619 2430 720 2463 nobili
756 2430 824 2463 viro
856 2429 991 2462 Camillo
1023 2428 1140 2462 Ursino

444 2520 455 2546 1
479 2519 572 2545 Potius
590 2518 648 2552 lege
667 2519 790 2546 illarum
810 2522 846 2547 (R.
863 2518 910 2549 T.).

443 2562 459 2588 2
481 2563 508 2589 ln
526 2563 584 2588 loco
601 2563 725 2597 parallelo
741 2564 839 2597 legitur
853 2562 1035 2590 coercitionis
1049 2561 1140 2595 (Mul.

445 2607 460 2632 3
481 2607 574 2633 Potius
594 2607 652 2641 lege
672 2608 792 2634 creuerit
804 2607 1028 2639 velexcreverm
1046 2606 1097 2640 vel,
1115 2609 1143 2632 ut

410 2651 436 2679 in
457 2651 515 2678 loco
535 2651 662 2686 parallelo
682 2651 787 2686 legitur,
809 2652 952 2678 devenerit
971 2652 1011 2686 (n.
1024 2652 1071 2683 T.).

982 252 1160 277 mutuum!
1187 251 1337 274 maximini

1175 299 1348 332 «glomicello
1375 308 1519 337 romano,
1536 308 1573 330 ac
1603 296 1696 331 alteri
1721 298 1912 340 cuicumque

1174 363 1233 395 pro
1259 357 1405 395 tempore
1426 351 1560 384 militiae
1578 358 1706 384 nostrae
1725 353 1911 396 temporalis

1175 405 1317 448 generali
1330 405 1549 447 gubernatori,
1569 410 1599 437 et
1616 405 1781 439 custodiae
1801 406 1911 450 palatii

1176 458 1279 491 nostri
1307 458 1450 497 ducibus,
1476 463 1539 490 tam
1571 458 1776 501 pedestribus
1816 471 1913 503 quam

1174 511 1389 554 equestribus,
1408 522 1446 544 ac
1471 512 1749 544 conservatoribus
1774 517 1806 545 et
1830 513 1913 557 capi·

1176 565 1259 597 tibus
1280 565 1450 607 regionum
1475 565 1575 608 ipsius
1610 567 1712 599 almae
1738 566 1841 607 Urbis,
1877 572 1912 600 ut

1175 623 1287 649 contra
1312 622 1518 661 opponentes
1537 623 1568 650 et
1589 618 1781 651 resistentes
1805 619 1913 652 huius-

1175 671 1274 708 modi,
1292 677 1453 714 tamquam
1474 670 1626 711 iustitiae,
1645 670 1732 714 pacis
1749 676 1780 704 et
1797 671 1913 715 quietis

1175 724 1431 767 perturbatores,
1457 730 1650 768 nostrosque
1675 730 1706 757 et
1730 724 1827 757 huius
1843 735 1915 758 san-

1175 782 1243 810 ctae
1268 777 1358 810 Sedis
1384 777 1534 817 rebelles,
1561 777 1678 811 acriter
1694 788 1753 811 suo
1777 779 1914 812 brachio

1176 831 1333 863 saeculari
1360 831 1540 873 insurgant,
1567 842 1604 864 ac
1627 842 1683 864 eos
1705 842 1801 864 manu
1824 832 1915 874 regia

1177 888 1208 916 et
1232 884 1320 916 nulla
1345 884 1408 916 tela
1432 884 1602 917 iudiciaria
1630 886 1754 917 servata
1781 884 1916 918 severis-

1177 937 1254 969 sime
1281 936 1463 979 puniendos
1488 936 1560 980 capi
1579 942 1611 970 et
1629 938 1814 971 carceribus
1831 948 1916 970 man-

1177 990 1275 1033 cipari
1294 990 1422 1022 saciant.
1445 989 1515 1022 Non
1532 990 1732 1022 obstantibus
1749 990 1914 1033 quibusvis

1178 1041 1464 1075 constitutionibus
1498 1048 1529 1075 et
1552 1043 1814 1076 ordinationibus
1844 1055 1917 1087 apo-

1179 1096 1315 1135 stolicis,
1338 1096 1517 1139 privilegiis
1535 1107 1664 1140 quoque
1691 1096 1835 1138 indultis,
1853 1103 1918 1131 sta-

1180 1149 1256 1181 tutis
1275 1154 1306 1181 et
1327 1149 1628 1189 consuetudinibus,
1647 1149 1828 1193 ceterisque
1846 1160 1919 1184 eon·

1180 1201 1286 1235 trariis
1310 1201 1579 1245 quibuscumque.
1618 1202 1657 1235 Ut.
1688 1208 1797 1236 autem
1827 1214 1918 1247 prae-

1180 1256 1278 1288 missa
1304 1255 1411 1288 omnia
1436 1256 1474 1288 ad
1501 1265 1627 1296 eorum,
1665 1266 1803 1300 quorum
1834 1256 1918 1290 inte-

1181 1315 1256 1350 rest,
1283 1309 1429 1342 notitiam
1466 1310 1678 1352 deducantur,
1710 1321 1771 1343 nec
1801 1310 1917 1354 aliquis

1181 1363 1219 1395 de
1246 1363 1291 1395 cis
1328 1362 1544 1405 ignorantiam
1581 1363 1663 1396 iuste
1699 1364 1917 1407 praetendere

1182 1416 1291 1459 possit,
1317 1417 1464 1449 volumus
1483 1421 1514 1448 et
1532 1413 1708 1459 apostolica
1726 1417 1917 1450 auctoritate

1182 1469 1401 1509 decernimus,
1442 1469 1530 1514 quod
1566 1474 1754 1512 praesentes
1790 1470 1918 1503 lutevae

1181 1532 1240 1565 per
1264 1522 1390 1565 aliquos
1408 1521 1521 1554 Curiae
1548 1527 1676 1555 nostrae
1702 1531 1852 1556 cursores
1878 1523 1918 1557 ad

1181 1576 1333 1608 basilicae
1351 1575 1509 1619 Principis
1528 1576 1758 1619 Apostolorum
1776 1577 1816 1610 de
1833 1576 1917 1611 Urbe

1182 1634 1212 1661 et
1242 1628 1398 1662 ecclesiae
1429 1628 1653 1661 Latcranensis
1685 1630 1802 1669 valvas,
1841 1630 1917 1662 dum

1182 1681 1259 1715 inibi
1292 1680 1405 1724 populi
1436 1681 1609 1714 multitudo
1645 1682 1683 1714 ad
1721 1681 1830 1715 divina
1863 1693 1918 1715 au-

1182 1735 1300 1771 dienda
1324 1734 1526 1774 convenerit,
1552 1735 1658 1777 palam
1683 1739 1714 1768 et
1738 1735 1822 1768 clara
1842 1745 1917 1769 voce

1182 1791 1341 1832 legantur,
1361 1793 1393 1820 ct
1412 1789 1526 1828 lectae,
1543 1787 1576 1819 in
1592 1787 1745 1821 basilicae
1768 1793 1800 1821 et
1820 1789 1919 1822 eccle-

1182 1842 1247 1875 siae
1272 1840 1457 1874 buiusmodi
1491 1851 1527 1872 ac
1559 1840 1771 1874 cancellariae
1795 1847 1919 1885 aposto·

1182 1897 1261 1929 lieac
1285 1894 1384 1927 valvis
1409 1904 1538 1926 necnon
1565 1893 1596 1926 in
1622 1894 1690 1926 acie
1719 1894 1824 1937 campi
1845 1893 1919 1928 Flo·

1181 1960 1234 1982 rae
1275 1947 1459 1991 alligantur,
1499 1946 1552 1978 ubi
1593 1947 1631 1979 ad
1671 1947 1846 1980 lectionem
1887 1953 1918 1981 et

1183 2002 1328 2036 notitiam
1361 2005 1547 2032 cunctorum
1583 2000 1773 2042 aliquandiu
1804 2000 1917 2034 affixae

1182 2056 1368 2099 pendeant,
1397 2058 1429 2085 et
1459 2063 1530 2085 cum
1567 2053 1642 2085 inde
1669 2053 1930 2101 amovebuntur&

1182 2120 1290 2142 carum
1316 2106 1462 2149 exempla
1487 2106 1519 2137 in
1545 2105 1687 2138 eiusdem
1711 2105 1792 2138 locis
1818 2116 1919 2140 rema-

1184 2167 1281 2194 neant
1306 2158 1426 2199 affixam
1454 2158 1606 2201 quodque
1631 2168 1742 2190 earum
1765 2164 1920 2191 transum-

1183 2216 1254 2259 ptis,
1271 2224 1365 2246 manu
1392 2212 1506 2245 notarii
1533 2211 1652 2254 publici
1669 2211 1867 2255 subscriptis,
1889 2218 1920 2245 et

1184 2269 1290 2311 sigillo
1326 2267 1460 2300 alicuius
1499 2276 1656 2308 personae
1693 2265 1723 2297 in
1761 2265 1918 2307 dignitate

1184 2320 1403 2354 ecclesiastica
1428 2319 1621 2351 constitutae
1653 2317 1797 2358 munitis,
1830 2323 1919 2351 certa

1186 2380 1217 2408 et
1253 2373 1433 2406 indubitata
1472 2371 1550 2403 fides
1585 2371 1787 2411 adhibeatur,
1822 2376 1920 2414 prout

1184 2426 1409 2471 praesentibus
1434 2424 1552 2457 litteris
1578 2423 1802 2463 adhiberetur,
1829 2423 1855 2456 si
1874 2424 1921 2457 so-

1186 2488 1256 2514 rent
1280 2480 1443 2513 exhibitae
1465 2480 1512 2512 vel
1538 2485 1701 2511 ostensae.
1732 2477 1817 2511 Nulli
1841 2488 1919 2520 ergo

1185 2536 1315 2567 omnino
1340 2533 1509 2566 hominum
1534 2533 1628 2565 liceat
1662 2531 1746 2564 hanc
1771 2531 1919 2574 paginam

1186 2593 1314 2621 nostrae
1333 2585 1588 2629 approbationis,
1607 2583 1832 2625 innovationis,
1849 2583 1919 2616 abo·

1222 2650 1232 2676 1
1257 2648 1325 2675 Edit.
1348 2647 1425 2674 Main.
1448 2646 1510 2683 legit
1530 2647 1637 2681 affixae
1656 2647 1695 2682 (n.
1717 2644 1767 2681 Τ.).

1911 247 1967 275 An.
1984 245 2013 274 C.
2034 246 2086 275 168
