<?xml version="1.0" encoding="UTF-8"?>
<!DOCTYPE html PUBLIC "-//W3C//DTD XHTML 1.0 Transitional//EN"
    "http://www.w3.org/TR/xhtml1/DTD/xhtml1-transitional.dtd">
<html xmlns="http://www.w3.org/1999/xhtml" xml:lang="en" lang="en">
 <head>
  <title>
</title>
<meta http-equiv="Content-Type" content="text/html;charset=utf-8" />
  <meta name='ocr-system' content='tesseract 3.04.00' />
  <meta name='ocr-capabilities' content='ocr_page ocr_carea ocr_par ocr_line ocrx_word'/>
</head>
<body>
  <div class='ocr_page' id='page_1' title='image "./bullarumdiplomat19cath_0451.png"; bbox 0 0 2111 3157; ppageno 0'>
   <div class='ocr_carea' id='block_1_1' title="bbox 5 182 188 216">
    <p class='ocr_par' dir='ltr' id='par_1_1' title="bbox 5 182 188 216">
     <span class='ocr_line' id='line_1_1' title="bbox 5 182 188 216; baseline -0.027 0"><span class='ocrx_word' id='word_1_1' title='bbox 5 186 54 216; x_wconf 60' lang='lat' dir='ltr'>An.</span> <span class='ocrx_word' id='word_1_2' title='bbox 72 184 102 212; x_wconf 87' lang='lat' dir='ltr'>C.</span> <span class='ocrx_word' id='word_1_3' title='bbox 125 182 188 212; x_wconf 65' lang='lat'>¹681</span> 
     </span>
    </p>
   </div>
   <div class='ocr_carea' id='block_1_2' title="bbox 37 1501 153 1523">
    <p class='ocr_par' dir='ltr' id='par_1_2' title="bbox 37 1501 153 1523">
     <span class='ocr_line' id='line_1_2' title="bbox 37 1501 153 1523; baseline 0 0"><span class='ocrx_word' id='word_1_4' title='bbox 37 1501 153 1523; x_wconf 73' lang='lat' dir='ltr'>Exordium.</span> 
     </span>
    </p>
   </div>
   <div class='ocr_carea' id='block_1_3' title="bbox 776 178 1117 204">
    <p class='ocr_par' dir='ltr' id='par_1_3' title="bbox 776 178 1117 204">
     <span class='ocr_line' id='line_1_3' title="bbox 776 178 1117 204; baseline -0.009 0"><span class='ocrx_word' id='word_1_5' title='bbox 776 180 850 204; x_wconf 78' lang='lat' dir='ltr'>INNO</span> <span class='ocrx_word' id='word_1_6' title='bbox 856 179 987 204; x_wconf 75' lang='lat' dir='ltr'>CENTIUS</span> <span class='ocrx_word' id='word_1_7' title='bbox 1011 179 1041 202; x_wconf 80' lang='lat' dir='ltr'>XI</span> <span class='ocrx_word' id='word_1_8' title='bbox 1070 178 1117 202; x_wconf 76' lang='lat' dir='ltr'>PP.</span> 
     </span>
    </p>
   </div>
   <div class='ocr_carea' id='block_1_4' title="bbox 196 228 934 905">
    <p class='ocr_par' dir='ltr' id='par_1_4' title="bbox 196 228 934 633">
     <span class='ocr_line' id='line_1_4' title="bbox 197 228 931 276; baseline -0.008 -11"><span class='ocrx_word' id='word_1_9' title='bbox 197 231 415 276; x_wconf 87' lang='lat' dir='ltr'>praesentium</span> <span class='ocrx_word' id='word_1_10' title='bbox 440 231 619 265; x_wconf 86' lang='lat' dir='ltr'>litterarum</span> <span class='ocrx_word' id='word_1_11' title='bbox 642 228 853 271; x_wconf 71' lang='lat' dir='ltr'>transumptis</span> <span class='ocrx_word' id='word_1_12' title='bbox 877 238 931 260; x_wconf 86' lang='lat' dir='ltr'>seu</span> 
     </span>
     <span class='ocr_line' id='line_1_5' title="bbox 197 280 933 327; baseline -0.01 -9"><span class='ocrx_word' id='word_1_13' title='bbox 197 284 363 327; x_wconf 86' lang='lat' dir='ltr'>exemplis,</span> <span class='ocrx_word' id='word_1_14' title='bbox 375 284 471 317; x_wconf 89' lang='lat' dir='ltr'>etiam</span> <span class='ocrx_word' id='word_1_15' title='bbox 489 283 666 326; x_wconf 78' lang='lat' dir='ltr'>impressis,</span> <span class='ocrx_word' id='word_1_16' title='bbox 685 291 782 314; x_wconf 85' lang='lat' dir='ltr'>manu</span> <span class='ocrx_word' id='word_1_17' title='bbox 799 280 933 313; x_wconf 85' lang='lat' dir='ltr'>alicuius</span> 
     </span>
     <span class='ocr_line' id='line_1_6' title="bbox 196 332 932 380; baseline -0.01 -9"><span class='ocrx_word' id='word_1_18' title='bbox 196 337 316 371; x_wconf 87' lang='lat' dir='ltr'>notarii</span> <span class='ocrx_word' id='word_1_19' title='bbox 353 337 474 380; x_wconf 85' lang='lat' dir='ltr'>publici</span> <span class='ocrx_word' id='word_1_20' title='bbox 509 335 725 377; x_wconf 68' lang='lat' dir='ltr'>subscriptis,</span> <span class='ocrx_word' id='word_1_21' title='bbox 761 338 794 366; x_wconf 86' lang='lat' dir='ltr'>et</span> <span class='ocrx_word' id='word_1_22' title='bbox 824 332 932 375; x_wconf 81' lang='lat' dir='ltr'>sigillo</span> 
     </span>
     <span class='ocr_line' id='line_1_7' title="bbox 197 386 934 435; baseline -0.011 -11"><span class='ocrx_word' id='word_1_23' title='bbox 197 401 358 435; x_wconf 87' lang='lat' dir='ltr'>personae</span> <span class='ocrx_word' id='word_1_24' title='bbox 383 390 416 422; x_wconf 90' lang='lat' dir='ltr'>in</span> <span class='ocrx_word' id='word_1_25' title='bbox 434 388 655 422; x_wconf 79' lang='lat' dir='ltr'>ecclesiastica</span> <span class='ocrx_word' id='word_1_26' title='bbox 679 386 836 428; x_wconf 80' lang='lat' dir='ltr'>dignitate</span> <span class='ocrx_word' id='word_1_27' title='bbox 862 395 934 417; x_wconf 91' lang='lat' dir='ltr'>con-</span> 
     </span>
     <span class='ocr_line' id='line_1_8' title="bbox 197 436 933 482; baseline -0.008 -6"><span class='ocrx_word' id='word_1_28' title='bbox 197 443 328 476; x_wconf 88' lang='lat' dir='ltr'>stitutae</span> <span class='ocrx_word' id='word_1_29' title='bbox 360 441 514 480; x_wconf 90' lang='lat' dir='ltr'>munitis,</span> <span class='ocrx_word' id='word_1_30' title='bbox 548 440 662 473; x_wconf 90' lang='lat' dir='ltr'>eadem</span> <span class='ocrx_word' id='word_1_31' title='bbox 691 449 824 482; x_wconf 90' lang='lat' dir='ltr'>prorsus</span> <span class='ocrx_word' id='word_1_32' title='bbox 853 436 933 470; x_wconf 84' lang='lat' dir='ltr'>sides</span> 
     </span>
     <span class='ocr_line' id='line_1_9' title="bbox 198 490 931 539; baseline -0.008 -11"><span class='ocrx_word' id='word_1_33' title='bbox 198 496 318 539; x_wconf 88' lang='lat' dir='ltr'>ubique</span> <span class='ocrx_word' id='word_1_34' title='bbox 353 495 497 527; x_wconf 89' lang='lat' dir='ltr'>locorum</span> <span class='ocrx_word' id='word_1_35' title='bbox 529 493 689 525; x_wconf 81' lang='lat' dir='ltr'>habeatur</span> <span class='ocrx_word' id='word_1_36' title='bbox 711 517 718 529; x_wconf 85' lang='lat'>‚</span> <span class='ocrx_word' id='word_1_37' title='bbox 746 501 828 533; x_wconf 87' lang='lat' dir='ltr'>quae</span> <span class='ocrx_word' id='word_1_38' title='bbox 854 490 931 532; x_wconf 87' lang='lat' dir='ltr'>ipsis</span> 
     </span>
     <span class='ocr_line' id='line_1_10' title="bbox 197 542 933 591; baseline -0.01 -10"><span class='ocrx_word' id='word_1_39' title='bbox 197 547 427 591; x_wconf 86' lang='lat' dir='ltr'>praesentibus</span> <span class='ocrx_word' id='word_1_40' title='bbox 453 545 628 577; x_wconf 88' lang='lat' dir='ltr'>haberetur</span> <span class='ocrx_word' id='word_1_41' title='bbox 652 544 677 576; x_wconf 90' lang='lat' dir='ltr'>si</span> <span class='ocrx_word' id='word_1_42' title='bbox 710 543 818 575; x_wconf 81' lang='lat' dir='ltr'>forent</span> <span class='ocrx_word' id='word_1_43' title='bbox 845 542 933 576; x_wconf 79' lang='lat' dir='ltr'>exhi-</span> 
     </span>
     <span class='ocr_line' id='line_1_11' title="bbox 198 600 548 633; baseline -0.011 0"><span class='ocrx_word' id='word_1_44' title='bbox 198 600 284 633; x_wconf 84' lang='lat' dir='ltr'>bitae</span> <span class='ocrx_word' id='word_1_45' title='bbox 311 600 359 631; x_wconf 82' lang='lat' dir='ltr'>vel</span> <span class='ocrx_word' id='word_1_46' title='bbox 384 603 548 631; x_wconf 86' lang='lat' dir='ltr'>ostensae.</span> 
     </span>
    </p>

    <p class='ocr_par' dir='ltr' id='par_1_5' title="bbox 197 647 933 844">
     <span class='ocr_line' id='line_1_12' title="bbox 241 647 933 692; baseline -0.009 -7"><span class='ocrx_word' id='word_1_47' title='bbox 241 653 353 685; x_wconf 79' lang='lat' dir='ltr'>Datum</span> <span class='ocrx_word' id='word_1_48' title='bbox 379 651 512 688; x_wconf 83' lang='lat' dir='ltr'>Romae,</span> <span class='ocrx_word' id='word_1_49' title='bbox 537 649 619 692; x_wconf 88' lang='lat' dir='ltr'>apud</span> <span class='ocrx_word' id='word_1_50' title='bbox 637 648 668 681; x_wconf 83' lang='lat' dir='ltr'>S.</span> <span class='ocrx_word' id='word_1_51' title='bbox 688 648 818 680; x_wconf 87' lang='lat' dir='ltr'>Mariam</span> <span class='ocrx_word' id='word_1_52' title='bbox 835 647 933 680; x_wconf 83' lang='lat' dir='ltr'>Maio-</span> 
     </span>
     <span class='ocr_line' id='line_1_13' title="bbox 197 699 932 745; baseline -0.01 -7"><span class='ocrx_word' id='word_1_53' title='bbox 197 716 283 745; x_wconf 88' lang='lat' dir='ltr'>rem,</span> <span class='ocrx_word' id='word_1_54' title='bbox 315 704 372 736; x_wconf 86' lang='lat' dir='ltr'>sub</span> <span class='ocrx_word' id='word_1_55' title='bbox 403 703 524 735; x_wconf 88' lang='lat' dir='ltr'>annulo</span> <span class='ocrx_word' id='word_1_56' title='bbox 558 700 751 740; x_wconf 74' lang='lat' dir='ltr'>piscatoris,</span> <span class='ocrx_word' id='word_1_57' title='bbox 779 699 830 733; x_wconf 92' lang='lat' dir='ltr'>die</span> <span class='ocrx_word' id='word_1_58' title='bbox 851 709 860 732; x_wconf 90' lang='lat'>1</span> <span class='ocrx_word' id='word_1_59' title='bbox 884 709 932 731; x_wconf 88' lang='lat' dir='ltr'>se-</span> 
     </span>
     <span class='ocr_line' id='line_1_14' title="bbox 198 752 931 802; baseline -0.01 -11"><span class='ocrx_word' id='word_1_60' title='bbox 198 754 354 802; x_wconf 87' lang='lat' dir='ltr'>ptembris</span> <span class='ocrx_word' id='word_1_61' title='bbox 379 765 560 795; x_wconf 76' lang='lat' dir='ltr'>MDCLXXXI,</span> <span class='ocrx_word' id='word_1_62' title='bbox 588 752 794 798; x_wconf 85' lang='lat' dir='ltr'>pontificatus</span> <span class='ocrx_word' id='word_1_63' title='bbox 830 752 931 785; x_wconf 85' lang='lat' dir='ltr'>nostri</span> 
     </span>
     <span class='ocr_line' id='line_1_15' title="bbox 198 820 340 844; baseline -0.014 0"><span class='ocrx_word' id='word_1_64' title='bbox 198 820 283 844; x_wconf 91' lang='lat' dir='ltr'>anno</span> <span class='ocrx_word' id='word_1_65' title='bbox 309 820 340 842; x_wconf 92' lang='lat' dir='ltr'>v.</span> 
     </span>
    </p>

    <p class='ocr_par' dir='ltr' id='par_1_6' title="bbox 233 866 894 905">
     <span class='ocr_line' id='line_1_16' title="bbox 233 866 894 905; baseline -0.006 -7"><span class='ocrx_word' id='word_1_66' title='bbox 233 870 293 898; x_wconf 80' lang='lat' dir='ltr'>Dat.</span> <span class='ocrx_word' id='word_1_67' title='bbox 311 869 354 897; x_wconf 89' lang='lat' dir='ltr'>die</span> <span class='ocrx_word' id='word_1_68' title='bbox 372 871 382 897; x_wconf 83' lang='lat'>1</span> <span class='ocrx_word' id='word_1_69' title='bbox 399 868 561 905; x_wconf 76' lang='lat' dir='ltr'>septembris</span> <span class='ocrx_word' id='word_1_70' title='bbox 578 868 656 900; x_wconf 82' lang='lat'>1681,</span> <span class='ocrx_word' id='word_1_71' title='bbox 671 866 765 902; x_wconf 76' lang='lat' dir='ltr'>pontif.</span> <span class='ocrx_word' id='word_1_72' title='bbox 783 874 854 894; x_wconf 89' lang='lat' dir='ltr'>anno</span> <span class='ocrx_word' id='word_1_73' title='bbox 868 873 894 894; x_wconf 87' lang='lat' dir='ltr'>v.</span> 
     </span>
    </p>
   </div>
   <div class='ocr_carea' id='block_1_5' title="bbox 461 934 668 942">
    <p class='ocr_par' dir='ltr' id='par_1_7' title="bbox 461 934 668 942">
     <span class='ocr_line' id='line_1_17' title="bbox 461 934 668 942; baseline 0 2215"><span class='ocrx_word' id='word_1_74' title='bbox 461 934 668 942; x_wconf 95' lang='lat' dir='ltr'> </span> 
     </span>
    </p>
   </div>
   <div class='ocr_carea' id='block_1_6' title="bbox 535 1011 596 1044">
    <p class='ocr_par' dir='ltr' id='par_1_8' title="bbox 535 1011 596 1044">
     <span class='ocr_line' id='line_1_18' title="bbox 535 1011 596 1044; baseline -0.016 0"><span class='ocrx_word' id='word_1_75' title='bbox 535 1011 596 1044; x_wconf 80' lang='lat' dir='ltr'>CX.</span> 
     </span>
    </p>
   </div>
   <div class='ocr_carea' id='block_1_7' title="bbox 197 1087 932 1227">
    <p class='ocr_par' dir='ltr' id='par_1_9' title="bbox 197 1087 932 1227">
     <span class='ocr_line' id='line_1_19' title="bbox 197 1087 932 1124; baseline -0.007 -1"><span class='ocrx_word' id='word_1_76' title='bbox 197 1090 364 1124; x_wconf 80' lang='lat' dir='ltr'>Indicitur</span> <span class='ocrx_word' id='word_1_77' title='bbox 387 1088 568 1122; x_wconf 75' lang='lat' dir='ltr'>universale</span> <span class='ocrx_word' id='word_1_78' title='bbox 591 1088 771 1120; x_wconf 73' lang='lat' dir='ltr'>iubilaeum</span> <span class='ocrx_word' id='word_1_79' title='bbox 794 1087 837 1120; x_wconf 77' lang='lat' dir='ltr'>ad</span> <span class='ocrx_word' id='word_1_80' title='bbox 872 1088 932 1119; x_wconf 78' lang='lat' dir='ltr'>im-</span> 
     </span>
     <span class='ocr_line' id='line_1_20' title="bbox 239 1142 932 1185; baseline -0.003 -11"><span class='ocrx_word' id='word_1_81' title='bbox 239 1142 435 1185; x_wconf 78' lang='lat' dir='ltr'>plorandam</span> <span class='ocrx_word' id='word_1_82' title='bbox 449 1142 592 1173; x_wconf 80' lang='lat' dir='ltr'>divinam</span> <span class='ocrx_word' id='word_1_83' title='bbox 604 1151 693 1183; x_wconf 84' lang='lat' dir='ltr'>opem</span> <span class='ocrx_word' id='word_1_84' title='bbox 712 1151 771 1183; x_wconf 80' lang='lat' dir='ltr'>pro</span> <span class='ocrx_word' id='word_1_85' title='bbox 785 1150 932 1184; x_wconf 79' lang='lat' dir='ltr'>praesen-</span> 
     </span>
     <span class='ocr_line' id='line_1_21' title="bbox 244 1191 907 1227; baseline -0.003 0"><span class='ocrx_word' id='word_1_86' title='bbox 244 1195 329 1227; x_wconf 80' lang='lat' dir='ltr'>tibus</span> <span class='ocrx_word' id='word_1_87' title='bbox 354 1199 429 1227; x_wconf 80' lang='lat' dir='ltr'>tunc</span> <span class='ocrx_word' id='word_1_88' title='bbox 452 1194 612 1227; x_wconf 82' lang='lat' dir='ltr'>Ecclesiae</span> <span class='ocrx_word' id='word_1_89' title='bbox 635 1191 907 1226; x_wconf 76' lang='lat' dir='ltr'>necessitatibus¹.</span> 
     </span>
    </p>
   </div>
   <div class='ocr_carea' id='block_1_8' title="bbox 383 1272 744 1307">
    <p class='ocr_par' dir='ltr' id='par_1_10' title="bbox 383 1272 744 1307">
     <span class='ocr_line' id='line_1_22' title="bbox 383 1272 744 1307; baseline -0.003 -6"><span class='ocrx_word' id='word_1_90' title='bbox 383 1273 577 1301; x_wconf 76' lang='lat' dir='ltr'>Innocentius</span> <span class='ocrx_word' id='word_1_91' title='bbox 597 1273 676 1306; x_wconf 81' lang='lat' dir='ltr'>Papa</span> <span class='ocrx_word' id='word_1_92' title='bbox 695 1272 744 1307; x_wconf 83' lang='lat' dir='ltr'>XI,</span> 
     </span>
    </p>
   </div>
   <div class='ocr_carea' id='block_1_9' title="bbox 199 1311 934 1444">
    <p class='ocr_par' dir='ltr' id='par_1_11' title="bbox 199 1311 934 1444">
     <span class='ocr_line' id='line_1_23' title="bbox 199 1311 934 1360; baseline -0.003 -4"><span class='ocrx_word' id='word_1_93' title='bbox 199 1327 356 1357; x_wconf 73' lang='lat' dir='ltr'>universis</span> <span class='ocrx_word' id='word_1_94' title='bbox 392 1326 643 1355; x_wconf 83' lang='lat' dir='ltr'>christifidelibus</span> <span class='ocrx_word' id='word_1_95' title='bbox 674 1329 851 1360; x_wconf 78' lang='lat' dir='ltr'>praesentes</span> <span class='ocrx_word' id='word_1_96' title='bbox 883 1311 934 1354; x_wconf 70' lang='lat' dir='ltr'>nt&#39;-</span> 
     </span>
     <span class='ocr_line' id='line_1_24' title="bbox 233 1371 934 1406; baseline -0.001 -6"><span class='ocrx_word' id='word_1_97' title='bbox 233 1376 317 1400; x_wconf 77' lang='lat' dir='ltr'>terae</span> <span class='ocrx_word' id='word_1_98' title='bbox 337 1371 531 1406; x_wconf 81' lang='lat' dir='ltr'>inspecturis,</span> <span class='ocrx_word' id='word_1_99' title='bbox 548 1372 678 1399; x_wconf 79' lang='lat' dir='ltr'>satutem</span> <span class='ocrx_word' id='word_1_100' title='bbox 693 1374 724 1399; x_wconf 87' lang='lat' dir='ltr'>et</span> <span class='ocrx_word' id='word_1_101' title='bbox 738 1372 934 1405; x_wconf 81' lang='lat' dir='ltr'>apostolicam</span> 
     </span>
     <span class='ocr_line' id='line_1_25' title="bbox 234 1416 483 1444; baseline -0.004 -1"><span class='ocrx_word' id='word_1_102' title='bbox 234 1416 483 1444; x_wconf 76' lang='lat' dir='ltr'>benedictionem.</span> 
     </span>
    </p>
   </div>
   <div class='ocr_carea' id='block_1_10' title="bbox 198 1486 936 2323">
    <p class='ocr_par' dir='ltr' id='par_1_12' title="bbox 198 1486 936 2323">
     <span class='ocr_line' id='line_1_26' title="bbox 243 1486 935 1530; baseline -0.001 -9"><span class='ocrx_word' id='word_1_103' title='bbox 243 1486 420 1521; x_wconf 88' lang='lat' dir='ltr'>Onerosam</span> <span class='ocrx_word' id='word_1_104' title='bbox 437 1496 587 1520; x_wconf 88' lang='lat' dir='ltr'>curarum</span> <span class='ocrx_word' id='word_1_105' title='bbox 611 1486 850 1530; x_wconf 85' lang='lat' dir='ltr'>pontificiarum</span> <span class='ocrx_word' id='word_1_106' title='bbox 866 1498 935 1520; x_wconf 88' lang='lat' dir='ltr'>mo-</span> 
     </span>
     <span class='ocr_line' id='line_1_27' title="bbox 199 1539 934 1583; baseline 0 -9"><span class='ocrx_word' id='word_1_107' title='bbox 199 1540 262 1574; x_wconf 92' lang='lat' dir='ltr'>lem</span> <span class='ocrx_word' id='word_1_108' title='bbox 286 1540 461 1573; x_wconf 83' lang='lat' dir='ltr'>humilitati</span> <span class='ocrx_word' id='word_1_109' title='bbox 487 1545 583 1583; x_wconf 89' lang='lat' dir='ltr'>atque</span> <span class='ocrx_word' id='word_1_110' title='bbox 604 1539 783 1573; x_wconf 85' lang='lat' dir='ltr'>infirmitati</span> <span class='ocrx_word' id='word_1_111' title='bbox 803 1545 934 1574; x_wconf 86' lang='lat' dir='ltr'>nostrae</span> 
     </span>
     <span class='ocr_line' id='line_1_28' title="bbox 200 1593 934 1636; baseline 0 -10"><span class='ocrx_word' id='word_1_112' title='bbox 200 1594 264 1627; x_wconf 87' lang='lat' dir='ltr'>iam</span> <span class='ocrx_word' id='word_1_113' title='bbox 300 1593 422 1626; x_wconf 89' lang='lat' dir='ltr'>dudum</span> <span class='ocrx_word' id='word_1_114' title='bbox 458 1593 611 1626; x_wconf 89' lang='lat' dir='ltr'>divinitus</span> <span class='ocrx_word' id='word_1_115' title='bbox 646 1593 832 1636; x_wconf 84' lang='lat' dir='ltr'>impositam</span> <span class='ocrx_word' id='word_1_116' title='bbox 852 1620 859 1632; x_wconf 90' lang='lat'>,</span> <span class='ocrx_word' id='word_1_117' title='bbox 901 1594 934 1626; x_wconf 90' lang='lat' dir='ltr'>in</span> 
     </span>
     <span class='ocr_line' id='line_1_29' title="bbox 200 1646 935 1690; baseline 0 -11"><span class='ocrx_word' id='word_1_118' title='bbox 200 1646 335 1679; x_wconf 88' lang='lat' dir='ltr'>summis</span> <span class='ocrx_word' id='word_1_119' title='bbox 354 1646 487 1690; x_wconf 89' lang='lat' dir='ltr'>quidem</span> <span class='ocrx_word' id='word_1_120' title='bbox 505 1656 615 1679; x_wconf 90' lang='lat' dir='ltr'>rerum</span> <span class='ocrx_word' id='word_1_121' title='bbox 639 1646 785 1679; x_wconf 86' lang='lat' dir='ltr'>omnium</span> <span class='ocrx_word' id='word_1_122' title='bbox 803 1646 935 1680; x_wconf 86' lang='lat' dir='ltr'>difficul-</span> 
     </span>
     <span class='ocr_line' id='line_1_30' title="bbox 200 1700 933 1743; baseline -0.001 -11"><span class='ocrx_word' id='word_1_123' title='bbox 200 1700 336 1740; x_wconf 81' lang='lat' dir='ltr'>tatibus,</span> <span class='ocrx_word' id='word_1_124' title='bbox 366 1704 520 1743; x_wconf 89' lang='lat' dir='ltr'>quantum</span> <span class='ocrx_word' id='word_1_125' title='bbox 545 1700 652 1732; x_wconf 89' lang='lat' dir='ltr'>divina</span> <span class='ocrx_word' id='word_1_126' title='bbox 674 1700 803 1733; x_wconf 80' lang='lat' dir='ltr'>bonitas</span> <span class='ocrx_word' id='word_1_127' title='bbox 829 1700 933 1740; x_wconf 83' lang='lat' dir='ltr'>dedit,</span> 
     </span>
     <span class='ocr_line' id='line_1_31' title="bbox 199 1752 936 1796; baseline 0.003 -12"><span class='ocrx_word' id='word_1_128' title='bbox 199 1752 365 1792; x_wconf 86' lang='lat' dir='ltr'>sustinere,</span> <span class='ocrx_word' id='word_1_129' title='bbox 388 1757 418 1784; x_wconf 92' lang='lat' dir='ltr'>et</span> <span class='ocrx_word' id='word_1_130' title='bbox 441 1753 638 1796; x_wconf 88' lang='lat' dir='ltr'>pastoralem</span> <span class='ocrx_word' id='word_1_131' title='bbox 654 1752 853 1794; x_wconf 81' lang='lat' dir='ltr'>vigilantiam</span> <span class='ocrx_word' id='word_1_132' title='bbox 878 1763 936 1786; x_wconf 90' lang='lat' dir='ltr'>no·</span> 
     </span>
     <span class='ocr_line' id='line_1_32' title="bbox 198 1805 935 1848; baseline 0.003 -11"><span class='ocrx_word' id='word_1_133' title='bbox 198 1809 296 1837; x_wconf 80' lang='lat' dir='ltr'>stram</span> <span class='ocrx_word' id='word_1_134' title='bbox 320 1815 379 1848; x_wconf 92' lang='lat' dir='ltr'>pro</span> <span class='ocrx_word' id='word_1_135' title='bbox 405 1805 559 1838; x_wconf 83' lang='lat' dir='ltr'>dominici</span> <span class='ocrx_word' id='word_1_136' title='bbox 577 1805 686 1848; x_wconf 85' lang='lat' dir='ltr'>gregis</span> <span class='ocrx_word' id='word_1_137' title='bbox 704 1806 806 1839; x_wconf 87' lang='lat' dir='ltr'>salute</span> <span class='ocrx_word' id='word_1_138' title='bbox 823 1805 856 1838; x_wconf 91' lang='lat' dir='ltr'>in</span> <span class='ocrx_word' id='word_1_139' title='bbox 874 1806 935 1839; x_wconf 88' lang='lat' dir='ltr'>hac</span> 
     </span>
     <span class='ocr_line' id='line_1_33' title="bbox 199 1858 935 1902; baseline 0.001 -12"><span class='ocrx_word' id='word_1_140' title='bbox 199 1859 328 1892; x_wconf 81' lang='lat' dir='ltr'>excelsa</span> <span class='ocrx_word' id='word_1_141' title='bbox 351 1859 553 1902; x_wconf 87' lang='lat' dir='ltr'>Apostolicae</span> <span class='ocrx_word' id='word_1_142' title='bbox 573 1858 664 1891; x_wconf 88' lang='lat' dir='ltr'>Sedis</span> <span class='ocrx_word' id='word_1_143' title='bbox 681 1859 813 1900; x_wconf 78' lang='lat' dir='ltr'>specula</span> <span class='ocrx_word' id='word_1_144' title='bbox 842 1868 935 1891; x_wconf 85' lang='lat' dir='ltr'>excu-</span> 
     </span>
     <span class='ocr_line' id='line_1_34' title="bbox 198 1911 933 1954; baseline 0 -10"><span class='ocrx_word' id='word_1_145' title='bbox 198 1911 330 1944; x_wconf 87' lang='lat' dir='ltr'>bantem</span> <span class='ocrx_word' id='word_1_146' title='bbox 351 1911 487 1944; x_wconf 93' lang='lat' dir='ltr'>Domino</span> <span class='ocrx_word' id='word_1_147' title='bbox 504 1916 750 1954; x_wconf 87' lang='lat' dir='ltr'>repraesentare</span> <span class='ocrx_word' id='word_1_148' title='bbox 776 1911 933 1944; x_wconf 89' lang='lat' dir='ltr'>hactenus</span> 
     </span>
     <span class='ocr_line' id='line_1_35' title="bbox 199 1963 935 2008; baseline 0 -11"><span class='ocrx_word' id='word_1_149' title='bbox 199 1964 305 1997; x_wconf 87' lang='lat' dir='ltr'>conati</span> <span class='ocrx_word' id='word_1_150' title='bbox 322 1975 445 1997; x_wconf 90' lang='lat' dir='ltr'>sumus.</span> <span class='ocrx_word' id='word_1_151' title='bbox 465 1963 527 1997; x_wconf 87' lang='lat' dir='ltr'>Sed</span> <span class='ocrx_word' id='word_1_152' title='bbox 544 1964 632 1997; x_wconf 91' lang='lat' dir='ltr'>illam</span> <span class='ocrx_word' id='word_1_153' title='bbox 649 1975 744 2005; x_wconf 90' lang='lat' dir='ltr'>nunc,</span> <span class='ocrx_word' id='word_1_154' title='bbox 760 1970 825 1997; x_wconf 90' lang='lat' dir='ltr'>tum</span> <span class='ocrx_word' id='word_1_155' title='bbox 842 1975 935 2008; x_wconf 87' lang='lat' dir='ltr'>prae-</span> 
     </span>
     <span class='ocr_line' id='line_1_36' title="bbox 199 2015 931 2058; baseline 0.003 -10"><span class='ocrx_word' id='word_1_156' title='bbox 199 2015 366 2050; x_wconf 87' lang='lat' dir='ltr'>teritarum</span> <span class='ocrx_word' id='word_1_157' title='bbox 412 2027 639 2049; x_wconf 81' lang='lat' dir='ltr'>aerumnarum</span> <span class='ocrx_word' id='word_1_158' title='bbox 682 2017 908 2050; x_wconf 83' lang='lat' dir='ltr'>recordatione</span> <span class='ocrx_word' id='word_1_159' title='bbox 924 2044 931 2058; x_wconf 97' lang='lat'><em>‚</em></span> 
     </span>
     <span class='ocr_line' id='line_1_37' title="bbox 199 2069 933 2113; baseline 0.001 -11"><span class='ocrx_word' id='word_1_160' title='bbox 199 2074 266 2102; x_wconf 81' lang='lat' dir='ltr'>tum</span> <span class='ocrx_word' id='word_1_161' title='bbox 287 2070 507 2113; x_wconf 89' lang='lat' dir='ltr'>praesentium</span> <span class='ocrx_word' id='word_1_162' title='bbox 532 2080 629 2102; x_wconf 90' lang='lat' dir='ltr'>sensu</span> <span class='ocrx_word' id='word_1_163' title='bbox 647 2075 678 2102; x_wconf 94' lang='lat' dir='ltr'>et</span> <span class='ocrx_word' id='word_1_164' title='bbox 694 2069 933 2103; x_wconf 89' lang='lat' dir='ltr'>imminentium</span> 
     </span>
     <span class='ocr_line' id='line_1_38' title="bbox 198 2122 932 2167; baseline 0.001 -12"><span class='ocrx_word' id='word_1_165' title='bbox 198 2122 382 2162; x_wconf 79' lang='lat' dir='ltr'>formidine,</span> <span class='ocrx_word' id='word_1_166' title='bbox 403 2124 500 2165; x_wconf 84' lang='lat' dir='ltr'>longe</span> <span class='ocrx_word' id='word_1_167' title='bbox 525 2122 705 2164; x_wconf 80' lang='lat' dir='ltr'>graviorem</span> <span class='ocrx_word' id='word_1_168' title='bbox 730 2123 932 2167; x_wconf 79' lang='lat' dir='ltr'>experimur;</span> 
     </span>
     <span class='ocr_line' id='line_1_39' title="bbox 200 2174 933 2218; baseline 0.001 -11"><span class='ocrx_word' id='word_1_169' title='bbox 200 2185 283 2214; x_wconf 89' lang='lat' dir='ltr'>nam,</span> <span class='ocrx_word' id='word_1_170' title='bbox 302 2174 445 2218; x_wconf 85' lang='lat' dir='ltr'>quamvis</span> <span class='ocrx_word' id='word_1_171' title='bbox 469 2174 642 2208; x_wconf 75' lang='lat' dir='ltr'>ineffabilis</span> <span class='ocrx_word' id='word_1_172' title='bbox 661 2175 718 2208; x_wconf 86' lang='lat' dir='ltr'>Dei</span> <span class='ocrx_word' id='word_1_173' title='bbox 738 2175 933 2218; x_wconf 81' lang='lat' dir='ltr'>benignitas,</span> 
     </span>
     <span class='ocr_line' id='line_1_40' title="bbox 199 2226 934 2270; baseline 0.004 -12"><span class='ocrx_word' id='word_1_174' title='bbox 199 2226 311 2269; x_wconf 91' lang='lat' dir='ltr'>populi</span> <span class='ocrx_word' id='word_1_175' title='bbox 325 2227 375 2259; x_wconf 93' lang='lat' dir='ltr'>sui</span> <span class='ocrx_word' id='word_1_176' title='bbox 392 2227 545 2270; x_wconf 87' lang='lat' dir='ltr'>precibus</span> <span class='ocrx_word' id='word_1_177' title='bbox 563 2232 704 2268; x_wconf 78' lang='lat' dir='ltr'>exorata,</span> <span class='ocrx_word' id='word_1_178' title='bbox 724 2228 839 2261; x_wconf 86' lang='lat' dir='ltr'>atrocis</span> <span class='ocrx_word' id='word_1_179' title='bbox 857 2228 934 2261; x_wconf 90' lang='lat' dir='ltr'>belli</span> 
     </span>
     <span class='ocr_line' id='line_1_41' title="bbox 200 2279 935 2323; baseline 0.003 -12"><span class='ocrx_word' id='word_1_180' title='bbox 200 2279 413 2320; x_wconf 86' lang='lat' dir='ltr'>calamitates,</span> <span class='ocrx_word' id='word_1_181' title='bbox 433 2279 550 2323; x_wconf 90' lang='lat' dir='ltr'>quibus</span> <span class='ocrx_word' id='word_1_182' title='bbox 568 2279 748 2313; x_wconf 87' lang='lat' dir='ltr'>nobiliores</span> <span class='ocrx_word' id='word_1_183' title='bbox 768 2280 935 2313; x_wconf 84' lang='lat' dir='ltr'>christiani</span> 
     </span>
    </p>
   </div>
   <div class='ocr_carea' id='block_1_11' title="bbox 201 2374 938 2586">
    <p class='ocr_par' dir='ltr' id='par_1_13' title="bbox 201 2374 938 2586">
     <span class='ocr_line' id='line_1_42' title="bbox 239 2374 934 2404; baseline 0.006 -4"><span class='ocrx_word' id='word_1_184' title='bbox 239 2375 249 2400; x_wconf 86' lang='grc'>1</span> <span class='ocrx_word' id='word_1_185' title='bbox 272 2374 377 2401; x_wconf 89' lang='lat' dir='ltr'>Similia</span> <span class='ocrx_word' id='word_1_186' title='bbox 390 2374 506 2402; x_wconf 83' lang='lat' dir='ltr'>iubilaea</span> <span class='ocrx_word' id='word_1_187' title='bbox 520 2375 606 2402; x_wconf 88' lang='lat' dir='ltr'>habes</span> <span class='ocrx_word' id='word_1_188' title='bbox 616 2375 643 2402; x_wconf 92' lang='lat' dir='ltr'>in</span> <span class='ocrx_word' id='word_1_189' title='bbox 654 2374 801 2402; x_wconf 87' lang='lat' dir='ltr'>Clementis</span> <span class='ocrx_word' id='word_1_190' title='bbox 814 2375 834 2402; x_wconf 84' lang='lat' dir='ltr'>X</span> <span class='ocrx_word' id='word_1_191' title='bbox 849 2380 934 2404; x_wconf 87' lang='lat' dir='ltr'>const.</span> 
     </span>
     <span class='ocr_line' id='line_1_43' title="bbox 201 2417 938 2455; baseline 0.005 -11"><span class='ocrx_word' id='word_1_192' title='bbox 201 2417 244 2445; x_wconf 81' lang='lat' dir='ltr'>ed.</span> <span class='ocrx_word' id='word_1_193' title='bbox 265 2425 411 2452; x_wconf 61' lang='lat' dir='ltr'>uncrxxrv,</span> <span class='ocrx_word' id='word_1_194' title='bbox 435 2419 478 2446; x_wconf 87' lang='lat' dir='ltr'>die</span> <span class='ocrx_word' id='word_1_195' title='bbox 500 2420 531 2446; x_wconf 81' lang='grc'>16</span> <span class='ocrx_word' id='word_1_196' title='bbox 550 2420 605 2446; x_wconf 87' lang='lat' dir='ltr'>kal.</span> <span class='ocrx_word' id='word_1_197' title='bbox 630 2419 710 2452; x_wconf 81' lang='lat' dir='ltr'>maii,</span> <span class='ocrx_word' id='word_1_198' title='bbox 730 2420 825 2455; x_wconf 84' lang='lat' dir='ltr'>pontif.</span> <span class='ocrx_word' id='word_1_199' title='bbox 850 2427 886 2454; x_wconf 84' lang='lat' dir='ltr'>iv,</span> <span class='ocrx_word' id='word_1_200' title='bbox 910 2425 938 2448; x_wconf 88' lang='lat' dir='ltr'>et</span> 
     </span>
     <span class='ocr_line' id='line_1_44' title="bbox 202 2462 935 2499; baseline 0.005 -10"><span class='ocrx_word' id='word_1_201' title='bbox 202 2467 278 2489; x_wconf 83' lang='lat' dir='ltr'>const</span> <span class='ocrx_word' id='word_1_202' title='bbox 303 2462 345 2489; x_wconf 87' lang='lat' dir='ltr'>ed.</span> <span class='ocrx_word' id='word_1_203' title='bbox 362 2470 498 2496; x_wconf 64' lang='lat' dir='ltr'>unerxxu,</span> <span class='ocrx_word' id='word_1_204' title='bbox 515 2463 558 2490; x_wconf 88' lang='lat' dir='ltr'>die</span> <span class='ocrx_word' id='word_1_205' title='bbox 574 2464 590 2490; x_wconf 87' lang='lat'>5</span> <span class='ocrx_word' id='word_1_206' title='bbox 605 2464 770 2496; x_wconf 87' lang='lat' dir='ltr'>novembris,</span> <span class='ocrx_word' id='word_1_207' title='bbox 786 2465 879 2499; x_wconf 80' lang='lat' dir='ltr'>pontis.</span> <span class='ocrx_word' id='word_1_208' title='bbox 890 2472 935 2498; x_wconf 78' lang='lat'><em>11¹3</em></span> 
     </span>
     <span class='ocr_line' id='line_1_45' title="bbox 201 2506 936 2546; baseline 0.007 -14"><span class='ocrx_word' id='word_1_209' title='bbox 201 2506 265 2533; x_wconf 80' lang='lat' dir='ltr'>item</span> <span class='ocrx_word' id='word_1_210' title='bbox 284 2506 311 2532; x_wconf 88' lang='lat' dir='ltr'>in</span> <span class='ocrx_word' id='word_1_211' title='bbox 330 2506 410 2534; x_wconf 86' lang='lat' dir='ltr'>huius</span> <span class='ocrx_word' id='word_1_212' title='bbox 426 2507 518 2542; x_wconf 82' lang='lat' dir='ltr'>pontis.</span> <span class='ocrx_word' id='word_1_213' title='bbox 536 2511 622 2534; x_wconf 86' lang='lat' dir='ltr'>const.</span> <span class='ocrx_word' id='word_1_214' title='bbox 643 2508 685 2535; x_wconf 88' lang='lat' dir='ltr'>ed.</span> <span class='ocrx_word' id='word_1_215' title='bbox 707 2514 876 2546; x_wconf 71' lang='lat' dir='ltr'>unetxxxm,</span> <span class='ocrx_word' id='word_1_216' title='bbox 894 2509 936 2537; x_wconf 88' lang='lat' dir='ltr'>die</span> 
     </span>
     <span class='ocr_line' id='line_1_46' title="bbox 203 2550 624 2586; baseline 0.002 -9"><span class='ocrx_word' id='word_1_217' title='bbox 203 2551 233 2577; x_wconf 85' lang='lat'>11</span> <span class='ocrx_word' id='word_1_218' title='bbox 255 2550 369 2584; x_wconf 80' lang='lat' dir='ltr'>augusti,</span> <span class='ocrx_word' id='word_1_219' title='bbox 390 2551 559 2586; x_wconf 81' lang='lat' dir='ltr'>pontificatus</span> <span class='ocrx_word' id='word_1_220' title='bbox 578 2558 624 2578; x_wconf 82' lang='lat' dir='ltr'>vu.</span> 
     </span>
    </p>
   </div>
   <div class='ocr_carea' id='block_1_12' title="bbox 293 2606 872 2640">
    <p class='ocr_par' dir='ltr' id='par_1_14' title="bbox 293 2606 872 2640">
     <span class='ocr_line' id='line_1_47' title="bbox 293 2606 872 2640; baseline 0.002 -6"><span class='ocrx_word' id='word_1_221' title='bbox 293 2606 370 2634; x_wconf 84' lang='lat' dir='ltr'>Bull.</span> <span class='ocrx_word' id='word_1_222' title='bbox 391 2606 472 2635; x_wconf 85' lang='lat' dir='ltr'>Rom.</span> <span class='ocrx_word' id='word_1_223' title='bbox 493 2622 527 2628; x_wconf 92' lang='lat'>—</span> <span class='ocrx_word' id='word_1_224' title='bbox 550 2607 610 2638; x_wconf 84' lang='lat' dir='ltr'>Vol.</span> <span class='ocrx_word' id='word_1_225' title='bbox 630 2607 699 2637; x_wconf 79' lang='lat' dir='ltr'>XIX</span> <span class='ocrx_word' id='word_1_226' title='bbox 838 2607 872 2640; x_wconf 82' lang='lat'>53</span> 
     </span>
    </p>
   </div>
   <div class='ocr_carea' id='block_1_13' title="bbox 974 220 1722 2480">
    <p class='ocr_par' dir='ltr' id='par_1_15' title="bbox 974 220 1722 2480">
     <span class='ocr_line' id='line_1_48' title="bbox 975 220 1710 268; baseline -0.01 -10"><span class='ocrx_word' id='word_1_227' title='bbox 975 226 1062 259; x_wconf 83' lang='lat' dir='ltr'>orbis</span> <span class='ocrx_word' id='word_1_228' title='bbox 1087 224 1273 268; x_wconf 86' lang='lat' dir='ltr'>provinciae</span> <span class='ocrx_word' id='word_1_229' title='bbox 1298 220 1528 256; x_wconf 77' lang='lat' dir='ltr'>miserabiliter</span> <span class='ocrx_word' id='word_1_230' title='bbox 1544 220 1710 253; x_wconf 86' lang='lat' dir='ltr'>vastaban-</span> 
     </span>
     <span class='ocr_line' id='line_1_49' title="bbox 976 274 1709 322; baseline -0.011 -10"><span class='ocrx_word' id='word_1_231' title='bbox 976 285 1035 319; x_wconf 85' lang='lat' dir='ltr'>tur,</span> <span class='ocrx_word' id='word_1_232' title='bbox 1049 289 1129 322; x_wconf 84' lang='lat' dir='ltr'>pace</span> <span class='ocrx_word' id='word_1_233' title='bbox 1142 277 1399 321; x_wconf 86' lang='lat' dir='ltr'>interprincipes</span> <span class='ocrx_word' id='word_1_234' title='bbox 1413 274 1612 309; x_wconf 85' lang='lat' dir='ltr'>christianos</span> <span class='ocrx_word' id='word_1_235' title='bbox 1627 284 1709 306; x_wconf 86' lang='lat' dir='ltr'>eom-</span> 
     </span>
     <span class='ocr_line' id='line_1_50' title="bbox 976 328 1706 375; baseline -0.008 -11"><span class='ocrx_word' id='word_1_236' title='bbox 976 333 1079 375; x_wconf 85' lang='lat' dir='ltr'>posita</span> <span class='ocrx_word' id='word_1_237' title='bbox 1105 331 1286 370; x_wconf 87' lang='lat' dir='ltr'>sedaverit,</span> <span class='ocrx_word' id='word_1_238' title='bbox 1320 340 1385 362; x_wconf 91' lang='lat' dir='ltr'>non</span> <span class='ocrx_word' id='word_1_239' title='bbox 1412 328 1551 362; x_wconf 83' lang='lat' dir='ltr'>cessavit</span> <span class='ocrx_word' id='word_1_240' title='bbox 1575 332 1682 359; x_wconf 87' lang='lat' dir='ltr'>tamen</span> <span class='ocrx_word' id='word_1_241' title='bbox 1698 353 1706 366; x_wconf 90' lang='lat'>,</span> 
     </span>
     <span class='ocr_line' id='line_1_51' title="bbox 976 380 1707 423; baseline -0.008 -6"><span class='ocrx_word' id='word_1_242' title='bbox 976 395 1035 417; x_wconf 94' lang='lat' dir='ltr'>nec</span> <span class='ocrx_word' id='word_1_243' title='bbox 1059 385 1164 417; x_wconf 84' lang='lat' dir='ltr'>adhuc</span> <span class='ocrx_word' id='word_1_244' title='bbox 1189 388 1291 416; x_wconf 88' lang='lat' dir='ltr'>cessat</span> <span class='ocrx_word' id='word_1_245' title='bbox 1308 381 1441 415; x_wconf 86' lang='lat' dir='ltr'>humani</span> <span class='ocrx_word' id='word_1_246' title='bbox 1460 380 1588 423; x_wconf 83' lang='lat' dir='ltr'>generis</span> <span class='ocrx_word' id='word_1_247' title='bbox 1606 380 1707 412; x_wconf 81' lang='lat' dir='ltr'>hostis</span> 
     </span>
     <span class='ocr_line' id='line_1_52' title="bbox 976 433 1707 479; baseline -0.008 -9"><span class='ocrx_word' id='word_1_248' title='bbox 976 437 1008 470; x_wconf 92' lang='lat' dir='ltr'>in</span> <span class='ocrx_word' id='word_1_249' title='bbox 1026 447 1104 479; x_wconf 79' lang='lat' dir='ltr'>agro</span> <span class='ocrx_word' id='word_1_250' title='bbox 1122 436 1247 469; x_wconf 84' lang='lat' dir='ltr'>Domini</span> <span class='ocrx_word' id='word_1_251' title='bbox 1262 435 1524 478; x_wconf 81' lang='lat' dir='ltr'>superseminare</span> <span class='ocrx_word' id='word_1_252' title='bbox 1543 433 1707 473; x_wconf 78' lang='lat' dir='ltr'>zizaniam,</span> 
     </span>
     <span class='ocr_line' id='line_1_53' title="bbox 975 485 1708 531; baseline -0.005 -10"><span class='ocrx_word' id='word_1_253' title='bbox 975 495 1019 528; x_wconf 89' lang='lat' dir='ltr'>ut,</span> <span class='ocrx_word' id='word_1_254' title='bbox 1044 488 1201 531; x_wconf 87' lang='lat' dir='ltr'>quidquid</span> <span class='ocrx_word' id='word_1_255' title='bbox 1218 488 1294 520; x_wconf 90' lang='lat' dir='ltr'>boni</span> <span class='ocrx_word' id='word_1_256' title='bbox 1313 492 1357 520; x_wconf 87' lang='lat' dir='ltr'>tot</span> <span class='ocrx_word' id='word_1_257' title='bbox 1374 487 1457 519; x_wconf 86' lang='lat' dir='ltr'>curis</span> <span class='ocrx_word' id='word_1_258' title='bbox 1475 491 1570 529; x_wconf 87' lang='lat' dir='ltr'>atque</span> <span class='ocrx_word' id='word_1_259' title='bbox 1588 485 1708 518; x_wconf 81' lang='lat' dir='ltr'>labori·</span> 
     </span>
     <span class='ocr_line' id='line_1_54' title="bbox 975 538 1708 582; baseline -0.005 -9"><span class='ocrx_word' id='word_1_260' title='bbox 975 542 1033 574; x_wconf 88' lang='lat' dir='ltr'>hus</span> <span class='ocrx_word' id='word_1_261' title='bbox 1050 547 1155 573; x_wconf 75' lang='lat' dir='ltr'>actum</span> <span class='ocrx_word' id='word_1_262' title='bbox 1175 546 1232 579; x_wconf 90' lang='lat' dir='ltr'>est,</span> <span class='ocrx_word' id='word_1_263' title='bbox 1252 544 1428 582; x_wconf 84' lang='lat' dir='ltr'>pervertat,</span> <span class='ocrx_word' id='word_1_264' title='bbox 1450 538 1708 581; x_wconf 85' lang='lat' dir='ltr'>perniciosisque</span> 
     </span>
     <span class='ocr_line' id='line_1_55' title="bbox 975 590 1707 634; baseline -0.005 -9"><span class='ocrx_word' id='word_1_265' title='bbox 975 592 1268 626; x_wconf 83' lang='lat' dir='ltr'>machinationibus</span> <span class='ocrx_word' id='word_1_266' title='bbox 1286 591 1421 634; x_wconf 90' lang='lat' dir='ltr'>pristina</span> <span class='ocrx_word' id='word_1_267' title='bbox 1440 590 1570 623; x_wconf 85' lang='lat' dir='ltr'>dissidia</span> <span class='ocrx_word' id='word_1_268' title='bbox 1582 590 1707 630; x_wconf 82' lang='lat' dir='ltr'>excitet,</span> 
     </span>
     <span class='ocr_line' id='line_1_56' title="bbox 975 642 1710 685; baseline -0.004 -6"><span class='ocrx_word' id='word_1_269' title='bbox 975 652 1005 679; x_wconf 89' lang='lat' dir='ltr'>et</span> <span class='ocrx_word' id='word_1_270' title='bbox 1029 657 1112 679; x_wconf 84' lang='lat' dir='ltr'>nova</span> <span class='ocrx_word' id='word_1_271' title='bbox 1141 644 1319 683; x_wconf 87' lang='lat' dir='ltr'>accendat,</span> <span class='ocrx_word' id='word_1_272' title='bbox 1349 643 1467 685; x_wconf 90' lang='lat' dir='ltr'>quibus</span> <span class='ocrx_word' id='word_1_273' title='bbox 1501 642 1710 676; x_wconf 84' lang='lat' dir='ltr'>christianam</span> 
     </span>
     <span class='ocr_line' id='line_1_57' title="bbox 975 695 1709 741; baseline -0.008 -8"><span class='ocrx_word' id='word_1_274' title='bbox 975 698 1208 741; x_wconf 82' lang='lat' dir='ltr'>rempublicam</span> <span class='ocrx_word' id='word_1_275' title='bbox 1225 697 1257 729; x_wconf 90' lang='lat' dir='ltr'>in</span> <span class='ocrx_word' id='word_1_276' title='bbox 1274 696 1413 728; x_wconf 88' lang='lat' dir='ltr'>maiores</span> <span class='ocrx_word' id='word_1_277' title='bbox 1431 695 1709 738; x_wconf 88' lang='lat' dir='ltr'>luctuosioresque</span> 
     </span>
     <span class='ocr_line' id='line_1_58' title="bbox 974 747 1709 792; baseline -0.005 -8"><span class='ocrx_word' id='word_1_278' title='bbox 974 751 1124 785; x_wconf 79' lang='lat' dir='ltr'>miserias</span> <span class='ocrx_word' id='word_1_279' title='bbox 1153 749 1368 792; x_wconf 88' lang='lat' dir='ltr'>praecipitet,</span> <span class='ocrx_word' id='word_1_280' title='bbox 1394 749 1557 790; x_wconf 88' lang='lat' dir='ltr'>latamque</span> <span class='ocrx_word' id='word_1_281' title='bbox 1595 747 1709 780; x_wconf 88' lang='lat' dir='ltr'>immiti</span> 
     </span>
     <span class='ocr_line' id='line_1_59' title="bbox 974 799 1710 841; baseline -0.01 -4"><span class='ocrx_word' id='word_1_282' title='bbox 974 803 1141 837; x_wconf 87' lang='lat' dir='ltr'>christiani</span> <span class='ocrx_word' id='word_1_283' title='bbox 1157 801 1297 835; x_wconf 92' lang='lat' dir='ltr'>nominis</span> <span class='ocrx_word' id='word_1_284' title='bbox 1317 800 1447 833; x_wconf 88' lang='lat' dir='ltr'>inimico</span> <span class='ocrx_word' id='word_1_285' title='bbox 1466 799 1643 831; x_wconf 80' lang='lat' dir='ltr'>Turcaruni</span> <span class='ocrx_word' id='word_1_286' title='bbox 1664 804 1710 841; x_wconf 73' lang='lat' dir='ltr'>ty-</span> 
     </span>
     <span class='ocr_line' id='line_1_60' title="bbox 974 850 1711 895; baseline -0.009 -6"><span class='ocrx_word' id='word_1_287' title='bbox 974 866 1076 889; x_wconf 89' lang='lat' dir='ltr'>ranno</span> <span class='ocrx_word' id='word_1_288' title='bbox 1094 855 1267 887; x_wconf 83' lang='lat' dir='ltr'>fenestram</span> <span class='ocrx_word' id='word_1_289' title='bbox 1285 853 1418 895; x_wconf 84' lang='lat' dir='ltr'>aperiat,</span> <span class='ocrx_word' id='word_1_290' title='bbox 1437 861 1496 894; x_wconf 87' lang='lat' dir='ltr'>per</span> <span class='ocrx_word' id='word_1_291' title='bbox 1513 861 1607 894; x_wconf 89' lang='lat' dir='ltr'>quam</span> <span class='ocrx_word' id='word_1_292' title='bbox 1625 850 1711 883; x_wconf 88' lang='lat' dir='ltr'>chri-</span> 
     </span>
     <span class='ocr_line' id='line_1_61' title="bbox 974 903 1710 945; baseline -0.011 -3"><span class='ocrx_word' id='word_1_293' title='bbox 974 908 1152 942; x_wconf 87' lang='lat' dir='ltr'>stianorum</span> <span class='ocrx_word' id='word_1_294' title='bbox 1174 905 1257 939; x_wconf 85' lang='lat' dir='ltr'>fines</span> <span class='ocrx_word' id='word_1_295' title='bbox 1286 903 1483 938; x_wconf 83' lang='lat' dir='ltr'>formidabili</span> <span class='ocrx_word' id='word_1_296' title='bbox 1508 905 1566 935; x_wconf 75' lang='lat' dir='ltr'>sua</span> <span class='ocrx_word' id='word_1_297' title='bbox 1593 908 1710 945; x_wconf 87' lang='lat' dir='ltr'>poten-</span> 
     </span>
     <span class='ocr_line' id='line_1_62' title="bbox 974 955 1711 1003; baseline -0.009 -9"><span class='ocrx_word' id='word_1_298' title='bbox 974 962 1017 995; x_wconf 76' lang='lat' dir='ltr'>tia</span> <span class='ocrx_word' id='word_1_299' title='bbox 1040 961 1232 1003; x_wconf 87' lang='lat' dir='ltr'>irrumpere,</span> <span class='ocrx_word' id='word_1_300' title='bbox 1261 967 1361 1000; x_wconf 81' lang='lat' dir='ltr'>regna</span> <span class='ocrx_word' id='word_1_301' title='bbox 1385 961 1416 990; x_wconf 90' lang='lat' dir='ltr'>et</span> <span class='ocrx_word' id='word_1_302' title='bbox 1440 955 1644 1000; x_wconf 80' lang='lat' dir='ltr'>provincias,</span> <span class='ocrx_word' id='word_1_303' title='bbox 1675 966 1711 988; x_wconf 87' lang='lat' dir='ltr'>ac</span> 
     </span>
     <span class='ocr_line' id='line_1_63' title="bbox 974 1007 1710 1058; baseline -0.01 -12"><span class='ocrx_word' id='word_1_304' title='bbox 974 1013 1175 1058; x_wconf 86' lang='lat' dir='ltr'>principatus</span> <span class='ocrx_word' id='word_1_305' title='bbox 1200 1016 1360 1050; x_wconf 86' lang='lat' dir='ltr'>evertere,</span> <span class='ocrx_word' id='word_1_306' title='bbox 1380 1019 1522 1052; x_wconf 79' lang='lat' dir='ltr'>suaeque</span> <span class='ocrx_word' id='word_1_307' title='bbox 1547 1007 1710 1051; x_wconf 73' lang='lat' dir='ltr'>tyrannidi</span> 
     </span>
     <span class='ocr_line' id='line_1_64' title="bbox 975 1061 1710 1110; baseline -0.011 -10"><span class='ocrx_word' id='word_1_308' title='bbox 975 1067 1160 1110; x_wconf 83' lang='lat' dir='ltr'>adiungere,</span> <span class='ocrx_word' id='word_1_309' title='bbox 1178 1075 1214 1098; x_wconf 87' lang='lat' dir='ltr'>ac</span> <span class='ocrx_word' id='word_1_310' title='bbox 1231 1064 1385 1108; x_wconf 83' lang='lat' dir='ltr'>perfidiae</span> <span class='ocrx_word' id='word_1_311' title='bbox 1403 1072 1477 1095; x_wconf 87' lang='lat' dir='ltr'>suae</span> <span class='ocrx_word' id='word_1_312' title='bbox 1494 1061 1710 1095; x_wconf 83' lang='lat' dir='ltr'>abominatio-</span> 
     </span>
     <span class='ocr_line' id='line_1_65' title="bbox 976 1116 1712 1158; baseline -0.01 -5"><span class='ocrx_word' id='word_1_313' title='bbox 976 1131 1050 1153; x_wconf 88' lang='lat' dir='ltr'>nem</span> <span class='ocrx_word' id='word_1_314' title='bbox 1072 1120 1105 1153; x_wconf 90' lang='lat' dir='ltr'>in</span> <span class='ocrx_word' id='word_1_315' title='bbox 1128 1118 1268 1152; x_wconf 78' lang='lat' dir='ltr'>Ecclesia</span> <span class='ocrx_word' id='word_1_316' title='bbox 1284 1117 1341 1150; x_wconf 91' lang='lat' dir='ltr'>Dei</span> <span class='ocrx_word' id='word_1_317' title='bbox 1359 1116 1492 1149; x_wconf 88' lang='lat' dir='ltr'>viventis</span> <span class='ocrx_word' id='word_1_318' title='bbox 1513 1116 1659 1158; x_wconf 85' lang='lat' dir='ltr'>plantare</span> <span class='ocrx_word' id='word_1_319' title='bbox 1679 1118 1712 1147; x_wconf 88' lang='lat' dir='ltr'>et</span> 
     </span>
     <span class='ocr_line' id='line_1_66' title="bbox 976 1168 1710 1215; baseline -0.01 -9"><span class='ocrx_word' id='word_1_320' title='bbox 976 1173 1069 1206; x_wconf 88' lang='lat' dir='ltr'>latius</span> <span class='ocrx_word' id='word_1_321' title='bbox 1082 1181 1260 1215; x_wconf 79' lang='lat' dir='ltr'>propagare</span> <span class='ocrx_word' id='word_1_322' title='bbox 1275 1170 1438 1203; x_wconf 87' lang='lat' dir='ltr'>moliatur.</span> <span class='ocrx_word' id='word_1_323' title='bbox 1453 1169 1490 1200; x_wconf 90' lang='lat' dir='ltr'>Et</span> <span class='ocrx_word' id='word_1_324' title='bbox 1504 1179 1563 1200; x_wconf 92' lang='lat' dir='ltr'>nos</span> <span class='ocrx_word' id='word_1_325' title='bbox 1580 1168 1710 1210; x_wconf 87' lang='lat' dir='ltr'>quidem</span> 
     </span>
     <span class='ocr_line' id='line_1_67' title="bbox 976 1220 1710 1269; baseline -0.008 -12"><span class='ocrx_word' id='word_1_326' title='bbox 976 1225 1109 1269; x_wconf 89' lang='lat' dir='ltr'>privatis</span> <span class='ocrx_word' id='word_1_327' title='bbox 1140 1223 1260 1256; x_wconf 91' lang='lat' dir='ltr'>nostris</span> <span class='ocrx_word' id='word_1_328' title='bbox 1296 1221 1482 1260; x_wconf 79' lang='lat' dir='ltr'>sacrificiis,</span> <span class='ocrx_word' id='word_1_329' title='bbox 1514 1220 1710 1262; x_wconf 83' lang='lat' dir='ltr'>indictisquc</span> 
     </span>
     <span class='ocr_line' id='line_1_68' title="bbox 977 1272 1712 1320; baseline -0.008 -10"><span class='ocrx_word' id='word_1_330' title='bbox 977 1277 1072 1311; x_wconf 89' lang='lat' dir='ltr'>etiam</span> <span class='ocrx_word' id='word_1_331' title='bbox 1090 1275 1218 1320; x_wconf 89' lang='lat' dir='ltr'>publice</span> <span class='ocrx_word' id='word_1_332' title='bbox 1233 1274 1397 1318; x_wconf 48' lang='lat' dir='ltr'>precibus</span> <span class='ocrx_word' id='word_1_333' title='bbox 1416 1283 1474 1316; x_wconf 91' lang='lat' dir='ltr'>pro</span> <span class='ocrx_word' id='word_1_334' title='bbox 1490 1272 1634 1306; x_wconf 87' lang='lat' dir='ltr'>muneris</span> <span class='ocrx_word' id='word_1_335' title='bbox 1652 1282 1712 1304; x_wconf 92' lang='lat' dir='ltr'>no-</span> 
     </span>
     <span class='ocr_line' id='line_1_69' title="bbox 975 1325 1722 1369; baseline -0.008 -7"><span class='ocrx_word' id='word_1_336' title='bbox 975 1330 1030 1363; x_wconf 90' lang='lat' dir='ltr'>stri</span> <span class='ocrx_word' id='word_1_337' title='bbox 1056 1328 1181 1362; x_wconf 88' lang='lat' dir='ltr'>ratione</span> <span class='ocrx_word' id='word_1_338' title='bbox 1213 1328 1366 1361; x_wconf 87' lang='lat' dir='ltr'>adversus</span> <span class='ocrx_word' id='word_1_339' title='bbox 1398 1325 1584 1369; x_wconf 87' lang='lat' dir='ltr'>praesentia</span> <span class='ocrx_word' id='word_1_340' title='bbox 1608 1325 1695 1357; x_wconf 90' lang='lat' dir='ltr'>immi</span> <span class='ocrx_word' id='word_1_341' title='bbox 1712 1343 1722 1347; x_wconf 66' lang='lat'>&gt;</span> 
     </span>
     <span class='ocr_line' id='line_1_70' title="bbox 976 1378 1713 1425; baseline -0.011 -9"><span class='ocrx_word' id='word_1_342' title='bbox 976 1383 1151 1425; x_wconf 89' lang='lat' dir='ltr'>nentiaque</span> <span class='ocrx_word' id='word_1_343' title='bbox 1175 1381 1261 1414; x_wconf 89' lang='lat' dir='ltr'>mala</span> <span class='ocrx_word' id='word_1_344' title='bbox 1284 1379 1465 1413; x_wconf 89' lang='lat' dir='ltr'>remedium</span> <span class='ocrx_word' id='word_1_345' title='bbox 1490 1389 1507 1410; x_wconf 89' lang='lat' dir='ltr'>a</span> <span class='ocrx_word' id='word_1_346' title='bbox 1523 1378 1590 1410; x_wconf 90' lang='lat' dir='ltr'>Deo</span> <span class='ocrx_word' id='word_1_347' title='bbox 1616 1387 1713 1420; x_wconf 68' lang='lat' dir='ltr'>qua(-</span> 
     </span>
     <span class='ocr_line' id='line_1_71' title="bbox 975 1430 1712 1473; baseline -0.008 -5"><span class='ocrx_word' id='word_1_348' title='bbox 975 1447 1047 1470; x_wconf 89' lang='lat' dir='ltr'>rere</span> <span class='ocrx_word' id='word_1_349' title='bbox 1082 1445 1148 1468; x_wconf 90' lang='lat' dir='ltr'>non</span> <span class='ocrx_word' id='word_1_350' title='bbox 1182 1434 1383 1473; x_wconf 61' lang='lat' dir='ltr'>destitimus,</span> <span class='ocrx_word' id='word_1_351' title='bbox 1409 1432 1467 1464; x_wconf 89' lang='lat' dir='ltr'>sed</span> <span class='ocrx_word' id='word_1_352' title='bbox 1501 1431 1582 1465; x_wconf 90' lang='lat' dir='ltr'>illud</span> <span class='ocrx_word' id='word_1_353' title='bbox 1614 1430 1712 1471; x_wconf 52' lang='lat' dir='ltr'>longe</span> 
     </span>
     <span class='ocr_line' id='line_1_72' title="bbox 976 1483 1713 1531; baseline -0.011 -9"><span class='ocrx_word' id='word_1_354' title='bbox 976 1489 1137 1522; x_wconf 85' lang='lat' dir='ltr'>efficacius</span> <span class='ocrx_word' id='word_1_355' title='bbox 1161 1486 1405 1531; x_wconf 84' lang='lat' dir='ltr'>promptiusque</span> <span class='ocrx_word' id='word_1_356' title='bbox 1424 1483 1577 1527; x_wconf 86' lang='lat' dir='ltr'>consequi</span> <span class='ocrx_word' id='word_1_357' title='bbox 1603 1493 1713 1526; x_wconf 85' lang='lat' dir='ltr'>spera-</span> 
     </span>
     <span class='ocr_line' id='line_1_73' title="bbox 976 1536 1714 1584; baseline -0.009 -9"><span class='ocrx_word' id='word_1_358' title='bbox 976 1553 1055 1582; x_wconf 87' lang='lat' dir='ltr'>mus,</span> <span class='ocrx_word' id='word_1_359' title='bbox 1077 1542 1102 1574; x_wconf 90' lang='lat' dir='ltr'>si</span> <span class='ocrx_word' id='word_1_360' title='bbox 1124 1542 1163 1574; x_wconf 85' lang='lat' dir='ltr'>ad</span> <span class='ocrx_word' id='word_1_361' title='bbox 1187 1540 1328 1584; x_wconf 87' lang='lat' dir='ltr'>privatas</span> <span class='ocrx_word' id='word_1_362' title='bbox 1352 1543 1478 1571; x_wconf 84' lang='lat' dir='ltr'>nostras</span> <span class='ocrx_word' id='word_1_363' title='bbox 1505 1537 1600 1570; x_wconf 88' lang='lat' dir='ltr'>totius</span> <span class='ocrx_word' id='word_1_364' title='bbox 1629 1536 1714 1569; x_wconf 83' lang='lat' dir='ltr'>cliri-</span> 
     </span>
     <span class='ocr_line' id='line_1_74' title="bbox 977 1589 1713 1637; baseline -0.01 -10"><span class='ocrx_word' id='word_1_365' title='bbox 977 1594 1074 1627; x_wconf 87' lang='lat' dir='ltr'>stiani</span> <span class='ocrx_word' id='word_1_366' title='bbox 1108 1593 1220 1637; x_wconf 90' lang='lat' dir='ltr'>populi</span> <span class='ocrx_word' id='word_1_367' title='bbox 1251 1591 1511 1630; x_wconf 85' lang='lat' dir='ltr'>obsecrationes,</span> <span class='ocrx_word' id='word_1_368' title='bbox 1548 1589 1713 1622; x_wconf 78' lang='lat' dir='ltr'>orationes</span> 
     </span>
     <span class='ocr_line' id='line_1_75' title="bbox 977 1642 1712 1691; baseline -0.01 -11"><span class='ocrx_word' id='word_1_369' title='bbox 977 1653 1071 1691; x_wconf 89' lang='lat' dir='ltr'>atque</span> <span class='ocrx_word' id='word_1_370' title='bbox 1086 1645 1331 1690; x_wconf 88' lang='lat' dir='ltr'>deprecationes</span> <span class='ocrx_word' id='word_1_371' title='bbox 1346 1644 1575 1686; x_wconf 77' lang='lat' dir='ltr'>adiungantur.</span> <span class='ocrx_word' id='word_1_372' title='bbox 1593 1642 1712 1675; x_wconf 86' lang='lat' dir='ltr'>Potens</span> 
     </span>
     <span class='ocr_line' id='line_1_76' title="bbox 977 1694 1713 1739; baseline -0.01 -6"><span class='ocrx_word' id='word_1_373' title='bbox 977 1706 1027 1733; x_wconf 91' lang='lat' dir='ltr'>est</span> <span class='ocrx_word' id='word_1_374' title='bbox 1056 1700 1143 1733; x_wconf 91' lang='lat' dir='ltr'>enim</span> <span class='ocrx_word' id='word_1_375' title='bbox 1174 1698 1278 1732; x_wconf 86' lang='lat' dir='ltr'>oratio</span> <span class='ocrx_word' id='word_1_376' title='bbox 1309 1697 1471 1731; x_wconf 86' lang='lat' dir='ltr'>Ecclesiae</span> <span class='ocrx_word' id='word_1_377' title='bbox 1502 1694 1713 1739; x_wconf 86' lang='lat' dir='ltr'>supplicantis</span> 
     </span>
     <span class='ocr_line' id='line_1_77' title="bbox 977 1748 1713 1795; baseline -0.008 -9"><span class='ocrx_word' id='word_1_378' title='bbox 977 1754 1016 1787; x_wconf 90' lang='lat' dir='ltr'>ad</span> <span class='ocrx_word' id='word_1_379' title='bbox 1033 1753 1214 1792; x_wconf 86' lang='lat' dir='ltr'>Dominum,</span> <span class='ocrx_word' id='word_1_380' title='bbox 1232 1751 1287 1795; x_wconf 90' lang='lat' dir='ltr'>qui</span> <span class='ocrx_word' id='word_1_381' title='bbox 1309 1751 1380 1794; x_wconf 89' lang='lat' dir='ltr'>pius</span> <span class='ocrx_word' id='word_1_382' title='bbox 1399 1754 1449 1783; x_wconf 89' lang='lat' dir='ltr'>est</span> <span class='ocrx_word' id='word_1_383' title='bbox 1468 1754 1500 1782; x_wconf 83' lang='lat' dir='ltr'>et</span> <span class='ocrx_word' id='word_1_384' title='bbox 1515 1748 1713 1789; x_wconf 77' lang='lat' dir='ltr'>misericors,</span> 
     </span>
     <span class='ocr_line' id='line_1_78' title="bbox 977 1802 1715 1849; baseline -0.008 -10"><span class='ocrx_word' id='word_1_385' title='bbox 977 1812 1008 1839; x_wconf 89' lang='lat' dir='ltr'>et</span> <span class='ocrx_word' id='word_1_386' title='bbox 1031 1806 1226 1849; x_wconf 86' lang='lat' dir='ltr'>propitiatur</span> <span class='ocrx_word' id='word_1_387' title='bbox 1256 1803 1480 1836; x_wconf 86' lang='lat' dir='ltr'>invocantibus</span> <span class='ocrx_word' id='word_1_388' title='bbox 1506 1813 1579 1835; x_wconf 87' lang='lat' dir='ltr'>eum</span> <span class='ocrx_word' id='word_1_389' title='bbox 1603 1802 1636 1834; x_wconf 92' lang='lat' dir='ltr'>in</span> <span class='ocrx_word' id='word_1_390' title='bbox 1660 1811 1715 1833; x_wconf 89' lang='lat' dir='ltr'>ve—</span> 
     </span>
     <span class='ocr_line' id='line_1_79' title="bbox 976 1855 1714 1900; baseline -0.007 -8"><span class='ocrx_word' id='word_1_391' title='bbox 976 1860 1081 1892; x_wconf 87' lang='lat' dir='ltr'>ritate.</span> <span class='ocrx_word' id='word_1_392' title='bbox 1109 1859 1271 1892; x_wconf 82' lang='lat' dir='ltr'>Adeamus</span> <span class='ocrx_word' id='word_1_393' title='bbox 1304 1858 1409 1900; x_wconf 88' lang='lat' dir='ltr'>itaque</span> <span class='ocrx_word' id='word_1_394' title='bbox 1439 1867 1511 1889; x_wconf 87' lang='lat' dir='ltr'>cum</span> <span class='ocrx_word' id='word_1_395' title='bbox 1534 1855 1650 1888; x_wconf 78' lang='lat' dir='ltr'>fiducia</span> <span class='ocrx_word' id='word_1_396' title='bbox 1674 1855 1714 1888; x_wconf 86' lang='lat' dir='ltr'>ad</span> 
     </span>
     <span class='ocr_line' id='line_1_80' title="bbox 977 1909 1714 1954; baseline -0.007 -9"><span class='ocrx_word' id='word_1_397' title='bbox 977 1914 1131 1945; x_wconf 87' lang='lat' dir='ltr'>thronum</span> <span class='ocrx_word' id='word_1_398' title='bbox 1156 1910 1299 1954; x_wconf 83' lang='lat' dir='ltr'>gratiae,</span> <span class='ocrx_word' id='word_1_399' title='bbox 1325 1910 1508 1942; x_wconf 85' lang='lat' dir='ltr'>scindamus</span> <span class='ocrx_word' id='word_1_400' title='bbox 1533 1909 1631 1941; x_wconf 87' lang='lat' dir='ltr'>corda</span> <span class='ocrx_word' id='word_1_401' title='bbox 1656 1918 1714 1940; x_wconf 93' lang='lat' dir='ltr'>no-</span> 
     </span>
     <span class='ocr_line' id='line_1_81' title="bbox 977 1960 1714 2007; baseline -0.004 -10"><span class='ocrx_word' id='word_1_402' title='bbox 977 1971 1051 2005; x_wconf 86' lang='lat' dir='ltr'>stra,</span> <span class='ocrx_word' id='word_1_403' title='bbox 1071 1970 1102 1997; x_wconf 91' lang='lat' dir='ltr'>et</span> <span class='ocrx_word' id='word_1_404' title='bbox 1118 1963 1253 2007; x_wconf 85' lang='lat' dir='ltr'>expiatis</span> <span class='ocrx_word' id='word_1_405' title='bbox 1270 1973 1329 2006; x_wconf 88' lang='lat' dir='ltr'>per</span> <span class='ocrx_word' id='word_1_406' title='bbox 1350 1972 1457 1995; x_wconf 87' lang='lat' dir='ltr'>veram</span> <span class='ocrx_word' id='word_1_407' title='bbox 1475 1960 1714 2004; x_wconf 87' lang='lat' dir='ltr'>poenitentiam</span> 
     </span>
     <span class='ocr_line' id='line_1_82' title="bbox 975 2014 1716 2062; baseline -0.008 -11"><span class='ocrx_word' id='word_1_408' title='bbox 975 2018 1125 2062; x_wconf 87' lang='lat' dir='ltr'>peccatis,</span> <span class='ocrx_word' id='word_1_409' title='bbox 1145 2027 1227 2060; x_wconf 88' lang='lat' dir='ltr'>quae</span> <span class='ocrx_word' id='word_1_410' title='bbox 1245 2017 1313 2049; x_wconf 88' lang='lat' dir='ltr'>sola</span> <span class='ocrx_word' id='word_1_411' title='bbox 1336 2016 1421 2048; x_wconf 89' lang='lat' dir='ltr'>inter</span> <span class='ocrx_word' id='word_1_412' title='bbox 1444 2015 1546 2047; x_wconf 90' lang='lat' dir='ltr'>Deum</span> <span class='ocrx_word' id='word_1_413' title='bbox 1567 2014 1716 2047; x_wconf 90' lang='lat' dir='ltr'>ethomi-</span> 
     </span>
     <span class='ocr_line' id='line_1_83' title="bbox 976 2067 1715 2113; baseline -0.005 -10"><span class='ocrx_word' id='word_1_414' title='bbox 976 2081 1033 2103; x_wconf 90' lang='lat' dir='ltr'>nes</span> <span class='ocrx_word' id='word_1_415' title='bbox 1065 2074 1243 2113; x_wconf 82' lang='lat' dir='ltr'>separant,</span> <span class='ocrx_word' id='word_1_416' title='bbox 1280 2068 1419 2101; x_wconf 89' lang='lat' dir='ltr'>divinam</span> <span class='ocrx_word' id='word_1_417' title='bbox 1456 2067 1715 2110; x_wconf 78' lang='lat' dir='ltr'>indignationem</span> 
     </span>
     <span class='ocr_line' id='line_1_84' title="bbox 975 2119 1712 2166; baseline -0.005 -10"><span class='ocrx_word' id='word_1_418' title='bbox 975 2125 1113 2166; x_wconf 89' lang='lat' dir='ltr'>placare,</span> <span class='ocrx_word' id='word_1_419' title='bbox 1132 2121 1326 2164; x_wconf 87' lang='lat' dir='ltr'>ieiuniisque</span> <span class='ocrx_word' id='word_1_420' title='bbox 1345 2125 1376 2154; x_wconf 89' lang='lat' dir='ltr'>et</span> <span class='ocrx_word' id='word_1_421' title='bbox 1393 2119 1609 2163; x_wconf 72' lang='lat' dir='ltr'>eleemosynis</span> <span class='ocrx_word' id='word_1_422' title='bbox 1628 2120 1712 2152; x_wconf 90' lang='lat' dir='ltr'>vires</span> 
     </span>
     <span class='ocr_line' id='line_1_85' title="bbox 976 2172 1715 2216; baseline -0.007 -7"><span class='ocrx_word' id='word_1_423' title='bbox 976 2176 1132 2209; x_wconf 88' lang='lat' dir='ltr'>orationis</span> <span class='ocrx_word' id='word_1_424' title='bbox 1157 2174 1338 2213; x_wconf 88' lang='lat' dir='ltr'>intendere,</span> <span class='ocrx_word' id='word_1_425' title='bbox 1358 2179 1390 2205; x_wconf 88' lang='lat' dir='ltr'>et</span> <span class='ocrx_word' id='word_1_426' title='bbox 1414 2172 1644 2216; x_wconf 84' lang='lat' dir='ltr'>praestabilem</span> <span class='ocrx_word' id='word_1_427' title='bbox 1662 2182 1715 2205; x_wconf 90' lang='lat' dir='ltr'>su-</span> 
     </span>
     <span class='ocr_line' id='line_1_86' title="bbox 977 2226 1716 2273; baseline -0.004 -10"><span class='ocrx_word' id='word_1_428' title='bbox 977 2240 1037 2273; x_wconf 88' lang='lat' dir='ltr'>per</span> <span class='ocrx_word' id='word_1_429' title='bbox 1065 2228 1237 2262; x_wconf 89' lang='lat' dir='ltr'>hominum</span> <span class='ocrx_word' id='word_1_430' title='bbox 1269 2226 1394 2260; x_wconf 77' lang='lat' dir='ltr'>malitia</span> <span class='ocrx_word' id='word_1_431' title='bbox 1424 2226 1480 2259; x_wconf 88' lang='lat' dir='ltr'>Dei</span> <span class='ocrx_word' id='word_1_432' title='bbox 1511 2226 1716 2260; x_wconf 86' lang='lat' dir='ltr'>clementiam</span> 
     </span>
     <span class='ocr_line' id='line_1_87' title="bbox 977 2278 1716 2319; baseline -0.004 -4"><span class='ocrx_word' id='word_1_433' title='bbox 977 2280 1194 2315; x_wconf 89' lang='lat' dir='ltr'>concordibus</span> <span class='ocrx_word' id='word_1_434' title='bbox 1212 2278 1294 2312; x_wconf 91' lang='lat' dir='ltr'>votis</span> <span class='ocrx_word' id='word_1_435' title='bbox 1308 2288 1442 2312; x_wconf 82' lang='lat' dir='ltr'>exorare</span> <span class='ocrx_word' id='word_1_436' title='bbox 1457 2278 1644 2311; x_wconf 87' lang='lat' dir='ltr'>studeamus</span> <span class='ocrx_word' id='word_1_437' title='bbox 1658 2289 1665 2319; x_wconf 86' lang='lat'>;</span> <span class='ocrx_word' id='word_1_438' title='bbox 1680 2283 1716 2312; x_wconf 86' lang='lat' dir='ltr'>ut</span> 
     </span>
     <span class='ocr_line' id='line_1_88' title="bbox 977 2331 1713 2376; baseline -0.007 -8"><span class='ocrx_word' id='word_1_439' title='bbox 977 2333 1228 2376; x_wconf 83' lang='lat' dir='ltr'>benignissimus</span> <span class='ocrx_word' id='word_1_440' title='bbox 1249 2331 1403 2365; x_wconf 89' lang='lat' dir='ltr'>Dominus</span> <span class='ocrx_word' id='word_1_441' title='bbox 1429 2336 1461 2364; x_wconf 91' lang='lat' dir='ltr'>et</span> <span class='ocrx_word' id='word_1_442' title='bbox 1484 2331 1567 2365; x_wconf 88' lang='lat' dir='ltr'>Deus</span> <span class='ocrx_word' id='word_1_443' title='bbox 1593 2336 1713 2372; x_wconf 86' lang='lat' dir='ltr'>noster,</span> 
     </span>
     <span class='ocr_line' id='line_1_89' title="bbox 978 2383 1717 2428; baseline -0.007 -7"><span class='ocrx_word' id='word_1_444' title='bbox 978 2387 1069 2421; x_wconf 88' lang='lat' dir='ltr'>cuius</span> <span class='ocrx_word' id='word_1_445' title='bbox 1100 2385 1324 2419; x_wconf 88' lang='lat' dir='ltr'>misericordia</span> <span class='ocrx_word' id='word_1_446' title='bbox 1355 2395 1453 2428; x_wconf 87' lang='lat' dir='ltr'>super</span> <span class='ocrx_word' id='word_1_447' title='bbox 1484 2383 1592 2417; x_wconf 91' lang='lat' dir='ltr'>omnia</span> <span class='ocrx_word' id='word_1_448' title='bbox 1617 2394 1717 2428; x_wconf 87' lang='lat' dir='ltr'>opera</span> 
     </span>
     <span class='ocr_line' id='line_1_90' title="bbox 979 2437 1716 2480; baseline -0.005 -7"><span class='ocrx_word' id='word_1_449' title='bbox 979 2440 1058 2480; x_wconf 88' lang='lat' dir='ltr'>eius,</span> <span class='ocrx_word' id='word_1_450' title='bbox 1075 2439 1224 2473; x_wconf 85' lang='lat' dir='ltr'>cordium</span> <span class='ocrx_word' id='word_1_451' title='bbox 1241 2437 1456 2472; x_wconf 88' lang='lat' dir='ltr'>contritorum</span> <span class='ocrx_word' id='word_1_452' title='bbox 1474 2437 1665 2471; x_wconf 87' lang='lat' dir='ltr'>holocausta</span> <span class='ocrx_word' id='word_1_453' title='bbox 1682 2437 1716 2469; x_wconf 89' lang='lat' dir='ltr'>in</span> 
     </span>
    </p>
   </div>
   <div class='ocr_carea' id='block_1_14' title="bbox 950 2490 1715 2534">
    <p class='ocr_par' dir='ltr' id='par_1_16' title="bbox 950 2490 1715 2534">
     <span class='ocr_line' id='line_1_91' title="bbox 950 2490 1715 2534; baseline -0.008 -7"><span class='ocrx_word' id='word_1_454' title='bbox 950 2509 955 2512; x_wconf 91' lang='lat'>·</span> <span class='ocrx_word' id='word_1_455' title='bbox 979 2493 1113 2527; x_wconf 89' lang='lat' dir='ltr'>odorem</span> <span class='ocrx_word' id='word_1_456' title='bbox 1138 2491 1302 2525; x_wconf 85' lang='lat' dir='ltr'>suavitatis</span> <span class='ocrx_word' id='word_1_457' title='bbox 1328 2491 1510 2534; x_wconf 85' lang='lat' dir='ltr'>accipiens,</span> <span class='ocrx_word' id='word_1_458' title='bbox 1538 2490 1715 2523; x_wconf 86' lang='lat' dir='ltr'>Ecclesiam</span> 
     </span>
    </p>
   </div>
   <div class='ocr_carea' id='block_1_15' title="bbox 980 2543 1726 2580">
    <p class='ocr_par' dir='ltr' id='par_1_17' title="bbox 980 2543 1726 2580">
     <span class='ocr_line' id='line_1_92' title="bbox 980 2543 1726 2580; baseline -0.005 0"><span class='ocrx_word' id='word_1_459' title='bbox 980 2556 1072 2580; x_wconf 88' lang='lat' dir='ltr'>suam</span> <span class='ocrx_word' id='word_1_460' title='bbox 1096 2549 1243 2579; x_wconf 83' lang='lat' dir='ltr'>sanctam</span> <span class='ocrx_word' id='word_1_461' title='bbox 1268 2544 1306 2578; x_wconf 87' lang='lat' dir='ltr'>ab</span> <span class='ocrx_word' id='word_1_462' title='bbox 1331 2544 1511 2578; x_wconf 81' lang='lat' dir='ltr'>infidelium</span> <span class='ocrx_word' id='word_1_463' title='bbox 1539 2554 1576 2577; x_wconf 88' lang='lat' dir='ltr'>ac</span> <span class='ocrx_word' id='word_1_464' title='bbox 1599 2543 1726 2577; x_wconf 65' lang='lat' dir='ltr'>haere-0</span> 
     </span>
    </p>
   </div>
   <div class='ocr_carea' id='block_1_16' title="bbox 1606 162 1896 198">
    <p class='ocr_par' dir='ltr' id='par_1_18' title="bbox 1606 162 1896 198">
     <span class='ocr_line' id='line_1_93' title="bbox 1606 162 1896 198; baseline 0.003 -2"><span class='ocrx_word' id='word_1_465' title='bbox 1606 162 1670 196; x_wconf 74' lang='lat'>417</span> <span class='ocrx_word' id='word_1_466' title='bbox 1716 171 1766 198; x_wconf 77' lang='lat' dir='ltr'>An.</span> <span class='ocrx_word' id='word_1_467' title='bbox 1783 169 1810 197; x_wconf 85' lang='lat' dir='ltr'>c.</span> <span class='ocrx_word' id='word_1_468' title='bbox 1835 169 1896 197; x_wconf 60' lang='lat' dir='ltr'>iret</span> 
     </span>
    </p>
   </div>
  </div>
 </body>
</html>
