2111 3157
782 151 881 175 INDEX
906 151 1108 176 RUBRICARUM

189 200 252 233 XII.
280 200 500 233 Conceduntur
517 202 690 244 privilegia,
716 203 929 246 exemptiones

279 257 309 285 et
332 253 452 285 indulta
476 253 514 285 ab
543 254 726 287 Innocentio
751 255 786 286 XI
812 255 930 298 dapife-

276 306 331 346 ris,
351 305 405 348 qui
430 305 462 338 in
486 306 626 339 conclavi
647 317 722 339 suae
745 308 930 350 assumptio-

275 358 323 390 nis
357 358 386 391 S.
412 358 447 391 R.
474 358 506 391 E.
533 358 744 391 cardinalibus
780 359 929 393 inservie-

277 416 360 451 runt,
384 410 436 443 34.

187 463 264 496 XIII.
292 463 502 496 Confirmatur
520 464 616 496 Breve.
632 464 777 506 Gregorii
794 465 854 504 XV,
868 465 928 497 iam

275 516 314 548 ab
339 516 464 550 Urbano
490 517 574 556 VIII,
603 517 762 550 Clemente
787 518 825 550 XI
851 521 880 551 et
904 518 929 550 X

276 568 521 609 confirmatum,
542 580 604 612 quo
629 579 778 602 concessa
803 570 929 602 suerunt

276 622 423 664 hospitali
456 622 488 654 B.
517 622 630 654 Mariae
660 622 928 654 Theutonicorum

274 674 438 717 privilegia
463 674 624 717 hospitalis
649 674 679 707 S.
709 675 831 708 loannis
856 675 927 707 Ilie-

275 727 503 770 rosolymssani,
527 726 579 759 37.

189 779 263 812 XIV.
289 779 470 812 Declaratur
502 779 539 811 ad
573 780 685 813 fratres
711 781 845 813 Minores
871 781 929 812 Re-

274 832 425 865 formatos
443 843 505 865 non
525 833 684 876 pertinere
701 834 837 874 legatum
858 834 930 865 Are-

277 884 393 916 latense
427 885 575 918 fratribus
603 885 775 918 Minoribus
800 885 837 917 de
862 884 925 917 Ob-

274 937 429 970 servantia
454 937 658 981 adscriptum⁷
682 938 734 970 39.

275 989 365 1021 Iustis
390 991 500 1033 poenis
524 991 733 1023 subiiciuntur
758 996 930 1034 utcumque

275 1042 503 1085 surripientes,
528 1044 610 1086 apud
641 1053 674 1076 se
706 1044 876 1076 retinentes
901 1048 931 1075 et

275 1095 337 1127 alid
363 1097 586 1128 transferentes
611 1096 744 1129 hostiam
764 1097 810 1128 vel
837 1096 931 1138 parti-

277 1148 379 1180 culam
406 1155 633 1189 consecratam,
661 1149 713 1181 lrt.

292 1200 505 1234 Committitur
539 1202 689 1245 episcopo
720 1202 930 1234 Alexandrino

275 1264 368 1287 causa
393 1255 475 1286 inter
499 1255 674 1298 principem
693 1255 859 1287 Messerani
878 1255 931 1288 Se-

276 1306 323 1338 dis
348 1307 544 1350 Apostolicae
569 1307 776 1339 feudatarium
794 1312 823 1339 et
844 1317 930 1339 com-

276 1359 443 1391 munitates
467 1360 540 1392 dicti
567 1360 625 1393 loci
652 1360 837 1399 Messerani,
862 1360 931 1392 Cre-

277 1412 405 1453 racorii,
432 1418 505 1453 cto,
530 1412 582 1450 43.

190 1463 278 1497 XVII.
304 1464 516 1498 Conlii‘matur
533 1466 695 1498 decretum
721 1465 855 1498 ministri
882 1475 931 1507 ge-

275 1518 390 1550 neralis
414 1523 444 1550 et
469 1519 678 1551 commissarii
700 1518 859 1550 lndiarum
879 1517 931 1550 Or-

276 1570 357 1603 dinis
382 1571 514 1603 fratrum
536 1572 690 1604 Minorum
717 1571 813 1604 sancti
839 1571 931 1603 Frau-

277 1623 350 1656 cisei
375 1624 413 1656 de
437 1624 641 1657 Observantia
678 1624 927 1667 compromissa-

277 1676 408 1717 riorum‚
426 1687 489 1719 quo
507 1677 643 1710 stabilita
668 1677 725 1709 suit
750 1677 931 1710 alternatim

276 1728 467 1762 electionum
505 1730 533 1761 in
570 1730 741 1772 provinciis
772 1729 930 1762 Indiarum

277 1781 534 1822 Occidentalium‚
559 1782 612 1814 44.

191 1834 294 1867 XVIII.
307 1835 501 1868 Permittitur
514 1835 675 1878 prioribus
694 1834 846 1867 localibus
857 1834 932 1867 Con-

279 1887 472 1929 gregationis
492 1888 695 1920 eremitarum
717 1887 933 1919 Camaldulen-

277 1940 357 1972 sium
383 1939 642 1979 illontiscoronae,
660 1946 702 1980 ut,
721 1939 933 1972 consentiente

278 1992 375 2024 eremi
402 1992 559 2036 capitulo⁷
585 2003 640 2035 per
673 2003 705 2025 se
730 1993 848 2025 valeant
875 1992 933 2026 sibi

279 2045 411 2078 subditis
429 2045 570 2078 eremitis
586 2045 660 2078 dare
686 2046 844 2078 licentiam
864 2058 934 2089 per-

278 2098 425 2130 noctandi
446 2104 533 2131 extra
550 2109 675 2131 eremos
701 2099 781 2131 intra
799 2099 932 2142 spatium

278 2151 506 2194 quinquaginta
532 2151 725 2191 milliarium,
751 2151 802 2183 siti.

191 2203 268 2237 XIX.
294 2204 433 2246 Erigitur
450 2205 689 2237 confraternitas
703 2205 803 2237 almae
817 2205 933 2237 Domus

277 2258 469 2290 Lauretanae
506 2258 641 2290 nationis
678 2258 863 2290 Picenoruin
894 2258 931 2289 de

278 2310 361 2343 Urbe
379 2311 408 2343 in
427 2311 820 2351 arcliiconfraternitatcm,
841 2311 931 2353 eique

279 2363 462 2396 conceditur
483 2364 612 2396 facultas
629 2364 667 2395 ad
688 2374 720 2395 se
737 2363 929 2406 aggregandi

280 2416 354 2447 alias
379 2416 517 2448 eiusdem
544 2416 675 2448 instituti
697 2416 930 2448 confraternita-

278 2474 334 2507 tes,
356 2479 411 2500 ncc
428 2479 488 2500 non
507 2469 554 2500 liis
577 2469 774 2511 impartiendi
797 2479 866 2500 suas
885 2469 929 2500 in>

279 2521 465 2563 dulgentias,
490 2522 540 2554 50.

188 989 248 1022 XV.

187 1199 262 1232 XVI.

1616 146 1680 177 92³7

982 203 1042 236 XX.
1069 203 1271 236 Reducuntur
1287 203 1325 235 ad
1341 203 1499 246 antiquam
1518 204 1650 236 sormam
1668 206 1725 238 im-

1072 257 1238 288 munitates
1252 267 1307 289 seu
1323 256 1508 289 franchitiae
1525 257 1721 298 gabellarum

1071 309 1101 340 in
1126 308 1249 342 doliana
1276 308 1379 349 Urbis,
1404 308 1455 346 502,

981 361 1059 394 XXI.
1081 361 1330 394 Dismembratur
1355 361 1505 404 oppidum
1523 362 1552 394 S.
1575 362 1724 394 Ludoviei

1070 413 1108 444 de
1133 414 1322 455 Maragnano
1339 424 1356 445 a
1373 413 1507 446 dioecesi
1534 414 1724 454 Brasiliensi,

1070 471 1100 498 et
1124 466 1231 498 civitas
1268 476 1334 498 esse
1366 466 1569 507 decernitur,
1595 466 1725 509 eiusque

1070 518 1212 557 ecclesia,
1238 519 1367 550 Nostrae
1394 519 1545 550 Dominae
1570 519 1726 551 Victoriae

1071 570 1190 610 dicata,
1215 570 1402 603 cathedralis
1428 571 1648 610 constituitur,
1674 571 1725 603 57.

981 622 1073 655 XXII.
1100 623 1294 656 Permittitur
1319 623 1467 655 cardinali
1495 624 1667 666 protectori
1696 628 1727 655 et

1069 675 1214 707 ministro
1249 676 1388 716 generali
1421 675 1547 708 Ordinis
1572 675 1727 708 Illinorum

1070 728 1167 760 sancti
1194 728 1351 760 Francisei
1375 728 1646 770 Cappuccinorum
1672 738 1727 770 po-

1070 784 1164 811 testas
1196 779 1354 812 dividendi
1388 780 1477 812 binas
1514 780 1671 812 Bononiae
1697 785 1727 812 ct

1070 831 1225 863 illarcbiae
1250 832 1428 874 provincias
1455 833 1484 863 in
1510 836 1662 874 quatuor,
1686 832 1726 864 ab

1071 884 1178 926 eisque
1203 885 1388 926 segregandi
1422 885 1581 923 nonnulla,
1608 886 1652 916 vot
1687 886 1725 917 ad

1070 947 1122 969 eas
1145 938 1336 979 aggregandi
1374 938 1527 980 quaedam
1561 938 1726 980 contigua-

1070 1000 1139 1021 rum
1167 990 1401 1032 prorinciarum
1427 991 1590 1030 coenobia,
1618 991 1670 1022 tzu.

982 1041 1090 1074 XXIII.
1117 1042 1321 1075 Reducuntur
1354 1043 1495 1084 magistri
1532 1043 1622 1074 aliive
1648 1053 1723 1085 gram

1071 1094 1154 1126 duati
1181 1094 1306 1127 Ordinis
1332 1096 1586 1128 Praedicatorum
1612 1096 1649 1127 ad
1670 1106 1725 1127 nu-

1072 1158 1192 1180 merum
1219 1149 1249 1180 iu
1275 1149 1337 1180 suis
1363 1149 1507 1191 capitulis
1522 1149 1724 1190 generalibus

1071 1200 1254 1239 definitum⁷
1287 1206 1316 1232 et
1342 1201 1499 1241 magistris
1525 1200 1725 1241 generalibus

1072 1253 1270 1286 interdicitur
1288 1264 1325 1285 uc
1352 1254 1380 1285 iu
1404 1259 1726 1296 posterumsupernu-

1072 1306 1225 1338 iuerarios
1249 1306 1373 1347 eligant,
1393 1306 1430 1337 ab
1448 1308 1554 1349 eisque
1575 1307 1725 1349 speciale-

1070 1359 1190 1400 gratiae
1214 1365 1321 1392 contra
1347 1359 1605 1397 constitutionum
1627 1365 1657 1392 et
1674 1369 1726 1392 cas

1071 1411 1244 1454 pitulorum
1276 1412 1469 1454 generalium
1503 1412 1725 1455 dispositiones

1071 1473 1239 1496 concessae
1265 1471 1462 1502 revocant-ur,
1488 1464 1539 1496 tit).

982 1516 1085 1549 XXIV.
1127 1516 1315 1549 Conceditur
1354 1516 1546 1559 indulgentia
1586 1518 1726 1560 plenaria

1071 1575 1224 1612 perpetua
1242 1569 1437 1602 visitantibus
1461 1570 1596 1613 aliquam
1619 1581 1654 1603 ex
1676 1582 1725 1604 ec-

1073 1623 1175 1654 elesiis
1201 1628 1261 1654 tam
1295 1623 1407 1655 crectis
1440 1634 1534 1666 quam
1567 1624 1725 1665 erigendis

1071 1675 1329 1717 Congregationis
1369 1676 1557 1709 clericorum
1593 1678 1724 1719 regula-

1072 1728 1154 1760 rium
1181 1729 1416 1762 Barnabitarum
1435 1729 1465 1760 in
1490 1729 1573 1761 festis
1590 1729 1726 1762 Conver-

1072 1782 1169 1814 sionis
1194 1787 1224 1813 et
1247 1781 1562 1814 Commemorationis
1587 1782 1615 1814 S.
1638 1782 1725 1816 Pauli

1073 1834 1219 1877 apostoli,
1245 1834 1296 1867 65.

985 1887 1074 1919 XXV.
1102 1888 1313 1921 Contirmatur
1333 1894 1480 1921 statutum
1500 1890 1662 1922 hominum
1680 1901 1727 1923 ar-

1073 1940 1111 1972 tis
1128 1941 1365 1973 exonerantium
1385 1942 1467 1982 ligna
1484 1942 1523 1973 ad
1540 1943 1639 1985 ripam
1658 1954 1727 1986 par-

1074 2004 1142 2025 vam
1167 1994 1308 2037 Tyberis,
1326 2005 1388 2037 quo
1415 1995 1598 2037 adsignatur
1623 1997 1726 2040 hospi-

1076 2047 1126 2079 tali
1152 2048 1180 2079 S.
1206 2047 1305 2080 IIocIii
1331 2058 1411 2080 unus
1444 2049 1537 2081 iulius
1562 2060 1620 2092 pro
1642 2061 1722 2083 una-

1073 2110 1198 2142 quaque
1220 2101 1290 2132 navi
1315 2101 1407 2142 lignis
1432 2107 1571 2141 onerata,
1596 2102 1647 2135 ‹3:3.

984 2152 1086 2185 XXVI.
1113 2152 1334 2185 Conceduntur
1367 2153 1522 2195 religiosis
1548 2155 1725 2187 insularum

1073 2204 1321 2247 Philippinarum
1359 2205 1482 2237 Ordinis
1515 2206 1724 2239 Eremitarum

1072 2258 1170 2289 sancti
1196 2258 1372 2299 Augustini,
1391 2259 1443 2300 qui
1470 2259 1499 2290 in
1519 2259 1657 2291 nomana
1678 2260 1724 2292 vel

1073 2310 1239 2353 Hispaniae.
1265 2311 1355 2343 Curia
1380 2312 1597 2354 procuratoris
1622 2313 1725 2345 officio

1071 2373 1127 2406 per
1146 2363 1314 2395 triennium
1334 2364 1428 2396 suncti
1451 2370 1530 2405 sunt,
1549 2365 1654 2397 onmia
1674 2376 1725 2397 ex-

1070 2417 1312 2458 proriucialium
1340 2417 1513 2459 privilegia,
1539 2418 1589 2449 «57.

982 2468 1095 2500 XXVII.
1122 2468 1335 2500 Conui-mauu·
1363 2469 1523 2501 decretum
1549 2470 1724 2511 Congrega-

1070 2522 1162 2553 tionis
1197 2522 1417 2564 ‹jipiscoporum
1453 2528 1481 2553 et
1503 2522 1721 2560 regularium,
