2111 3157
67 227 119 256 An.
141 226 170 254 C.
196 225 261 253 ¹083

261 275 381 316 serm&
409 280 441 309 et
460 286 497 309 ex
518 280 657 319 quatuor
674 275 911 317 definitoribus,
930 277 992 310 duo

261 339 390 372 semper
415 339 452 362 ex
470 331 545 370 una,
565 334 596 362 et
619 330 682 363 duo
702 330 818 373 reliqui
837 340 872 362 ex
891 331 994 363 altera

261 387 352 425 parte
384 382 448 414 sint
476 387 508 415 et
532 382 716 425 eligantur;
743 392 808 425 quo
844 393 917 415 vero
954 383 992 415 ad

260 434 457 477 guardianos
484 440 515 467 et
538 434 600 468 alia
631 434 735 467 officia
760 435 799 467 de
825 440 900 467 voto
936 435 993 468 eli-

260 493 375 530 gantur
398 487 621 521 indifferenter
641 492 726 520 etex
751 488 886 530 utraque
903 492 992 530 parte

259 541 435 574 secundum
459 540 646 583 qualitatem
670 540 858 573 meritorum
878 544 909 572 et
926 539 994 572 ido-

258 593 411 627 neitatem
435 603 659 636 personarum,
684 589 765 625 itaut
795 592 990 635 guardianus

258 647 373 679 domus
396 645 585 689 principalis
609 652 737 688 semper
757 646 935 678 alternetur
953 655 990 677 ex

257 700 395 741 utraque
420 703 511 740 parte
536 697 575 730 de
593 697 731 730 triennio
752 697 784 730 in
802 697 989 737 triennium;

257 750 389 785 etomni
410 755 555 793 tempore
577 749 731 793 (praeter
748 750 989 793 provincialem,

256 808 310 835 aut
333 803 511 842 custodem,
539 807 571 835 et
595 802 676 835 duos
701 802 911 845 definitores)
933 802 990 835 eli-

255 860 372 897 gantur
396 860 428 888 et
451 855 558 888 adsint
578 866 615 888 ex
633 854 749 888 minori
767 859 858 898 parte
876 856 989 888 saltem

256 909 367 941 decem
381 907 419 941 ad
437 907 667 950 guardianatus
683 912 715 940 et
731 907 836 941 officia
850 908 889 940 de
903 912 988 948 voto,

255 961 294 994 ad
320 961 382 994 hoc
404 966 439 993 ut
462 971 498 993 ex
524 960 588 993 illis
612 959 724 993 maiori
749 960 896 993 libertate
921 971 991 1003 pos-

254 1014 318 1047 sint
342 1012 417 1056 eligi
443 1013 506 1047 duo
532 1013 737 1052 definitores;
765 1013 870 1056 quoad
896 1013 991 1046 lectu-

255 1077 306 1098 ras
330 1071 437 1099 autem
465 1069 497 1099 et
527 1065 590 1099 alia
614 1065 718 1099 officia
755 1070 818 1098 tam
856 1066 989 1099 honoris

255 1129 349 1161 quam
373 1118 482 1151 oneris
501 1118 661 1161 eligantur
679 1118 907 1158 indifferenter,
926 1130 991 1151 ser-

254 1174 327 1205 vata
351 1171 471 1204 iustitia
496 1171 707 1211 distributiva,
744 1177 776 1204 et
805 1171 916 1204 habito
942 1182 990 1205 re-

255 1230 367 1267 spectu
392 1225 551 1258 maiorum
578 1225 768 1257 meritorum
798 1230 830 1257 et
858 1224 988 1258 maioris

255 1277 439 1310 idoneitatis
457 1278 544 1310 iuxta
558 1276 807 1310 constitutiones
820 1279 990 1320 generales

254 1330 396 1369 Ordinis,
428 1335 602 1362 onerantes
641 1330 673 1362 in
711 1330 774 1363 hoc
811 1331 989 1363 electorum

255 1382 484 1415 conscientias.
511 1382 597 1415 Idem
622 1383 743 1425 pariter
775 1382 989 1415 decreverunt

255 1445 314 1479 pro
342 1434 508 1478 provincia
532 1435 561 1467 S.
591 1435 719 1468 Antonii
751 1435 789 1468 de
821 1436 867 1468 las
896 1435 989 1468 Cliar-

255 1498 320 1527 cas,
339 1497 409 1520 cum
434 1487 494 1520 bac
510 1489 581 1520 sola
598 1487 796 1527 differentia,
820 1488 924 1530 quod,
943 1493 989 1520 at-

256 1535 344 1572 tento
362 1539 480 1572 minori
497 1550 633 1572 numero
651 1540 827 1572 officiorum
846 1540 884 1572 dc
904 1545 987 1579 roto,

255 1592 498 1632 ordinaverunt,
534 1592 619 1635 quod
661 1593 772 1625 decem
811 1592 916 1625 officia
949 1593 987 1625 de

254 1650 339 1684 voto,
364 1655 445 1688 quae
470 1655 529 1687 pro
555 1645 720 1687 provincia
745 1645 875 1677 Limana
901 1656 988 1678 man-

256 1697 374 1730 darunt
407 1697 473 1730 dari
499 1697 615 1730 minori
651 1697 732 1740 parti
758 1698 789 1730 in
825 1698 988 1740 provincia

256 1751 295 1783 de
315 1751 362 1783 las
386 1750 543 1789 Charcas,
565 1751 681 1783 dentur
707 1755 828 1783 tantum
853 1761 905 1782 sex
920 1777 927 1790 ,
954 1757 988 1782 ut

255 1804 350 1836 latius
375 1803 407 1835 in
432 1804 563 1836 decreto
581 1814 640 1846 per
660 1804 763 1836 dictos
782 1809 889 1846 patres
906 1815 988 1837 com-

255 1855 483 1899 promissarios
509 1856 582 1888 dato
608 1861 640 1888 et
664 1856 829 1898 publicato
854 1855 886 1888 in
912 1866 988 1888 con-

255 1913 352 1941 ventu
387 1908 418 1941 S.
446 1907 607 1941 Francisci
633 1908 748 1940 Mau-iti
778 1919 847 1941 xxvi
880 1909 988 1951 aprilis

256 1970 436 1995 MDCLxxvn.
459 1960 547 1998 Quod
578 1961 708 2004 quidem
746 1961 924 2001 decretum,
956 1968 990 1993 ut

256 2012 380 2045 firmius
406 2012 613 2053 subsisteret,
640 2023 676 2045 ac
700 2013 827 2046 debitae
859 2014 989 2046 manda-

256 2072 346 2100 retur
370 2067 565 2107 executioni,
593 2067 735 2109 religiosi
768 2067 898 2109 Hispani
932 2068 989 2099 du-

257 2121 330 2163 plex
362 2120 463 2153 Breve
495 2130 512 2151 a
536 2120 588 2152 SS.
616 2119 651 2152 D.
674 2118 710 2151 N.
738 2119 926 2153 Innocentio
952 2120 989 2152 XI

258 2174 482 2216 impetrarunt,
506 2173 642 2205 alterum
660 2172 719 2205 sub
738 2172 789 2205 die
814 2183 883 2206 xxvt
909 2173 988 2205 iunii

257 2235 428 2260 MDCLxxvu
446 2225 579 2268 praefati
593 2225 715 2257 decreti
726 2224 988 2266 confirmativum,

258 2280 394 2312 alterum
418 2288 494 2311 vero
519 2277 578 2310 sub
611 2278 661 2310 die
690 2288 720 2310 v1
746 2277 814 2310 iulii
847 2277 990 2311 eiusdem

259 2332 346 2371 anni,
370 2331 402 2364 in
427 2342 492 2374 quo
510 2330 723 2364 committitur
740 2330 990 2373 archiepiscopo

839 230 1051 254 taxotttsxilt's
1075 231 1103 254 XI
1130 231 1178 254 1³1².

1035 282 1254 320 compesceret
1287 282 1317 311 et
1341 278 1380 311 ad
1412 278 1591 322 parendum
1623 282 1768 324 compel-

1034 330 1127 362 leret.
1166 330 1220 363 His
1256 331 1407 364 omnibus
1437 331 1618 374 religionis,
1644 332 1766 368 Summi

1035 381 1212 422 Ponfflficis,
1231 382 1295 416 imo
1318 384 1415 416 etiam
1440 389 1471 417 et
1487 384 1587 426 regiis
1608 386 1768 419 mandatis

1034 444 1069 465 ac
1095 433 1364 476 dispositionibus
1395 437 1558 479 quomodo
1589 438 1770 472 restiterint

1034 485 1189 522 dictarum
1212 488 1449 530 provinciarum
1475 489 1622 533 religiosi
1647 490 1768 532 Criolli,

1033 538 1127 570 sicuti
1153 538 1301 573 dolentes
1325 541 1528 584 accepimus,
1555 542 1597 575 ita
1622 543 1768 578 modeste

1033 590 1078 623 uti
1122 592 1289 625 notorium
1327 594 1511 627 reticemus.
1552 595 1769 629 Obtinuerunt

1033 644 1161 676 tandem
1186 655 1295 678 mense
1320 645 1457 679 ianuarii
1492 648 1658 690 praeteriti
1691 650 1766 682 anni

1032 705 1204 730 MDCLxxxu
1240 697 1278 729 ab
1304 698 1364 730 hac
1395 700 1486 731 sacra
1509 699 1767 743 Congregatione

1033 748 1234 789 mandatum,
1251 754 1285 781 ut
1305 749 1489 783 huiusmodi
1515 751 1695 794 negotium,
1719 758 1766 787 to·

1033 800 1091 834 ties
1116 801 1298 834 discussum
1316 813 1351 835 ae
1368 802 1545 843 definitum,
1566 804 1682 838 iterum
1700 817 1768 849 pro-

1032 858 1210 896 poneretur
1234 854 1266 887 in
1292 855 1433 898 capitulo
1454 857 1609 898 generali,
1631 859 1717 901 quod
1736 859 1767 892 in

1032 912 1142 939 mense
1167 907 1240 939 maii
1272 907 1416 941 eiusdem
1450 909 1524 941 anni
1549 909 1652 943 Toleti
1684 922 1764 944 con-

1031 959 1231 1001 gregandum
1257 965 1348 999 erat,
1385 972 1444 1004 pro
1481 966 1553 994 voto
1586 964 1766 998 consultivo

1033 1015 1171 1051 tantum;
1197 1011 1236 1044 ad
1257 1012 1349 1044 cuius
1375 1013 1513 1046 mandati
1532 1014 1768 1056 executionem,

1032 1063 1180 1105 partibus
1193 1064 1315 1107 pluries
1337 1065 1462 1106 auditis,
1482 1067 1642 1100 emanavit
1659 1073 1767 1102 votum

1031 1116 1116 1159 quod
1143 1117 1225 1150 dicta
1250 1119 1437 1151 alternativa
1462 1130 1525 1152 non
1559 1122 1663 1154 solum
1689 1132 1766 1155 con-

1031 1169 1133 1210 ducat,
1159 1169 1224 1203 imo
1249 1170 1290 1203 sit
1308 1171 1439 1204 omnino
1460 1173 1644 1206 necessaria
1662 1184 1699 1207 ex
1717 1185 1767 1208 ra-

1032 1223 1171 1256 tionibus
1196 1223 1228 1256 in
1254 1235 1292 1257 eo
1317 1225 1492 1267 productis.
1513 1226 1769 1270 Comparuerunt

1031 1276 1159 1309 demum
1187 1277 1219 1308 in
1256 1278 1315 1310 hac
1353 1278 1497 1311 Romana
1531 1279 1623 1313 Curia
1659 1280 1768 1314 dilecti

1030 1328 1087 1361 filii
1112 1329 1214 1361 nostri
1229 1336 1321 1372 pater
1338 1331 1438 1363 frater
1454 1332 1610 1365 Antonius
1626 1333 1768 1366 Fernan-

1030 1380 1087 1413 dez
1104 1386 1135 1414 et
1148 1387 1238 1424 pater
1259 1382 1355 1415 frater
1375 1383 1528 1416 Martinus
1546 1384 1676 1418 Moreno
1695 1396 1768 1420 cum

1031 1435 1268 1476 procurationis
1305 1436 1456 1469 mandato
1481 1447 1516 1470 ex
1543 1442 1634 1480 parte
1666 1438 1769 1472 Criol-

1030 1488 1136 1520 lorum
1160 1488 1325 1531 utriusque
1351 1489 1536 1532 provinciae
1561 1490 1712 1524 Limanae
1737 1493 1777 1525 ct'

1031 1540 1068 1572 (Ie
1094 1541 1139 1573 las
1165 1540 1304 1574 Chare-as
1321 1552 1380 1584 pro
1399 1552 1513 1575 causae
1540 1543 1767 1577 terminatione

1029 1594 1114 1636 apud
1139 1604 1263 1626 sacram
1287 1594 1579 1637 Congregationem
1604 1595 1663 1628 ΕΕ.
1699 1591 1777 1638 RR.J

1030 1646 1060 1678 S.
1084 1646 1119 1678 R.
1142 1646 1176 1678 E.
1200 1646 1409 1680 cardinalium
1432 1648 1570 1690 negotiis
1592 1654 1623 1681 et
1641 1641 1777 1683 consul?

1031 1698 1207 1730 tationibus
1247 1699 1474 1742 episcoporum
1506 1706 1537 1732 et
1569 1701 1766 1743 regularium

1031 1750 1311 1793 praepositorum,
1330 1752 1359 1783 in
1379 1763 1456 1795 qua,
1476 1753 1592 1785 auditis
1616 1753 1647 1785 in
1672 1756 1767 1786 causa

1030 1803 1317 1845 propositionibus,
1345 1804 1489 1846 partibus
1520 1805 1641 1848 pluries
1667 1806 1767 1839 infor—

1031 1856 1215 1894 mantibus,
1240 1857 1399 1888 emanavit
1436 1858 1566 1890 tandem
1601 1858 1774 1892 decretum·

1032 1920 1089 1951 pro
1115 1908 1215 1941 dictae
1251 1910 1458 1943 alternativae
1495 1911 1764 1951 confirmatione,

1031 1962 1117 2004 quod
1149 1962 1201 1993 SS.
1231 1962 1264 1993 D.
1293 1962 1327 1994 N.
1363 1963 1571 1996 Innocentius
1606 1959 1690 2006 Papa
1729 1965 1766 1996 >21

1031 2014 1232 2047 confirmavit
1250 2015 1315 2046 suis
1334 2015 1449 2047 litteris
1476 2015 1508 2047 in
1534 2016 1636 2048 fornia
1658 2009 1779 2049 Brevis'

1032 2068 1188 2110 expeditis
1224 2068 1345 2100 tenoris
1378 2069 1563 2111 sequentis,
1589 2069 1764 2102 videlicet:

1031 2121 1239 2153 Innocentius
1264 2121 1357 2163 Palm
1381 2120 1440 2159 XI,
1470 2121 1512 2153 acl
1540 2121 1686 2163 futuram
1720 2123 1768 2154 rei

1032 2174 1234 2205 memoriam.
1255 2173 1380 2216 Exponi
1410 2173 1521 2215 nobis,
1540 2179 1601 2207 etc.
1619 2173 1626 2190 ¹
1652 2175 1767 2208 Datum

1033 2227 1174 2265 Romae,
1200 2227 1284 2269 apud
1310 2226 1341 2259 S.
1370 2226 1500 2259 Mariam
1528 2227 1678 2260 Maiorem
1709 2228 1768 2260 sub

1033 2280 1151 2312 annulo
1184 2278 1376 2318 piscatoris,
1404 2279 1455 2313 die
1493 2290 1536 2314 vu
1574 2280 1767 2323 septembris

1033 2342 1232 2371 unctxxxtu,
1252 2331 1460 2374 pontificatus
1481 2333 1587 2375 nostri
1606 2344 1690 2366 anno
1709 2344 1764 2367 vu.

1773 380 1780 394 t

1662 222 1726 256 519
1771 215 1822 261 An}
1840 233 1868 262 c.
1892 234 1962 263 ¹683

1075 2385 1136 2418 Nos
1161 2384 1275 2426 igitur,
1307 2395 1344 2416 ex
1375 2385 1540 2428 praefatae
1571 2377 1766 2429 {spostolicae
1791 2395 1911 2416 Mandatum
1925 2396 1961 2415 mi·

1745 2441 1750 2446 ,
1778 2422 1835 2442 nutri
1849 2424 1961 2447 generans,

1032 2437 1285 2470 confirmationis
1321 2437 1442 2471 decreti
1488 2438 1520 2471 in
1557 2441 1654 2482 pleno
1690 2449 1970 2495 ⁹¹¹¹¹”3itfli⁰¹.'i'.‘}i'a⁸⁰.¹s:

260 2384 402 2422 Limano,
428 2390 462 2416 ut
478 2383 516 2415 ad
535 2383 681 2426 proxime
706 2382 857 2415 recensiti
882 2383 991 2416 Brevis

260 2437 469 2470 confirmativi
480 2437 701 2469 executionem
710 2435 904 2479 procederet
916 2447 992 2480 pro-

261 2489 398 2532 cedique
423 2490 550 2529 faceret,
582 2494 677 2532 atque
709 2489 933 2522 inobedientes
960 2495 992 2522 et
1033 2491 1299 2525 nentissimorum
1335 2490 1366 2524 S.
1405 2492 1442 2524 R.
1479 2491 1514 2525 E.
1553 2493 1765 2527 cardinalium
1778 2500 1900 2535 ¹⁶1⁴uativa2
1955 2505 1969 2509 ⁴

261 2541 472 2581 refractarios,
498 2552 564 2574 non
581 2543 683 2575 solum
702 2542 860 2583 censuris,
879 2552 990 2575 verum
1032 2554 1203 2586 congressu
1243 2544 1317 2576 sacti
1354 2545 1493 2585 lectura,
1525 2545 1766 2579 considerantes

261 2595 357 2628 etiam
371 2593 516 2628 invocato
533 2595 655 2628 brachii
676 2595 846 2630 saecularis
863 2596 992 2633 auxilio.
1069 2607 1079 2633 1
1103 2605 1214 2645 Reliqua
1234 2604 1292 2632 vide
1312 2613 1412 2648 supra,
1432 2614 1492 2650 pag.
1513 2606 1566 2641 505
1584 2608 1625 2649 gn.
1638 2607 1686 2647 1.).
