2111 3157
2 200 51 228 An.
73 199 101 228 C.
120 199 189 227 ¹686

190 258 253 292 que
270 258 330 291 pro
347 253 494 291 tempere
513 248 688 282 existentes
702 247 805 281 dictae
823 258 923 281 nevae

190 301 348 335 ecclesiae
368 307 535 345 patronos,
552 312 729 345 corumque
748 301 924 344 quemlibet

190 354 457 398 quandocumque
482 354 644 396 eligenda,
667 365 847 395 concessas,
864 365 920 386 va-

190 408 337 450 lidasque
363 413 395 440 et
415 407 562 440 efficaces
587 418 655 440 esse
681 413 709 440 et
737 408 816 445 sore,
833 418 868 440 ac
886 408 923 440 il·

189 460 243 499 lis,
262 461 301 493 ad
319 470 401 503 quos
419 465 541 503 spectat
560 465 592 493 et
611 471 669 503 pre
689 466 835 502 tempore
853 471 923 502 spe-

190 513 301 553 ctabit,
325 513 358 545 in
383 513 531 545 omnibus
555 519 586 546 et
603 523 661 555 per
677 514 784 545 omnia
807 513 923 556 plenis-

190 567 270 599 sime
304 571 336 598 et
371 570 529 608 perpetuo
554 565 741 608 suffragari,
768 575 804 598 ac
828 566 922 598 etiam

188 619 251 651 vim
276 618 384 657 validi,
402 618 538 651 efficacis
563 623 595 650 et
618 617 712 650 iurati
738 623 923 650 contractus

188 671 273 705 inter
296 681 355 704 nos
378 681 415 704 ae
438 670 552 704 Sedem
584 676 613 703 et
643 670 805 715 Caineram
833 671 920 713 Apo-

188 724 336 758 stolicam
355 735 392 758 ex
410 726 481 762 una,
497 734 533 756 ac
549 724 672 757 Livium
691 723 806 756 ducem
829 724 923 756 alies-

189 787 252 821 que
278 777 401 809 futures
421 782 575 819 patronos
592 776 752 818 praestitos
770 786 806 808 ex
823 776 923 808 altera

187 830 344 874 partibus,
370 829 466 863 etiarn
487 839 524 862 ex
550 829 644 862 titulo
675 839 749 862 vere
782 839 921 862 oneroso

186 882 277 916 initi¹
304 883 424 916 habere
449 887 481 915 et
505 882 672 921 obtinere,
701 892 825 914 necnon
852 893 923 915 eos-

189 937 262 970 dem
283 935 405 969 Livium
430 935 561 974 ducem,
593 940 788 978 ceterosque
812 941 923 978 patro-

188 999 262 1028 nOS,
287 989 338 1022 vel
363 987 493 1031 quosvis
519 987 600 1020 alios
619 988 658 1020 ad
677 988 805 1020 easdem
832 998 923 1030 prae-

188 1047 297 1075 sentes
332 1041 457 1074 litteras
495 1040 527 1073 in
564 1045 631 1073 toto
668 1041 715 1073 vel
753 1040 784 1072 in
816 1041 923 1083 aliqua

189 1105 302 1129 eorum
327 1099 428 1138 parte,
454 1094 488 1127 in
512 1093 632 1127 iudicio
657 1094 706 1126 vel
735 1099 823 1126 extra
844 1093 921 1126 illud

189 1147 299 1192 quavis
323 1147 495 1181 occasione
519 1153 550 1180 et
574 1148 669 1180 causa
693 1146 922 1184 exhibendum,

188 1201 394 1245 probandum
418 1211 474 1233 seu
497 1199 727 1233 verificandum
757 1200 807 1233 vel
834 1199 923 1231 iusti-

188 1253 349 1287 fieandum
374 1254 466 1287 nullo
483 1264 625 1296 unquam
645 1258 790 1295 tempore
809 1252 923 1291 teneri,

189 1318 249 1341 nec
273 1307 312 1340 ad
337 1306 369 1340 id
394 1306 465 1349 cogi
498 1307 546 1339 vel
575 1306 728 1349 compelli
760 1307 922 1339 ullatenus

190 1370 287 1403 posse
300 1360 349 1392 vel
365 1359 498 1399 debere;
515 1358 672 1401 quinimo,
687 1358 810 1391 etiamsi
824 1358 923 1400 ipsae-

188 1417 256 1446 met
278 1417 466 1456 praesentes
492 1412 617 1445 litterae
641 1421 704 1444 non
731 1411 925 1444 exhiberen-

189 1470 253 1505 tur,
280 1470 313 1498 et
333 1475 491 1508 nusquam
512 1470 716 1508 apparerent,
742 1475 802 1498 nec
827 1475 924 1508 appa-

187 1527 262 1552 rere
285 1522 431 1561 possent,
453 1517 664 1551 nihilominus
690 1518 762 1550 illas
786 1528 846 1561 pro
872 1529 924 1550 ve-

188 1570 320 1605 rificatis
345 1581 381 1604 ac
402 1571 592 1614 plenissime
618 1571 761 1614 probatis
784 1577 816 1604 et
839 1571 924 1604 iusti-

188 1623 292 1657 neatis
318 1624 451 1664 haberi;
488 1624 598 1668 sicque
625 1629 756 1657 nestrae
783 1625 921 1664 mentis,

189 1676 381 1710 intentionis
405 1682 437 1710 et
456 1677 730 1710 incommutabilis
748 1678 923 1711 voluntatis

189 1729 286 1764 fuisse
301 1736 334 1763 et
349 1740 419 1763 esse
433 1735 630 1770 attestamur,
644 1736 739 1773 atque
753 1731 796 1763 ita
814 1737 845 1763 et
858 1742 923 1764 non

189 1784 284 1817 aliter
302 1783 335 1817 in
359 1783 546 1827 praemissis
572 1784 722 1816 omnibus
741 1790 771 1816 et
788 1784 923 1826 singulis

189 1847 249 1881 per
280 1846 500 1880 quoscumque
533 1836 654 1869 iudices
686 1837 869 1870 ordinarios
894 1843 925 1870 et

191 1889 366 1932 delegatos
391 1889 489 1923 etiam
513 1899 682 1922 causarum
715 1890 822 1933 palatii
848 1899 925 1932 apo-

177 1942 294 1976 ·stolici
330 1948 362 1976 et
395 1942 500 1976 curiae
535 1942 687 1976 Gamerae
720 1943 924 1986 Apostolieae

191 1996 375 2039 generalem
400 1995 573 2035 auditores,
596 2005 632 2028 ae
656 1996 686 2028 S.
707 1995 744 2028 tt.
763 1996 798 2029 E.
818 2006 925 2029 eame-

191 2047 324 2088 rarium,
341 2053 373 2081 et
389 2048 469 2081 alios
494 2048 675 2081 cardinales
695 2049 789 2082 etiam
816 2049 855 2082 de
880 2050 925 2082 la-

192 2105 262 2134 tere
286 2101 419 2143 legatos,
445 2099 538 2133 Urbis
563 2101 747 2144 praedictae
779 2101 922 2141 vicarios,

193 2159 226 2187 et
258 2153 363 2187 dietae
388 2153 540 2187 Gamerae
564 2154 769 2196 Apostolicae
801 2155 925 2198 pracsi-

193 2207 306 2240 dcntes
342 2207 489 2246 clericos,
527 2206 765 2240 thesaurarium
790 2218 926 2249 genera-

192 2260 268 2299 lem,
294 2265 484 2302 ceterosque
506 2259 662 2292 officiales
692 2265 724 2292 et
751 2259 925 2300 ministros,

192 2312 312 2346 aliosve
348 2312 514 2356 quoslibet
543 2322 743 2355 quacumque
767 2313 926 2355 praeemi-

192 2365 303 2399 nentia
324 2371 355 2398 et
378 2370 538 2408 potestate
563 2365 733 2407 fungentes
752 2370 782 2398 et
799 2365 926 2398 sunctu-

193 2428 256 2458 ros,
292 2419 418 2451 sublata
450 2418 575 2451 eisdem
599 2423 630 2450 et
655 2428 767 2451 eorum
793 2419 925 2453 cuilibet

194 2471 304 2514 quavis
328 2471 422 2505 aliter
446 2470 611 2504 iudicandi
637 2475 669 2503 et
692 2470 924 2514 interpretandi

194 2524 343 2558 facultate
363 2529 394 2559 et
414 2524 613 2563 auctoritate,
634 2523 767 2557 iudicari
793 2529 825 2557 et
849 2525 926 2559 deli-

230 2586 242 2614 ¹
263 2584 333 2613 Edit.
348 2585 426 2613 Main.
442 2586 508 2622 legit
523 2586 610 2614 inviti
625 2594 671 2622 pro
687 2586 758 2615 inici
780 2588 817 2622 (tt.
834 2587 882 2621 τ.).

772 199 846 224 ῘΝΝΟ
853 198 983 222 CENTtt'S
1005 199 1035 222 xl
1061 199 1110 222 1³1³.

1595 186 1658 220 679
1705 196 1722 221 Α

966 246 1028 279 uiri
1054 246 1174 279 debere
1191 256 1199 285 ;
1226 255 1263 278 ac
1286 245 1412 278 irritum
1430 248 1461 277 et
1478 244 1583 284 inane,
1606 245 1631 277 si
1649 255 1699 277 se-

965 310 1020 333 cus
1041 310 1137 342 super
1152 299 1202 332 his
1228 309 1245 331 a
1270 309 1445 342 quoquam,
1463 298 1573 342 quavis
1591 304 1699 331 aucto-

965 353 1066 392 ritate,
1091 353 1231 385 scienter
1253 353 1300 384 vel
1327 352 1529 395 ignoranter,
1556 352 1698 396 contige-

965 406 1006 438 rit
1030 405 1190 438 attentari.
1673 449 1675 451 ‚

1008 459 1022 500 ς
1047 459 1076 491 7.
1102 458 1172 491 Νοη
1199 458 1403 492 obstantibus
1420 459 1570 492 omnibus
1587 465 1619 493 et
1635 460 1700 493 sin-

965 510 1048 551 gulis
1084 511 1283 553 praemissis,
1308 522 1345 544 ae
1382 512 1421 544 de
1447 512 1516 545 iure
1552 501 1721 556 quaesitod

965 573 1028 595 non
1053 564 1209 601 tollendo,
1229 564 1408 607 ceterisque
1426 565 1544 598 nostris
1573 572 1604 599 et
1631 577 1702 600 can-

965 616 1116 648 cellariae
1152 617 1351 658 apostolicae
1388 618 1524 659 regulis,
1546 629 1673 652 necnon
1691 647 1698 660 ,

965 673 1125 709 quatenus
1139 678 1220 710 opus
1241 668 1289 706 sit,
1309 670 1504 702 recolendae
1522 671 1700 705 memoriae

965 715 1010 753 Dii
1036 721 1141 764 Papae
1159 721 1195 753 lv
1220 721 1479 762 praedecessoris
1499 723 1620 766 pariter
1644 735 1701 757 no-

965 774 1021 806 stri
1061 774 1100 807 de
1136 774 1247 816 gratiis
1281 776 1515 818 qualecumque
1541 777 1700 811 interesse

965 827 1069 860 dictae
1095 827 1245 860 Gamerae
1270 828 1479 870 Apostolicae
1505 840 1702 863 concernen-

966 880 1049 912 tibus
1086 880 1117 912 in
1155 881 1266 913 endem
1291 880 1423 913 Camerti
1459 881 1543 914 intra
1575 888 1700 916 certum

966 938 1040 965 tunc
1065 939 1252 976 expressum
1286 938 1414 976 tempus
1451 935 1700 977 praesentandis

966 992 997 1019 et
1021 987 1244 1028 registrandis,
1278 987 1359 1018 itaut
1389 993 1582 1029 praesentes
1617 988 1702 1021 litte-

965 1050 1016 1072 ras
1056 1039 1175 1072 ibidem
1214 1040 1417 1082 praesentari
1459 1051 1495 1073 ae
1533 1041 1700 1083 registrari

967 1103 1140 1135 numquam
1165 1103 1295 1125 necesse
1314 1092 1362 1132 sit,
1382 1103 1417 1125 ac
1434 1093 1506 1136 piae
1524 1094 1701 1128 memoriae

966 1145 1011 1177 Pii
1033 1146 1054 1176 V
1089 1146 1128 1178 de
1163 1145 1311 1178 creandis
1336 1146 1498 1186 censibus,
1526 1153 1557 1180 et
1581 1147 1702 1190 Grego-

966 1191 1007 1231 rii
1029 1199 1103 1238 Xlll,
1130 1199 1350 1232 Romanorum
1375 1199 1568 1233 Pontificum
1605 1201 1701 1234 etiam

966 1253 1257 1294 praedecessorum
1281 1258 1476 1293 nostrorum,
1504 1263 1602 1296 super
1631 1254 1701 1287 iure

966 1305 1114 1347 congrui,
1141 1305 1277 1348 aliisque
1303 1306 1492 1348 apostolicis
1518 1316 1554 1339 ac
1578 1307 1703 1340 univer-

966 1358 1144 1390 versalibus
1187 1357 1508 1402 provincialibusque
1552 1360 1701 1393 conciliis

966 1411 1072 1450 editis,
1100 1410 1308 1453 generalibus
1333 1411 1383 1443 vel
1406 1411 1610 1454 specialibus,
1632 1423 1704 1445 con·

966 1464 1188 1497 stitutionibus
1221 1468 1252 1497 et
1283 1464 1555 1504 ordinationibus,
1589 1475 1625 1497 ac
1650 1465 1703 1498 Ur-

966 1517 1024 1557 bis,
1046 1517 1161 1550 domus
1186 1516 1345 1559 regularis
1375 1522 1408 1549 et
1432 1516 1702 1559 Congregationis

967 1570 1196 1613 praefatorum,
1215 1570 1322 1602 aliisve
1341 1569 1518 1612 quibusvis,
1535 1571 1630 1603 etiam
1657 1570 1703 1602 iu-

967 1629 1111 1656 ramento
1137 1624 1187 1656 vel
1213 1623 1275 1655 alia
1299 1622 1409 1665 quavis
1434 1622 1584 1656 firmitate
1609 1624 1703 1657 roho-

967 1676 1054 1714 ratis,
1071 1677 1207 1715 statutis,
1224 1686 1400 1718 eorumque
1417 1676 1703 1710 reformationibus

967 1735 998 1763 et
1023 1730 1113 1762 novis
1139 1729 1376 1768 additionibus,
1401 1729 1506 1772 stylis,
1532 1729 1646 1762 usibus
1671 1736 1705 1763 et

967 1782 1702 1823 consuetudinibus,etiamimmemorabilibus,

967 1836 1145 1878 privilegiis
1172 1845 1311 1878 quoque,
1337 1835 1479 1874 indultis,
1505 1835 1602 1868 etiam
1629 1835 1704 1869 dite-

968 1888 1026 1920 ctis
1053 1887 1126 1920 tiliis
1153 1889 1274 1931 populo
1298 1898 1433 1921 romano
1457 1893 1570 1921 contra
1595 1888 1704 1921 soren-

968 1951 1018 1973 scs
1045 1945 1076 1973 ct
1100 1941 1310 1983 alienigenas,
1330 1951 1366 1972 ac
1390 1940 1542 1983 praefatis
1567 1940 1703 1984 aliisque

968 1993 1117 2036 personis
1139 1998 1170 2025 et
1193 1993 1274 2026 locis
1299 1993 1569 2036 quibuscumque,
1606 1993 1703 2026 etiam

968 2045 1118 2089 specifica
1143 2051 1174 2079 et
1193 2046 1358 2079 individua
1389 2045 1554 2078 mentione
1587 2050 1619 2078 et
1651 2056 1705 2079 ex-

968 2098 1135 2141 pressione
1155 2098 1269 2140 dignis,
1287 2098 1346 2130 sub
1364 2098 1621 2141 quibuscumque
1638 2108 1704 2131 ver-

968 2152 1084 2184 borum
1102 2151 1269 2184 tenoribus
1295 2156 1327 2184 et
1350 2151 1469 2191 formis,
1489 2161 1524 2183 ac
1540 2161 1612 2184 cum
1634 2151 1704 2194 qui·

968 2205 1074 2237 busvis
1101 2205 1196 2238 etiam
1222 2205 1500 2247 derogatoriaruin
1536 2205 1704 2247 derogato-

968 2259 1032 2298 riis,
1052 2258 1189 2301 aliisque
1207 2257 1452 2297 efficacioribus,
1475 2257 1702 2291 efficacissimis

968 2317 998 2344 et
1023 2311 1161 2344 insolitis
1187 2310 1341 2344 clausulis
1370 2315 1401 2343 et
1425 2310 1578 2351 decretis,
1605 2311 1702 2345 etiam

968 2370 1066 2404 motu,
1092 2364 1226 2397 scientia
1250 2368 1281 2396 et
1305 2363 1471 2406 potestatis
1500 2363 1703 2406 plenitudine

968 2417 1230 2461 pa1*ibtts,*etiarn
1257 2415 1540 2457 consistorialiter,
1567 2422 1598 2450 et
1622 2418 1701 2450 alias

969 2471 1213 2515 quomodolibet
1236 2471 1269 2503 in
1294 2470 1490 2504 contrarium
1508 2471 1704 2514 praemisso·-

969 2535 1038 2557 rum
1056 2523 1229 2563 concessis,
1248 2534 1283 2556 ac
1301 2523 1397 2556 etiarn
1415 2524 1537 2567 pluries
1555 2529 1586 2557 et
1603 2534 1703 2568 quan-

971 2579 1152 2622 tiscumque
1187 2577 1308 2611 vicibus
1333 2577 1556 2620 confirmatis,
1584 2587 1703 2622 appro-

1727 204 1754 224 n.
1776 196 1803 223 C.
1823 196 1890 224 168ss

1735 475 1891 499 Contrariorum

1726 505 1827 528 erogatio.
