2111 3157
40 237 88 265 Ᾰῆ.
105 236 132 264 C.
156 237 222 265 1684

56 1141 143 1167 Species
154 1141 211 1164 facti.

453 199 460 217 ί

274 285 387 317 Datum
413 285 547 323 Romae,
574 285 656 326 apud
679 284 709 317 S.
729 285 857 316 Mariam
876 284 967 317 Maio-

231 348 311 376 rem,
335 339 394 370 sub
420 339 540 370 annulo
561 337 744 376 Piscatoris,
772 338 823 370 die
842 347 881 370 xv
909 348 966 370 no-

231 391 369 424 vembris
393 400 581 430 nncmixxlv,
615 390 825 433 pontificatus
862 390 963 422 nostri

231 455 316 477 anno
346 455 388 478 ix.

264 505 324 534 Dat.
342 505 386 533 die
407 506 438 534 15
453 506 606 534 novembris
628 506 705 532 1684.
726 505 824 540 pontis.
841 512 911 532 anno
924 511 962 533 ix.

523 647 661 681 CXLVII.

227 727 467 769 Confirmanlur
497 727 716 759 conventiones
744 726 849 758 initae
877 726 964 758 inter

268 781 386 823 fratres
424 780 564 812 Minores
605 779 642 811 de
681 774 893 812 observantia
935 783 962 810 el

269 832 500 866 Convenimzles
516 831 649 865 Ordinis
667 831 699 864 S.
715 831 884 864 Francz'scz'
900 831 962 862 cir-

268 894 303 916 ea
325 886 506 928 primatum
536 885 570 915 in
589 884 845 926 processionibus
868 882 962 914 aliis-

267 947 328 980 que
338 936 561 979 functionibus
575 937 715 969 civilatis
735 936 928 969 Jserm'ensis
940 934 959 968 ¹.

411 1015 604 1043 Innocentius
625 1016 704 1049 Papa
722 1016 770 1050 XI,

358 1061 394 1088 ad
415 1061 549 1088 futuram
570 1061 614 1087 rei
637 1061 821 1087 memoriam.

259 1132 318 1176 51.
336 1132 460 1175 Exponi
472 1132 565 1165 nobis
579 1142 684 1175 nuper
698 1132 958 1165 ieceruntdilecti

223 1185 280 1219 filii
304 1185 452 1218 moderni
471 1191 699 1228 procuratores
719 1186 887 1226 generales
904 1184 959 1217 Oi·-

223 1238 334 1272 dinum
352 1238 485 1271 fratrum
504 1238 660 1271 Minorum
679 1238 778 1270 sancti
797 1238 957 1270 Francisci

224 1292 263 1326 de
287 1291 497 1325 Observantia
529 1296 560 1323 ct
589 1289 855 1324 Conventualium
879 1301 959 1323 nun-

224 1349 423 1388 cupatorum,
450 1343 632 1386 quod,cum
658 1343 742 1375 inter
766 1343 880 1376 fratres
905 1343 959 1375 Mi-

223 1407 319 1431 nores
343 1397 383 1429 de
407 1395 616 1428 Observantia
636 1401 814 1428 conventus
840 1395 870 1427 S.
897 1395 958 1427 Ma-

224 1450 291 1483 riae
306 1448 486 1482 Gratiarum
513 1458 549 1481 ex
576 1450 647 1488 una,
673 1453 705 1481 et
729 1448 843 1480 fratres
860 1447 958 1481 Mino-

223 1513 276 1537 res
292 1502 525 1536 Conventuales
551 1505 726 1534 conventus
747 1500 777 1533 S.
797 1501 957 1534 Francisci

224 1555 361 1589 civitatis
384 1554 573 1587 lserniensis
599 1564 635 1586 ex
661 1554 761 1586 altera
785 1553 930 1596 partibus
949 1581 956 1594 ,

224 1609 402 1642 nonnullae
436 1607 674 1641 controversiae
701 1618 799 1650 super
831 1618 960 1650 praece-

225 1661 334 1695 dentia
357 1665 488 1694 exortae
509 1687 516 1701 ,
545 1664 576 1692 ct
606 1670 664 1702 per
700 1661 821 1692 multos
855 1670 957 1693 annos

225 1724 296 1747 cum
320 1713 446 1747 modica
476 1713 688 1746 saecularitnn
722 1712 957 1752 aedificatione,

224 1778 261 1800 ac
285 1777 355 1800 cum
380 1767 468 1810 pacis
495 1766 669 1805 fraternae,
697 1776 778 1809 quae
802 1765 887 1798 inter
912 1777 959 1798 re-

225 1820 357 1863 ligiosos
396 1829 532 1862 regnare
572 1819 715 1859 deberet,
756 1819 958 1858 detrimento,
980 1810 982 1825 ¹

225 1873 362 1915 agitatae
386 1872 547 1912 suissent;
585 1872 646 1915 ipsi
683 1877 893 1915 exponentes,
927 1878 957 1904 ιιι

225 1925 438 1959 incommodis
464 1925 650 1957 huiusmodi
675 1930 894 1964 occurrerent,
922 1926 959 1957 de

226 1988 358 2012 suorum
383 1978 562 2021 respective
587 1978 807 2010 ministrorum
826 1988 961 2020 genera-

225 2031 304 2065 lium
327 2031 478 2064 mandato
504 2041 559 2064 sen
578 2041 751 2069 consensu,
772 2031 810 2064 ad
829 2041 961 2064 concor-

226 2083 312 2117 diam
333 2083 399 2117 sive
424 2083 673 2116 conventionem
694 2094 791 2126 super
809 2084 962 2126 praeniis-

226 2135 269 2169 sis
289 2136 376 2169 inter
400 2145 440 2169 se
460 2136 668 2177 devenerunt,
689 2142 723 2169 ut
740 2137 891 2169 fratribus
909 2137 963 2169 Mi-

226 2189 359 2222 noribus
395 2188 666 2222 Conventualibus
703 2199 767 2222 uno
804 2200 902 2230 anno,
933 2196 962 2223 et

228 2242 380 2276 fratribus
398 2242 573 2275 Minoribus
598 2244 637 2276 de
655 2242 865 2276 Observantia
889 2253 964 2276 con-

231 2301 381 2330 ventuum
406 2296 644 2340 praedictorum
676 2296 858 2338 respective
887 2298 963 2329 alte-

812 236 1024 261 INNOCENTIUS
1046 238 1076 261 XI
1100 238 1149 260 PP.

228 2359 275 2390 ro,
300 2355 397 2393 atque
430 2349 472 2382 ita
501 2348 681 2382 successive
706 2349 837 2381 alternis
863 2350 963 2389 annis,

224 2394 458 2446 'praecedentia
484 2408 545 2434 tam
571 2402 603 2434 in
628 2401 890 2445 processionibus
908 2413 966 2446 pu-

230 2455 334 2496 blicis,
360 2466 454 2499 quam
479 2456 511 2489 in
529 2454 798 2489 associationilms
818 2456 965 2489 sunerun:

286 2536 297 2562 1
319 2534 387 2562 vide
406 2538 493 2562 const.
511 2535 552 2561 ed.
570 2541 733 2566 nnchxxw,
749 2535 792 2562 die
812 2536 844 2562 14
864 2536 966 2570 aprilis,

232 2579 327 2616 pontif.
347 2585 402 2613 vni,
419 2583 446 2607 et
466 2580 522 2607 lnn.
541 2580 582 2607 xl!
599 2584 684 2608 const⁴
706 2580 748 2608 ed.
773 2587 903 2617 uncxclv,
924 2582 966 2609 die

235 2626 266 2652 w
287 2624 361 2657 maii,
381 2624 476 2660 pontif.
497 2631 535 2652 ni.

352 2678 431 2707 Ball.
452 2678 536 2706 Rom.
556 2693 590 2699 —-
615 2679 672 2709 Vol.
695 2679 769 2708 XIX.
915 2682 948 2710 77

1639 224 1701 258 ee),

1008 285 1188 324 tribnatnr3
1219 284 1263 316 ita
1295 288 1401 317 tamen
1435 284 1521 326 quod
1553 282 1577 316 si
1607 282 1740 325 aliquod

1007 340 1142 373 cadaver
1166 339 1203 371 ad
1230 339 1405 371 alterorum
1433 338 1602 371 ecelesiam
1633 338 1741 380 sepul-

1008 396 1095 424 turae
1120 391 1339 424 mandandum
1358 396 1516 434 portetur,
1539 390 1586 424 illi
1612 391 1645 423 in
1670 400 1745 434 pro·

1006 444 1076 486 pria
1101 445 1237 476 ecclesia
1257 445 1367 476 alteris
1385 444 1502 477 exteris
1527 443 1570 476 ibi
1594 454 1742 487 praesen-

1008 496 1092 528 tibus
1112 497 1362 539 praecedentiae
1380 497 1539 530 honorem
1560 498 1741 531 concedere

1007 548 1162 589 debeant3
1190 554 1219 582 et
1244 549 1334 588 alias,
1359 556 1456 593 prout
1479 550 1612 584 uberius
1637 551 1742 584 eonti-

1006 606 1101 633 netur
1125 602 1157 634 in
1183 602 1342 645 scriptura
1374 604 1516 646 desuper
1540 604 1661 646 vulgari
1687 604 1742 637 ita-

1006 654 1068 687 lico
1094 654 1244 688 idiomate
1269 656 1416 689 confecia
1457 657 1577 689 tenoris
1609 657 1664 701 qni
1696 667 1742 691 se-

1006 706 1126 749 quitur,
1152 708 1323 741 videlicet:

1048 759 1079 791 1.
1113 771 1125 790 α
1144 761 1181 792 Al
1207 770 1303 793 nome
1329 762 1380 794 del
1406 761 1554 804 Signore.
1592 763 1755 800 Essendo,
1774 760 1934 799 ,Crnwn'iom

1750 799 1814 817 initae
1838 795 1935 817 reserun-

1005 811 1127 845 insorla
1152 814 1207 846 lite
1233 819 1281 846 tra
1303 814 1394 856 padri
1422 815 1605 848 Osservanli
1631 826 1647 848 e
1665 816 1790 849 Con-tur-

1004 865 1143 898 rentnali
1170 866 1255 899 della
1279 867 1354 899 eiua
1379 867 1555 907 d'Isernia,
1575 869 1741 911 provincia

1004 918 1034 950 di
1063 919 1094 951 S.
1122 919 1257 961 Angelo,
1284 930 1343 962 per
1367 921 1396 953 la
1421 922 1622 963 precedenza
1652 923 1739 955 nelle

1003 972 1213 1014 processioni,
1235 973 1273 1005 ed
1300 974 1481 1007 essendone
1501 974 1606 1008 sortiti
1628 974 1739 1017 percio

1002 1024 1093 1057 molti
1129 1025 1293 1058 sconcerti
1329 1036 1389 1059 con
1426 1027 1654 1060 ammirazione
1688 1027 1740 1061 del

1002 1079 1110 1111 secolo
1128 1088 1145 1111 e
1163 1078 1321 1122 dissapori
1346 1079 1396 1112 de’
1408 1081 1556 1113 mod-erni
1573 1081 1737 1124 religiosi;

1002 1141 1061 1173 per
1078 1131 1204 1164 ovviare
1230 1142 1246 1164 a
1273 1131 1369 1165 simili
1391 1132 1643 1174 inconvenienti,
1665 1134 1741 1167 han-

1001 1194 1043 1216 no
1069 1184 1204 1218 risoluto
1239 1185 1260 1217 li
1293 1185 1385 1228 padri
1411 1187 1614 1228 procuratori
1641 1197 1740 1229 gene-

1003 1237 1059 1270 rali
1086 1238 1117 1270 di
1149 1238 1237 1270 dette
1268 1238 1330 1270 due
1363 1239 1515 1279 religioni
1546 1240 1659 1272 venire
1692 1240 1740 1273 fra

1002 1291 1031 1323 di
1050 1292 1118 1323 loro
1136 1292 1173 1324 ad
1192 1302 1235 1323 un
1258 1292 1457 1325 amichevole
1483 1293 1681 1326 concordate
1707 1293 1738 1325 di

1001 1344 1251 1376 un'alternativa
1275 1346 1412 1377 annuale
1431 1346 1463 1377 in
1480 1351 1649 1388 perpetuo,
1668 1346 1739 1379 eice

1001 1398 1061 1429 elie
1096 1397 1128 1430 in
1163 1403 1242 1430 tutte
1274 1399 1304 1430 le
1334 1399 1536 1441 processioni
1563 1399 1740 1441 pnbbliclie

1001 1451 1062 1483 elie
1082 1452 1121 1483 ,si
1161 1451 1268 1483 hanno
1305 1451 1345 1483 da
1379 1452 1445 1484 sare
1471 1453 1507 1483 in
1531 1453 1679 1494 futurum
1706 1453 1739 1485 in

1002 1504 1087 1536 delta
1112 1504 1199 1543 uitta,
1218 1514 1236 1536 o
1257 1504 1348 1537 siano
1374 1505 1405 1537 di
1432 1505 1564 1545 obbligo
1590 1516 1608 1537 o
1633 1505 1663 1537 di
1683 1505 1739 1538 de-

1002 1557 1144 1596 vozione,
1167 1557 1271 1589 debba
1296 1558 1472 1599 precedere
1498 1568 1539 1590 un
1567 1569 1651 1591 anno
1675 1569 1739 1591 una

1002 1610 1171 1652 religione,
1186 1622 1201 1643 e
1220 1621 1278 1653 per
1299 1621 1340 1644 un
1358 1612 1438 1644 altro
1464 1610 1575 1643 l’altra
1600 1613 1740 1645 alterna·

1002 1663 1186 1702 tirmnente,
1213 1663 1362 1696 andando
1400 1663 1617 1696 ciascliednna
1653 1669 1739 1698 sotto

1002 1717 1032 1748 la
1064 1715 1199 1758 propria
1231 1725 1324 1748 crece
1343 1742 1350 1755 ‚
1384 1726 1444 1748 con
1474 1722 1591 1759 questo
1631 1717 1739 1751 cheli

1002 1768 1093 1811 padri
1126 1768 1338 1801 Conventuali
1374 1769 1523 1802 (lebbano
1558 1770 1661 1812 prima
1694 1780 1741 1803 co-

1003 1821 1156 1854 minciare
1182 1821 1293 1854 l'anno
1311 1821 1397 1854 della
1422 1823 1492 1855 loro
1518 1823 1738 1865 precedenza;

1004 1876 1078 1917 qual
1104 1884 1188 1907 anno
1213 1874 1311 1906 derra
1335 1874 1534 1918 principiare
1554 1875 1605 1908 dal
1624 1876 1739 1918 giorno

1004 1928 1080 1960 delli
1102 1938 1186 1960 xxvii
1212 1927 1242 1959 di
1269 1928 1443 1961 settembre
1469 1928 1637 1961 dell'anno
1663 1939 1738 1962 cor-

1005 1986 1095 2013 renle
1120 1989 1306 2019 iinCLxxxiv‚
1333 1980 1376 2012 sin
1401 1980 1454 2013 all'
1473 1981 1589 2014 istesso
1623 1982 1740 2024 giorno

1005 2032 1171 2066 dell'anno
1193 2043 1358 2067 uochxxv
1379 2034 1558 2074 exclusivtq
1577 2036 1629 2068 nel
1647 2037 1741 2078 quale

1005 2086 1170 2119 dori-anno
1195 2086 1248 2129 poi
1275 2087 1472 2131 principiale
1505 2089 1535 2120 la
1568 2089 1636 2121 loro
1669 2098 1745 2130 pre·

1005 2140 1144 2172 cedenza
1170 2139 1189 2172 li
1217 2139 1306 2181 padri
1332 2139 1512 2173 Osservanti
1537 2151 1597 2183 per
1621 2152 1661 2173 un
1689 2152 1743 2173 an-

1006 2203 1046 2226 no
1072 2198 1284 2234 susseguenle
1315 2193 1401 2225 nella
1436 2194 1611 2227 mcdesima
1641 2194 1743 2227 forma

1007 2245 1161 2290 praticala
1185 2245 1235 2278 dai
1262 2245 1352 2288 padri
1378 2245 1606 2287 Conventuali3
1634 2257 1651 2280 e
1676 2248 1743 2280 cosi

1007 2299 1305 2331 altei-mlivan‘iente
1338 2308 1355 2331 e
1388 2299 1682 2333 successivaniente
1709 2301 1744 2332 in

1006 2353 1170 2396 futurum.

1052 2404 1083 2437 2.
1111 2405 1175 2437 Clie
1201 2406 1231 2438 lo
1257 2409 1359 2439 stesso
1380 2406 1495 2440 ordine
1514 2406 1545 2439 di
1562 2406 1744 2449 preceden-

1008 2469 1044 2491 za
1069 2458 1174 2491 deliba
1207 2458 1379 2491 osservarsi
1411 2469 1491 2492 anco
1524 2459 1747 2493 nell'assoeia-

1009 2512 1102 2544 zione
1137 2511 1342 2545 de'cadaveri
1378 2513 1440 2545 alla
1475 2512 1596 2553 chiesa,
1629 2523 1685 2545 ove
1717 2512 1744 2545 si

1010 2570 1144 2608 portano
1170 2564 1519 2608 processionalmente3
1546 2566 1585 2599 ed
1611 2565 1642 2597 in
1669 2575 1743 2598 caso

1010 2619 1070 2653 clio
1096 2619 1211 2653 alcuno
1244 2618 1269 2652 si
1299 2626 1447 2656 portasse
1480 2630 1497 2652 a
1529 2618 1682 2662 sepellire
1711 2617 1745 2651 in

1746 235 1795 260 Ar..
1813 232 1841 260 C.
1865 232 1930 260 1585
