2111 3157
1608 180 1671 213 (5:33
1717 190 1765 216 Au.
1787 187 1815 215 C„
1835 188 1900 215 1655

246 246 361 279 vantid
385 246 583 289 iniungitur,
609 255 645 278 ne
661 243 854 288 permittant
872 252 935 274 sae·
975 241 1203 274 saltationibus
1222 241 1439 284 episcoporum
1458 243 1486 271 et
1502 238 1707 281 reqularium

247 299 371 332 culares
399 298 528 341 ingredi
565 302 653 341 septa
690 296 830 329 coenobii
863 305 935 328 cum
975 295 1185 337 praepositae.
1212 294 1254 326 In
1278 303 1417 336 quotam
1440 291 1545 334 fidem,
1570 295 1627 323 etc.
1647 291 1708 323 Ro-

246 349 362 391 sclopz's
386 353 443 381 aut
467 349 577 388 armis,
603 348 652 381 vel
677 347 722 380 ibi
750 346 859 380 ludere
878 349 935 378 aul
977 357 1047 379 mae
1077 347 1137 379 hac
1165 346 1217 379 die
1251 357 1282 379 ix
1313 345 1440 388 augusti
1464 353 1640 380 MDCLxxxv.
1665 362 1709 367 ——

248 402 372 434 morari
394 401 485 434 ultra
508 405 569 434 {res
593 401 672 433 dies.
978 400 1011 432 B.
1038 400 1246 433 mammeas
1269 399 1470 432 secretarius.

1021 453 1034 495 g
1059 452 1089 484 2.
1116 451 1192 485 Cum
1218 458 1322 485 autem
1347 451 1438 491 sicut,
1465 452 1602 484 dilectus
1626 450 1711 483 filius

977 505 1172 538 Francescus
1202 505 1274 537 Diaz
1303 516 1320 537 a
1343 505 1374 537 S.
1402 505 1634 545 Bonaventura‚
1660 515 1712 537 ca-

976 557 1097 589 rissimi
1122 558 1155 590 in
1178 558 1304 591 Christo
1330 557 1386 591 filii
1411 558 1511 590 nostri
1535 557 1639 590 Caroli
1659 557 1712 590 lli-

16 204 66 229 Αιι.
87 201 115 227 C.
135 199 201 226 1085
802 194 1011 219 mummius
1034 195 1062 218 xi
1088 195 1136 217 rr.

1771 459 1904 480 Confirmatio

394 463 586 491 Innocentius
607 464 685 496 Papa
704 462 753 495 xl,
1722 486 1784 508 relati
1799 487 1885 508 affluo,

351 509 387 536 ad
406 509 539 535 futuram
554 508 598 535 rei
617 506 793 534 memoriam.

82 575 193 597 oneratum
246 563 305 607 §1-
321 562 487 595 Emanavit
499 558 576 595 alias
590 572 607 594 a
620 559 876 603 Congregatione
889 568 936 591 ve-

11 603 149 630 praedictum.

203 615 397 649 nerabilium
428 615 561 647 fratrum
587 619 774 646 nostrorum
798 611 828 644 S.
845 611 882 642 R.
898 611 933 643 E.

203 668 414 701 cardinalium
437 667 576 710 negotiis
597 671 633 699 et·
648 663 936 698 consultationibus

204 720 434 764 cpiscoporum
460 725 491 752 et
513 718 709 761 regularium
738 716 934 760 praeposita,

203 774 243 806 ad
268 773 538 817 supplicationem
563 777 637 803 tune
662 770 828 803 existentis
853 779 937 801 com-

202 825 339 858 missarii
356 824 516 867 generalis
533 824 639 857 curiae
659 822 786 856 Ordinis
804 823 936 854 fratrum

202 878 361 911 minorum
386 877 486 909 sancti
513 876 674 909 Francisci
701 876 739 909 de
764 875 936 908 Observan-

203 929 246 963 tia
269 935 541 972 nuncupatorum,
562 929 728 961 decretum
747 927 865 961 tenoris
884 927 936 970 qui

203 982 358 1026 sequitur,
375 981 545 1015 videlicet:
571 993 583 1012 a
602 981 696 1014 Sacra
720 980 936 1023 Congregatio

203 1034 531 1069 eminentissimorum
549 1040 580 1067 et
600 1034 937 1067 reverendissimorum

203 1089 414 1122 cardinalium
438 1088 576 1132 negotiis
600 1093 630 1121 et
647 1086 938 1120 consultationibus

204 1141 434 1185 episcoporum
458 1146 488 1174 et
522 1140 718 1184 regularium
743 1140 937 1183 praeposita,

202 1195 373 1238 religiosae
392 1194 492 1238 quieti
512 1199 543 1227 et
562 1193 785 1237 tranquillitati
808 1186 938 1225 flatrum

203 1247 331 1282 Ordinis
366 1247 526 1280 Minorum
565 1247 665 1280 sancti
703 1246 863 1279 Francisci
900 1246 939 1278 dc

204 1301 412 1335 Observantia
435 1301 576 1343 benigne
614 1300 798 1339 consulens,
834 1298 940 1330 iniun-

205 1354 345 1397 gendum
360 1353 497 1394 censuit,
516 1352 801 1396 proutpraesentis
819 1351 940 1384 decreti

206 1412 317 1440 tenore
341 1406 491 1450 iniungit,
509 1406 659 1439 omnihus
684 1411 716 1438 et
739 1405 875 1447 singulis
897 1404 943 1436 di-

205 1461 246 1495 cti
270 1459 397 1494 Ordinis
422 1459 658 1502 superioribus,
675 1458 938 1501 provincialibus,

204 1513 373 1553 localibus,
399 1522 573 1555 eorumque
599 1512 744 1553 subditis,
762 1512 818 1544 sub
837 1513 942 1555 poena

204 1565 397 1611 privationis
414 1564 594 1598 officiorum
611 1564 739 1597 Ordinis
756 1564 941 1597 immediate

205 1618 413 1657 incurrenda‚
443 1628 484 1650 ne
521 1618 588 1650 ullo
622 1627 764 1660 unquam
797 1623 941 1660 tempore

207 1671 321 1715 quovis
357 1675 526 1714 praetextu
561 1671 612 1703 vel
651 1669 797 1713 quaesito
834 1671 941 1702 colore

206 1724 397 1769 permittant
436 1728 489 1756 aut
524 1723 730 1756 consentiant
762 1724 942 1756 saeculares

207 1787 429 1821 quoscumque
454 1776 581 1819 ingredi
608 1781 700 1819 septa
717 1786 849 1809 suorum
868 1787 943 1809 con-

205 1835 357 1874 ventuum
382 1828 558 1862 deferendo
587 1839 646 1872 per
682 1829 794 1871 sylvas,
827 1829 941 1862 hortos

208 1888 241 1917 et
253 1881 360 1926 prata¹
378 1883 508 1925 sclopos
526 1882 565 1914 ad
581 1882 772 1920 venandum,
800 1882 863 1914 sive
882 1882 944 1914 alia

208 1945 369 1970 armorum
404 1945 532 1978 genera,
559 1935 607 1967 vel
634 1935 689 1967 illa
721 1935 806 1978 apud
829 1935 943 1967 fratres

208 1995 272 2023 tam
289 1988 473 2032 superiores
492 1999 586 2032 quam
606 1989 750 2021 subditos
768 1989 942 2031 deponere,

208 2042 396 2088 pariterque
438 2042 550 2075 ludere
575 2042 843 2085 quomodolibet
886 2053 944 2085 per

210 2097 350 2130 claustra
381 2094 508 2138 aliaque
533 2095 603 2128 loca
637 2095 766 2138 publica
795 2096 844 2128 vel
879 2095 944 2138 pri-

209 2154 282 2182 vata
305 2149 450 2192 ipsorum
477 2153 700 2187 conventuum,
728 2152 759 2180 et
776 2148 943 2181 convivere

210 2212 247 2236 ac
269 2206 462 2246 pernoctare
488 2201 521 2233 in
546 2200 592 2233 eis
617 2202 701 2234 ultra
718 2200 857 2233 triduum
881 2206 946 2234 tan-

209 2261 286 2294 tum,
301 2255 373 2299 piae
400 2254 627 2298 hospitalitatis
648 2254 756 2287 titulo:
771 2259 803 2287 et
822 2254 867 2286 sic
882 2265 946 2287 ser-

211 2308 278 2342 vari
303 2308 443 2341 mandat.
472 2307 541 2340 Non
563 2307 778 2347 obstantibus,
804 2312 864 2340 cte.
885 2307 946 2341 Ro-

211 2371 281 2395 mae
307 2372 316 2395 1
343 2361 523 2395 decembris
549 2370 707 2394 moctxnx
733 2372 763 2392 n.

254 2415 308 2448 Ιία
323 2415 485 2457 reperitur
501 2414 537 2446 in
556 2417 694 2457 reyestro
719 2413 945 2457 aullzoyraplto

213 2477 321 2501 sacrae
346 2467 614 2512 Conqreqationz's
648 2467 789 2510 neqociis
821 2471 849 2500 ει
873 2477 945 2500 con-

249 2541 261 2566 ¹
284 2538 320 2567 De
348 2524 433 2566 vineis
458 2541 485 2566 et
504 2538 587 2574 pratis
614 2536 747 2564 habendis
776 2537 829 2564 vid.
842 2525 945 2565 'Urba-

213 2584 241 2614 ni
254 2583 312 2613 vlu
327 2587 412 2611 const.
427 2583 471 2611 ed.
487 2589 600 2612 nncxxv.
620 2582 663 2610 die
678 2583 711 2610 20
725 2590 798 2618 nov.,
814 2586 888 2619 pont.
906 2589 944 2612 itt.

327 2639 406 2670 Bull.
422 2640 502 2669 Rom.
519 2654 554 2660 -
572 2640 631 2669 Vol.
649 2639 723 2667 ΧΙΧ.
777 2632 780 2633 ’
868 2640 902 2668 80

977 611 1161 653 spaniarum
1196 611 1281 653 regis
1314 611 1466 643 catholici
1503 611 1713 644 concionator

979 668 1010 696 et
1035 664 1220 705 theologus,
1247 674 1283 696 ac
1305 674 1366 706 pro
1399 665 1637 696 ultramontana
1669 665 1713 696 sa-

978 716 1065 749 milia
1090 716 1224 748 fratrum
1254 716 1330 748 dicti
1361 716 1488 748 Ordinis
1514 717 1545 748 in
1571 716 1714 749 Romana

978 768 1070 801 Curia
1094 768 1403 801 vicecommissarius
1424 768 1595 810 generalis,
1617 769 1712 801 nobis

978 830 1081 863 nuper
1105 820 1223 863 exponi
1248 820 1336 859 fecit,
1363 820 1434 862 ipse
1460 821 1624 853 decretum
1657 822 1715 853 hu-

978 873 1129 913 iusmodi,
1161 883 1223 916 quo
1259 872 1381 905 firmius
1416 873 1568 905 subsistat
1592 879 1624 905 et
1647 884 1710 906 ser-

979 933 1070 960 vetur
1094 926 1246 967 exactius,
1274 927 1467 970 apostolicae
1498 927 1716 960 confirmatio-

980 980 1029 1013 nis
1055 985 1183 1013 nostrae
1207 980 1388 1023 patrocinio
1421 980 1612 1012 communiri
1645 981 1716 1023 plu-

981 1035 1098 1067 rimum
1123 1034 1305 1066 desideret:
1332 1044 1401 1073 nos,
1426 1032 1528 1076 ipsius
1552 1033 1717 1066 Francisci

982 1086 1261 1120 vicecommissarii
1286 1086 1447 1128 generalis
1483 1086 1563 1118 votis
1588 1086 1649 1118 hac
1683 1087 1716 1118 in

982 1152 1027 1180 re,
1041 1146 1195 1183 quantum
1219 1151 1291 1173 cum
1316 1141 1452 1173 Domino
1467 1151 1650 1183 possumus,
1674 1141 1718 1172 sa-

980 1194 1168 1228 vorabiliter
1202 1204 1346 1226 annuere
1380 1195 1544 1232 volentes,
1575 1203 1717 1236 eumque

982 1246 1188 1289 a‚quibusvis
1212 1245 1566 1284 excommunicationis,
1583 1255 1718 1288 suspen-

983 1299 1084 1332 sionis
1110 1304 1141 1331 et
1166 1299 1339 1337 interdicti,
1361 1298 1500 1341 aliisque
1526 1297 1720 1330 ecclesiasti-

983 1351 1027 1384 cis
1053 1351 1236 1390 sententiis,
1253 1351 1396 1383 censuris
1421 1356 1453 1382 et
1470 1350 1594 1392 poeuis,
1614 1360 1630 1382 a
1649 1350 1718 1382 iure

983 1406 1031 1437 vel
1067 1405 1106 1436 ab
1143 1403 1286 1442 homine,
1322 1402 1430 1445 quavis
1465 1402 1633 1435 occasione
1669 1404 1720 1436 vel

985 1459 1078 1490 causa
1102 1457 1185 1497 latis,
1212 1457 1239 1488 si
1264 1456 1381 1499 quibus
1408 1455 1654 1497 quomodolibet
1677 1455 1721 1487 in—

985 1511 1121 1544 nodatus
1162 1508 1280 1549 existit,
1314 1509 1353 1541 ad
1393 1507 1541 1541 ell'ectum
1565 1517 1721 1551 praesen-

985 1565 1064 1597 tium
1096 1565 1259 1597 dumtaxat
1288 1562 1568 1605 consequendum,
1605 1562 1720 1593 harum

985 1618 1067 1651 serie
1087 1617 1292 1650 absolventes
1312 1621 1343 1648 et
1360 1616 1542 1648 absolutum
1560 1614 1628 1648 sore
1649 1625 1723 1647 cen-

985 1676 1111 1709 sentes,
1145 1668 1437 1713 supplicationibus
1478 1668 1547 1700 cius
1589 1666 1722 1701 nomine

986 1724 1078 1757 nobis
1103 1733 1203 1766 super
1227 1723 1289 1755 hoc
1314 1721 1482 1754 humiliter
1498 1720 1658 1764 porrectis
1677 1720 1724 1752 in-

985 1777 1104 1817 clinati,
1132 1777 1298 1809 decretum
1323 1773 1724 1818 praeinsertum,auctori-

987 1837 1048 1865 tate
1073 1830 1258 1875 apostolica,
1286 1834 1396 1862 tenore
1420 1827 1649 1871 praesentium,
1669 1837 1724 1869 ap·

986 1885 1157 1928 probamus
1178 1888 1209 1915 et
1228 1881 1464 1920 confirmamus,
1486 1880 1598 1923 illique
1624 1880 1724 1912 invio-

986 1937 1091 1971 labilis
1115 1935 1310 1979 apostolicae
1335 1933 1494 1966 firmitatis
1519 1933 1619 1965 robur
1643 1932 1724 1965 adii-

987 1991 1102 2030 cimus;
1121 1990 1206 2022 salva
1221 1994 1328 2021 tamen
1343 1996 1471 2030 semper
1489 1986 1520 2018 in
1541 1985 1724 2029 praemissis

987 2043 1176 2076 auctoritate
1216 2044 1414 2074 memoratae
1454 2037 1743 2082 Congregationis

987 2096 1213 2129 cardinalium.

1031 2150 1045 2193 ᾗ
1069 2149 1100 2182 3.
1127 2149 1346 2181 Decernentes
1376 2146 1505 2180 easdem
1531 2149 1723 2189 praesentes

988 2203 1110 2237 litteras
1125 2211 1256 2244 semper
1270 2200 1390 2239 firmas,
1406 2198 1724 2232 validasetefficaces

989 2256 1129 2289 existere
1155 2260 1187 2288 et
1203 2254 1281 2294 sore,
1300 2263 1437 2296 suosque
1451 2251 1616 2295 plenarios
1634 2251 1726 2284 etin·
1747 2242 1755 2248 ¹

989 2315 1097 2352 tegros
1123 2307 1255 2341 effectus
1290 2306 1396 2339 sortiri
1427 2310 1459 2338 et
1483 2304 1655 2343 obtinere,
1689 2314 1726 2337 ac

988 2364 1027 2396 ab
1053 2362 1124 2401 illis,
1144 2361 1182 2394 ad
1204 2370 1283 2404 quos
1308 2363 1432 2402 spectat
1452 2362 1483 2391 et
1499 2368 1558 2401 pro
1581 2363 1727 2400 ternpore

988 2415 1155 2459 spectabit,
1172 2412 1403 2446 inviolabiliter
1421 2411 1594 2450 observari,
1615 2410 1727 2453 sicque

987 2469 1020 2502 in
1050 2467 1235 2512 praemissis
1272 2477 1332 2509 per
1356 2475 1578 2509 quoscumque
1603 2463 1728 2496 iudices

988 2521 1170 2556 ordinarios
1195 2524 1226 2553 et
1243 2520 1419 2561 delegatos,
1442 2517 1538 2550 etiam
1561 2526 1729 2549 causarum

987 2572 1098 2619 palatii
1124 2571 1295 2616 apostolici
1321 2570 1504 2605 auditores.
1531 2567 1670 2603 iudicari
1696 2572 1729 2602 et

1761 2150 1880 2173 clausulae.
