2111 3157
16 203 64 230 An.
80 202 108 229 C.
131 201 198 228 1680

186 239 375 280 ‘dominicam
405 258 434 279 et
465 249 670 279 salutationem
698 249 857 288 angelicam
884 250 936 279 tri-

200 297 279 336 ginta
300 298 423 336 vicibus,
447 302 556 337 septem
578 299 613 329 ad
635 298 774 336 Primam,
796 298 933 335 Tertiam,

200 345 328 385 Senam,
344 346 454 376 Nonam
469 351 497 376 et
508 347 732 386 Completorium
745 355 797 385 pro
808 345 936 385 qualibet

201 394 290 432 hortu
313 395 349 424 ad
364 395 503 434 Vesperas
526 395 689 425 duodecim.
713 395 872 433 Deputetur
893 393 935 423 eis

201 443 360 474 monachus
388 452 464 473 unus
496 443 623 482 prudens
652 452 685 472 ac
713 446 862 480 maturuS‚
886 442 935 480 qui

202 500 251 521 eos
271 491 397 521 instruat
419 491 448 521 in
471 491 516 520 via
536 491 717 520 obedientiae
739 494 767 520 et
789 490 936 519 humilita-

201 540 255 577 tis,
279 540 436 578 doceatque
458 539 618 569 doctrinam
635 538 836 576 christianam,
854 547 935 577 prae-

202 593 286 627 cepta
306 588 480 625 evangelica,
501 587 629 625 regulam
652 590 680 616 et
701 586 933 624 constitutiones,

202 645 235 665 ac
256 636 372 665 modum
393 635 570 665 inserviendi
586 635 682 665 missis
697 634 800 665 decore
822 643 855 664 ac
870 643 935 672 gra-

201 684 289 714 vitate
310 693 365 723 qua
386 683 469 713 decet
483 684 502 712 ¹.

240 741 289 762 xx.
312 732 463 762 Praeterea
479 732 574 762 ultimi
590 732 748 762 secundum
771 741 838 761 suos
860 731 935 761 ordi-

201 789 253 811 nes
274 784 352 811 stent
381 779 488 819 ubique
518 784 581 819 post
610 780 775 810 monachos.
806 780 837 809 In
863 780 935 810 rese—

201 829 293 859 ctorio
314 832 409 858 autem
432 828 582 858 comedant
600 829 630 858 in
652 828 776 868 quadam
798 829 897 857 mensa
919 837 934 857 a

201 877 352 907 monachis
370 878 513 916 separata.
533 877 705 907 Attendatur
722 877 808 907 etiam
824 886 860 906 ne
875 877 936 907 die-

201 926 255 956 bus
282 926 362 956 sestis
390 930 492 956 vacent
519 926 595 963 otio,
619 926 669 956 sed
690 936 704 955 a
728 926 854 965 praefato
876 935 936 955 mo-

201 975 294 1004 nacho
309 975 381 1014 ipsis
397 975 532 1013 deputato
551 979 711 1013 exponatur
729 974 770 1003 eis
793 983 844 1013 pro
859 974 935 1013 ipsc-

200 1032 265 1052 rum
287 1027 371 1062 captu
393 1023 512 1052 verbnm
535 1023 594 1052 Dei.

241 1079 310 1100 xxu.
340 1070 513 1101 Ordinamus
541 1071 649 1109 etiam,
673 1071 749 1110 quod
779 1071 813 1100 dc
839 1075 935 1100 cetero

202 1118 276 1148 nulli
306 1118 528 1147 commissorum
560 1123 723 1148 nostrorum
752 1119 935 1157 permittatur

202 1165 314 1195 litteras
335 1165 494 1202 addiscere,
518 1175 611 1205 neque
634 1166 662 1195 in
685 1166 823 1195 clericum
845 1166 935 1204 recipi

203 1214 324 1252 possint.
348 1213 401 1249 Qui
424 1224 491 1243 vero
514 1214 610 1252 legere
633 1214 740 1250 sciunt,
763 1223 829 1243 cum
847 1214 936 1243 licen-

203 1261 242 1291 tia
264 1262 447 1301 superiorum
469 1271 587 1291 suorum
610 1262 649 1291 ita
673 1262 769 1300 legant
794 1266 824 1291 ut
846 1262 935 1291 ceteri

203 1320 262 1340 non
285 1315 480 1350 provocentur
502 1315 530 1339 et
551 1310 663 1340 oriatur
686 1310 866 1340 scandalum.

244 1367 324 1388 xxm.
349 1358 444 1389 Oblati
467 1367 524 1387 non
547 1358 739 1397 recipiantur,
759 1358 816 1387 nisi
831 1358 865 1387 ad
881 1359 936 1387 sor-

204 1416 281 1436 mam
298 1407 382 1445 iuris,
407 1411 438 1437 ut
461 1407 605 1445 gaudeant
628 1408 735 1437 nostris
758 1407 933 1446 privilegiiS,

204 1456 398 1486 confiteantur
416 1460 444 1486 et
459 1456 676 1486 communicent
694 1456 824 1495 quolibet
845 1457 937 1486 domi-

204 1504 270 1534 nico
291 1504 348 1542 die,
372 1508 456 1543 prout
478 1504 615 1534 statuitur
631 1514 717 1543 supra
733 1505 762 1534 in
778 1514 842 1543 cap.
859 1514 935 1542 xrvr,

204 1561 286 1582 num.
309 1561 349 1582 111.
373 1552 507 1590 Assignet
529 1556 625 1582 autem
647 1553 689 1582 cis
715 1552 802 1583 abbas
825 1554 934 1590 locum,

205 1601 365 1631 secundum
382 1610 571 1640 personarum
587 1602 793 1639 conditionem,
807 1606 836 1630 et
852 1607 938 1640 prout

206 1649 269 1679 eius
291 1649 427 1688 prudenti
448 1649 567 1679 arbitrio
590 1649 747 1679 videbitur.

245 1707 323 1727 xxiv.
347 1698 403 1737 Ipsi
427 1707 493 1728 vero
509 1697 608 1736 oblati,
628 1698 651 1727 si
667 1703 734 1728 sunt
750 1698 879 1736 litterati,
897 1698 938 1728 di-

206 1751 274 1776 cant
295 1747 422 1776 osticium
445 1747 479 1776 de
501 1746 638 1784 Domina,
663 1751 691 1776 et
713 1747 841 1777 osticium
864 1756 939 1777 mor-

207 1799 334 1833 tuorum,
358 1804 471 1824 necnon
494 1795 651 1834 aliquando
673 1800 783 1834 septem
812 1795 939 1834 psalmos
958 1806 960 1816 ι

207 1843 429 1882 poenitentiales
458 1852 523 1872 cum
547 1843 654 1872 litaniis
676 1843 834 1873 secundum
857 1852 938 1872 suam

207 1891 404 1928 devotionem3
421 1891 466 1920 sin
482 1895 589 1928 autem,
607 1900 696 1930 penso
711 1891 853 1930 spirituali
869 1901 939 1930 quo-

207 1939 315 1969 tidiano
337 1939 527 1976 satisfaciant,
551 1939 624 1969 sicut
648 1939 806 1976 commissi,
824 1940 867 1969 vel
883 1940 938 1969 sal-

207 1992 265 2017 tem
287 1988 414 2027 quotidie
436 1988 558 2017 recitent
573 1988 683 2026 Virgini
707 1988 864 2026 precariam
881 1998 941 2018 ma-

207 2035 298 2065 iorem
323 2045 472 2065 eoronam.

247 2092 314 2112 xxv.
340 2084 496 2113 Hortamur
518 2084 638 2123 insuper
662 2084 803 2123 praelatos
834 2089 861 2114 et
884 2085 941 2114 cel-

208 2131 341 2169 lerarios,
362 2136 393 2162 ut
410 2142 475 2161 cum
491 2132 684 2162 sollicitudine
703 2132 832 2162 moribus
847 2133 940 2163 samu-

208 2179 304 2210 lorum
327 2180 356 2210 in
380 2181 564 2210 monasteriis
586 2181 752 2218 degentium
775 2181 938 2219 intendant,

209 2238 262 2258 nec
284 2229 360 2258 vitiis
383 2228 493 2258 deditos
515 2229 891 2269 sustineant,.curentque,
909 2234 941 2260 ut

209 2276 310 2306 saltem
333 2281 376 2306 ter
398 2277 427 2306 in
450 2286 537 2313 anno,
555 2281 718 2315 computato
736 2277 885 2315 Paschate,
905 2279 940 2308 ad

209 2328 423 2354 sacramentum
435 2324 630 2354 Poenitentiae
642 2329 670 2354 et
682 2325 880 2355 sanctissimae
888 2326 941 2356 Eu-

211 2372 364 2402 charistiae
379 2372 527 2402 accedant,
545 2372 702 2402 Couversos
715 2376 810 2402 autem
822 2373 852 2402 in
866 2374 941 2403 Con-

211 2421 377 2459 gregatione
399 2422 497 2451 nostra
520 2421 644 2459 amplius
666 2429 723 2450 non
746 2421 915 2460 recipimus.

247 2487 258 2512 1
277 2486 367 2517 Quoad
382 2491 443 2513 vota
457 2486 589 2521 simplicia
603 2486 714 2513 fratrum
726 2487 939 2521 commissorum,

212 2530 245 2556 de
259 2530 356 2565 quibus
370 2531 396 2557 in
411 2531 460 2558 hoc
475 2540 548 2557 uum.
566 2539 612 2563 xx,
631 2531 690 2557 vide
705 2531 786 2557 etiam
802 2532 892 2558 Gonst.
908 2538 941 2558 Di.

211 2574 351 2602 Alexandri
366 2574 421 2609 Vll,
437 2578 502 2601 tom.
519 2581 583 2606 xm,
600 2582 660 2609 pag.
677 2574 728 2601 465
744 2575 780 2609 (a.
797 2575 844 2608 T.).

298 2628 394 2657 diull.
411 2628 493 2654 Rom.
506 2643 538 2646 —
561 2627 618 2653 l'ol.
637 2628 710 2653 XIX.
872 2627 905 2654 42

777 201 988 226 INNOCENTIUS
1011 204 1040 226 XI
1065 204 1113 226 Pr.

1610 191 1673 223 399
1720 199 1768 227 Αη.
1789 199 1817 227 C.
1837 199 1904 226 1680

977 250 1072 280 CAPUT
1088 249 1155 279 LIX.
1170 266 1208 272 —
1223 249 1262 279 De
1276 249 1342 288 filiis
1357 248 1486 278 nobilium
1504 247 1544 277 vel
1558 256 1712 287 pauperum

1227 298 1274 336 qui
1296 298 1460 336 offeruntur.

1020 356 1052 389 Si
1069 356 1141 399 quis
1158 356 1240 389 sorte
1258 356 1296 389 de
1314 354 1477 388 nobilibus
1498 353 1590 388 oss‘ert
1609 353 1711 388 filiuni
1738 364 1779 394 >oe
1795 366 1856 386 modo
1874 372 1906 386 m.

977 419 1068 441 suum
1098 409 1163 441 Deo
1194 409 1227 441 in
1257 407 1478 447 monasterio,
1505 408 1551 450 (a)
1585 407 1611 440 si
1643 393 1906 451 ipse{U’fflil‘s'tul'rt‘n't't

976 471 1057 504 puer
1080 460 1198 493 minori
1229 466 1332 493 aetate
1364 463 1433 500 est,
1459 465 1609 503 parentes
1643 460 1711 493 eius
1724 448 1831 491 fflifflllll'
1865 451 1907 491 3¹1?ss

977 513 1093 546 saciant
1109 513 1311 556 petitionem,
1329 524 1424 556 quam
1444 524 1542 557 supra
1563 498 1907 553 diximus,ir’ssffir'25i’ss111'1'1't‘1'1]

977 570 1008 598 et
1032 576 1105 599 eum
1130 566 1292 598 oblatione
1328 566 1432 608 ipsam
1464 566 1655 609 petitionem
1681 556 1741 599 et⁵¹
1757 551 1827 572 'mm'

976 629 1105 651 manum
1130 618 1221 661 pueri
1246 618 1409 651 involvant
1433 619 1465 650 in
1483 620 1568 661 palla
1587 620 1710 660 altaris,

977 676 1008 704 et
1043 671 1088 704 sie
1123 681 1195 704 eum
1229 669 1376 703 offerant.
1406 671 1449 703 De
1475 671 1572 703 rebus
1608 677 1712 704 autem

977 724 1041 756 suis
1073 726 1125 756 aut
1148 723 1181 755 in
1205 722 1370 765 praesenti
1395 722 1553 765 petitione
1577 723 1714 766 promit-

977 781 1045 809 tant
1083 776 1143 808 sub
1186 774 1395 807 iureiurando
1435 775 1509 817 quia
1549 785 1713 818 nunquam

977 839 1034 872 per
1057 839 1101 869 se,
1127 837 1290 870 nunquam
1315 836 1373 869 per
1398 831 1579 869 suspectam
1603 837 1715 870 perso-

976 893 1061 922 nam,
1087 891 1146 913 nec
1168 880 1316 923 quolibet
1339 879 1457 919 modo,
1484 879 1513 911 ei
1539 878 1714 921 aliquando

977 934 1098 976 aliquid
1129 933 1218 972 dent,
1251 937 1304 964 aut
1337 931 1480 964 tribuant
1510 931 1715 964 occasionem

978 986 1129 1025 habendi,
1155 986 1205 1018 vel
1231 990 1329 1024 certe,
1348 984 1374 1017 si
1396 985 1459 1017 lioc
1477 985 1582 1017 facere
1608 985 1716 1017 nolue-

978 1039 1051 1079 rint,
1074 1044 1104 1071 et
1121 1037 1244 1081 aliquid
1262 1037 1377 1070 offerre
1398 1037 1559 1070 voluerint
1586 1036 1618 1069 in
1637 1038 1716 1070 elee-

978 1102 1145 1135 mosynam
1170 1091 1368 1123 monasterio
1392 1100 1451 1132 pro
1476 1090 1627 1122 mercede
1646 1091 1713 1128 sua,

978 1146 1093 1178 saciant
1111 1156 1146 1177 ex
1169 1145 1275 1182 rebus,
1293 1154 1373 1186 quas
1400 1144 1476 1176 dare
1501 1144 1621 1182 volunt,
1647 1153 1717 1175 mo-

978 1198 1117 1230 nasterio
1142 1197 1363 1236 donationem,
1390 1200 1556 1228 reservato
1581 1195 1641 1227 sibi
1666 1195 1715 1237 (sr

978 1251 1021 1282 ita
1045 1249 1226 1290 voluerint)
1252 1247 1500 1280 usufructuario.
1537 1249 1640 1290 Atque
1673 1248 1717 1280 ita

978 1303 1086 1335 onmia
1104 1302 1324 1340 obstruantur,
1344 1305 1380 1332 ut
1395 1301 1483 1332 nulla
1508 1300 1649 1343 suspicio
1667 1311 1717 1333 re-

978 1360 1107 1388 mancat
1130 1365 1242 1398 puero,
1267 1364 1326 1397 per
1351 1364 1444 1397 quam
1474 1354 1627 1396 deceptus
1659 1364 1717 1396 per

980 1409 1043 1440 rire
1069 1408 1169 1451 possit
1198 1407 1309 1450 (quod
1335 1406 1455 1449 absit),
1482 1406 1567 1449 quod
1593 1405 1718 1448 experi-

980 1465 1088 1493 mento
1103 1459 1285 1492 didicimus.
1302 1458 1456 1491 Similiter
1469 1463 1574 1490 autem
1592 1463 1624 1490 ct
1643 1453 1718 1500 pau-

980 1514 1124 1556 periores
1149 1512 1277 1545 saciant.
1297 1511 1352 1549 Qui
1379 1522 1454 1543 vcro
1480 1521 1515 1543 ex
1542 1515 1608 1543 toto
1633 1510 1716 1543 nihil

957 1582 959 1598 ι
981 1566 1132 1605 habeant,
1157 1565 1349 1608 simpliciter
1373 1564 1564 1607 petitionem
1589 1563 1716 1604 saciant,

982 1624 1011 1651 ct
1036 1629 1107 1650 cum
1133 1617 1296 1650 oblatione
1324 1616 1460 1649 ell'erant
1488 1616 1589 1649 filium
1622 1626 1716 1648 suuni

981 1682 1089 1704 coram
1116 1671 1262 1703 testibus.

1252 1734 1447 1756 θειῑωῃΑτιο.

1020 1781 1061 1819 (a)
1085 1790 1103 1809 1.
1128 1779 1158 1809 Si
1181 1780 1321 1819 ipsepuzfr
1344 1779 1444 1808 minori
1466 1782 1551 1807 aelate
1581 1782 1628 1807 est.
1661 1778 1717 1807 llu-

982 1830 1105 1860 iusmodi
1128 1838 1232 1868 pueros
1254 1828 1374 1858 minoris
1390 1827 1490 1857 aetatis
1506 1827 1673 1856 nullatcnus
1687 1827 1717 1856 in

981 1877 1207 1916 Congregationc
1229 1877 1397 1915 recipimus,
1415 1880 1443 1905 ut
1461 1884 1548 1914 supra
1565 1875 1593 1904 in
1616 1885 1641 1904 c.
1660 1884 1717 1903 xxx

983 1927 1020 1955 De
1042 1927 1136 1965 pueris
1159 1926 1259 1954 ηιῖηονὶ
1281 1929 1377 1953 aetate.

994 1987 1090 2018 Cari-r
1114 1986 1167 2016 Lx.
1188 2003 1210 2006 W
1241 1985 1278 2014 De
1296 1986 1476 2014 sacerdolibus
1498 1986 1545 2024 qui
1568 1984 1702 2014 voluerint

1168 2035 1197 2063 in.
1219 2034 1379 2062 mommio
1402 2033 1532 2062 liubilare.

1027 2093 1073 2135 (ιι)
1099 2092 1129 2124 Si
1156 2091 1228 2134 quis
1253 2091 1291 2123 de
1317 2091 1431 2123 ordine
1457 2091 1660 2123 sacerdotum
1686 2091 1911 2144 511„Dbj¹}¹⁰·¹⁰ffs⁰·

982 2144 1180 2178 monasterio
1216 2154 1248 2176 se
1285 2144 1405 2185 suscipi
1441 2143 1615 2185 rogaverit,
1652 2130 1912 2187 ηοῃῧιυιῗῖεωνζιυιςὶῗιᾞζῖἶ

983 2199 1112 2241 quidem
1138 2198 1166 2229 ci
1192 2196 1285 2228 citius
1307 2196 1510 2228 assentiatur.
1536 2196 1667 2236 Tamen,
1693 2180 1912 2240 sicc'iiZ'-⁹32¹¹ssff·=iif¹r¹d

983 2250 1116 2283 omnino
1131 2249 1312 2292 perstiterit
1329 2248 1360 2280 in
1376 2248 1435 2280 hac
1452 2248 1620 2291 petitione,
1638 2236 1760 2282 sciatffi
1776 2231 1899 2253 desmfflm'

983 2314 1015 2335 se
1041 2312 1171 2335 omnem
1195 2302 1326 2343 regulae
1352 2300 1558 2343 disciplinam
1576 2307 1720 2334 servatu-

983 2366 1065 2388 rum.
1093 2354 1157 2386 Nec
1181 2353 1303 2396 aliquid
1330 2352 1358 2385 ei
1383 2353 1591 2394 relaxabitur,
1618 2359 1654 2386 ut
1679 2355 1720 2387 sit

983 2408 1065 2441 sicut
1089 2407 1245 2449 scriptum
1271 2411 1334 2438 est:
1359 2406 1482 2446 Amice,
1502 2406 1545 2438 acl
1569 2407 1652 2450 quid
1675 2418 1719 2440 ve-

984 2460 1089 2492 nisli?
1113 2458 1315 2491 Concedatur
1339 2458 1368 2490 ci
1398 2463 1502 2491 tamen
1526 2464 1599 2501 post
1623 2459 1719 2492 abba-

985 2518 1047 2546 tem
1081 2518 1166 2545 stare
1199 2517 1230 2544 et
1262 2511 1458 2544 benedicere
1496 2517 1549 2545 aut
1587 2512 1718 2545 missam

985 2571 1102 2607 tencre,
1128 2565 1154 2598 si
1180 2570 1285 2598 tamen
1310 2565 1440 2598 iusserit
1464 2565 1493 2599 ei
1517 2565 1627 2599 abbas.
1663 2565 1718 2599 Sin
