2111 3157
155 226 203 252 An.
221 224 252 252 e.
271 223 337 252 1636
383 215 447 249 07ss

349 273 472 314 bulum,
492 276 523 305 et
539 271 661 315 pariter
686 271 763 303 duas
789 269 999 302 domunculas
1014 278 1086 300 con-

350 337 449 360 nexas
479 327 576 359 horto
602 330 633 358 et
657 323 830 363 viridario,
858 333 930 356 cum
962 321 1085 355 duobus

352 379 459 412 divisis
492 377 748 421 appartamentis
781 381 867 408 retro
901 376 1030 408 domum
1056 378 1087 406 et

351 431 521 465 ecclesiam
546 430 576 463 S.
598 430 705 463 Gallae
731 428 927 467 huiusmodi,
951 433 983 461 et
1008 427 1086 460 hor-

352 490 416 516 tum
443 489 474 516 et
497 483 693 522 viridarium,
712 483 749 515 ad
772 482 860 526 ipsos
885 481 1022 515 clericos
1041 491 1086 513 re-

351 538 477 578 gulares
502 536 646 579 legitime
672 536 850 578 spectantia
872 540 903 568 et
921 533 1087 578 pertinen-

351 589 402 629 tia,
429 596 460 622 et
484 589 570 621 iuxta
595 600 670 621 suos
687 594 781 622 notos
799 594 831 621 et
855 595 931 622 tunc
958 597 1088 630 expres-

352 654 404 676 sos
423 642 502 675 sines
520 642 637 686 posita,
653 647 728 674 tunc
752 642 784 675 in
810 641 962 674 humanis
980 639 1087 682 agenti

350 696 461 729 Annae
487 695 638 728 Moronae
668 695 842 735 Romanae,
862 694 964 737 pretio
991 693 1085 725 trium

352 748 489 781 millium
515 747 768 791 quingentorum
787 752 954 780 scutorum
979 755 1090 778 mone-

351 806 402 833 tae
427 810 580 833 romanae
597 827 604 840 ,
631 799 663 832 in
690 799 919 832 extinctionem
945 803 991 831 tot
1015 807 1089 831 cen-

352 864 445 886 suum
479 853 700 896 passivorum,
728 852 845 895 quibus
882 851 944 894 ipsi
978 850 1087 884 clerici

352 907 519 950 regulares
537 906 655 948 gravati
675 910 779 945 erant,
800 910 831 938 et
849 905 935 945 alias,
957 914 1090 937 conver-

353 960 461 1000 tendo,
487 959 716 1000 vendiderunt,
745 960 830 992 salva
856 964 961 991 tamen
988 963 1019 990 et
1038 967 1088 989 re-

354 1015 480 1046 servata
499 1013 591 1045 dictis
611 1012 737 1045 clericis
753 1011 959 1055 regularibus
977 1021 1090 1054 supra-

354 1066 438 1098 dicta
463 1064 600 1098 ecclesia
624 1064 655 1097 S.
679 1064 797 1105 Gallae,
817 1074 899 1107 quae
925 1064 957 1096 in
983 1063 1090 1096 huius-

353 1119 441 1153 modi
472 1119 660 1152 venditione
693 1118 933 1161 comprehensa
957 1116 1089 1149 minime

354 1178 451 1213 esset,
476 1183 535 1205 nec
560 1182 632 1204 esse
658 1176 864 1211 censeretur,
892 1181 927 1203 ac
945 1180 1017 1202 cum
1035 1180 1090 1213 pa-

354 1231 403 1258 cto
427 1235 483 1257 seu
508 1224 744 1264 conventione,
772 1224 872 1267 quod,
898 1223 923 1255 si
950 1228 982 1255 et
1013 1233 1090 1266 quo-

354 1278 554 1321 tiescumque
577 1277 661 1310 dicta
680 1277 771 1309 Anna
789 1276 928 1319 emptrix
945 1276 1042 1308 vellet
1059 1275 1090 1307 in

354 1342 387 1364 se
413 1337 443 1364 et
468 1342 566 1374 supra
591 1342 623 1364 se
649 1341 813 1363 assumere
839 1330 1016 1373 praefatam
1041 1339 1091 1361 ee-

355 1384 484 1417 clesiam
506 1384 537 1417 S.
558 1383 675 1423 Gallae,
698 1384 869 1426 impetrata
890 1383 978 1426 prius
996 1382 1091 1414 lieen-

354 1437 399 1471 tia
424 1443 455 1470 et
478 1437 685 1480 beneplacito
710 1436 801 1469 Sedis
826 1435 1033 1479 Apostolieae
1060 1440 1091 1466 et

355 1490 557 1534 superiorum
581 1490 886 1529 ecclesiastieorum,
908 1489 1092 1532 ipsiusAn-

354 1553 414 1576 nae
439 1543 630 1586 sumptibus,
652 1545 726 1575 cura
744 1547 773 1575 et
800 1541 953 1585 impensis
970 1541 1003 1573 in
1025 1552 1091 1573 om-

354 1596 450 1630 nibus
475 1601 506 1628 et
531 1606 590 1639 per
614 1596 734 1635 omnia,
758 1595 811 1627 tali
834 1605 909 1628 casu
934 1594 1010 1627 dicti
1031 1594 1091 1626 cle-

355 1649 413 1682 rici
440 1650 606 1691 regulares
644 1653 836 1680 tenerentur
871 1657 970 1690 super
998 1657 1090 1690 prae-

354 1702 462 1736 missis
489 1702 564 1734 dare
595 1706 627 1733 et
658 1706 823 1744 praestare
851 1709 1089 1743 quemcumque

355 1765 553 1789 consensum
579 1760 610 1787 et
634 1764 801 1787 assensum
821 1754 964 1796 desuper
980 1763 1090 1786 neces-

333 1809 475 1842 sarium
510 1813 542 1841 et
571 1813 816 1851 opportunum,
855 1812 953 1850 prout
989 1806 1091 1839 dictus

356 1866 545 1905 procurator
559 1861 786 1904 procuratorio
804 1860 945 1900 nomine,
962 1870 997 1892 ex
1018 1865 1091 1892 tunc

355 1920 454 1958 prout
486 1919 518 1946 et
548 1914 677 1957 quando
707 1914 827 1946 dictum
852 1913 1090 1957 beneplacitum

356 1967 568 2011 apostolicum
587 1966 793 2010 impetratum
813 1966 936 2007 suisset,
962 1976 1092 1999 consen-

356 2031 425 2054 sum
450 2021 573 2064 pariter
597 2025 628 2053 et
653 2030 820 2053 assensum
840 2020 1023 2053 huiusmodi
1043 2020 1092 2052 de-

358 2074 404 2107 dit
427 2079 459 2106 et
484 2073 664 2116 praestitit,
684 2078 715 2105 et
735 2073 767 2105 in
792 2073 852 2106 isto
879 2084 953 2106 casu
979 2072 1090 2106 eadem

357 2128 450 2161 Anna
479 2127 591 2171 suique
623 2137 824 2160 successores
850 2132 1040 2160 tenerentur
1062 2131 1093 2159 et

358 2181 491 2224 obligati
518 2187 647 2221 essent,
672 2186 769 2224 prout
806 2181 875 2224 ipsa
902 2181 993 2212 Anna
1018 2190 1092 2222 pro-

357 2235 455 2275 misit,
475 2246 512 2268 eo
533 2235 630 2268 modo
657 2240 689 2267 et
708 2235 811 2267 forma
831 2234 971 2267 retinere
990 2233 1089 2266 homi-

359 2298 415 2320 nes
439 2287 654 2320 universitatis
687 2286 970 2327 Candelarfflrum,
996 2286 1091 2319 etiam

360 2350 431 2372 cum
457 2350 515 2372 usu
537 2340 631 2372 unius
661 2340 798 2372 stantiae
824 2339 1024 2382 indulgendo
1046 2340 1092 2371 di-

361 2393 419 2425 ctis
436 2393 621 2425 hominibus
635 2393 780 2426 eiusdem
798 2393 1014 2426 univcrsnatis
1033 2404 1091 2436 pro

361 2445 520 2478 habendis
545 2447 863 2488 congregationibus
887 2452 918 2478 et
942 2447 1000 2478 sub
1026 2456 1094 2478 om-

362 2498 457 2529 nibus
483 2498 688 2540 qualitatibus
713 2505 744 2531 et
769 2499 1028 2539 conditionibus,
1055 2499 1093 2531 de

923 219 1103 244 nummum
1127 218 1278 244 ROM'AMJM

1128 267 1215 300 tione
1248 278 1306 300 seu
1339 266 1433 300 titulo
1466 266 1702 301 purificationis
1733 267 1768 301 B.
1795 266 1864 300 Vir-

1127 320 1212 365 ginis
1236 320 1352 353 Mariae
1380 321 1482 354 factae
1503 331 1562 364 per
1582 320 1761 364 praefatum
1789 321 1865 354 Bar-

1130 374 1346 407 tholomaeum
1379 374 1577 407 cardinalem
1610 379 1724 417 rogato
1754 378 1786 407 et
1809 373 1865 406 sti-

1129 428 1240 469 pulato
1267 427 1318 460 die
1344 437 1366 460 11
1392 426 1532 459 ianuarii
1557 436 1693 467 nexem,
1719 436 1773 459 seu
1799 426 1863 459 alio

1128 480 1245 513 veriori
1262 485 1416 523 tempore,
1434 479 1591 512 existente
1608 479 1640 512 in
1654 479 1736 512 libro
1750 479 1867 512 instru-

1129 538 1308 566 mentorum
1341 538 1372 565 et
1405 532 1569 576 copiarum
1593 532 1787 575 simplicium
1811 542 1866 565 eo-

1130 586 1277 618 rumdem
1299 585 1495 618 elericorum
1517 585 1726 628 regularium
1745 590 1866 618 etcum

1130 639 1192 672 alio
1217 644 1323 682 pacto,
1341 649 1397 671 seu
1419 638 1647 680 conventione,
1675 638 1762 682 quod
1788 637 1866 672 dieti

1130 691 1239 725 clerici
1263 692 1430 734 regulares
1455 696 1648 724 tenerentur
1673 696 1705 723 et
1729 690 1866 734 obligati

1131 749 1241 777 essent
1266 744 1406 777 vendere
1439 744 1544 777 dictae
1578 744 1690 777 Annae
1720 743 1868 787 emptrici

1132 798 1250 831 foenile
1276 798 1414 841 positum
1440 808 1536 840 supra
1561 797 1708 831 tinellum
1744 797 1870 841 praedi-

1131 856 1199 884 ctae
1223 851 1335 884 domus
1354 856 1389 883 ut
1413 861 1509 893 supra
1533 850 1692 891 venditae,
1719 861 1779 894 pro
1800 860 1869 894 pre-

1133 905 1175 937 tio
1201 910 1365 937 scutorum
1395 904 1612 937 ducentorum
1648 909 1680 937 et
1709 903 1870 948 quinqua-

1132 957 1230 1001 ginta,
1256 957 1430 1001 impetrato
1455 957 1544 1000 prius
1559 967 1617 1000 per
1641 967 1711 990 eam
1728 956 1871 1001 desuper

1132 1011 1223 1045 Sedis
1240 1011 1424 1055 praedictae
1445 1010 1663 1054 beneplacito;
1683 1020 1719 1043 ac
1736 1020 1809 1044 cum
1828 1009 1871 1044 di·

1132 1064 1230 1097 versis
1262 1064 1331 1097 aliis
1361 1064 1461 1107 pactis
1492 1068 1523 1096 et
1552 1062 1814 1104 conditionibus,
1839 1067 1871 1096 et

1133 1118 1221 1158 alias,
1247 1122 1345 1160 prout
1370 1117 1402 1149 in
1428 1117 1558 1160 publico
1581 1126 1641 1160 per
1665 1121 1736 1149 acta
1759 1116 1871 1150 Hiero-

1133 1171 1219 1214 nymi
1245 1169 1416 1203 Simonelli
1442 1169 1559 1202 notarii
1580 1169 1704 1212 publici
1730 1169 1871 1213 desuper

1133 1224 1282 1257 confecto
1316 1224 1534 1256 instrumento
1566 1222 1696 1266 plenius
1721 1228 1753 1256 et
1777 1221 1871 1256 diffu-

1133 1278 1198 1311 sius
1224 1277 1422 1310 continetur.
1446 1277 1572 1317 Verum,
1587 1286 1659 1309 eum
1684 1268 1823 1310 dilectus
1838 1275 1870 1309 fi-

1133 1331 1194 1363 lius
1225 1330 1365 1363 Thomas
1400 1329 1626 1370 Odescalchus,
1653 1329 1870 1364 cubicularius
1908 1359 1909 1362 ,

1133 1383 1265 1416 intimus
1280 1388 1311 1416 et
1327 1382 1500 1415 vestiarius
1530 1388 1658 1423 noster,
1685 1382 1739 1426 qui
1764 1382 1870 1416 dictae

1134 1435 1248 1468 domus
1271 1435 1432 1478 regularis
1457 1440 1491 1467 ut
1514 1435 1697 1478 praefertur
1719 1435 1871 1469 venditae

1134 1495 1210 1521 tunc
1243 1488 1422 1532 inquilinus
1458 1493 1545 1529 erat,
1582 1488 1736 1521 iudicium
1773 1497 1872 1532 super

1133 1542 1336 1585 praelatione
1363 1541 1394 1574 in
1419 1541 1606 1575 venditione
1636 1542 1750 1575 domus
1775 1551 1872 1585 regu-

1133 1595 1208 1628 laris
1244 1595 1446 1638 aliorumque
1483 1595 1643 1627 bonorum
1667 1593 1872 1628 venditorum

1134 1649 1354 1692 praestitorum
1380 1653 1492 1681 contra
1510 1647 1626 1681 dictam
1652 1648 1776 1681 Annam
1799 1658 1868 1682 ern-

1134 1701 1269 1744 ptricem
1295 1701 1507 1741 intonuisset,
1535 1700 1667 1734 tandem
1699 1700 1762 1744 ipsi
1787 1700 1872 1734 Tho-

1134 1764 1199 1787 mas
1218 1765 1253 1787 ex
1273 1757 1336 1787 una
1364 1760 1395 1786 et
1424 1754 1515 1786 Anna
1540 1764 1576 1786 ex
1600 1754 1702 1787 altera
1726 1754 1871 1798 partibus

1134 1808 1172 1840 ad
1198 1807 1447 1840 transactionem
1467 1817 1522 1839 seu
1549 1807 1756 1840 concordiam
1782 1807 1871 1840 desu-

1133 1871 1192 1904 per
1217 1860 1302 1893 inter
1326 1870 1359 1893 se
1386 1860 1595 1900 devenerunt,
1613 1870 1672 1903 per
1697 1870 1793 1904 quam
1818 1870 1871 1893 ea·

1134 1915 1206 1947 dem
1225 1914 1317 1946 Anna
1337 1913 1530 1956 praelationi
1557 1913 1745 1946 huiusmodi
1765 1914 1871 1947 locum

1134 1978 1206 2000 esse
1233 1977 1424 2009 agnoscenS,
1450 1966 1595 1999 eamdem
1621 1967 1753 1999 domum
1778 1976 1872 2010 regu-

1134 2022 1255 2060 larem,
1288 2025 1319 2052 et
1343 2020 1405 2052 alia
1438 2019 1523 2052 bona
1548 2019 1610 2052 sibi
1635 2030 1653 2052 a
1682 2017 1869 2053 memoratis

1134 2074 1260 2107 clericis
1297 2073 1502 2115 regularibus
1536 2073 1619 2106 sieut
1652 2073 1871 2117 praemittitur

1134 2126 1273 2167 vendita,
1302 2126 1387 2159 dicto
1412 2126 1554 2159 Thomae
1579 2136 1615 2159 ex
1636 2126 1782 2170 pecuniis
1808 2125 1870 2159 sibi

1135 2192 1151 2214 a
1176 2181 1271 2213 nobis
1304 2180 1378 2213 dum
1415 2180 1447 2212 in
1484 2179 1665 2213 minoribus
1701 2179 1870 2213 constituti

1134 2234 1350 2267 cardinalatus
1367 2234 1493 2267 honore
1512 2234 1727 2276 fungebamur
1742 2233 1782 2266 ad
1796 2243 1870 2267 eum

1135 2287 1280 2320 ellectum
1313 2287 1565 2320 subministratis
1598 2285 1737 2326 ementi,
1762 2285 1869 2330 pretio

1137 2340 1228 2372 trium
1243 2340 1378 2373 millium
1394 2345 1426 2373 et
1439 2340 1690 2383 quingentorum
1704 2344 1876 2373 scutorum‘

1135 2398 1282 2426 monetae
1308 2393 1521 2433 huiusmodi,
1550 2404 1587 2426 ac
1617 2403 1688 2425 cum
1719 2391 1869 2426 omnibus

1135 2446 1249 2489 pactis,
1277 2446 1439 2490 capitulis,
1466 2445 1710 2479 conditionibus
1734 2443 1871 2490 promis-

1137 2500 1284 2532 sionibus
1311 2505 1343 2532 et
1367 2499 1612 2532 circumstantiis
1632 2498 1665 2531 in
1685 2498 1870 2542 supradicto

363 2551 478 2593 quibus
499 2550 531 2582 in
557 2551 770 2585 instrumento
794 2551 1015 2585 concessionis
1048 2562 1094 2583 ca-
1136 2552 1353 2586 instrumento
1378 2552 1572 2586 venditionis
1596 2552 1691 2586 latius
1708 2551 1871 2585 contentis

364 2604 470 2646 pellae
500 2604 602 2638 dictae
639 2606 856 2638 universitatis
880 2606 938 2638 sub
963 2606 1094 2638 invoca·
1137 2611 1167 2639 et
1192 2607 1372 2649 expressis,
1398 2605 1634 2640 retrovendidit
1658 2610 1690 2639 et
1713 2610 1872 2639 retroces-

1864 217 1915 246 An.
1935 219 1965 246 C.
1986 219 2053 248 ¹635
