2111 3157
20 250 66 282 λυ.
84 244 198 280 ’(1.Ᾰὸ83
440 285 443 289 Α
463 289 468 292 Δ
564 286 568 288 ‚
618 287 621 289 ι
649 283 652 287 ,

389 303 586 331 Innocentius
607 304 684 338 Papa
704 304 753 337 xl,

326 348 362 375 ad
382 351 556 382 perpetuam
575 347 619 375 rei
633 348 813 376 memoriam.

38 419 174 441 Prooemium.
244 407 291 441 Ad
316 408 488 451 pastoralis
502 408 665 451 dignitatis
683 408 854 449 fastigium,
872 417 935 440 me-

24 1046 83 1068 nicta
94 1046 181 1072 congre-

31 1075 58 1094 tio
87 1073 180 1094 instituta

13 1101 41 1120 ιιίι
47 1099 73 1120 ab
81 1101 179 1125 episcopo

3 1125 92 1147 munstar
101 1126 180 1146 illarum

4 1153 66 1172 saneti
89 1152 178 1178 Philippi

3 1177 56 1199 Rufii
78 1180 98 1198 et
125 1179 179 1198 eius-

4 1204 46 1225 dem
54 1204 112 1226 B.M.
122 1205 146 1225 v.
159 1205 178 1225 in

3 1230 84 1251 civitate
101 1230 178 1258 Ulyssi-

3 1257 93 1284 nonensi.

200 460 269 494 ritis
299 461 375 494 licet
403 461 596 504 imparibus,
629 460 783 494 ineffabili
809 459 932 493 divinae

198 513 352 546 bonitatis
376 513 574 545 abundantia
598 512 713 552 evecti,
741 512 838 545 divini
865 512 932 544 cul-

198 570 247 598 tus
273 570 306 598 et
329 565 506 598 animarum
532 564 643 598 salutis
663 564 875 604 incremento,
896 575 931 597 ac

198 617 271 650 fidei
296 618 474 651 catholicae
507 617 743 660 propagationi,
776 622 929 660 quantum

196 670 290 703 nobis
316 680 353 703 ex
370 671 433 703 alto
450 669 648 708 conceditur,
669 670 876 709 intendimus,
898 674 930 701 et

195 727 368 765 propterea
384 721 575 755 clericorum
591 721 876 764 congregationes,
897 722 927 754 id

194 775 321 818 operari
338 775 515 818 cupientes,
536 775 706 817 propensis
723 774 836 807 studiis
857 785 926 817 pro-

193 838 357 861 movemus
394 832 425 860 et
455 827 661 867 instituimus,
698 827 926 870 favoribusque

193 886 224 913 et
241 880 350 923 gratiis
368 880 598 923 prosequimur
611 880 813 923 opportunis,
830 885 927 923 prout

192 931 410 975 conspicimus
437 932 468 964 in
500 931 635 965 Domino
667 932 839 965 salubriter
873 942 927 964 ex-

194 985 314 1028 pedire.

234 1037 303 1080 51.
331 1037 455 1079 Exponi
491 1037 649 1080 siquidem
688 1038 783 1071 nobis
820 1047 925 1081 nuper

188 1090 336 1124 fecerunt
360 1090 467 1123 dilecti
493 1089 548 1123 filii
574 1090 757 1133 presbytcri
785 1092 925 1123 saecula-

190 1152 242 1176 ωε
277 1142 544 1185 Congregationis
581 1143 637 1175 sub
678 1143 769 1177 titulo
809 1143 923 1176 Beatae

189 1195 305 1228 Mariae
330 1195 467 1238 Virginis
502 1196 693 1239 Assumptae
730 1196 763 1228 ἰν.
799 1196 922 1228 civitate

189 1248 427 1291 Portugallensi
468 1249 631 1281 ordinaria
657 1249 847 1281 auctoritate
873 1260 923 1282 ca-

188 1301 303 1334 nonice
330 1301 385 1343 (ut
404 1298 581 1343 asseritur)
607 1307 743 1340 erectae,
780 1302 866 1345 quod
891 1313 922 1335 a·

188 1354 246 1387 lias
272 1359 348 1386 tunc
380 1354 519 1386 existens
555 1354 726 1396 episcopus
754 1354 922 1396 Portugal-

187 1406 287 1438 lensis
311 1406 455 1438 eamdem
473 1406 765 1449 Congregationem
787 1407 817 1439 in
839 1408 922 1440 dicta

188 1458 314 1491 civitate
328 1469 387 1501 pro
405 1458 848 1502 preshyterissaecularibus,
867 1460 921 1503 qui

187 1511 246 1544 sub
270 1512 417 1544 clausura
440 1511 620 1544 voluntaria
636 1512 757 1555 absque
775 1519 920 1546 votorum

188 1563 385 1606 obligatione
410 1564 560 1606 propriae
604 1564 794 1608 alienaeque
830 1566 921 1597 saluti

188 1617 328 1655 studere,
352 1617 559 1650 missionibus
586 1623 617 1649 et
644 1618 730 1650 verbi
757 1618 810 1651 Dei
833 1629 924 1661 prae-

188 1669 339 1702 dicationi
365 1679 497 1712 operam
532 1669 621 1709 dare,
649 1681 683 1701 ac
709 1676 924 1703 sacramenta—

178 1723 232 1768 >les
257 1721 515 1755 christifidelium
541 1723 762 1756 confessiones
797 1723 920 1763 audire,

187 1775 314 1818 aliaque
338 1774 467 1818 pietatis
492 1780 523 1807 et
544 1775 737 1808 christianae
759 1775 923 1808 charitatis

188 1838 288 1871 opera
313 1836 463 1860 exercere
481 1827 647 1867 deberent,
666 1828 704 1860 ad
726 1828 828 1860 instar
848 1828 923 1861 Con·
944 1862 945 1871 ἵ

189 1880 422 1923 gregationum,
449 1879 586 1912 Oratorii
613 1880 643 1912 S.
672 1879 812 1923 Philippi
839 1880 922 1913 Nerii

188 1932 221 1964 in
246 1931 384 1965 ecclesia
415 1932 464 1964 Ss.
491 1932 606 1965 Mariae
641 1933 672 1964 iu
706 1933 866 1966 Vallicella
895 1938 925 1966 et

189 1985 331 2028 Gregorii
349 1985 387 2018 de
404 1985 487 2017 Urbe
503 1985 624 2018 dudum
640 1987 827 2019 auctoritate
850 1997 925 2029 apo-

189 2038 302 2071 stolica
326 2043 465 2077 erectae,
481 2043 513 2070 et
530 2038 645 2071 Beatae
661 2038 774 2071 Mariae
789 2039 926 2081 Virginis
945 2069 946 2072 ,

190 2091 380 2132 Assumptae
393 2089 655 2133 Ulyssiponensis
670 2101 685 2123 a
701 2091 803 2124 felicis
823 2102 927 2124 recor-

190 2143 328 2176 dationis
349 2142 513 2175 Clemente
532 2142 616 2185 Papa
634 2143 657 2174 X
673 2144 923 2185 praedecessore

191 2200 299 2228 nostro
308 2204 366 2238 per
378 2194 533 2237 quasdam
545 2194 576 2226 in
588 2194 683 2227 simili
700 2195 800 2228 forma
816 2196 924 2229 Brevis

191 2247 242 2281 die
251 2257 281 2281 vi
298 2246 371 2280 maii
385 2255 523 2280 nnetxxi
538 2247 702 2289 expeditas
716 2248 838 2280 litteras
853 2258 927 2281 con-

192 2317 341 2344 lnstitutum
352 2316 517 2343 Clericorum
527 2315 719 2343 Saecularium.
739 2316 769 2344 Et
781 2321 866 2344 const.
881 2318 923 2346 ed.

194 2362 224 2388 17
233 2361 339 2396 augusti
352 2366 514 2394 unctxxxlv,
527 2364 599 2396 pont.
609 2367 663 2393 uu,
673 2362 845 2388 confirmatae
855 2363 927 2389 suere

192 2413 276 2432 novae
295 2404 450 2432 eorumdem
465 2404 679 2432 constitutiones.
696 2405 785 2432 Const.
803 2413 865 2433 vero
881 2406 925 2434 ed.

194 2450 224 2477 15
238 2450 390 2477 novembris
404 2456 564 2483 MDCLxxxlv,
580 2453 653 2484 pont.
671 2456 706 2483 tx,
719 2450 867 2485 approbata
878 2450 927 2478 suit

192 2493 321 2528 quaedam
336 2494 507 2529 Congregatio
529 2494 746 2529 presbyterorum
765 2494 792 2522 S.
809 2495 924 2531 loseplii.

193 2537 225 2563 Et
240 2537 273 2563 ab
290 2537 442 2565 Alexandro
460 2538 516 2564 Vlll
533 2539 640 2565 constit.
657 2538 699 2565 ed.
718 2539 750 2565 13
769 2540 927 2574 septembris

194 2587 287 2614 uncxc,
301 2585 371 2616 pont.
384 2587 401 2613 1,
415 2582 568 2609 confirmata
581 2582 628 2608 suit
645 2582 745 2609 erectio
759 2582 845 2609 dictae
861 2583 926 2610 Con—

193 2625 356 2662 gregationis
372 2624 398 2650 B.
415 2625 447 2652 M.
465 2626 495 2651 V.
512 2626 538 2652 iu
555 2627 658 2653 civitate
675 2626 861 2654 [barbarensi.

784 254 992 278 INNOCENTH'S
1015 255 1043 278 M
1069 255 1106 278 PP

1606 235 1672 276 405
1719 230 1766 278 tin.
1784 251 1812 279 c.
1838 251 1902 279 issa

977 301 1126 342 firmatae,
1138 294 1200 336 sub
1212 300 1495 336 constitutionibus
1506 301 1571 333 sive
1583 301 1709 334 statutis

977 355 1222 396 particularibus
1240 366 1299 399 pro
1321 355 1432 388 eadem
1453 354 1709 396 Congregatione

975 406 1214 450 Ulyssiponensi
1240 407 1350 447 editis,
1377 412 1407 439 et
1431 418 1448 439 a
1472 406 1616 450 praefato
1640 406 1709 440 Cle-

974 463 1079 491 mente
1098 460 1347 501 praedecessore
1365 469 1424 502 per
1439 459 1516 492 alias
1537 458 1657 502 pariter
1674 459 1706 492 in

974 510 1074 542 forma
1099 511 1206 544 Brevis
1231 512 1282 544 die
1306 522 1377 545 xxiv
1403 511 1527 554 augusti
1555 521 1706 545 MDCLxxn

972 568 1134 596 emanatas
1154 564 1277 598 litteras
1295 565 1492 608 approbatis,
1510 565 1704 608 illorumque

971 617 1159 658 appendice,
1182 617 1283 650 erexit
1303 623 1334 650 et
1354 618 1504 650 instituit.
1540 625 1542 632 '

1014 668 1028 710 ξ
1052 668 1081 700 2.
1110 669 1185 702 Cum
1204 675 1323 709 autem,
1344 671 1424 703 sicut
1442 671 1554 704 eadem
1581 672 1703 715 exposi-
1740 681 1815 703 emeca
1839 689 1897 715 ‘³5⁰⁶-

970 721 1013 754 tio
1038 721 1262 765 subiungebat,
1287 723 1362 756 dicti
1389 729 1587 766 exponentes
1613 708 1895 767 prae-Zisssslifflfflssffl‘

969 774 1030 806 sata
1055 774 1183 816 pietatis
1207 781 1238 807 et
1255 776 1421 808 charitatis
1439 786 1535 818 opera
1552 787 1702 810 exercere

968 825 1124 858 hactenus
1148 827 1338 866 studuerint,
1365 828 1492 870 illisque
1511 828 1542 859 in
1562 828 1701 861 futurum

968 889 1096 922 quoque
1130 879 1217 912 iuxta
1251 880 1339 923 pium
1376 881 1531 913 dictarum
1564 881 1703 923 Congre-

967 931 1131 973 gationum
1167 932 1346 965 institutum
1372 932 1541 965 adiuvante
1566 933 1701 967 Domino

967 994 1098 1026 operam
1125 985 1199 1018 dare
1233 985 1418 1018 intendant:
1453 986 1546 1018 nobis
1570 991 1702 1029 propte-

967 1046 1020 1068 rea
1042 1036 1207 1070 humiliter
1229 1037 1403 1080 supplicari
1426 1037 1567 1070 fecerunt
1587 1042 1621 1070 ut
1641 1037 1700 1071 sibi

966 1088 997 1120 in
1023 1090 1208 1132 praemissis
1230 1096 1412 1133 opportune
1429 1091 1600 1133 providere
1619 1096 1650 1124 et
1668 1097 1702 1125 ut

965 1141 1047 1174 insi-a
1065 1142 1234 1184 indulgere
1250 1143 1287 1176 de
1306 1142 1504 1184 benignitate
1523 1143 1701 1186 apostoliea

965 1194 1188 1236 dignaremur.
1236 1208 1238 1211 ’
1577 1238 1580 1241 Α
1712 1237 1723 1241 ,

1007 1248 1020 1290 ἓ
1046 1247 1077 1280 3.
1104 1247 1167 1281 Nos
1191 1248 1297 1290 igitur,
1317 1248 1405 1291 ipsos
1431 1254 1644 1292 exponentes,
1664 1255 1699 1282 ut
1758 1257 1892 1279 confirmatio

1710 1286 1730 1305 et
1764 1291 1818 1305 nova
1846 1291 1893 1305 ere-

964 1301 1001 1332 ad
1024 1301 1077 1343 pia
1102 1305 1132 1332 et
1157 1311 1246 1333 sacra
1271 1311 1369 1343 opera
1391 1301 1572 1335 huiusmodi
1594 1313 1698 1345 prom·
1710 1314 1751 1331 eno
1775 1312 1892 1336 cancroru-

1709 1337 1772 1358 tionis
1790 1338 1828 1357 sub
1851 1341 1893 1357 sta-

963 1354 1082 1393 ptiorcs
1107 1353 1305 1392 reddantur,
1332 1354 1515 1396 uberesque
1546 1354 1578 1386 in
1606 1355 1697 1387 vinea
1710 1366 1759 1383 tum
1799 1364 1893 1384 russam-

963 1405 1088 1438 Domini
1107 1405 1237 1445 fructus,
1252 1405 1490 1438 incrementum
1509 1407 1604 1440 dante
1622 1407 1694 1447 Deo,
1708 1395 1893 1438 ii’offiumiwmgffl

962 1459 1109 1501 proferre
1133 1464 1291 1501 satagant,
1318 1459 1514 1502 specialibus
1539 1460 1699 1494 favoribus

964 1515 994 1543 et
1019 1511 1131 1553 gratiis
1162 1511 1316 1554 prosequi
1341 1513 1499 1553 volentes,
1531 1517 1562 1545 et
1587 1523 1698 1545 eorum

963 1563 1146 1605 singulares
1172 1573 1326 1607 personas
1352 1575 1368 1597 a
1392 1564 1558 1607 quibusvis
1577 1576 1699 1598 excom

964 1616 1214 1657 municationis,
1242 1617 1470 1660 suspensionis
1501 1623 1534 1650 et
1564 1618 1700 1651 interdi-

964 1669 1017 1707 cti,
1032 1669 1169 1712 aliisque
1187 1670 1418 1702 ecclesiasticis
1434 1670 1613 1710 sententiis,
1630 1681 1701 1704 cen-

965 1722 1050 1753 suris
1079 1727 1111 1754 et
1136 1722 1260 1764 poenis,
1282 1733 1298 1754 a
1324 1722 1391 1754 iure
1416 1724 1465 1755 vel
1491 1723 1531 1756 ab
1556 1724 1698 1763 bomine,

965 1774 1076 1816 quavis
1103 1775 1272 1807 occasione
1296 1776 1346 1807 vel
1367 1778 1463 1808 causa
1480 1776 1566 1814 latis,
1587 1776 1612 1808 si
1632 1777 1700 1819 qui-

965 1827 1024 1858 bus
1056 1827 1305 1869 quomodolibet
1335 1828 1508 1861 innodatae
1540 1828 1698 1869 existunt,

966 1880 1003 1911 ad
1023 1879 1170 1912 eflectum
1197 1880 1418 1922 praesentium
1438 1881 1603 1913 dumtaxat
1627 1891 1702 1913 con-

967 1933 1190 1974 sequendum,
1220 1932 1333 1964 harum
1369 1933 1453 1965 serie
1494 1934 1699 1966 absolvent‹·⁴

967 1990 998 2016 et
1025 1985 1187 2017 absolutas
1215 1985 1282 2017 sore
1307 1990 1488 2023 censentes,
1516 1985 1700 2018 huiusmodi

967 2036 1257 2079 supplicationibus
1280 2037 1436 2077 inclinati,
1454 2037 1535 2070 veris
1561 2038 1702 2070 existen-

967 2090 1052 2121 tibus
1079 2089 1235 2129 narrafis,
1262 2095 1292 2122 et
1318 2095 1476 2132 quatenus
1508 2090 1590 2123 dicta
1614 2091 1698 2123 Con—

967 2143 1111 2185 gregatio
1145 2142 1397 2184 portugallensis
1433 2142 1509 2175 alias
1545 2144 1700 2176 canonice

967 2201 1075 2228 crecta
1100 2201 1130 2228 et
1155 2195 1298 2228 instituta
1324 2195 1428 2234 suerit,
1454 2196 1651 2229 erectionem
1670 2202 1701 2229 et

967 2248 1202 2281 institutionem
1223 2248 1324 2291 ipsius
1342 2248 1606 2291 Congregationis
1627 2260 1702 2293 apo-

967 2301 1080 2334 stoliea
1106 2301 1316 2340 auctoritate,
1347 2306 1459 2334 tenore
1483 2303 1702 2345 praesentium

968 2360 1128 2398 perpetuo
1154 2355 1383 2397 approbamus,
1413 2355 1543 2398 illisque
1570 2356 1702 2389 inviola-

968 2409 1041 2441 bilis
1073 2407 1248 2451 apostolice
1281 2406 1443 2440 firmitatis
1468 2408 1568 2440 robur
1592 2408 1702 2442 adiici-

968 2472 1049 2494 mus.
1077 2461 1113 2493 Et
1138 2460 1350 2493 nibilominus
1380 2461 1411 2493 in
1438 2460 1575 2494 ecclesia
1599 2461 1701 2494 dictae

967 2513 1234 2556 Congregationis
1257 2523 1352 2546 unam
1373 2514 1592 2556 praefatorum
1614 2524 1703 2557 pres-

967 2567 1153 2610 byterorum
1172 2571 1202 2599 et
1221 2566 1414 2599 clericorum
1435 2566 1651 2599 saccularium
1668 2566 1701 2598 in

969 2629 1036 2652 cam
1055 2629 1115 2662 pro
1142 2624 1285 2661 tempore
1308 2618 1409 2661 recipi
1428 2618 1603 2651 volentium
1622 2617 1702 2651 Con-
