2111 3157
219 200 265 228 An.
283 200 311 228 c.
336 199 401 227 tos3
447 192 510 226 486
987 201 1167 225 anuinium
1189 201 1340 226 nomxmi

452 251 482 284 7.
510 251 640 284 Avendo
666 250 705 283 da
728 250 835 281 uscire
869 249 948 281 fuori
985 249 1015 281 di
1053 259 1139 287 casa,
1186 249 1287 281 tectus
1319 249 1426 282 sortiri
1456 253 1488 282 et
1513 249 1678 290 obtinere,
1704 260 1740 282 ac
1763 249 1844 289 illis,
1878 250 1919 282 ad

406 305 557 337 domandi
583 303 636 336 all'
653 302 848 345 ospidaliere
875 312 908 334 se
938 302 979 333 ha
1002 301 1140 343 bisogno
1185 312 1265 344 quos
1291 306 1417 344 spectat
1448 306 1479 334 et
1509 312 1567 344 pro
1593 306 1739 344 tempore
1775 302 1919 345 quando-

405 358 435 390 di
461 357 516 398 lui,
543 368 561 390 o
586 367 618 389 se
643 356 675 388 in
700 356 774 398 quel
796 359 906 397 tempo
924 354 1019 387 abbia
1037 354 1075 386 da
1094 354 1141 387 sar
1184 364 1322 396 eumque
1358 354 1538 396 spectabit,
1569 355 1601 386 in
1627 354 1775 386 omnibus
1808 359 1841 387 et
1859 365 1918 397 per

403 421 479 444 cosa
503 411 617 442 alcuna
642 418 700 451 per
724 407 915 449 gl'insermi.
1182 406 1289 439 omnia
1320 407 1507 449 plenissime
1537 406 1725 449 suffragari,
1751 411 1784 439 et
1807 408 1846 439 ab
1871 408 1917 440 eis

445 463 476 496 8.
489 463 557 496 Cosi
575 472 665 494 come
684 461 761 494 deve
780 470 873 493 avere
887 459 996 502 giusto
1010 459 1138 503 premio
1181 460 1361 502 respective
1386 459 1618 492 inviolabiliter
1641 459 1825 499 observari,
1855 460 1916 492 sic-

402 526 418 549 e
438 516 552 548 salario
570 515 601 548 di
619 514 695 557 ogni
713 514 828 556 giorno
846 514 906 547 che
925 513 947 546 li
965 512 1138 555 assegnara
1182 521 1244 554 que
1271 511 1303 544 in
1321 511 1507 555 praemissis
1529 522 1591 555 per
1618 521 1840 554 quoscumque
1868 511 1916 544 iu-

401 569 423 602 il
445 572 670 610 governatore,
697 577 714 599 a
739 568 848 609 quello
873 566 934 599 che
960 566 992 598 in
1022 570 1137 609 questo
1181 565 1270 597 dices
1303 565 1488 598 ordinarios
1521 569 1554 598 et
1591 565 1758 607 delegatos
1777 590 1784 604 ,
1812 564 1914 599 etiam

400 632 460 654 suo
484 620 686 663 reggimento
712 630 744 653 se
762 619 805 661 gli
826 619 948 658 ordina,
969 617 1039 651 sarii
1057 619 1138 652 mul·
1180 628 1349 651 causarum
1382 618 1493 661 palatii
1527 617 1698 661 apostolici
1724 617 1890 650 auditores
1904 644 1912 658 ,

400 679 474 713 tato,
488 674 526 707 ed
549 673 665 713 anche,
681 672 823 705 secondo
840 673 870 705 la
886 681 1036 714 gravezza
1053 671 1137 704 della
1179 670 1315 704 iudicari
1346 676 1378 705 et
1403 670 1530 704 definiri
1556 670 1674 703 debere
1691 697 1698 710 ,
1723 681 1760 703 ae
1783 669 1912 703 irritum

401 728 494 770 colpa
518 736 707 765 eominessa,
732 724 804 758 sara
828 725 1009 758 licenziato.
1179 728 1211 756 et
1234 723 1330 757 inane
1350 725 1374 757 si
1392 735 1482 758 seeus
1499 734 1597 768 super
1614 724 1663 757 his
1688 735 1705 757 a
1730 734 1911 768 quoquam,

239 791 390 823 mactamus
445 780 459 823 ξ
483 779 514 812 ⁶2.
537 779 613 813 Cum
635 785 752 815 autem,
771 778 854 811 sieut
877 778 989 811 eadem
1009 776 1136 820 exposi—
1179 776 1289 818 quavis
1306 777 1507 816 auctoritate,
1525 777 1665 810 scienter
1688 777 1739 810 vel
1760 777 1913 820 ignoran-

207 822 289 875 {lilith}—
304 820 445 866 ³⁶⁰1?ssssssth
470 832 703 874 subiungebat,
730 831 807 864 dieti
839 834 1039 873 exponentes
1071 833 1136 861 sta·
1179 834 1237 869 ter,
1261 830 1437 872 eontigerit
1460 829 1624 862 attentari.

207 875 270 893 unu„
400 891 467 918 tuta
490 891 521 918 et
544 885 683 928 capitula
707 884 905 923 huiusmodi,
931 894 994 926 quo
1011 882 1133 915 firmius
1221 881 1235 923 §t
1259 882 1290 914 4.
1317 882 1385 914 Non
1402 882 1606 915 obstantibus
1626 882 1912 916 constitutionibus

1923 202 1975 231 An.
1991 203 2020 232 c,
2041 189 2103 238 lesa

1950 895 2097 921 Contrariorum

1923 922 2037 949 derogatio.

235 2423 353 2446 clausulae.

399 938 578 971 subsistant
601 943 632 970 et
655 942 822 969 serventur
839 937 990 976 exactius,
1008 940 1135 979 aposto-

399 992 479 1024 licae
504 990 759 1024 confirmationis
793 995 924 1022 nostrae
956 988 1134 1032 patrocinio

398 1044 589 1077 communiri
621 1043 794 1085 plurimum
820 1042 1026 1075 desiderent:
1051 1052 1131 1082 nos,

400 1097 572 1140 specialem
609 1096 687 1138 ipsis
724 1095 959 1139 exponentibus
999 1095 1134 1137 gratiam

399 1150 505 1182 facere
539 1149 705 1188 volentes,
738 1153 769 1180 et
805 1158 918 1181 eorum
953 1148 1135 1189 singulares

397 1212 554 1244 personas
570 1212 586 1234 a
600 1201 764 1244 quibusvis
783 1200 1136 1239 excommunicationis,

397 1254 627 1298 suspensionis
657 1260 690 1286 et
714 1253 889 1293 interdicti,
915 1253 1052 1296 aliisque
1084 1263 1135 1285 ee-

397 1307 586 1340 clesiastieis
603 1306 784 1346 sententiis,
800 1306 943 1341 censuris
962 1311 994 1338 et
1008 1306 1133 1349 poenis,

398 1371 415 1394 a
439 1361 510 1393 iure
527 1361 577 1393 vel
602 1360 642 1392 ab
659 1359 803 1399 homine,
829 1359 939 1401 quavis
963 1359 1135 1391 occasione

397 1414 447 1446 vel
472 1414 567 1446 eausa
593 1412 675 1452 latis,
698 1412 724 1445 si
750 1412 867 1455 quibus
891 1412 1137 1454 quomodolibet

396 1466 571 1499 innodatae
590 1465 740 1505 existunt,
759 1465 799 1497 ad
816 1464 965 1497 effectum
986 1475 1136 1507 praesen-

398 1518 478 1550 tium
512 1519 677 1551 dumtaxat
711 1518 993 1560 consequendum,
1020 1518 1135 1550 harum

398 1571 483 1604 serie
501 1571 706 1603 absolventes
731 1575 763 1603 et
787 1570 951 1603 absolutas
972 1570 1039 1603 sore
1065 1581 1135 1603 cen-

399 1629 518 1665 sentes,
544 1623 836 1666 supplicationibus
862 1631 972 1655 eorum
1002 1623 1134 1656 nomine

397 1677 494 1709 nobis
507 1687 606 1719 super
617 1676 680 1708 hoc
693 1676 860 1709 humiliter
871 1676 1029 1719 porrectis
1047 1677 1136 1709 ineli-

398 1730 475 1769 nati,
496 1730 535 1762 de
551 1729 788 1761 venerabilium
806 1729 939 1761 fratrum
953 1735 1134 1762 nostrorum

397 1783 428 1815 S.
452 1782 488 1814 R.
510 1782 544 1814 E.
567 1782 777 1814 cardinalium
801 1781 932 1814 Concilii
958 1782 1134 1814 Tridentini

398 1836 614 1878 interpretum
646 1834 798 1875 consilio,
826 1835 931 1867 onmia
957 1841 987 1867 et
1012 1835 1135 1877 singula

399 1893 517 1921 statuta
549 1893 581 1921 et
613 1888 751 1931 capitula
782 1889 1007 1931 praeinserta,
1032 1895 1137 1922 aucto-

400 1941 491 1974 ritate
527 1940 725 1983 apostoliea,
752 1946 864 1973 tenore
900 1941 1136 1983 praesentium,

399 1993 627 2026 confirmamus
663 1998 694 2025 et
724 1993 965 2036 approbat-nus,
1004 1994 1134 2036 illisque

399 2046 598 2078 inviolabilis
623 2046 820 2088 apostolieae
853 2046 1012 2078 firmitatis
1038 2047 1136 2078 robur

400 2099 586 2139 adiicimus‚
614 2110 648 2130 ac
674 2109 786 2131 omnes
818 2103 849 2131 et
874 2099 1019 2140 singulos
1055 2099 1135 2131 iuris

401 2157 433 2183 et
457 2152 530 2183 sacti
567 2151 730 2190 desectus,
757 2151 783 2183 si
808 2151 861 2193 qui
892 2151 1033 2194 desuper
1058 2162 1137 2194 quo-

400 2205 580 2237 modolibet
593 2205 838 2245 intervenerint,
858 2206 1058 2248 supplemus,
1075 2207 1136 2238 sal-

400 2261 438 2290 va
462 2263 568 2303 tamen
592 2269 720 2300 semper
753 2258 785 2290 in
817 2258 1002 2301 praemissis
1027 2263 1136 2290 aueto-

401 2311 495 2343 ritate
520 2311 786 2353 Congregationis
824 2312 1010 2344 eorumdem
1035 2312 1137 2344 cardi-

402 2364 536 2397 nalium.

445 2416 460 2458 g
477 2416 747 2450 3.Dece1=nentes
766 2418 851 2461 ipsas
870 2422 1059 2460 praesentes
1084 2417 1135 2449 lit-

403 2474 486 2502 teras
508 2480 543 2501 ae
568 2475 684 2503 statuta
710 2476 741 2503 et
764 2471 903 2513 capitula
935 2470 1135 2513 praeinserta

402 2533 532 2565 semper
548 2523 648 2562 firma,
671 2524 775 2555 valida
794 2530 825 2555 et
849 2523 992 2559 efficacia
1010 2533 1079 2561 esse
1105 2528 1136 2555 et

403 2576 482 2617 sore,
507 2586 644 2619 suosque
678 2578 840 2619 plenarios
869 2582 901 2609 et
926 2577 1070 2618 integros
1095 2575 1134 2609 es-

1178 939 1210 967 et
1234 935 1494 968 ordinationibus
1513 935 1709 977 apostolicis,
1733 946 1779 975 ac,
1799 941 1913 979 quate-

1178 998 1237 1020 nus
1263 997 1345 1031 opus
1377 988 1439 1028 sit,
1465 988 1537 1020 aliis
1563 988 1728 1031 quibusvis
1754 989 1911 1022 ecelesiae

1178 1046 1210 1073 et
1241 1041 1411 1083 hospitalis
1443 1041 1677 1083 praefatorum,
1704 1041 1799 1074 etiam
1826 1042 1912 1075 iura-

1177 1098 1295 1133 mento,
1307 1093 1553 1126 confirmatione
1568 1094 1754 1136 apostoliea,
1771 1095 1821 1128 vel
1839 1106 1913 1139 qua-

1177 1147 1223 1179 vis
1250 1146 1401 1179 sirmitate
1431 1147 1492 1179 alia
1515 1147 1693 1188 roboratis,
1726 1149 1855 1181 statutis
1880 1154 1913 1182 et

1178 1199 1478 1238 consuetudinibus,
1500 1199 1680 1242 privilegiis
1704 1210 1844 1244 quoque,
1865 1201 1913 1234 in-

1178 1251 1275 1284 dultis
1299 1257 1331 1284 et
1363 1252 1479 1285 litteris
1510 1252 1696 1295 apostolicis
1719 1253 1753 1286 in
1784 1259 1913 1288 eontra-

1177 1304 1260 1337 rium
1283 1305 1539 1348 praemissorum
1561 1306 1811 1348 quomodolibet
1836 1318 1913 1341 eon-

1178 1358 1298 1397 cessis,
1323 1357 1518 1391 confirmatis
1543 1363 1575 1391 et
1597 1359 1775 1401 innovatis;
1798 1360 1914 1404 quibus

1177 1411 1327 1444 omnibus
1368 1416 1400 1443 et
1428 1411 1583 1454 singulis,
1613 1412 1746 1445 illorum
1783 1417 1914 1448 tenores

1177 1465 1403 1507 praesentibus
1439 1474 1499 1507 pro
1532 1465 1630 1508 plene
1659 1470 1691 1498 et
1715 1461 1915 1500 sufficienter

1178 1518 1341 1561 expressis
1360 1528 1396 1550 ac
1412 1518 1541 1550 insertis
1567 1518 1735 1558 habentes,
1754 1519 1819 1553 illis
1835 1520 1914 1553 alias

1178 1571 1211 1603 in
1240 1581 1298 1603 suo
1330 1571 1448 1603 robore
1474 1572 1718 1613 permansuris,
1751 1573 1790 1605 ad
1823 1583 1915 1615 prae-

1178 1623 1349 1655 missorum
1383 1622 1541 1663 ellectum,
1564 1624 1624 1655 liae
1641 1624 1710 1656 viee
1732 1624 1912 1666 dumtaxat,

1178 1675 1364 1718 specialiter
1396 1681 1427 1707 et
1455 1686 1605 1718 expresse
1630 1676 1838 1719 derogamus3
1867 1688 1914 1711 ce-

1178 1729 1322 1771 terisque
1355 1728 1527 1760 contrariis
1553 1728 1823 1772 quibuscumque.

1222 1781 1279 1823 55.
1298 1781 1451 1813 Volumus
1461 1786 1565 1813 autem
1579 1782 1807 1815 utearumdem
1820 1793 1915 1826 prae-

1178 1834 1318 1867 sentium
1358 1834 1535 1866 litterarum
1579 1835 1792 1878 transumptis
1808 1862 1816 1876 ‚
1856 1846 1913 1868 seu

1179 1886 1344 1929 exemplis,
1360 1887 1456 1919 etiam
1468 1887 1647 1930 impressis,
1662 1888 1912 1921 manuzalieuius

1180 1940 1296 1972 notarii
1316 1940 1438 1982 publici
1459 1940 1706 1984 subscriptis‚et
1719 1941 1827 1984 sigillo
1838 1952 1914 1985 ,per-

1179 2003 1278 2025 sonae
1299 1993 1331 2024 in
1351 1993 1572 2026 ecclesiastica
1596 1993 1753 2036 dignitate
1794 1996 1914 2027 consti-

1179 2050 1267 2079 tutae
1285 2046 1419 2078 munitis
1435 2073 1443 2086 ,
1463 2047 1575 2079 eadem
1595 2057 1729 2089 prorsus
1749 2047 1828 2081 tides
1849 2053 1914 2082 tarn

1179 2099 1211 2130 in
1247 2098 1369 2131 iudicio
1397 2110 1492 2142 quam
1523 2104 1612 2132 extra
1635 2099 1714 2132 illud
1740 2100 1912 2142 habeatur,

1179 2162 1259 2194 quae
1285 2151 1365 2194 ipsis
1390 2152 1617 2194 praesentibus
1635 2153 1809 2185 haberetur
1822 2153 1848 2186 si
1867 2154 1913 2186 fo-

1178 2209 1251 2236 rent.
1276 2204 1441 2236 exhibitae
1461 2205 1510 2236 vel
1529 2210 1691 2238 ostensae.

1222 2256 1334 2288 Datum
1349 2257 1480 2295 Romae,
1496 2258 1580 2299 apud
1595 2257 1626 2290 S.
1642 2257 1780 2298 Petrum,
1793 2259 1852 2291 sub
1863 2269 1914 2291 an-

1178 2311 1255 2342 nuto
1266 2310 1453 2350 Piscatoris‚
1472 2311 1523 2344 die
1541 2322 1578 2344 xx
1597 2311 1702 2344 martii
1716 2321 1914 2354 mncnxxnu,

1178 2362 1385 2406 pontificatus
1414 2364 1517 2396 nostri
1543 2375 1629 2397 anno
1653 2374 1709 2398 vn.

1214 2425 1272 2452 Dat.
1290 2425 1333 2453 die
1350 2426 1384 2453 “20
1404 2426 1491 2453 martii
1513 2426 1591 2460 1683,
1609 2426 1709 2461 pontif.
1732 2434 1802 2455 anno
1823 2432 1868 2455 vn.

1642 2559 1659 2569 ..s

1964 1791 2025 1812 Fides
2048 1793 2102 1813 tran·

1924 1821 2058 1845 sumptorum.
