2111 3157
27 216 77 265 lin.
99 236 128 262 c.
148 235 213 263 icas

212 284 296 318 libus
320 291 468 321 utuntur.
496 288 586 327 Quod
613 289 638 322 si
664 289 733 334 quis
754 295 863 324 contra
884 297 945 324 sta—

211 343 278 372 tuta
310 341 476 383 praedicta
508 343 776 376 consuetudinem
805 344 943 387 aliquam

209 392 422 435 pertinaciter
446 396 597 438 allegare,
616 400 667 430 aut
687 398 723 429 ea
744 407 775 429 se
798 396 892 436 tueri,
913 401 944 429 et

210 444 298 477 illam
334 446 442 489 potius
478 458 572 490 quam
599 454 750 481 statutum
783 449 874 491 sequi
912 454 943 480 et

209 499 379 533 observare
404 500 551 541 voluerit,
578 501 698 534 tamdiu
719 501 794 533 vino
819 506 849 533 et
874 511 942 533 cer-

209 550 288 584 visia
305 558 419 591 careat,
440 553 543 585 donec
560 558 677 586 statuto
702 563 735 586 se
761 553 942 586 conforma-

207 604 307 645 verit;
347 606 426 638 etsi
459 606 526 639 eius
558 605 759 638 contumacia
787 606 939 638 maiorem

206 667 346 700 poenam
365 658 485 700 exigat,
504 658 617 691 maiori
643 659 749 700 poena
772 657 938 700 puniatur.

251 720 284 743 11.
312 710 347 742 Et
373 710 446 754 quia
471 720 584 753 parum
601 714 647 742 est
666 713 782 742 statuta
799 709 939 742 condere

206 764 267 796 nisi
293 764 357 797 sint
381 765 434 807 qui
461 774 498 796 ea
523 768 681 803 tueantur,
707 768 882 806 propterea
910 774 940 794 o-

205 817 334 849 mnibus
359 823 387 850 et
412 816 547 859 singulis
571 815 802 855 visitatoribus,
829 815 939 858 priori-

203 869 281 909 bus,
307 869 500 909 rectoribus,
527 868 651 901 vicariis
675 867 880 907 monialium,
907 872 936 899 et

202 922 369 965 priorissis
395 922 609 965 iniungimus,
634 927 683 961 ut,
709 921 839 954 reiectis
865 931 939 953 con-

202 975 427 1008 suetudinibus
443 974 622 1014 contrariis,
641 975 725 1007 circa
746 978 936 1006 statutorum

201 1027 424 1070 praesentium
450 1027 687 1060 observantiam
712 1026 744 1059 in
770 1036 804 1059 se
831 1031 862 1058 et
887 1036 937 1058 ee-

201 1080 279 1113 teris
304 1079 492 1123 diligentius
526 1080 622 1112 solito
648 1079 837 1121 invigilent;
865 1090 935 1112 cum

202 1132 234 1165 in
260 1133 307 1166 eis
332 1133 414 1167 nihil
439 1133 501 1165 iam
520 1134 560 1165 sit
580 1132 801 1176 praesentium
819 1138 936 1176 tempo-

200 1196 271 1218 rum
296 1191 325 1219 et
349 1196 567 1229 personarum
591 1186 773 1219 conditioni
799 1196 862 1218 nou
889 1197 935 1218 ac—

200 1239 404 1272 commodum
431 1245 462 1272 et
487 1244 775 1282 contemperatum,
794 1249 935 1282 praeser-

201 1291 257 1325 tim
274 1292 399 1325 animae
422 1292 521 1325 Deum
545 1292 670 1324 timenti
697 1297 728 1325 et
755 1292 935 1325 carthusia-

200 1355 259 1378 nae
286 1345 366 1378 vitae
391 1345 575 1378 institutum
596 1345 757 1387 diligenti.

244 1407 292 1431 111.
318 1398 495 1441 Propterea
519 1397 628 1430 nullus
653 1407 794 1439 unquam
814 1398 935 1440 praela-

200 1455 249 1484 tus
276 1451 552 1494 transgressiones
580 1455 773 1483 statutorum
808 1456 934 1483 nostro-

198 1514 271 1537 rum
295 1504 327 1536 in
351 1504 502 1548 personis
534 1503 595 1536 sibi
619 1502 755 1536 subditis
771 1530 778 1543 ,
805 1514 863 1546 pro
890 1504 933 1536 fa-

200 1568 275 1590 vore
308 1568 417 1591 earum
450 1557 634 1600 captando,
665 1560 718 1590 aut
746 1556 858 1589 timore
883 1558 931 1589 vel

197 1610 464 1654 pusillanimitate
489 1609 608 1652 aliqua,
633 1610 776 1652 negligat
799 1615 853 1642 aut
870 1610 932 1642 dis-

198 1662 342 1696 simulet.
369 1662 482 1695 Nullus
518 1662 614 1695 etiam
644 1662 792 1695 licentias
817 1667 848 1695 et
873 1663 932 1696 dis-

197 1715 406 1759 pensationes
433 1715 480 1748 his
516 1715 643 1748 statutis
677 1715 852 1747 contrarias
883 1716 931 1748 vel

196 1773 287 1811 petat
310 1769 359 1801 vel
383 1768 447 1801 suis
473 1767 609 1800 subditis
634 1768 709 1800 dare
737 1773 930 1810 praesumat,

198 1820 260 1853 nisi
285 1821 318 1853 in
344 1821 469 1853 casibus
496 1820 700 1853 necessitatis
725 1821 774 1853 vel
801 1820 931 1853 eviden-

197 1873 237 1905 tis
262 1873 418 1914 utilitatis,
443 1884 523 1912 cum,
549 1878 629 1906 teste
655 1873 727 1906 divo
752 1873 929 1913 Bernardo,

197 1926 395 1969 dispensatio
427 1926 549 1969 absque
574 1925 767 1958 necessitate
791 1928 840 1959 vel
867 1927 931 1959 evi-

197 1979 285 2012 denti
310 1978 446 2012 utilitate
481 1979 581 2019 facta,
607 1989 673 2011 non
709 1979 927 2022 dispensatio,

195 2032 251 2067 scd
270 2031 438 2075 dissipatio
460 2036 490 2063 et
507 2031 742 2074 praevaricatio
761 2031 930 2063 iudicanda

195 2085 246 2124 sit,
273 2090 305 2117 et
327 2084 455 2128 priores
480 2094 543 2116 non
568 2095 667 2127 super
691 2089 818 2127 patrum
837 2085 929 2117 tradi-

195 2137 312 2177 tiones,
338 2137 395 2170 sed
413 2147 512 2180 super
530 2137 661 2169 fratrum
677 2148 809 2170 suorum
829 2143 929 2170 trans-

195 2190 382 2233 gressiones
407 2185 472 2222 sint
496 2189 675 2222 constituti.

239 2253 281 2277 lv.
315 2243 432 2276 Omnes
469 2242 566 2285 igitur
597 2242 775 2275 iniunctam
804 2243 863 2275 sibi
889 2243 928 2275 ab

194 2295 313 2329 Ordine
340 2306 448 2329 curam
479 2295 618 2328 fideliter
643 2296 820 2338 impleant3
847 2308 928 2339 quae

195 2348 281 2392 apud
307 2359 362 2381 eos
394 2348 640 2387 reformatione,
665 2348 864 2383 correctione
898 2355 929 2382 et

194 2400 424 2437 emendatione
442 2400 539 2442 (ligna
556 2405 640 2439 sunt,
657 2400 847 2440 reforment,
862 2412 928 2433 eor-

193 2453 300 2496 rigant
313 2459 344 2486 et
357 2453 546 2493 emendent,
561 2454 665 2486 zelum
681 2446 827 2486 tenentes
840 2454 926 2486 Eliae

194 2512 225 2539 et
242 2506 454 2539 constantiam
472 2505 674 2538 Matathiae¹.
700 2505 788 2543 Quod
809 2507 834 2539 si
854 2507 926 2550 quis

194 2559 350 2599 visitator,
377 2559 467 2602 prior
491 2563 546 2591 aut
569 2558 758 2591 monialium
788 2559 926 2592 vicarius

230 2622 243 2649 1
264 2620 334 2648 Edit.
357 2620 438 2648 Maia.
461 2621 526 2656 legit
545 2621 671 2649 Matthiae
691 2621 727 2656 (κ.
750 2622 799 2656 Τ.).

776 230 1004 267 ἰκκοεεκτιυε
1025 244 1056 268 xi
1082 245 1130 269 1²1⁵.

987 291 1018 324 in
1043 292 1241 335 corrigendis
1276 293 1460 327 excessibus
1492 294 1660 337 negligens
1686 301 1717 328 et

987 344 1150 385 remissus,
1176 351 1227 378 aut
1252 346 1283 378 in
1319 346 1456 379 licentiis
1482 347 1594 380 dandis
1619 347 1715 380 nimis

986 404 1275 441 praesumptuosus
1301 405 1332 431 et
1357 400 1549 433 temerarius
1566 401 1714 433 inventus

985 450 1092 490 fuerit,
1117 457 1148 484 et
1172 452 1309 485 monitus
1336 453 1526 496 resipiscere
1552 454 1712 495 noluerit,

984 503 1168 536 absolvatur
1189 506 1228 537 al)
1256 505 1375 545 officio,
1395 512 1426 538 et
1450 506 1530 539 alius
1554 507 1585 539 iu
1607 508 1714 540 locuni

984 555 1054 587 eius
1080 557 1304 590 observantior
1327 558 1523 591 instituatur.

1027 618 1056 640 v.
1084 609 1235 642 Subditos
1259 621 1337 643 vero
1364 622 1476 644 omnes
1510 617 1540 643 et
1569 612 1715 654 singulos

983 660 1149 694 hortamur
1174 668 1205 695 et
1230 674 1399 695 monemus
1425 665 1456 695 in
1477 664 1611 697 Domino
1629 664 1712 705 Iesu,

981 718 1015 744 ut
1039 719 1235 755 postremam
1263 715 1347 747 hanc
1378 721 1569 748 statutorum
1599 717 1714 750 editio-

982 776 1065 805 nem,
1084 770 1206 799 summa
1232 768 1293 800 side
1319 772 1350 800 et
1374 768 1540 810 diligentia
1561 774 1592 801 et
1612 770 1713 803 multo

981 828 1052 849 cum
1078 818 1190 851 labore
1212 824 1336 862 patrum
1355 819 1483 852 Ordinis
1503 821 1714 863 recognitam,

980 871 1157 913 suscipiant
1181 883 1254 904 eum
1280 873 1387 905 debita
1404 874 1599 915 gratitudine
1621 881 1653 906 et
1669 886 1715 908 re-

981 925 1133 964 verentia,
1152 931 1183 956 et.
1202 936 1263 968 pro
1289 926 1389 968 ipsius
1405 926 1459 958 Dei
1477 937 1598 966 amore,
1616 933 1711 970 atque

978 975 1161 1009 obedientia
1176 979 1401 1011 carthusianae
1416 979 1632 1021 professionis,
1651 991 1711 1023 pro

978 1029 1033 1058 sua
1051 1028 1146 1060 etiam
1164 1039 1241 1071 paee
1264 1035 1295 1061 et
1312 1029 1546 1068 consolatione,
1567 1041 1626 1072 pro
1645 1041 1713 1063 sua-

979 1089 1048 1111 rum
1075 1081 1214 1123 denique
1239 1082 1419 1114 animarum
1448 1083 1549 1115 salute
1575 1094 1612 1115 ac
1635 1094 1712 1126 pro-

979 1131 1083 1172 fectu,
1110 1144 1332 1177 quaecumque
1367 1135 1398 1166 in
1433 1145 1469 1166 ea
1493 1134 1613 1178 scripta
1637 1141 1712 1168 sunt

977 1184 1149 1218 observare
1179 1187 1340 1219 studeant.
1369 1187 1544 1230 Praecepta
1581 1199 1711 1231 quoque

977 1242 1007 1268 et
1039 1238 1161 1270 monita
1191 1239 1333 1271 salubria
1362 1239 1519 1271 maiorum
1557 1250 1708 1281 suorum,

978 1290 1111 1323 maxime
1137 1293 1365 1334 praelatorum,
1392 1292 1446 1334 qui
1471 1293 1538 1325 viee
1565 1293 1619 1325 Dei
1645 1293 1712 1326 fun·

976 1350 1102 1385 guntur,
1121 1355 1190 1377 cum
1209 1346 1295 1378 omni
1315 1347 1561 1379 mansuetudine
1578 1347 1711 1379 audiant

976 1402 1004 1427 et
1028 1397 1193 1439 impleant.
1221 1398 1257 1430 Et
1281 1398 1305 1430 si
1338 1399 1497 1431 interdum
1531 1400 1711 1431 erraverint

975 1456 1007 1481 ut
1029 1451 1187 1491 homines,
1208 1462 1272 1483 non
1291 1452 1353 1483 sint
1370 1452 1402 1483 in
1418 1453 1621 1484 emendando
1639 1463 1710 1495 per-

977 1503 1093 1535 tinaces
1118 1509 1149 1535 ut
1177 1504 1363 1541 daemones,
1390 1505 1444 1537 sed
1471 1505 1593 1546 virgam
1620 1505 1709 1537 disci-

975 1557 1080 1599 plinae
1113 1562 1143 1589 et
1178 1557 1391 1590 correctionis
1419 1558 1584 1600 patienter
1616 1558 1709 1591 susti-

975 1613 1088 1648 neant,
1114 1620 1189 1641 suae
1221 1610 1437 1652 professionis
1468 1621 1649 1652 memores,
1674 1618 1709 1644 ut

974 1663 1050 1695 salvi
1075 1662 1162 1695 siant.

1016 1726 1059 1749 vi.
1086 1716 1233 1748 Praestet
1257 1716 1351 1748 nobis
1373 1716 1579 1759 omnipotens
1605 1723 1636 1750 ct
1652 1718 1708 1750 mi-

972 1769 1109 1801 sericors
1134 1768 1300 1807 Dominus,
1324 1772 1357 1802 ut
1381 1776 1512 1802 nostrae
1537 1770 1709 1813 professio-

973 1822 1022 1853 nis
1045 1827 1117 1853 vota
1142 1820 1283 1853 fideliter
1306 1821 1507 1864 impleamuS,
1533 1833 1628 1856 suave
1654 1833 1708 1856 no-

972 1880 1056 1906 strae
1081 1874 1245 1906 servitutis
1279 1874 1386 1916 iugum
1412 1885 1482 1906 cum
1507 1875 1707 1916 humilitate,

972 1927 1140 1966 charitate,
1159 1926 1314 1969 patientia
1333 1932 1364 1960 et
1379 1929 1624 1970 perseverantia
1641 1940 1708 1962 sus-

971 1979 1137 2019 tineamus
1165 1980 1203 2011 de
1225 1979 1342 2011 virtute
1358 1979 1391 2011 in
1408 1980 1557 2012 virtutem
1574 1981 1619 2013 sic
1636 1991 1708 2024 pro-

971 2031 1129 2071 ficientes,
1160 2037 1195 2063 ut
1218 2031 1386 2073 religionis
1420 2037 1565 2074 optatum
1591 2034 1705 2074 finem,

970 2090 1001 2117 et
1025 2085 1098 2117 inde
1123 2085 1351 2127 repromissam
1376 2085 1408 2116 in
1433 2084 1496 2117 fme
1519 2087 1705 2119 mercedem

971 2137 1139 2180 percipere
1154 2137 1332 2178 valeamus;
1349 2137 1464 2170 eodem
1483 2138 1621 2171 Domino
1635 2149 1707 2172 con·

970 2190 1114 2229 cedente,
1137 2190 1192 2232 qui
1216 2190 1285 2222 sine
1310 2189 1373 2222 sine
1397 2190 1473 2222 vivit
1490 2196 1520 2223 et
1541 2196 1654 2234 regnat
1671 2192 1705 2225 in

970 2244 1098 2276 saecula
1122 2242 1338 2275 saeculorum.
1366 2243 1480 2275 Amen.

969 2305 1113 2348 Explicit
1138 2304 1276 2337 secunda
1298 2314 1377 2346 pars
1393 2314 1493 2337 novae
1509 2305 1704 2338 collectionis

1012 2361 1206 2390 statutorum
1227 2356 1360 2389 Ordinis
1376 2357 1624 2390 Gai-musianus.
1641 2358 1704 2391 Hic

1012 2415 1116 2457 autent
1125 2414 1306 2453 sequuntur
1314 2409 1459 2452 capitula
1471 2411 1580 2442 tertiae
1588 2412 1703 2454 parti&

968 2471 1063 2501 CAPUT
1101 2480 1120 2500 1.
1144 2471 1181 2500 De
1212 2470 1311 2501 divino
1336 2471 1431 2501 officio
1460 2472 1582 2502 fratrum
1614 2472 1701 2502 laico-

1165 2529 1239 2549 rum.

1092 2577 1121 2598 11.
1143 2568 1181 2598 De
1194 2567 1296 2598 diebus
1308 2569 1398 2604 festis,
1411 2569 1536 2608 qualiter
1548 2574 1575 2599 et
1587 2569 1701 2608 quando

1163 2626 1178 2646 a
1200 2617 1348 2647 conversis
1369 2617 1570 2647 observentur.

1616 236 1679 272 883
1725 247 1778 274 An.
1795 246 1822 274 c.
1841 246 1909 275 ¹688
