2111 3157
411 184 476 219 966
542 176 546 183 '
952 194 1128 220 numanum
1152 195 1303 220 Romnum
1333 195 1335 197 ’

452 246 576 280 uiarum
608 252 637 280 et
660 247 703 281 ad
727 248 914 281 decennium
938 247 1099 280 dumtaxat
1123 248 1226 291 primo
1251 257 1454 289 concessum,
1478 246 1543 282 208
1567 248 1676 293 b,7ad
1706 249 1765 283 alia
1795 250 1888 284 etiarn

452 311 551 344 regna
574 300 657 343 regis
680 300 824 334 catholici
845 305 875 333 et.
890 302 1128 344 inperpetuum
1152 306 1261 344 postea
1285 301 1477 344 extenditur,
1495 301 1560 336 209
1584 313 1614 335 α.

364 353 554 388 Alternativa
586 354 772 387 electionum
805 353 930 387 Ordinis
959 354 1113 387 Minorum
1147 354 1184 387 de
1209 354 1411 388 Observantia
1442 355 1473 387 in
1506 355 1600 389 lndiis
1637 355 1889 390 Occidentalibus

453 407 609 440 stabilitur
633 412 663 440 et
682 407 853 450 regulatur,
878 406 921 439 44
946 407 963 440 b
988 412 1018 440 et
1041 418 1113 451 seq„
1138 407 1253 440 iterum
1279 407 1344 441 505
1360 419 1380 441 a
1397 413 1427 441 et
1452 408 1478 449 b3
1507 408 1569 442 517
1595 409 1626 450 b;
1654 409 1729 443 item
1754 410 1889 444 alterna-

451 461 512 493 tiva
536 460 713 494 officiorum
737 460 768 494 in
792 460 954 505 provincia
978 460 1118 500 Quitensi
1143 471 1202 504 pro
1226 461 1371 494 Eremitis
1396 461 1424 495 S.
1449 462 1625 505 Augustini,
1644 462 1685 496 73
1709 474 1729 496 α
1753 467 1784 496 et
1807 473 1888 506 seq.;

450 515 631 547 alternativa
655 525 780 559 quoque
804 519 939 559 quatuor
959 514 1203 558 praecipuorum
1229 514 1406 548 officiorum
1439 515 1642 549 eremitarum
1675 515 1890 550 Camaldulen-

451 568 532 601 sium
557 568 588 601 in
613 573 748 612 quatuor
772 568 914 612 ipsorum
937 567 1124 612 provinciis,
1149 567 1214 601 ‘1702
1233 579 1252 600 α
1271 572 1300 601 et
1323 578 1399 612 .ςε(].;
1428 568 1500 601 item
1526 568 1608 602 inter
1637 568 1807 609 Gallaecos,
1833 569 1890 602 Le-

450 621 625 665 gionenses,
644 627 675 655 et
691 622 829 665 reliquos
846 621 985 654 forenses
1001 620 1126 654 Ordinis
1142 621 1295 654 Minorum
1319 621 1349 653 in
1369 621 1533 665 provincia
1551 621 1579 654 S.
1600 621 1703 656 Iacobi
1720 622 1752 654 in
1776 621 1888 665 Hispa-

449 674 510 715 nia,
535 673 593 707 581
623 675 639 707 b
663 680 693 708 et
716 685 787 719 seq.;
818 674 892 707 item
926 674 1109 707 alternativa
1132 674 1214 706 inter
1238 674 1349 707 fratres
1381 673 1506 708 Ordinis
1541 674 1639 707 sancti
1662 674 1820 708 Francisci
1851 674 1889 708 de

449 727 651 761 Observantia
675 733 705 761 et
728 728 925 761 Resormatos
949 728 981 760 in
1011 726 1163 760 electione
1192 727 1399 760 commissarii
1428 727 1583 770 generalis
1614 727 1799 761 cismontani
1832 733 1890 761 sta-

447 780 575 821 bilitur,
600 780 663 814 916
688 781 714 813 b.

360 833 514 868 Amadeus
539 834 694 867 Victorius
726 833 898 867 sabaudiae
922 833 983 866 dux
1008 838 1037 866 et
1061 833 1253 866 Pedemontii
1281 833 1444 877 princeps,
1461 833 1526 868 665
1550 845 1590 874 α,·
1615 834 1715 868 cessio
1740 833 1785 868 illi
1809 833 1889 868 facta

447 887 530 920 feudi
554 886 731 927 Masserani,
756 886 963 920 Vercellensis
983 885 1147 928 dioecesis,
1173 886 1324 927 irritatur,
1349 887 1424 920 ibid.
1451 892 1481 920 et
1504 898 1562 931 seq.

359 940 447 974 Anna
470 940 632 974 Austriaca
656 940 803 973 Ludovici
828 939 892 972 XIV
918 939 1111 972 Francorum
1141 944 1171 971 et
1194 940 1350 973 Navarrae
1374 940 1459 983 regis
1483 946 1600 980 mater,
1627 940 1669 974 29
1693 942 1732 982 b,·
1755 941 1890 974 instituit

447 994 704 1027 sanctimoniales
728 992 925 1026 Adorationis
950 992 1123 1036 Perpetuae
1148 992 1198 1025 SS.
1225 992 1428 1035 Sacramenti,
1453 992 1495 1027 29
1520 993 1546 1034 b,
1571 992 1614 1027 30
1638 1005 1667 1027 a.

358 1048 510 1081 Antonius
542 1047 580 1080 de
611 1047 736 1090 Montoy
766 1046 919 1089 magister
951 1045 1105 1089 generalis
1137 1045 1263 1079 Ordinis
1291 1045 1423 1078 fratrum
1455 1045 1730 1088 Praedicatorum‚
1761 1044 1826 1080 ’180
1850 1056 1889 1088 α;

445 1101 509 1133 ’182
534 1112 573 1139 α’,
599 1100 663 1133 195
687 1098 815 1141 ‹13487
841 1100 866 1132 b.

359 1154 700 1188 Arcbiconfraternitas
724 1154 826 1186 almae
847 1152 964 1186 Domus
988 1152 1192 1192 Lauretanae,
1217 1156 1287 1192 etc.‚
1314 1151 1383 1184 ride
1404 1150 1659 1185 Confraternitas.

355 1209 660 1253 ArcbiepiscopatuS‚
685 1208 755 1241 vide
779 1206 916 1240 Ecclesia
941 1206 1128 1239 cathedralis
1151 1205 1199 1239 vel
1224 1204 1411 1248 Capitulum.

355 1262 592 1306 Archiepiscopi
617 1261 829 1304 inquisitores,
853 1260 923 1293 vide
942 1259 1122 1303 Inquisitor.

354 1316 617 1359 Arcbiepiscopus
640 1314 880 1353 Mechliniensis,
904 1313 974 1346 vide
998 1313 1091 1345 Lites.

353 1368 601 1413 Archigymnasii
627 1367 802 1411 Sapientiae
827 1366 1036 1399 bibliothecae
1060 1366 1189 1399 facultas
1214 1364 1369 1399 retinendi
1394 1375 1612 1411 quaecumque
1641 1376 1740 1411 opera
1767 1366 1882 1411 prohi-

442 1422 505 1454 bita
525 1432 560 1454 ac
584 1421 728 1453 damnata
753 1420 945 1459 conceditur,
970 1418 1034 1452 488
1060 1420 1077 1451 b
1102 1424 1131 1451 et
1155 1430 1217 1463 seq.

353 1475 535 1508 Archivium
560 1474 718 1517 cappellae
742 1473 932 1511 pontificiae,
956 1473 1026 1505 vide
1049 1472 1194 1516 Cappella
1219 1472 1390 1507 Pontificia.

353 1528 582 1569 Augustiniani,
606 1527 676 1560 vide
699 1526 853 1560 Eremitae
878 1526 906 1559 S.
932 1526 1106 1568 Augustini.

350 1847 470 1885 Bancus
494 1849 523 1883 S.
548 1849 694 1893 Spiritus,
719 1847 783 1882 490
807 1859 843 1888 a;
869 1847 967 1891 ipsius
991 1846 1150 1879 debitores
1180 1845 1280 1879 teneri
1310 1845 1411 1880 eidem
1445 1846 1622 1880 satisfacere
1653 1846 1780 1881 vinculo
1803 1846 1883 1882 obli-

438 1904 572 1946 gationis
597 1903 759 1935 cameralis
784 1902 971 1941 declaratur,
995 1901 1073 1934 ibid.
1101 1907 1131 1934 et
1153 1912 1213 1946 seq.

350 1958 538 1991 Bai-berinus
563 1956 728 1989 cardinalis
752 1956 902 1996 Carolus,
926 1956 996 1988 ride
1026 1955 1164 1989 Carolus.

349 2011 538 2044 Barberinus
562 2010 728 2043 cardinalis
752 2009 954 2049 Franciscus,
979 2010 1050 2041 vide
1074 2008 1270 2043 Franciseus.

350 2064 543 2105 Barnabitae,
567 2064 637 2096 vide
662 2063 769 2096 Clerici
797 2063 956 2104 regulares
982 2062 1175 2095 Barnabitae.

350 2117 607 2150 Bartholomaeus
625 2116 830 2149 Holtzliauzer
851 2116 1040 2149 clericorum
1058 2116 1265 2149 saecularium
1287 2116 1317 2148 in
1339 2116 1499 2149 communi
1519 2115 1692 2150 viventium
1710 2115 1880 2158 institutor,

438 2169 495 2202 2!ss
525 2170 549 2201 Ι).

349 2222 480 2256 Basilica
504 2223 532 2255 S.
559 2223 682 2256 Ioannis
707 2224 737 2256 in
763 2224 925 2264 Laterano,
951 2223 991 2257 72
1017 2224 1051 2263 b,
1081 2223 1179 2267 ipsius
1205 2223 1444 2267 capitularibus,
1469 2232 1508 2256 ne
1531 2226 1657 2266 peracta
1680 2221 1712 2255 in
1736 2221 1880 2266 capitulis

435 2277 590 2315 revelent,
615 2276 672 2309 sub
697 2277 1020 2310 excommunicatione
1045 2277 1255 2320 praecipitur,
1279 2276 1355 2309 ibid.

347 2327 475 2362 Basilica
505 2329 533 2362 S.
568 2329 673 2368 Petri,
705 2329 746 2362 82
778 2341 813 2368 α;
847 2330 884 2362 ad
916 2330 1015 2374 ipsius
1044 2330 1214 2373 capitulum
1243 2335 1386 2373 spectare
1418 2329 1617 2362 collationem
1652 2327 1878 2361 beneficiorum

434 2382 573 2414 abbatiae
593 2382 622 2415 S.
648 2382 751 2415 Rufilli
776 2383 1086 2427 Foropompiliensis,
1111 2383 1152 2417 82
1177 2394 1197 2416 α
1222 2389 1331 2427 etseq.;
1355 2383 1493 2416 eiusdem
1525 2382 1748 2416 canonicorum
1768 2381 1877 2415 decre-

434 2440 517 2475 tum,
543 2446 604 2479 quo
629 2441 778 2469 statutum
803 2437 860 2469 suit
884 2443 917 2470 ut
941 2437 1092 2470 beneficia
1115 2437 1215 2470 dictae
1239 2436 1381 2470 abbatiae
1406 2436 1623 2470 conferrentur
1647 2434 1770 2468 clericis
1794 2433 1878 2468 illius

435 2487 585 2521 dioecesis
609 2489 633 2521 si
653 2494 755 2522 essent
774 2490 888 2532 idonei,
908 2490 1128 2530 confirmatur,
1148 2488 1188 2524 83
1206 2501 1234 2523 α.
1751 2528 1754 2531 ⁴

344 2539 611 2583 Beatificationem
636 2543 716 2574 servi
747 2543 799 2575 Dei
831 2543 991 2576 Thurribii
1015 2544 1245 2588 archiepiscopi
1270 2544 1389 2577 Limani
1415 2543 1592 2577 celebrandi
1620 2542 1698 2576 facta
1722 2545 1877 2586 potestas,

436 2592 500 2627 190
525 2594 550 2627 b.
576 2593 815 2630 Beatificationis
839 2597 1011 2641 solemnia,
1034 2598 1219 2642 priusuuam
1250 2597 1311 2630 alio
1343 2596 1562 2633 celebrentur.
1588 2596 1618 2630 in
1649 2596 1750 2636 Urbe,
1779 2600 1808 2628 et
1837 2593 1876 2629 de
