2111 3157
8 213 58 242 An.
73 214 101 243 C.
124 217 191 245 1679

28 908 147 929 clausulae.

195 276 260 308 isve
286 275 493 318 quibuslibet,
520 276 579 318 agi,
605 275 686 318 geri,
711 275 843 308 decerni
872 276 920 307 vel

195 327 335 360 ordinari
373 327 564 370 contigerit,
592 327 676 370 quod
711 326 922 370 praeinsertis

195 380 453 413 ordinationibus
489 385 520 412 et
552 379 676 412 statutis
717 379 838 412 directe
874 379 922 411 vel

194 432 351 465 indirecte
376 443 432 464 seu
455 433 531 465 alias
556 432 797 474 quomodolibet
812 431 921 463 adver-

195 490 292 523 setur,
310 489 363 516 aut,
379 484 508 516 illorum
526 483 670 515 effectum
696 483 806 525 quovis
827 482 923 514 modo

195 536 353 578 impedire
377 537 425 567 vel
451 541 593 567 avertere
622 536 746 573 valeat,
773 535 802 567 id
829 534 861 566 in
887 535 922 566 ea

193 593 286 630 parte
312 589 450 626 nullum,
481 597 605 619 cassum
631 593 662 619 et
685 587 824 626 irritum,
854 587 925 618 nul-

193 639 318 682 liusque
336 638 464 671 roboris
490 643 521 670 et
544 639 714 677 momenti,
740 649 776 670 ac
800 637 922 669 viribus

194 697 226 724 et
249 691 362 724 effectu
395 690 523 734 penitus
560 696 592 722 et
625 691 756 722 omnino
791 700 923 722 vacuum

194 754 265 776 esse
297 749 328 776 et
359 744 426 776 sore
455 744 552 775 etiam
584 754 620 775 ex
655 753 740 775 nunc
766 748 862 785 prout
887 753 921 774 ex

193 801 268 828 tunc
288 801 320 828 et
343 806 358 828 e
384 800 496 828 contra
531 795 733 828 decernimus
765 800 795 827 et
821 795 925 828 decla-

193 858 313 880 ramus.

237 900 252 942 §
269 900 300 932 4.
320 900 536 933 Decernentes
551 900 675 943 pariter
688 900 818 932 easdem
835 910 924 942 prae-

193 958 302 986 sentes
322 954 443 985 litteras
473 958 503 985 et
527 952 558 984 in
585 952 629 984 eis
654 957 805 985 contenta
830 963 924 995 quae·

193 1015 343 1048 cumque,
370 1005 465 1037 etiam
483 1015 518 1036 ex
537 1015 575 1037 eo
593 1005 680 1047 quod
698 1005 850 1046 magister
870 1015 924 1046 ge-

191 1057 324 1096 neralis,
355 1056 517 1099 ceterique
544 1057 726 1099 superiores
753 1061 784 1088 et
808 1056 924 1088 fratres

191 1108 319 1141 Ordinis
345 1109 508 1151 praedicti,
536 1114 567 1140 et
591 1108 644 1141 alii
670 1109 808 1151 quilibet
828 1109 922 1141 etiam

192 1159 343 1203 specifica
368 1165 400 1192 et
424 1160 588 1193 individua
620 1161 784 1193 mentione
817 1165 848 1192 et
872 1171 925 1193 ex-

189 1212 360 1255 pressione
386 1212 484 1253 digni,
506 1213 537 1244 in
562 1212 746 1255 praemissis
767 1213 922 1244 interesse

191 1265 363 1304 habentes,
375 1275 429 1297 seu
445 1265 565 1297 habere
581 1265 924 1307 quomodolibetprae-

191 1317 358 1349 tendentes
377 1343 384 1356 ,
408 1317 473 1349 illis
498 1327 561 1349 non
587 1318 830 1356 consenserint,
863 1327 923 1349 nec

191 1368 230 1400 ad
247 1378 283 1400 ea
299 1368 413 1407 vocati,
430 1369 528 1408 citati,
548 1368 659 1406 auditi,
678 1379 783 1411 neque
799 1378 922 1407 causae,

189 1425 323 1462 propter
345 1430 423 1462 quas
446 1425 632 1463 praesentes
658 1421 846 1458 emanarint,
868 1421 923 1453 ad-

191 1472 318 1511 ductae,
344 1471 547 1514 specificatae
567 1473 615 1504 vel
641 1471 829 1504 iustificatae
855 1472 923 1504 suc-

189 1524 273 1564 rint,
296 1530 350 1557 aut
378 1535 414 1557 ex
441 1525 502 1557 alia
533 1525 679 1568 qualibet
703 1526 798 1557 etiam
824 1536 923 1568 quan-

190 1576 305 1609 tumvis
325 1577 470 1616 iuridica,
485 1577 537 1620 pia
553 1582 584 1609 et
598 1578 801 1620 privilegiata
818 1580 922 1615 causa,

190 1629 320 1668 colore,
351 1634 519 1671 praetextu
551 1630 601 1662 vel
622 1629 747 1672 capite,
770 1630 865 1662 etiam
883 1630 922 1668 ‚in

189 1690 325 1723 corpore
355 1681 434 1713 iuris
470 1682 602 1721 clauso,
637 1682 731 1714 etiam
758 1682 920 1722 enormis,

188 1733 430 1766 enormissimae
456 1738 488 1765 ct
515 1734 622 1765 totalis
648 1733 810 1773 laesionis,
833 1735 923 1767 nullo

188 1795 330 1828 unquam
366 1791 510 1828 tempore
546 1786 585 1818 de
622 1786 843 1828 subreptionis
875 1787 923 1819 vel

189 1838 391 1880 obreptionis
416 1844 470 1870 aut
489 1838 646 1871 nullitatis
674 1838 762 1877 vitio,
794 1849 849 1869 seu
877 1839 923 1870 in-

189 1890 343 1922 tentionis
374 1896 504 1922 nostrae
534 1896 588 1922 aut
611 1891 768 1922 interesse
802 1891 924 1922 liaben-

189 1943 268 1974 tium
300 1953 498 1982 consensus,
526 1944 626 1976 aliove
653 1943 797 1986 quolibet
828 1944 922 1976 etiarn

190 1995 393 2037 quantumvis
433 2005 549 2037 niagno
582 2000 614 2027 et
647 1996 847 2028 substantiali
887 2007 922 2028 ac

190 2047 366 2090 incogitato
391 2053 422 2080 et
446 2048 686 2090 inexcogitabili
710 2048 923 2081 individuam-

191 2110 253 2142 que
294 2102 532 2143 expressionem
569 2101 755 2144 requirente
794 2102 922 2134 defectu

190 2152 317 2191 notari,
342 2153 545 2195 impugnari,
571 2153 712 2195 infringi,
745 2154 920 2192 retractari,

190 2204 342 2244 rescindi,
361 2204 551 2244 modificari,
569 2205 711 2244 limitari,
731 2210 785 2237 aut
803 2205 832 2237 in
848 2216 923 2238 con-

192 2257 382 2289 troversiam
405 2257 524 2295 vocari,
542 2267 596 2289 seu
614 2257 651 2288 ad
672 2257 827 2290 terminos
845 2257 922 2289 iuris

191 2308 322 2348 reduci,
358 2315 412 2342 aut
440 2309 593 2342 adversus
629 2309 700 2342 illas
732 2309 921 2352 aperitionis

193 2361 276 2400 oris,
300 2361 514 2394 restitutionis
537 2362 566 2393 in
592 2361 767 2404 integrum,
794 2362 921 2394 aliudve

193 2414 420 2456 quodcumque
444 2414 534 2453 iuris,
554 2414 627 2446 sacti
654 2415 703 2446 vel
731 2414 851 2455 gratiae
874 2425 923 2446 re-

192 2465 332 2498 medium
357 2466 509 2498 intentziri
535 2467 585 2498 vel
607 2465 779 2509 impetrari,
795 2477 849 2499 seu
869 2466 922 2498 im-
943 2491 944 2498 ,

193 2523 329 2561 petrato,
346 2524 398 2550 aut
420 2518 515 2550 etiam
534 2524 633 2556 motu,
654 2516 787 2550 scientia
812 2524 841 2550 et
867 2530 924 2561 po-

194 2575 316 2603 testatis
338 2570 540 2612 plenitudine
557 2570 690 2613 paribus
708 2580 857 2604 concesso
875 2572 922 2604 vel

773 227 984 252 JNNocliu'rlt'S
1006 229 1035 251 >41
1062 229 1110 252 PF.

964 280 1122 313 emanato,
1144 274 1328 317 quempiam
1354 273 1386 305 in
1404 272 1522 305 iudicio
1540 274 1589 305 vel
1605 277 1695 305 extra

963 326 1043 359 illud
1067 327 1112 358 uti
1138 337 1196 359 seu
1221 337 1253 359 se
1268 326 1375 358 iuvare
1392 326 1458 358 ullo
1473 325 1570 358 modo
1584 336 1692 368 posse,

965 378 1021 411 sed
1039 379 1124 421 ipsas
1151 383 1341 421 praesentes
1363 378 1490 410 litteras
1515 387 1550 410 ac
1568 378 1696 410 ordina-

966 429 1069 462 tiones
1111 437 1143 462 et
1183 435 1297 462 statuta
1334 429 1532 472 praeinserta
1567 439 1696 472 semper

964 481 1065 521 firma,
1082 482 1185 514 valida
1203 487 1234 514 et
1250 482 1388 514 efficacia
1413 481 1550 515 existere
1566 486 1598 514 et
1615 482 1696 520 sore,

965 544 1103 576 suosque
1134 533 1296 576 plenarios
1329 538 1361 565 et
1385 533 1527 575 integros
1563 533 1695 566 effectus

965 585 1073 617 sortiri
1099 590 1131 617 et
1155 585 1315 623 obtinere,
1342 595 1378 617 ac
1403 586 1441 617 ab
1466 585 1539 624 illis,
1559 586 1597 618 ad
1615 597 1695 628 quos

965 642 1087 679 spectat
1116 642 1146 669 et
1174 647 1232 679 pro
1257 642 1402 679 tempore
1428 638 1695 681 quandocumque

965 689 1130 731 spectabit,
1157 689 1190 721 in
1219 690 1369 722 omnibus
1399 695 1430 721 et
1454 700 1512 732 per
1529 691 1636 723 omnia
1652 691 1696 723 in-

965 741 1160 774 violabiliter
1177 746 1208 773 et
1229 742 1418 774 inconcusse
1436 742 1620 783 observari,
1642 743 1696 775 sic-

966 803 1028 836 que
1047 799 1077 826 et
1093 804 1158 826 non
1176 793 1271 826 aliter
1287 793 1318 826 in
1335 794 1519 837 praemissis
1546 795 1694 827 omnibus

966 851 998 878 et
1021 846 1156 888 singulis
1183 847 1319 885 censeri,
1340 851 1436 888 atque
1455 847 1497 878 ita
1520 857 1578 889 per
1602 857 1695 889 quos-

965 908 1100 941 cumque
1125 899 1245 931 iudices
1269 899 1449 931 ordinarios
1475 904 1505 931 et
1534 899 1697 941 delegatos

965 950 1061 982 etiam
1080 961 1250 983 causarum
1274 950 1387 993 palatii
1412 951 1584 993 apostolici
1609 951 1698 984 audi-

965 1008 1064 1040 tores,
1090 1014 1125 1035 ac
1150 1003 1180 1035 S.
1208 1003 1244 1035 R.
1262 1003 1295 1035 E.
1317 1003 1477 1045 praefatae
1503 1003 1696 1042 cardinales,

965 1055 1059 1087 etiam
1093 1055 1131 1087 de
1164 1056 1262 1087 latere
1288 1056 1412 1097 legatos
1436 1060 1467 1088 et
1491 1055 1696 1098 Apostolicae

964 1108 1054 1140 Sedis
1092 1109 1244 1148 nuntios,
1279 1109 1399 1141 aliosve
1425 1109 1588 1151 quoslibet
1612 1119 1693 1151 qua—

965 1170 1100 1202 cumque
1126 1160 1381 1203 praeeminentia
1399 1166 1429 1193 et
1453 1166 1610 1203 potestate
1629 1161 1698 1193 sun-

965 1217 1076 1253 gcntes
1097 1217 1128 1243 et
1158 1212 1332 1251 suncturOS,
1362 1213 1488 1244 sublata
1512 1213 1557 1244 eis
1589 1218 1620 1245 et
1645 1223 1697 1246 eo-

965 1273 1033 1294 rum
1062 1263 1197 1295 cuilibet
1222 1263 1331 1305 quavis
1357 1264 1450 1295 aliter
1476 1263 1641 1296 iudicandi
1666 1269 1698 1297 et

964 1315 1200 1357 interpretandi
1234 1316 1383 1348 facultate
1420 1321 1452 1347 et
1485 1316 1697 1357 auctoritate,

964 1367 1102 1399 iudicari
1129 1372 1160 1399 et
1193 1366 1320 1400 definiri
1341 1368 1476 1407 debere,
1507 1379 1543 1400 ac
1567 1368 1696 1401 irritum

966 1424 997 1451 et
1021 1419 1117 1452 inane
1139 1420 1165 1451 si
1184 1429 1279 1452 secus
1295 1430 1396 1462 super
1417 1420 1467 1452 his
1486 1431 1503 1452 a
1520 1430 1697 1463 quoquam,

965 1472 1077 1514 quavis
1110 1472 1325 1512 auctoritate,
1360 1472 1504 1505 scienter
1530 1473 1579 1505 vel
1604 1473 1697 1515 igno-

965 1529 1095 1564 ranter,
1123 1524 1301 1567 contigerit
1332 1525 1498 1557 attentari.

1009 1577 1023 1619 ξ
1048 1577 1078 1609 5.
1105 1576 1174 1610 Non
1201 1576 1404 1611 obstantibus
1428 1578 1625 1620 praemissis
1652 1588 1697 1618 ac,

965 1635 1123 1672 quatenus
1141 1640 1221 1672 opus
1239 1630 1288 1669 sit,
1309 1632 1420 1662 nostra
1437 1636 1468 1663 et
1484 1631 1697 1664 cancellariae

964 1683 1161 1724 apostolicae
1187 1684 1300 1725 regula
1318 1683 1356 1716 de
1378 1683 1448 1716 iure
1466 1685 1613 1727 quaesito
1631 1693 1696 1717 non

964 1736 1121 1774 tollendo,
1139 1734 1274 1778 aliisque
1301 1734 1495 1778 apostolicis,
1515 1745 1551 1768 ac
1574 1736 1604 1768 in
1628 1734 1698 1768 uni-

963 1788 1142 1820 versalibus
1166 1787 1481 1830 provincialibusque
1502 1787 1647 1821 conciliis
1669 1799 1697 1820 e-

965 1839 1058 1879 ditis,
1092 1840 1297 1882 generalibus
1317 1841 1367 1872 vel
1392 1840 1599 1883 specialibus,
1621 1851 1698 1874 con·

965 1891 1182 1923 stitutionibus
1216 1897 1247 1924 ct
1271 1891 1541 1932 ordinationibus,
1568 1902 1697 1925 necnon

965 1943 1040 1976 dicti
1055 1943 1191 1983 Ordinis,
1213 1943 1322 1976 aliisve
1344 1944 1518 1986 quibusvis,
1534 1943 1628 1976 etiam
1649 1945 1698 1976 iu-

963 2001 1119 2035 ramento,
1145 1995 1392 2029 confirmatione
1418 1997 1608 2039 apostolica,
1642 2006 1697 2029 seu

964 2049 1075 2091 quavis
1102 2048 1251 2081 firmitate
1277 2049 1338 2081 alia
1362 2049 1534 2089 roboratis,
1558 2049 1696 2089 statutis,

965 2102 1065 2143 stylis,
1090 2101 1202 2133 usibus
1228 2106 1259 2133 et
1279 2101 1576 2141 consuetudinibus,
1598 2101 1695 2134 etiam

964 2154 1274 2187 imrncmorabilibus
1293 2180 1300 2193 ,
1331 2153 1508 2196 privilegiis
1545 2164 1703 2197 quoque,¹

964 2206 1096 2239 indultis
1117 2211 1149 2238 et
1172 2205 1286 2238 litteris
1316 2205 1504 2247 apostolicis
1530 2206 1626 2238 etiam
1652 2205 1701 2238 ei·-

965 2259 1036 2290 dem
1061 2258 1184 2297 Ordini,
1204 2257 1339 2300 eiusque
1365 2257 1519 2299 magistro
1541 2257 1700 2300 generali,

964 2311 1143 2353 ceterisque
1162 2309 1386 2352 superioribus
1406 2310 1559 2343 fratribus
1576 2315 1607 2342 et
1623 2320 1700 2353 per-

965 2363 1052 2395 sonis
1077 2362 1287 2404 quibuslibet,
1309 2362 1402 2394 etiam
1427 2362 1576 2404 specifica
1601 2368 1632 2394 et
1648 2363 1697 2394 in-

964 2414 1092 2447 dividua
1110 2413 1271 2446 mentione
1291 2412 1403 2455 dignis,
1420 2414 1478 2445 sub
1491 2413 1698 2457 quibuscum·

964 2477 1027 2509 que
1056 2467 1229 2498 verborum
1254 2465 1421 2498 tenoribus
1445 2471 1478 2499 et
1502 2466 1635 2506 formis,
1660 2475 1698 2499 ac

965 2529 1036 2551 cum
1051 2518 1214 2561 quibusvis
1231 2517 1325 2551 ctiam
1345 2519 1622 2561 derogatoriarnm
1641 2519 1697 2552 deo

966 2571 1149 2613 rogator-iis,
1175 2570 1310 2613 aliisque
1335 2571 1701 2611 efficacioribusefficat-

1592 215 1655 249 ⁶213
1700 226 1748 251 An.
1768 225 1795 253 e.
1816 226 1886 253 teis

1736 1586 1890 1608 Contrariorum

1709 1614 1826 1640 derogatio,
