2111 3157
151 244 202 268 Au,
223 243 250 269 r..
271 242 336 269 iasa
384 233 447 274 50ss

190 304 251 324 fiaes
278 306 331 325 tran-

150 334 285 355 ιυως-’.υι-υιιι.

164 1671 274 1693 hmrdium
284 1677 320 1697 pe-

137 1700 196 1718 trum
224 1704 236 1717 a
259 1704 320 1723 prac-

136 1728 188 1744 wnti
204 1727 252 1744 tunc
265 1725 318 1745 chri·

136 1754 217 1771 ‹uaiuae
250 1752 319 1777 reipu-

136 1777 203 1797 lucau
219 1781 281 1798 statu.

387 293 401 336 ἓ
435 292 466 326 4.
500 294 651 328 Volumus
687 297 793 327 autem
828 298 864 325 ut
891 291 1077 325 earumdem

343 347 562 387 praesentium
581 346 760 379 litterarum
782 344 1001 388 transumptis,
1021 354 1077 377 seu

343 399 507 442 exemplis,
520 399 615 432 etiam
633 399 809 442 impressis,
830 409 926 431 manu
943 396 1077 430 alicuius

342 451 458 484 notarii
477 451 599 495 publici
616 451 815 495 subscriptis,
837 456 869 484 et
885 451 991 493 sigillo
1008 460 1077 494 per·

341 513 440 536 sonae
467 503 498 536 in
524 504 743 550 ecclesiastiea
775 502 931 547 dignitate
957 504 1076 537 consti-

340 561 426 588 tutae
452 557 592 597 munitis,
611 557 722 590 eadem
746 550 880 600 prorsus
904 556 985 590 fides
1012 562 1075 590 tam

338 608 370 639 in
396 609 513 642 iudicio
539 620 632 653 quam
662 601 751 644 extra
775 610 855 643 illud
891 610 1075 649 habeatur,

339 672 421 703 quae
439 662 516 705 ipsis
539 658 767 706 praesentibus
789 663 966 697 haberetur
989 663 1013 696 si
1033 663 1075 696 so-

337 719 410 747 reut
435 714 598 749 exhibitae
623 716 672 749 rel
697 722 859 751 ostensae.

381 766 492 799 Datum
518 767 646 807 Romae,
665 769 750 811 apud
773 768 803 801 S.
821 767 952 801 Mariam
977 768 1073 802 Maio-

335 829 413 859 rem,
444 821 501 853 sub
527 821 647 855 annulo
672 821 853 862 Piscatoris,
877 822 928 855 die
947 832 1004 855 xui
1026 832 1073 855 se-

335 873 493 914 ptembris
513 884 711 915 iinctxxxut,
739 874 947 918 pontificatus
972 875 1072 908 nostri

335 935 419 959 anno
446 937 498 960 vii.

370 986 431 1014 Dat.
448 988 491 1015 die
510 989 539 1016 13
553 973 718 1026 septembris
734 990 812 1025 ¹683,
826 990 923 1027 pontif.
937 999 1008 1019 anno
1024 997 1070 1018 vu.

634 1140 765 1174 CXXXI.

329 1219 528 1252 Indicumur
546 1224 607 1253 tres
624 1220 765 1253 decimae
789 1230 885 1264 super
907 1221 1070 1264 fructibus

375 1277 403 1304 ee
426 1273 637 1315 pensionibus
661 1273 817 1307 bonorum
837 1273 1066 1307 ecclesiastico-

373 1336 446 1358 rum
473 1327 570 1359 totius
602 1327 682 1359 cleri
717 1329 752 1360 in
788 1328 944 1360 universa
969 1328 1070 1361 Italia

375 1383 403 1411 et
428 1379 545 1412 insulis
570 1381 599 1412 ei
622 1379 863 1420 adiacentibus,
890 1381 928 1413 ob
952 1381 1066 1414 immi-

373 1441 452 1463 nens
477 1432 596 1465 bellum
622 1433 826 1467 Turcicum¹.

501 1512 695 1540 Innocentius
722 1512 895 1548 Episcopus,

513 1563 619 1583 servus
640 1564 792 1584 servorum
812 1558 874 1590 Dei,

469 1599 505 1626 ad
525 1600 659 1628 futuram
679 1601 725 1628 rei
744 1602 926 1630 memoriam.

374 1670 432 1713 51.
448 1670 523 1704 Cum
537 1671 576 1704 ab
591 1671 661 1714 ipso
675 1673 777 1705 nostri
794 1672 996 1715 pontificatus
1011 1674 1066 1707 ini-

331 1722 383 1763 tio,
400 1723 438 1756 ad
453 1734 549 1766 quem
565 1724 671 1758 divina
685 1726 858 1759 clementia
873 1727 905 1759 in
923 1727 1066 1760 altitudi-

329 1786 369 1809 ne
384 1776 566 1810 divitiarum
582 1777 759 1820 sapientiae
775 1784 807 1810 et
820 1779 973 1812 scientiae
991 1790 1064 1813 suae

328 1838 387 1860 nos
413 1829 534 1861 meritis
561 1830 637 1862 licet
661 1830 802 1873 impares
827 1832 945 1871 evexit,
972 1832 1063 1865 malis

327 1881 471 1924 undique
497 1883 646 1915 afflictam
677 1885 874 1927 scissamque
892 1885 1064 1918 discordiis

327 1934 536 1967 christianam
556 1935 792 1979 rempublicam
819 1937 1009 1977 videremus,
1026 1939 1064 1971 ad

327 1986 499 2022 Dominum
525 1988 556 2020 in
582 1988 799 2022 amaritudine
829 1990 936 2023 cordis
963 1991 1063 2024 nostri

327 2040 545 2080 clamavimus,
573 2051 713 2084 eumque
740 2042 902 2085 deprecati
928 2054 1061 2084 sumus,

326 2098 361 2123 ut
393 2093 569 2125 secundum
608 2094 847 2129 multitudinem
883 2096 1065 2129 miseratio-

326 2155 402 2177 num
428 2156 556 2179 suarum
581 2147 756 2180 redimeret
781 2159 839 2181 nos
868 2159 885 2182 a
910 2149 1012 2189 malis,
1033 2156 1065 2182 et

325 2208 392 2230 non
418 2198 508 2231 daret
534 2199 768 2234 haereditatem
786 2211 875 2234 suam
900 2201 931 2234 in
957 2202 1064 2244 perdi-

325 2250 446 2283 tionem
472 2257 502 2284 et
520 2251 549 2283 in
569 2253 796 2296 opprobrium.
815 2253 905 2292 Quod
931 2255 1062 2298 quidem

325 2309 439 2345 postea
465 2315 503 2337 eo
528 2305 768 2339 ardentioribus
802 2307 884 2341 votis
911 2307 1063 2350 efflagita-

362 2366 370 2390 1
396 2366 505 2393 Similes
525 2367 641 2394 decimas
668 2368 751 2395 babes
772 2368 872 2397 Urbani
898 2369 955 2396 vltt
976 2374 1060 2396 const.

325 2409 368 2435 ed.
389 2416 522 2441 nncxxxi,
543 2411 585 2437 die
608 2412 639 2438 tlt
668 2412 720 2439 bal.
749 2413 898 2446 februarii,
920 2417 994 2449 pont.
1016 2420 1060 2447 ix,

324 2454 465 2480 Alexandri
488 2454 531 2481 vti
552 2459 636 2481 const.
658 2456 700 2483 ed.
722 2463 819 2490 unca,
841 2457 884 2484 die
899 2458 933 2484 24
953 2458 1060 2491 martii,

324 2502 398 2532 pont.
420 2505 455 2532 vt,
472 2497 643 2525 Clementisli
661 2504 745 2527 const.
759 2502 801 2528 ed.
814 2508 957 2535 Mociixxiv,
970 2502 1013 2529 die
1030 2502 1062 2528 12

324 2541 424 2573 martii,
441 2546 512 2576 pont.
527 2549 562 2568 iv.
580 2542 648 2568 Infra
664 2544 762 2570 veroin
775 2545 854 2571 huius
866 2545 961 2572 Pontis.
975 2549 1060 2572 const.

912 225 1102 268 ‘BULLnuUM
1128 244 1191 266 ΗΘΜ
1200 243 1278 266 thfnt

1120 290 1233 330 vimus,
1251 300 1324 333 quo,
1343 290 1439 323 rebus
1459 291 1603 334 quotidie
1627 291 1728 334 magis
1747 291 1780 324 in
1801 291 1857 325 de·

1120 342 1219 375 terius
1236 343 1432 383 labentibus,
1449 344 1557 377 omnia
1575 344 1729 387 periculis
1751 355 1859 388 prona

1120 405 1190 428 esse
1207 395 1412 437 videbantur;
1433 407 1505 430 nam
1527 397 1717 440 expugnatis
1734 397 1795 430 iam
1815 397 1855 432 ab

1119 447 1218 482 effero
1235 449 1410 483 Turcarum
1430 456 1566 494 tyranno
1584 449 1753 491 Varadino,
1772 448 1857 484 Neu·v

1118 503 1198 536 selio
1223 508 1255 537 et
1279 503 1482 538 Cameniccio
1516 504 1739 537 munitissimis
1769 503 1850 551 Hun-

1118 555 1226 597 gariae
1252 562 1283 589 et
1307 556 1479 590 Paedoliae
1504 556 1651 597 arcibus,
1678 561 1711 590 et
1742 556 1856 599 Cretae¹

1117 618 1219 650 regno
1237 614 1311 652 post
1327 609 1514 643 diuturnum
1543 609 1854 653 acerbissimumque

1862 245 1913 272 An.
1929 243 1959 271 C.
1977 246 2045 274 1683

1116 659 1239 694 bellum
1265 662 1410 702 subacto,
1435 661 1632 702 Germaniae,
1657 667 1753 706 atque
1777 662 1850 706 ipsi·
1874 693 1883 704 ,

1116 719 1182 746 met
1199 713 1308 747 ltaliae
1333 715 1512 748 cervicibus
1530 715 1738 748 foedissimae
1756 714 1852 748 servi·

1117 766 1195 800 tutis
1220 767 1328 810 iugum
1355 768 1555 802 imminebat.
1573 769 1659 802 Haec
1679 769 1765 802 inter
1779 773 1852 802 vota

1116 825 1147 852 et
1164 830 1258 853 curas
1276 821 1448 864 pastoralis
1467 826 1595 855 nostrae
1614 821 1853 862 sollicitudinis,

1116 872 1304 906 teterrimus
1331 873 1443 914 hostis,
1466 880 1561 917 atque
1588 875 1619 908 in
1645 885 1773 908 omnem
1800 884 1852 908 oc-

1115 925 1277 959 casionem
1293 926 1440 963 reibene
1466 927 1629 970 gerendae
1655 937 1786 972 semper
1802 927 1852 960 in-

1115 982 1240 1019 tentus,
1259 979 1490 1013 immanissimo
1504 1007 1511 1021 ‚
1530 980 1555 1013 si
1575 991 1717 1024 unquam
1739 986 1849 1021 antea,

1113 1030 1254 1063 exercitu
1286 1041 1321 1064 ex
1347 1031 1434 1064 omni
1467 1032 1680 1066 barbarorum
1712 1032 1850 1067 colluvie

1113 1089 1313 1127 comparato,
1328 1084 1407 1128 ipsis
1425 1086 1604 1119 rebellibus
1617 1085 1778 1129 Hungaris
1795 1086 1851 1120 de·

1113 1136 1314 1177 ducentibus,
1338 1137 1546 1181 ilungariam,
1569 1138 1728 1172 Austriam
1750 1144 1849 1183 atque

1112 1189 1150 1222 iis
1174 1190 1392 1224 conterminas
1416 1191 1601 1234 provincias
1626 1190 1754 1233 invasit,
1781 1192 1850 1226 soe-

1112 1243 1216 1286 deque
1234 1254 1325 1276 saera
1346 1244 1527 1287 etprosana
1552 1245 1660 1278 omnia
1684 1245 1757 1287 igne
1786 1245 1849 1278 ser-

1111 1306 1211 1339 roque
1236 1297 1431 1340 populatus,
1457 1298 1580 1340 ingenti
1606 1308 1737 1342 quoque
1762 1298 1850 1332 chri-

1111 1349 1291 1382 stianorum
1314 1350 1522 1383 multitudine
1541 1351 1573 1383 in
1599 1352 1783 1386 servitutem
1800 1362 1849 1386 re-

1112 1403 1212 1442 dacta,
1238 1403 1409 1443 Viennam,
1436 1403 1616 1437 Germanici
1642 1405 1769 1448 imperii
1795 1406 1849 1439 do-

1112 1455 1266 1488 micilium
1291 1462 1323 1489 et
1341 1457 1494 1500 publicae
1521 1458 1636 1491 salutis
1660 1468 1849 1502 propt-gna-

1111 1509 1230 1549 culum,
1256 1509 1434 1542 arctissima
1460 1510 1704 1553 oppugnatione
1729 1517 1778 1544 est
1793 1522 1848 1555 ag-

1111 1571 1252 1603 gressus,
1272 1572 1343 1594 cum
1361 1562 1543 1595 carissimus
1561 1562 1594 1595 in
1617 1562 1745 1597 Christo
1763 1563 1847 1597 fitius

1109 1620 1220 1647 noster
1254 1614 1435 1658 Leopoldus
1472 1615 1691 1650 Romanorum
1726 1627 1780 1650 rex
1813 1616 1848 1650 in

1110 1667 1340 1710 imperatorem
1371 1669 1492 1701 electus
1524 1667 1689 1711 ingruenti
1721 1669 1846 1704 subitae

1109 1720 1291 1763 tempestati
1317 1720 1460 1753 nondum
1491 1720 1612 1754 viribus
1638 1732 1697 1765 par
1732 1728 1844 1765 esset,

1108 1778 1139 1805 et
1170 1773 1354 1806 carissimus
1389 1772 1421 1805 in
1457 1772 1584 1807 Christo
1616 1774 1701 1808 filius
1734 1775 1845 1809 itidem

1107 1832 1219 1859 noster
1243 1826 1377 1859 Ioannes
1401 1826 1556 1860 Poloniae
1593 1837 1648 1861 rex
1683 1827 1817 1861 illustris
1834 1855 1843 1869 ,

1107 1880 1282 1923 magnique
1324 1880 1457 1913 ducatus
1497 1880 1664 1916 Lituaniae
1706 1892 1843 1925 magnus

1108 1933 1167 1964 dux
1184 1960 1191 1972 ‚
1209 1932 1280 1976 qui,
1303 1932 1438 1975 periculi
1459 1933 1699 1977 propinquitate
1724 1940 1755 1968 et
1779 1946 1845 1968 ma-

1107 1986 1273 2028 gnitudine
1304 1996 1340 2018 ac
1372 1986 1492 2018 nostris
1519 1987 1660 2030 denique
1686 1987 1844 2021 hortatio-

1107 2040 1200 2072 nibus
1227 2039 1348 2072 cxcitus
1364 2066 1371 2079 ‚
1398 2039 1513 2072 foedus
1538 2050 1609 2072 cum
1634 2039 1770 2074 Caesare
1794 2041 1844 2074 in-

1107 2094 1208 2133 ierat,
1241 2093 1417 2136 pluresque
1451 2093 1608 2136 praeclari
1641 2103 1678 2126 ex
1704 2094 1841 2138 imperio

1106 2145 1270 2189 principes
1295 2150 1326 2177 et
1349 2145 1483 2178 ordines
1516 2146 1661 2179 nondum
1692 2146 1841 2181 instructi

1106 2199 1273 2242 paratique
1306 2204 1416 2232 essent
1448 2199 1485 2232 ad
1511 2209 1716 2233 communem
1751 2201 1838 2234 cala-

1105 2252 1246 2285 mitatem
1270 2252 1504 2295 repellendam.
1531 2252 1593 2286 Nos
1618 2253 1729 2296 igitur,
1756 2264 1840 2297 pene

1105 2305 1277 2348 desperata
1300 2305 1560 2348 conclamataque
1593 2305 1767 2348 republica,
1800 2306 1840 2339 ad

1105 2358 1275 2391 Dominum
1301 2357 1426 2390 enixius
1447 2357 1678 2400 confugientes,
1697 2358 1838 2392 maiores

1105 2411 1359 2454 supplicationes
1380 2421 1438 2454 per
1458 2411 1643 2444 universam
1670 2412 1839 2445 ecclesiam

1104 2465 1284 2505 indiximus7
1304 2470 1339 2497 ut
1360 2465 1391 2497 in
1417 2465 1538 2498 ieiunio
1557 2470 1589 2498 et
1612 2465 1689 2497 fletu
1713 2466 1840 2498 audiret

1103 2516 1196 2557 Deus,
1215 2517 1392 2550 secundum
1413 2528 1563 2560 magnam
1584 2517 1839 2551 misericordiam

325 2585 367 2614 ed.
390 2592 584 2619 „Damnum
601 2586 643 2613 die
658 2587 692 2613 25
708 2588 876 2622 novembris,
900 2592 974 2623 pont.
996 2595 1059 2622 xm,
1103 2580 1202 2607 suam,
1215 2570 1352 2612 gemitus
1370 2571 1636 2613 compeditorum,
1649 2576 1680 2603 et
1697 2571 1839 2604 solveret

325 2635 484 2665 prorogatur
504 2640 630 2665 praesens
650 2631 767 2657 indictio.

1104 2624 1185 2656 tilios
1199 2623 1472 2666 interemptorum,
1487 2630 1646 2658 averteret
1659 2625 1737 2656 iram
1750 2635 1838 2657 suam
