2111 3157
411 198 454 234 Μ

370 259 505 302 speciali
531 260 630 302 digni,
648 261 714 293 sint
734 270 770 292 ac
794 269 866 292 esse
892 259 1034 292 debeant
1050 258 1108 290 im-

370 322 485 346 munes
503 318 534 346 ct
558 314 698 357 exempti
717 323 775 356 pro
798 313 861 345 illis
882 317 1004 344 tantum
1023 321 1108 343 mer-

371 367 471 406 cibus,
493 366 587 400 bonis
608 371 639 399 et
655 366 762 404 rebus,
780 375 863 408 quae
881 365 921 397 ab
942 369 1030 396 extra
1047 373 1106 406 pro

370 420 440 452 solo
465 429 577 452 eorum
602 429 671 457 usu,
698 422 734 450 ut
757 428 854 461 supra
878 422 910 449 et
932 416 1023 456 infra,
1049 426 1107 459 per

371 482 427 505 eos
451 472 707 505 introducentur.

198 532 361 572 lvnhinssjtur'nii-
415 525 429 568 ξ
452 525 484 558 3.
512 525 555 556 Ac
580 529 755 567 propterea
790 522 916 555 dilectis
940 521 1015 555 filiis
1040 531 1107 554 mo-

176 565 247 609 ι’ἶῖἶὲιΓ-Ϊ
262 566 482 611 δίὛιῘῖἶΪάει-ηἰε
507 583 539 610 et
563 577 835 619 quandocumque
856 574 970 607 suturis
993 579 1105 607 nostro

177 618 239 637 quani
274 613 360 631 sormam

176 635 404 689 {.‘.'1''.‘.i1¹,¹¹a.32'.'055¹.'0t
428 629 459 663 S.
482 629 519 661 R.
546 629 580 661 E.
608 628 794 671 praedictae
814 626 1006 666 Camerario,
1024 627 1107 659 vice-

176 697 228 710 nnu-
371 682 559 722 camerario,
592 681 802 714 thesaurario
834 680 992 723 generali,
1016 689 1108 722 prae-

369 734 550 767 sidentibus
567 733 704 771 clericis,
721 732 944 766 commissario
961 730 1106 774 generali

369 787 554 830 ceterisque
591 786 696 819 dictae
729 794 877 818 camerae
913 783 1107 818 officialibus

371 846 403 873 et
426 839 595 880 ministris,
623 839 662 871 ad
688 849 770 882 qnos
797 848 834 871 ea
858 847 910 870 res
928 842 1054 880 spectat
1077 841 1108 869 et

370 903 429 937 pro
455 898 602 936 tempore
628 891 796 935 spectabit,
823 891 939 924 harum
961 890 1056 930 serie,
1074 889 1108 921 in

370 946 487 978 virtute
511 949 641 977 sanctae
667 942 885 982 obedientiae,
917 952 954 974 ac
977 942 1037 974 sub
1062 941 1109 974 in-

371 997 569 1040 dignationis
599 1001 738 1036 nostrae,
770 994 907 1037 aliisque
932 998 1044 1027 nostro
1076 998 1108 1026 et

372 1050 509 1083 Romani
532 1048 697 1082 Pontificis
721 1058 782 1091 pro
807 1053 957 1090 tempore
975 1047 1108 1079 existen-

372 1102 412 1134 tis
437 1102 569 1135 arbitrio
593 1100 799 1144 imponendis
822 1099 946 1143 poeniS,
964 1099 1108 1132 districte

370 1154 601 1197 praecipimus,
628 1153 827 1195 iniungimus
854 1158 886 1184 et
908 1152 1107 1191 mandamus,

372 1211 405 1237 ut
430 1207 585 1249 deinceps
616 1211 682 1238 tam
715 1205 746 1237 in
779 1205 885 1248 primo
919 1214 1014 1247 quam
1038 1213 1108 1236 suc-

372 1259 493 1292 cessive
518 1258 790 1302 quandocumque
814 1257 972 1290 faciendis
998 1258 1109 1300 appal-

372 1311 457 1343 tibus
492 1312 695 1344 dohanarum
721 1317 753 1343 et
777 1311 979 1353 gabellarum
1015 1310 1108 1342 Urbis

369 1364 581 1421 praedictae,
620 1365 748 1407 illisque
775 1373 996 1403 annexorum,
1023 1363 1109 1395 circa

371 1417 604 1455 immunitates,
625 1424 849 1459 exemptiones
867 1422 899 1448 et
919 1416 1109 1448 franchitias

373 1469 518 1501 eiuslcm
542 1470 573 1501 S.
602 1468 638 1501 R.
665 1468 700 1501 E.
727 1468 949 1509 cardinalium,
976 1473 1039 1501 tam
1059 1478 1110 1500 ca-

373 1523 554 1561 meralium,
585 1521 652 1553 sive
680 1531 805 1561 eorum,
842 1521 895 1563 qui
921 1521 954 1553 in
979 1520 1110 1553 camera

373 1576 539 1619 praedicta
582 1575 737 1607 sederunt
776 1584 832 1606 seu
864 1584 926 1617 pro
962 1580 1109 1617 tempore

373 1629 528 1669 sederint,
555 1636 650 1671 quam
677 1637 741 1664 non
767 1628 986 1667 cameralium,
1013 1637 1049 1659 ac
1066 1627 1110 1659 vi-

374 1681 596 1721 cccamerarii,
623 1679 817 1713 thesaurarii
849 1679 1022 1722 generalis,
1047 1680 1111 1711 cle-

374 1734 516 1767 ricorum
543 1733 811 1777 praesidentium,
831 1732 1043 1765 commissarii
1061 1742 1111 1774 ge-

373 1787 495 1819 neralis
513 1813 520 1826 ,
563 1791 814 1827 ceterorumque
858 1784 1045 1817 officialium
1080 1789 1112 1816 et

321 1871 322 1874 ,
373 1840 601 1872 ministrorum
616 1838 719 1870 dictae
738 1837 902 1876 Gamerae,
921 1842 952 1869 et
971 1837 1110 1870 aliorum

375 1892 563 1936 quorumvis
588 1895 821 1933 exci‘nptorum,
854 1889 1048 1922 immanium
1082 1895 1114 1922 et

376 1944 670 1988 privilegiatorum,
697 1942 793 1975 etiam
820 1941 969 1985 specifica
986 1948 1016 1975 et
1033 1942 1114 1975 indi-

375 1999 473 2031 vidua
489 1996 655 2030 mentione
674 1995 856 2039 dignorum,
875 2005 911 2027 ac
927 1995 1025 2030 ctiam
1042 2005 1115 2038 per-

376 2061 476 2084 sonae
501 2054 631 2083 nostrae
654 2054 686 2081 et
710 2048 846 2081 Romani
872 2046 1035 2082 pontificis
1055 2059 1113 2091 pro

376 2110 524 2146 tempore
543 2100 721 2140 existentia
741 2110 867 2134 necnon
887 2101 999 2144 palatii
1020 2112 1115 2144 apos-

376 2156 476 2196 tolici,
503 2160 594 2198 pacta
618 2163 674 2186 seu
700 2153 842 2196 capitula
868 2163 906 2186 eo
934 2154 1032 2186 modo
1049 2154 1114 2186 for-

376 2215 465 2242 ment
490 2215 522 2241 ct
545 2207 820 2247 l'0r1na1·i,curcnt,
839 2217 902 2250 quo
924 2207 1112 2249 antiquitus,

377 2268 413 2295 ut
436 2262 632 2306 praefertur,
659 2260 896 2300 formabantur,
923 2261 967 2292 ita
990 2260 1114 2293 scilicet

378 2322 414 2348 ut
445 2314 621 2358 praedictis
658 2313 815 2356 exemptis
849 2319 881 2345 et
915 2314 1113 2346 immunibus

377 2369 452 2401 illac
479 2369 645 2401 dumtaxat
669 2375 792 2399 merces
810 2372 841 2399 et
860 2376 924 2407 res,
945 2367 977 2399 in
999 2367 1114 2410 quibus

378 2421 597 2455 immunitates
622 2419 683 2451 frui
709 2425 957 2459 consueverunt,
978 2419 1046 2452 sine
1064 2430 1115 2461 ga-

378 2476 536 2508 bellarum
561 2479 592 2507 et
617 2472 819 2505 dolianarum
852 2473 1037 2507 huiusmodi
1063 2484 1116 2506 so-

378 2529 521 2568 lutione,
553 2538 633 2570 quas
666 2527 790 2569 proprii
822 2537 900 2559 usus
932 2528 1055 2569 gratia,
1084 2532 1116 2558 et

379 2592 445 2615 uon
470 2581 574 2622 aliter,
593 2581 708 2614 advehi
734 2581 936 2619 curaverint,
964 2591 997 2613 ac
1019 2581 1114 2613 ctiam

178 205 228 236 An.
246 206 275 235 C.
299 209 364 236 1677

948 211 1047 236 HLLA
1053 210 1129 234 RU'M
1153 210 1305 235 hommum

1149 259 1230 291 haec
1244 269 1321 291 cum
1331 258 1491 291 mandatis
1505 268 1565 301 per
1580 257 1670 301 ipsos
1687 257 1883 300 principales

1149 322 1214 344 non
1240 316 1348 344 autem
1381 320 1441 354 per
1471 321 1581 344 eorum
1614 310 1778 343 ministros
1808 310 1883 342 sub-

1149 365 1277 408 scriptis
1304 370 1336 397 et
1359 374 1471 397 eorum
1495 364 1602 406 sigillo
1627 363 1772 403 munitis,
1798 363 1884 395 rela-

1149 418 1233 456 xari,
1257 428 1317 450 nec
1335 417 1519 451 huiusmodi
1537 417 1688 449 mandata
1704 416 1799 448 aliter
1814 415 1884 448 sub-

1148 471 1245 503 scribi
1283 481 1337 503 seu
1373 470 1467 503 aliter
1498 469 1649 512 expedita
1679 468 1804 501 admitti
1829 468 1885 501 de-

1149 525 1265 563 bcant,
1298 523 1460 566 quinimo,
1487 521 1610 554 etiamsi
1635 521 1785 554 mandata
1814 520 1885 564 ipsa

1149 576 1207 608 sub
1232 576 1293 608 hac
1318 575 1421 607 forma
1444 574 1594 617 expedita
1618 573 1746 613 suerint,
1770 573 1886 606 admit-

1150 633 1257 661 tantur
1281 633 1386 660 tamen
1410 626 1617 660 solummodo
1634 636 1692 669 pro
1713 625 1777 659 illis
1801 635 1885 658 mer-

1149 681 1241 714 cibus
1265 685 1297 714 et
1319 680 1427 719 rebus,
1452 689 1532 722 quae
1558 679 1590 711 in
1616 681 1654 712 ea
1677 678 1741 711 sint
1758 678 1886 722 quanti-

1150 738 1215 766 tate
1239 738 1272 765 ut
1296 732 1470 765 verisimile
1496 732 1536 764 sit
1560 742 1614 764 eas
1643 731 1715 764 usui
1747 730 1885 775 proprio

1150 785 1333 819 mandantis
1369 784 1529 828 exempti,
1568 794 1635 817 non
1673 789 1782 816 autem
1817 783 1886 816 cius

1150 838 1464 881 consanguineorum
1479 838 1529 870 vel
1547 837 1699 876 affinium,
1726 841 1781 868 aut
1804 835 1886 868 alio-

1150 901 1230 931 rum,
1256 891 1354 924 etiam
1378 890 1412 923 in
1437 890 1505 923 eius
1530 890 1627 923 domo
1652 888 1884 928 habitantium,

1151 944 1324 977 servituras
1350 953 1442 983 esse;
1468 953 1520 976 res
1545 948 1650 975 autem
1670 942 1717 975 sic
1740 940 1888 974 introdu-

1150 1003 1219 1030 ctae
1245 1002 1276 1030 et
1299 996 1368 1029 sine
1401 996 1601 1038 gabellarum
1636 994 1799 1027 solutione
1832 993 1887 1027 ad-

1151 1051 1270 1082 missae
1295 1054 1458 1092 nequeant
1482 1048 1578 1081 vendi
1610 1053 1663 1080 aut
1695 1047 1810 1080 donari
1836 1047 1886 1079 vel

1151 1104 1214 1136 alio
1240 1112 1443 1146 quocumque
1468 1101 1567 1134 modo
1599 1100 1755 1141 concedi,
1790 1101 1887 1133 etiam

1151 1154 1401 1197 consanguineis
1424 1155 1473 1187 vel
1499 1153 1656 1193 affinibus,
1678 1152 1756 1185 licet
1779 1162 1888 1185 exem-

1150 1213 1205 1251 pto
1241 1218 1296 1240 seu
1320 1206 1527 1250 privilegiato
1552 1206 1585 1238 in
1611 1204 1680 1237 eius
1711 1204 1807 1237 domo
1837 1214 1889 1237 co-

1151 1260 1385 1299 habitantibus,
1411 1260 1579 1302 multoque
1603 1257 1710 1290 minus
1734 1262 1889 1290 mercato-

1151 1314 1248 1352 ribus,
1270 1312 1471 1351 tabernariis,
1490 1312 1553 1344 sive
1571 1310 1798 1353 apofflecariis,
1816 1320 1889 1342 cau-

1150 1366 1299 1409 ponibus,
1318 1364 1514 1403 stabulariis,
1531 1363 1709 1402 scrutariis,
1726 1362 1886 1406 propolis,

1151 1419 1260 1452 aliisve
1274 1418 1471 1461 quibuslibet
1483 1416 1640 1460 personis,
1658 1421 1889 1459 praeterquam

1152 1471 1293 1514 propriis
1319 1467 1446 1504 famulis
1470 1469 1556 1502 veris
1582 1475 1613 1502 et
1634 1468 1821 1508 actualibus,
1838 1468 1888 1501 vel

1152 1524 1405 1567 consanguineis
1435 1528 1488 1556 aut
1515 1522 1665 1555 affinibus
1685 1522 1740 1565 qui
1757 1531 1793 1554 ex
1810 1520 1890 1554 obli-

1152 1578 1283 1619 gatione
1307 1577 1449 1620 ipsorum
1476 1580 1698 1617 exemptorum
1716 1584 1772 1607 seu
1790 1573 1890 1617 privi-

1154 1630 1344 1672 legiatorum
1361 1628 1515 1672 impensis
1539 1632 1772 1668 sustententur,
1794 1627 1886 1667 itaut,

1154 1682 1179 1714 si
1204 1690 1407 1725 quocumque
1432 1680 1528 1713 modo
1550 1680 1780 1719 distrahantur,
1803 1678 1889 1712 etde

1155 1745 1193 1768 eo
1208 1735 1405 1767 sufficienter
1417 1733 1607 1773 constiterit,
1625 1732 1713 1765 iuxta
1725 1732 1787 1765 alia
1799 1742 1890 1764 man-

1155 1788 1230 1820 data
1259 1797 1342 1830 quae
1367 1786 1464 1818 hodic
1488 1785 1607 1818 dilecto
1638 1784 1706 1817 filio
1737 1785 1890 1827 magistro

1156 1839 1267 1873 loanni
1292 1839 1420 1872 Ginetto
1440 1838 1593 1871 Gamerae
1612 1837 1796 1881 praedictae
1822 1838 1892 1870 the-

1156 1893 1302 1926 saurario
1318 1892 1465 1934 generali
1483 1891 1640 1931 dedimus,
1659 1901 1698 1923 eo
1716 1890 1785 1933 ipso
1803 1891 1890 1922 fraus

1156 1945 1329 1979 commissa
1342 1949 1521 1983 censeatur,
1538 1949 1570 1976 et
1583 1954 1634 1976 res
1649 1943 1737 1986 ipsae
1755 1943 1786 1975 in
1804 1952 1892 1976 com-

1157 1999 1290 2031 missum
1328 1998 1455 2030 cadant.
1492 1996 1593 2029 Porro
1626 1996 1782 2036 sormam,
1808 1996 1893 2028 circa

1157 2052 1381 2084 mandatorum
1410 2050 1597 2083 huiusmodi
1622 2049 1893 2092 subscriptionem

1157 2104 1354 2147 illorumque
1369 2103 1609 2142 admissionem,
1627 2113 1687 2145 per
1703 2106 1892 2145 praesentes

1157 2157 1400 2200 praescriptam,
1420 2167 1456 2189 ex
1479 2166 1566 2188 nunc
1591 2155 1759 2199 perpetuis
1778 2154 1893 2187 suturis

1158 2210 1360 2253 temporibus
1386 2209 1617 2242 inviolabiliter
1640 2214 1672 2241 et
1696 2207 1893 2241 adamussim

1158 2262 1291 2302 servari,
1307 2273 1367 2295 nce
1384 2263 1534 2295 mandata
1554 2263 1625 2305 ipsa
1650 2262 1745 2295 aliter
1768 2260 1892 2294 admitti

1158 2317 1319 2348 volumus.
1340 2314 1429 2352 Quod
1454 2315 1479 2347 si
1504 2316 1656 2348 mandata
1676 2314 1807 2358 quidem
1825 2313 1894 2357 ipsa

1158 2369 1335 2401 secundum
1360 2368 1498 2401 formam
1523 2368 1721 2411 praedictam
1738 2372 1895 2411 concepta

1159 2421 1299 2460 suerint,
1325 2421 1471 2454 incidere
1496 2432 1572 2454 vero
1597 2421 1700 2464 possit
1734 2419 1867 2453 dubium
1883 2445 1891 2459 ‚

1158 2479 1266 2506 utrum
1299 2474 1365 2505 sint
1401 2474 1564 2507 excessiva
1594 2479 1625 2506 et
1649 2473 1891 2513 inverisimilia‚

1159 2528 1228 2559 cius
1253 2527 1298 2559 rei
1325 2527 1466 2569 cognitio
1485 2532 1517 2559 et
1537 2526 1659 2560 decisio
1684 2537 1749 2559 non
1770 2526 1808 2559 ad
1827 2526 1895 2559 the-

1136 2613 1138 2619 ,
1159 2580 1337 2614 samarium
1363 2581 1411 2613 vcl
1442 2579 1698 2613 commissarium
1723 2579 1894 2622 generales

1891 206 1939 234 An.
1957 207 1984 235 c.
2007 200 2071 237 1077'
