2111 3157
82 182 131 208 Au.
148 181 177 208 C.
201 180 268 209 1685

122 243 266 264 Rosun-unun·

80 273 101 293 ut
118 271 138 291 iu
154 270 246 291 rubi-ica.

115 2370 231 2391 Clausulas.

314 174 378 208 032

319 233 335 276 ἓ
349 232 379 266 ΕΖ.
395 233 478 267 Hinc
492 238 540 267 est
556 233 643 278 quod
657 241 727 273 nos,
743 231 799 277 qui
815 231 849 265 in
863 241 1014 276 supremo

276 285 420 320 iustitiae
440 287 558 320 throno
576 297 593 319 a
617 285 755 319 Domino
772 285 940 319 constituti
965 296 1016 318 su-

277 350 360 380 mus,
380 340 452 373 lites
471 345 503 373 et
519 339 765 379 controversias,
792 349 877 383 quae
902 339 1016 372 frater-

276 403 336 426 nae
362 393 447 426 inter
471 393 557 426 viros
580 392 753 436 religiosos
778 403 872 425 suave
897 392 1013 426 Christi

275 445 386 488 iugum
414 451 581 489 portantes
605 446 773 479 charitatis
805 445 1014 478 serenitatem

277 499 468 532 obnubilare
482 504 624 543 possent,
640 500 765 540 tollere,
780 499 911 542 illisque
926 497 958 531 in
973 500 1015 531 su-

275 558 383 584 turum
401 562 510 585 ansam
528 552 732 596 praecidere,
751 562 787 585 ac
804 552 902 585 dubia
921 562 1016 596 prae-

274 605 359 638 dicta
384 605 538 639 dirimere
568 607 729 647 volentes,
755 606 794 639 de
818 611 1015 639 memorato-

275 670 345 692 rum
357 659 583 700 cardinalium,
603 660 658 704 qui
675 665 784 703 partes
801 664 864 692 tam
885 659 917 692 in
937 669 1013 693 voce

273 723 369 760 quam
394 713 427 746 in
458 713 588 757 scriptis
623 714 837 748 informantes
875 712 1010 746 audive-

273 771 349 798 runt
372 777 506 810 remque
532 772 657 800 mature
682 767 915 807 discusserunt,
940 777 1013 800 con-

272 819 356 860 silio,
398 819 430 852 in
469 820 644 854 indicendo
684 820 826 864 capitulo
866 819 1011 863 generali

271 872 400 906 Ordinis
424 874 582 917 praedicti
604 874 753 907 abbatem
778 873 926 907 Cistercii
947 883 1011 906 non

273 927 377 960 teneri
401 928 571 970 requirere
602 938 709 971 neque
739 938 936 961 consensum
958 937 1012 960 ne-

272 990 334 1023 que
359 981 527 1014 consilium
553 988 693 1025 quatuor
712 981 940 1026 primariorum
962 980 1012 1013 ab·

271 1033 402 1074 batum;
444 1034 482 1067 ad
518 1034 694 1077 capitulum
739 1044 816 1067 vero
856 1034 1010 1077 generale

271 1087 433 1120 vocandos
459 1097 527 1120 esse
553 1098 777 1131 quoscumque
802 1087 856 1130 qui
882 1087 921 1121 de
940 1087 1009 1120 iure

271 1139 429 1173 interesse
470 1141 613 1181 debent,
639 1141 672 1174 in
713 1140 865 1184 capitulis
903 1145 1009 1173 autem

271 1194 477 1236 generalibus
502 1194 645 1227 eiusdem
676 1194 805 1228 Ordinis
835 1194 1008 1227 votandum

272 1256 341 1279 esse
366 1247 485 1281 viritim
507 1253 537 1280 et
554 1258 621 1280 non
642 1258 701 1291 per
718 1248 912 1289 filiadones3
938 1258 1011 1291 por-

272 1311 308 1333 ro
332 1301 365 1333 in
390 1301 602 1345 deputatione
628 1301 844 1342 definitorum,
871 1312 935 1335 non
957 1312 1010 1334 ex-

272 1354 389 1387 istente
407 1354 578 1387 sufficienti
596 1365 731 1387 numero
753 1355 916 1396 abbatum,
936 1365 1011 1398 pos-

272 1417 305 1440 se
331 1407 476 1451 suppleri
502 1407 540 1439 ab
565 1407 680 1439 abbate
702 1418 737 1440 ex
760 1407 831 1440 aliis
849 1407 1010 1451 religiosis

272 1460 372 1503 magis
399 1460 504 1503 dignis
529 1460 672 1493 ciusdem
691 1461 925 1503 generationis,
946 1472 1010 1495 non

272 1520 382 1546 tamen
406 1513 437 1546 in
475 1524 550 1546 casu
586 1514 757 1546 voluntarii
782 1524 952 1555 recessus;
980 1519 1012 1547 et

273 1567 377 1610 quoad
403 1566 549 1599 effectum
570 1566 787 1609 deputationis
804 1566 1011 1600 definitorum

273 1620 465 1653 servandum
490 1630 562 1652 esse
587 1619 737 1660 solitum;
776 1630 838 1663 quo
863 1630 938 1653 vero
972 1621 1010 1653 ad

273 1674 432 1707 desectum
457 1673 599 1716 suffragii
623 1672 749 1706 abbatis
770 1673 925 1714 absentis,
947 1684 1010 1707 non

273 1738 341 1760 esse
366 1728 473 1760 locum
498 1726 734 1770 subrogationi,
762 1727 951 1760 auctoritate
981 1739 1012 1760 a-

274 1780 440 1823 postolica,
468 1785 578 1812 tenore
604 1780 839 1823 praesentium,
867 1780 1013 1813 decerni-

274 1845 343 1866 mus
361 1839 389 1866 et
409 1834 622 1866 declaramus.
650 1833 796 1876 Denique
815 1844 927 1866 omnes
946 1835 1014 1866 nul-

275 1887 402 1926 litatcs,
433 1891 592 1930 quatenus
620 1886 652 1918 in
678 1886 830 1929 praefatis
863 1886 1013 1930 capitulis

277 1939 485 1982 generalibus
526 1949 610 1972 anno
652 1949 804 1973 MDCLxxu
849 1944 882 1972 et
928 1950 1012 1972 anno

276 2003 460 2028 iiocrxxxul
494 1992 672 2036 respective
709 1993 879 2025 celebratis
916 1992 1015 2025 inter-

277 2046 436 2087 venerint,
454 2046 642 2079 auctoritate
656 2050 687 2079 et
701 2051 816 2079 tenore
831 2046 1013 2089 praedictis,

278 2110 440 2140 sanamus;
460 2111 496 2132 ac
521 2099 725 2132 definitiones
743 2105 774 2132 et
792 2100 1014 2133 ordinationes

279 2153 447 2197 utrIusque
473 2153 605 2197 capituli
631 2164 732 2196 usquc
758 2154 797 2186 ad
823 2163 940 2186 novum
966 2164 1016 2185 ca-

280 2207 416 2250 pitulum
434 2207 588 2249 generale
610 2206 739 2239 Ordinis
766 2206 923 2250 praedicti
950 2217 1017 2239 ser-

279 2261 368 2300 vari,
397 2261 510 2293 eadem
545 2260 748 2301 auctoritate,
777 2261 892 2293 harum
918 2260 1015 2301 serie,

281 2314 470 2346 mandamus
496 2318 527 2345 et
552 2313 782 2357 praecipimus.

326 2365 389 2409 §3-
416 2366 633 2398 Decernentes
666 2366 794 2399 easdem
827 2371 1019 2410 praesentes

283 2419 407 2453 litteras
432 2430 562 2462 semper
586 2420 707 2459 firmas,
724 2419 845 2452 validas
864 2425 894 2452 et
915 2419 1019 2451 effica-

284 2483 336 2505 ces
354 2472 491 2504 existere
518 2477 549 2504 et
572 2472 662 2512 sore,
687 2483 830 2516 suosque
856 2472 1020 2515 plenarios

285 2531 317 2557 et
344 2525 489 2567 integros
514 2524 644 2557 effectus
669 2526 777 2558 sortiri
805 2531 836 2558 et
859 2526 1019 2564 obtinere,

285 2589 321 2614 ac
347 2579 418 2619 illis,
438 2578 475 2610 ad
495 2589 577 2622 quos
601 2583 725 2622 spectat
750 2584 779 2611 et
797 2590 856 2623 pro
876 2584 1020 2625 tempore

859 182 1040 208 nontamen
1066 168 1220 208 nomnen

1058 231 1227 275 spectabit,
1246 231 1435 277 plenissime
1452 231 1632 276 suffragari,
1651 237 1682 267 et
1695 232 1735 267 ab
1751 233 1798 268 eis

1059 285 1238 329 respective
1255 282 1673 328 inviolabiliterobservari,
1686 287 1798 332 sicque

1058 339 1090 371 in
1115 338 1300 382 praemissis
1332 350 1392 383 per
1413 350 1640 384 quoscumque
1672 340 1798 375 iudices

1058 392 1245 426 ordinarios
1275 397 1309 426 et
1339 394 1528 436 delegatos,
1555 394 1653 428 etiam
1686 404 1800 427 causa-

1058 457 1130 478 rum
1159 446 1273 490 palatii
1303 447 1476 491 apostolici
1508 448 1688 489 auditores,
1713 448 1799 482 iudi-

1058 510 1124 532 cari
1150 504 1183 533 et
1215 499 1345 533 definiri
1371 501 1515 543 debere,
1541 512 1578 535 ac
1609 501 1740 536 irritum
1765 507 1798 536 et

1057 552 1153 586 inane
1179 553 1206 586 si
1233 564 1328 586 secus
1357 564 1459 598 super
1486 554 1537 587 his
1567 565 1584 587 a
1609 565 1794 599 quoquam,

1057 605 1172 649 quavis
1205 607 1420 647 auctoritate,
1444 607 1590 640 scienter
1620 609 1671 641 vel
1701 607 1796 651 igno-

1057 664 1178 700 ranter,
1200 660 1379 703 contigerit
1403 661 1570 694 attentari.

1099 713 1113 756 ἓ
1137 712 1169 746 4.
1196 712 1266 746 Νοη
1292 714 1495 747 obstantibus
1533 714 1734 758 praemissis,
1761 726 1798 749 ac

1054 766 1340 800 constitutionibus
1372 772 1403 800 et
1435 767 1696 802 ordinationibus
1720 779 1798 812 apo-

1055 819 1192 860 stolicis,
1219 831 1360 861 necnon,
1385 826 1545 864 quatenus
1572 832 1652 865 opus
1677 822 1730 863 sit,
1750 822 1797 855 di-

1054 873 1095 905 cti
1121 872 1256 913 Ordinis,
1283 874 1395 907 aliisve
1414 875 1593 918 quibusvis,
1623 875 1721 908 etiam
1745 875 1794 909 iu-

1055 931 1222 966 ramento,
1247 927 1492 961 confirmatione
1523 928 1709 971 apostolica,
1746 930 1794 962 vel

1054 979 1166 1022 quavis
1198 979 1349 1013 firmitate
1375 981 1436 1017 alia
1460 981 1631 1021 roboratis,
1668 982 1795 1014 statutis

1054 1037 1086 1064 et
1110 1033 1417 1073 consuetudinibus,
1443 1034 1622 1077 privilegiis
1648 1044 1793 1078 quoque,

1054 1084 1185 1118 indultis
1218 1091 1250 1118 et
1280 1086 1396 1119 litteris
1430 1087 1618 1130 apostolicis
1648 1086 1681 1119 in
1718 1097 1795 1121 con-

1054 1138 1186 1172 trarium
1197 1140 1449 1183 praemissorum
1464 1140 1712 1184 quomodolibet
1722 1151 1794 1174 con-

1054 1192 1163 1233 cessis,
1193 1192 1392 1226 confirmatis
1413 1199 1444 1226 et
1466 1193 1647 1235 innovatis;
1674 1194 1794 1238 quibus

1054 1246 1205 1279 omnibns
1239 1253 1270 1279 et
1305 1246 1453 1289 singulis,
1491 1247 1619 1280 illorum
1662 1252 1793 1281 tenores

1053 1299 1282 1342 praesentibus
1296 1310 1354 1343 pro
1368 1300 1465 1343 plene
1484 1299 1726 1334 etsul'ficienter
1740 1311 1794 1334 ex-

1053 1352 1175 1395 pressis
1190 1357 1222 1385 et
1241 1352 1279 1385 ad
1306 1352 1441 1385 verbum
1461 1352 1594 1386 inscrtiS
1610 1352 1769 1387 habentes
1786 1381 1793 1395 ,

1053 1404 1116 1438 illis
1134 1404 1212 1437 alias
1237 1404 1269 1439 in
1291 1415 1348 1438 suo
1369 1405 1489 1439 robore
1503 1405 1736 1449 permansuris,
1754 1407 1793 1439 ad

1054 1458 1309 1502 praemissorum
1325 1457 1487 1499 effectum,
1506 1458 1567 1491 bac
1583 1458 1651 1492 vice
1669 1459 1794 1492 dumta-

1054 1517 1114 1553 xat,
1133 1513 1321 1556 specialiter
1344 1518 1375 1546 et
1400 1523 1555 1557 expresse
1580 1514 1792 1556 derogamus,

1055 1565 1236 1609 ceterisque
1257 1566 1429 1598 contrariis
1449 1566 1720 1610 quibuscumque.

1098 1618 1113 1660 ἓ
1148 1617 1176 1650 5.
1210 1618 1363 1652 Volumus
1397 1625 1504 1652 autem
1536 1624 1570 1652 ut
1605 1620 1792 1655 earumdem

1055 1671 1274 1714 praesentium
1292 1671 1473 1705 litterarum
1491 1673 1712 1716 transumptis,
1732 1683 1791 1707 seu

1055 1726 1220 1768 exemplis,
1236 1726 1332 1759 etiam
1350 1727 1531 1770 impressis,
1547 1738 1641 1759 manu
1657 1727 1791 1761 alicuius

1057 1778 1174 1810 notarii
1192 1779 1314 1821 publici
1331 1779 1530 1822 subscriptis,
1551 1785 1583 1812 et
1599 1779 1705 1822 sigillo
1724 1791 1793 1824 per-

1056 1842 1153 1864 sonae
1173 1831 1204 1863 in
1227 1831 1445 1865 ecclesiastica
1471 1832 1627 1875 dignitate
1645 1833 1793 1866 constitu-

1057 1891 1105 1917 tae
1127 1885 1269 1925 munitis,
1289 1885 1402 1917 eadem
1422 1896 1556 1928 prorsus
1575 1885 1653 1919 sides
1680 1891 1742 1918 tam
1761 1886 1793 1919 in

1057 1937 1176 1970 iudicio
1202 1948 1298 1981 quam
1332 1943 1421 1970 extra
1446 1938 1525 1971 illud
1558 1938 1678 1982 ubique
1704 1939 1794 1972 loco-

1056 2001 1125 2022 rum
1140 1991 1306 2030 habeatur,
1319 2000 1400 2034 quae
1414 1991 1493 2034 ipsis
1507 1991 1734 2034 praesentibus
1743 1991 1794 2024 lia-

1058 2045 1190 2077 beretur
1207 2044 1233 2075 si
1250 2044 1355 2076 forent
1374 2044 1537 2077 exhibitae
1553 2045 1602 2077 vel
1617 2049 1777 2077 ostensae.

1101 2098 1213 2130 Datum
1238 2097 1368 2138 Romae,
1388 2098 1474 2140 apud
1492 2097 1523 2130 S.
1540 2097 1669 2130 Mariam
1694 2097 1789 2131 Maio-

1059 2161 1136 2191 rem,
1162 2150 1220 2182 sub
1246 2151 1367 2183 annulo
1394 2150 1580 2192 Piscator-is,
1608 2151 1659 2184 die
1680 2161 1698 2184 x
1717 2151 1792 2185 maii

1059 2214 1223 2238 tinetxxxv
1239 2231 1246 2245 ‚
1274 2203 1483 2247 pontificatus
1519 2204 1623 2237 nostri
1641 2215 1726 2238 anno
1750 2215 1794 2239 1x.

1096 2268 1155 2294 Dat.
1175 2267 1219 2294 die
1238 2267 1269 2293 10
1283 2267 1348 2294 maii
1367 2267 1444 2302 1685,
1462 2266 1560 2302 pontif·
1576 2274 1647 2295 anno
1663 2273 1698 2295 lx.

1372 2393 1483 2426 CLVII.

1063 2473 1282 2515 confirmatur
1305 2472 1465 2505 decretum
1486 2472 1751 2516 Conqreqalzoms
1771 2483 1799 2505 e-

1104 2527 1306 2569 piscoporum
1337 2531 1365 2558 et
1389 2525 1591 2572 requlctrium
1616 2535 1678 2569 quo
1710 2535 1800 2568 supe-

1106 2579 1247 2612 rioribus
1279 2579 1384 2613 sancti
1414 2578 1582 2612 Francisci
1617 2578 1654 2611 de
1691 2577 1800 2612 Obser-

1806 185 1856 213 An.
1872 184 1901 213 C.
1926 186 1993 215 ls-S5

1821 724 1933 749 Darnivano
1942 731 1991 748 con·

1808 753 1926 773 tran-iorum.

1842 1628 1905 1649 Fides
1931 1631 1987 1650 tran·

1802 1657 1940 1682 sumptorum.
