2111 3157
30 161 80 189 An.
97 159 126 187 C.
150 158 217 187 1678
799 161 1009 187 lNNOCENTIUS
1032 162 1062 186 x1
1088 161 1136 185 pp.
1620 143 1689 181 '113
1734 156 1782 181 An.
1800 154 1828 182 c.
1851 155 1918 182 1678

219 210 369 243 censibus
394 221 469 243 suos
504 209 720 253 suffraganeos
749 211 787 243 ad
813 210 949 242 concilia
1035 209 1049 251 ἓ
1075 208 1105 241 2.
1132 208 1194 241 Nos
1219 208 1336 251 itaque,
1352 208 1390 240 ad
1416 206 1569 239 ecclesias
1595 204 1723 248 praedi·
1787 216 1917 252 Separantur

219 264 428 305 provincialia
452 264 652 303 vocantibus,
678 264 749 296 illos
774 274 839 295 non
864 273 949 294 com—
991 267 1067 300 ctas,
1094 262 1285 303 illarumque
1306 261 1472 302 praesules
1498 264 1529 291 et
1553 257 1722 289 universos
1734 243 1917 293 {ibifii-lff'ssfiv‘}

217 324 333 357 parere
369 326 428 348 nec
452 316 626 355 interesse,
662 315 794 347 nimiam
828 314 950 347 scilicet
991 314 1094 345 cleros
1120 318 1152 345 et
1176 315 1315 356 populos
1337 312 1534 349 earumdem,
1561 320 1640 352 quos
1658 320 1722 341 non
1734 295 1916 344 iiiifus'ff-frviiiviffilss

218 374 250 400 et
272 368 514 411 dispendiosam
539 372 707 400 causantes
732 368 878 399 locorum
904 367 949 398 di-

1734 400 1772 418 ῑυΓ.

990 365 1150 398 immerito
1176 365 1287 398 affectu
1319 364 1546 408 prosequimur
1570 363 1601 395 in
1627 352 1802 394 visae-{fiilio
1822 347 1915 392 ellll'u‘llss

218 421 365 452 stantiam
403 425 435 453 et
467 420 618 452 itinerum
665 418 872 461 asperitatem
912 429 949 450 ac

218 472 372 514 pericula,
397 472 454 504 sed
479 472 608 503 mittere
634 476 870 513 procuratores,
882 471 947 512 qui,

218 524 422 566 quantumvis
446 523 579 556 scientia
603 528 634 555 et
657 523 777 565 pietate
813 528 845 555 et
875 533 947 564 pro-

216 577 314 609 bitate
339 576 471 618 egregii,
497 586 563 608 non
586 586 658 608 eum
679 582 784 608 tamen
808 575 947 607 afferunt

217 629 364 662 ecclesiis
388 630 535 667 fructum,
561 640 655 671 quem
681 640 697 661 a
725 639 854 661 suorum
881 628 946 670 epi-

215 692 387 725 scoporum
400 682 584 724 praesentia
600 682 712 714 merito
726 692 857 724 sperare
874 691 946 724 pos-

215 739 303 774 sent;
337 735 376 768 de
409 735 460 766 his
495 745 571 767 vero
612 735 834 777 similibusque
871 734 946 767 edo-

214 792 300 819 ctum
349 787 551 830 carissimum
601 787 633 819 in
677 787 803 820 Christo
845 786 943 819 silium

213 844 360 872 nostrum
386 839 578 872 Ludovicum
603 840 797 872 Francorum
823 845 853 871 et
887 839 945 871 Na-

213 901 322 924 varrae
346 901 456 933 regem
476 891 788 930 christianissimum,
807 902 865 934 pro
879 892 945 923 exi-

213 944 276 976 mia
299 945 355 976 sua
387 944 419 976 in
449 944 547 976 Deum
583 944 716 986 pietate,
754 954 790 976 ac
824 944 856 976 in
893 954 943 975 res

214 996 448 1028 ecclesiasticas
471 997 589 1035 studio,
620 997 797 1029 remedium
822 1001 868 1028 tot
891 996 945 1028 de-

212 1048 374 1080 trimentis
399 1054 430 1081 et
453 1048 686 1081 offensionibus
710 1049 742 1080 in
774 1048 840 1081 dies
875 1059 945 1080 suc-

212 1101 432 1133 crescentibus
457 1112 474 1133 a
501 1101 583 1133 Sede
622 1101 807 1143 Apostolica
843 1101 944 1134 enixis

211 1153 361 1195 precibus
390 1153 580 1195 flagitavisse
621 1159 652 1186 et
690 1155 857 1196 flagitare;
883 1164 945 1186 nec

212 1205 299 1238 aliud
322 1206 502 1238 remedium
526 1206 729 1248 praesentius
764 1205 943 1248 meliusque

210 1257 323 1297 videri,
348 1251 453 1300 quam*
464 1258 489 1290 si
515 1263 576 1291 tam
602 1259 663 1290 late
682 1264 795 1301 patens
814 1257 943 1300 provin-

211 1310 260 1343 cia
294 1311 448 1343 ecclesiae
487 1310 695 1343 Bituricensis
735 1310 941 1349 divideretur,

210 1363 363 1405 separatis
398 1374 455 1396 seu
491 1363 726 1396 dismembratis
759 1364 798 1395 ab
824 1365 860 1396 ea
885 1363 941 1395 ex'

211 1416 405 1458 supradictis
429 1415 641 1458 suffraganeis
668 1416 824 1455 ecclesiis,
851 1421 882 1448 et
906 1426 942 1448 ex

209 1468 273 1501 illis
297 1470 368 1507 una,
393 1468 544 1501 videlicet
568 1467 739 1508 Albiensi'‚
765 1468 798 1500 in
823 1473 943 1501 metro-

210 1521 395 1563 politanam,
413 1521 463 1553 cui
477 1521 631 1563 reliquae,
651 1531 767 1563 nempe
781 1521 944 1553 Mimaten-

210 1573 263 1612 sis,
282 1573 510 1612 Ruthenensis,
531 1572 719 1612 Castrensis,
741 1572 943 1605 Caturcensis

211 1625 437 1665 etVabrensis,
454 1626 486 1658 in
504 1624 719 1667 suffraganeas
741 1626 944 1667 assignaren-

210 1683 284 1717 tur,
323 1680 442 1717 erecta,
468 1688 541 1710 cum
577 1678 769 1720 praesertim
807 1677 943 1710 ecclesia

210 1729 279 1772 ipsa
313 1729 475 1763 Albiensis
500 1730 561 1762 sita
586 1730 625 1762 sit
652 1730 685 1762 in
710 1730 838 1762 civitate
862 1740 942 1772 quae

211 1782 779 1826 estcaputprovinciaeAlbiensium,
799 1787 839 1822 et,
857 1782 943 1815 iuxta

211 1834 397 1869 eorumdem
421 1844 585 1867 sacrorum
610 1844 769 1866 canonum
789 1833 944 1877 praescri-

210 1892 311 1931 ptum,
341 1887 436 1919 sedes
462 1886 755 1929 archiepiscopales
782 1887 814 1918 in
839 1888 945 1920 civita-

211 1940 297 1972 tibus
320 1939 503 1981 praecipuis
527 1938 591 1971 sint
615 1939 833 1979 collocandae,
863 1940 945 1982 ipsa-

210 2001 274 2033 que
299 1991 436 2024 ecclesia
460 1990 622 2024 Albiensis
644 1990 730 2023 aditu
748 1991 788 2023 sit
803 2001 945 2034 percom-

212 2044 318 2082 moda,
346 2043 465 2086 quippe
490 2043 522 2074 in
548 2043 732 2076 meditullio
765 2049 943 2076 ceterarum

212 2095 273 2128 iam
313 2095 470 2127 dictarum
512 2095 722 2128 ecclesiarum
760 2096 943 2135 constituta,

213 2157 343 2180 accessu
368 2146 541 2179 admodum
567 2147 688 2189 optimo
714 2147 888 2187 instructa;
915 2154 945 2180 et

212 2199 349 2243 proinde
374 2199 510 2232 ecclesia
535 2199 742 2232 Bituricensis
768 2200 945 2233 detrimen-

213 2256 290 2291 tum,
316 2251 402 2294 quod
427 2261 463 2283 ex
482 2250 693 2284 distractione
720 2262 777 2284 seu
795 2252 945 2284 dismem—

213 2303 358 2336 bratione
375 2314 427 2336 sex
444 2303 654 2336 ecclesiarum
673 2303 945 2347 suffraganearum

213 2357 397 2390 huiusmodi
431 2357 602 2399 acciperet,
638 2356 760 2390 facilius
792 2368 945 2400 reparare

213 2409 334 2442 valeat:

251 2479 260 2504 1
285 2477 376 2504 Potius
395 2478 453 2512 lege
473 2486 522 2504 seoe
541 2486 554 2504 e
575 2478 611 2512 (a.
627 2478 676 2511 r.).

249 2521 265 2548 2
284 2521 354 2548 Edit.
375 2521 452 2548 Main.
474 2522 538 2556 legit
557 2523 695 2549 Albiensae's
716 2522 752 2558 (n.
773 2522 821 2559 τ.).

298 2576 375 2604 Ball.
396 2575 477 2604 Rom.
497 2591 531 2596 —
554 2576 613 2606 Vol.
633 2576 700 2604 XIX
842 2577 873 2606 15

989 418 1077 450 ribus
1094 419 1270 457 charitatis,
1288 423 1440 460 paternae
1460 417 1634 458 dirigentes
1652 425 1724 447 con-

989 470 1194 502 siderationis
1208 471 1372 509 intuitum,
1384 481 1419 502 ac
1434 474 1612 512 sperantes,
1625 468 1723 511 quod,

989 522 1043 564 qui
1073 523 1231 555 bonorum
1264 523 1398 564 largitor
1429 527 1477 554 est
1512 522 1654 554 omnium
1690 525 1723 553 et

989 580 1085 616 prout
1101 577 1167 608 vult
1187 586 1242 607 sua
1260 575 1428 617 dispensat
1443 575 1526 607 bona
1548 574 1722 616 gratiarum

988 627 1146 669 dirigente
1170 627 1319 665 Domino,
1341 627 1459 659 erectio
1480 626 1660 659 huiusmodi
1690 626 1721 657 in

987 680 1153 721 praedicta
1169 679 1336 722 provincia
1353 680 1391 712 ad
1410 680 1618 711 ecclesiarum
1634 690 1722 721 prae-

988 732 1152 771 dictarum,
1178 733 1371 774 illarumque
1397 733 1592 774 praesulum,
1619 737 1650 763 et
1675 731 1723 763 in-

988 785 1130 816 colarum
1154 785 1382 817 universorum
1399 784 1431 816 in
1452 785 1538 816 dicta
1555 784 1722 826 provincia

987 837 1235 869 consistentium
1260 837 1519 870 aedificationem
1546 837 1584 869 de
1605 836 1720 868 virtute

987 890 1019 921 in
1044 890 1202 929 virtutem,
1229 890 1503 932 tranquillumque
1529 894 1559 922 et
1588 900 1722 931 prospe-

988 953 1056 974 rum
1088 944 1147 975 sub
1180 944 1295 975 timore
1321 942 1446 975 Domini
1484 942 1720 975 confovendum

987 1000 1126 1033 statum,
1153 998 1264 1028 mutua
1303 996 1468 1029 charitatis
1504 995 1721 1028 vicissitudine

988 1049 1108 1081 fructus
1134 1050 1245 1083 dietim
1262 1049 1373 1083 afferet
1389 1050 1574 1092 ampliores,
1594 1049 1721 1092 ipsique

987 1105 1153 1146 praesules
1179 1108 1211 1136 et
1234 1104 1361 1136 incolae
1388 1108 1475 1136 tanto
1502 1102 1721 1144 Apostolicam

986 1156 1099 1188 Sedem
1130 1156 1177 1197 (in
1209 1166 1270 1198 qua
1294 1155 1440 1188 caelestis
1465 1154 1617 1197 clavigeri
1642 1155 1722 1196 Apo-

987 1208 1143 1240 stolorum
1156 1207 1313 1249 Principis
1325 1217 1532 1240 successores
1542 1206 1721 1249 existimus)

986 1260 1074 1301 puris
1098 1259 1217 1300 iugiter
1240 1260 1338 1292 corde
1364 1266 1395 1291 et
1419 1260 1526 1292 animo
1551 1259 1720 1297 venerari,

986 1317 1017 1344 et
1033 1322 1092 1354 pro
1107 1312 1194 1344 illius
1211 1312 1326 1344 votivis
1343 1310 1605 1344 successorihus¹
1627 1322 1721 1353 open-1

985 1369 1016 1396 et
1039 1374 1171 1406 operam
1193 1364 1448 1397 accuratioribus
1468 1363 1583 1396 studiis
1598 1364 1723 1406 impen-

985 1417 1061 1448 dere
1088 1416 1229 1448 debeant
1262 1416 1417 1455 efficaces,
1450 1421 1571 1459 quanto
1604 1415 1721 1448 Sedem

984 1469 1086 1511 ipsam
1112 1469 1150 1501 de
1176 1479 1288 1501 eorum
1306 1474 1389 1501 statu
1407 1479 1567 1511 prospero
1586 1473 1617 1501 et
1635 1473 1723 1500 tran-

986 1521 1088 1564 quillo
1113 1521 1266 1554 solertius
1292 1521 1434 1562 cogitare
1460 1519 1718 1562 cognoverunt²‚

985 1574 1106 1605 matura
1131 1583 1229 1615 super
1248 1573 1299 1604 his
1317 1583 1387 1604 cum
1406 1572 1647 1604 venerabilibus
1664 1572 1723 1604 sra-

986 1625 1087 1657 tribus
1110 1636 1130 1657 r.
1155 1625 1231 1657 stris
1256 1624 1287 1656 S.
1305 1624 1341 1656 R.
1361 1624 1394 1656 E.
1418 1624 1637 1656 cardinalibus
1665 1624 1722 1655 de-

985 1678 1178 1711 liberatione
1210 1676 1413 1719 praehahita,
1438 1677 1476 1709 ad
1502 1676 1612 1709 enixas
1637 1676 1722 1709 eius-

986 1731 1059 1763 dem
1084 1730 1236 1763 Ludovici
1269 1730 1355 1772 regis
1388 1740 1513 1772 preces,
1541 1729 1579 1761 de
1606 1739 1721 1762 eorum

986 1784 1120 1815 fratrum
1145 1782 1280 1815 consilio
1299 1787 1331 1815 et
1357 1792 1488 1815 assensu
1513 1792 1549 1814 ac
1572 1782 1611 1814 de
1630 1792 1723 1823 apos-

985 1836 1100 1868 tolicae
1126 1835 1295 1877 potestatis
1311 1834 1524 1877 plenitudine,
1542 1834 1723 1876 praedictas
1753 1834 1754 1838 ’

986 1898 1039 1920 sex
1075 1887 1238 1927 ecclesias
1276 1896 1451 1929 earumque
1484 1886 1628 1918 civitates

987 1941 1162 1978 dioeceses,
1189 1939 1338 1972 videlicet
1355 1939 1555 1978 Albiensem,
1576 1938 1723 1971 Castren-

987 2003 1064 2031 sem,
1089 1992 1321 2031 Mimatensem,
1341 1991 1595 2030 Ruffiencnsem,
1615 1990 1724 2023 Catur-

986 2056 1114 2078 censem
1133 2050 1164 2077 et
1179 2044 1386 2083 Vabrensem,
1404 2044 1596 2085 illarumque
1617 2044 1722 2076 cleros

988 2103 1019 2129 et
1043 2097 1193 2140 populos,
1220 2106 1237 2127 a
1260 2095 1425 2138 provincia
1455 2094 1658 2135 Bituricensi,
1684 2106 1724 2127 ac

987 2149 1214 2192 superioritate
1239 2153 1271 2180 et
1294 2152 1455 2190 potestate
1481 2156 1541 2189 pro
1575 2152 1723 2190 tempore
1760 2155 1763 2156 ’

987 2200 1154 2234 existentis
1173 2200 1411 2242 archicpiscopi
1429 2199 1648 2239 Bituricensis,
1671 2199 1720 2231 cui

987 2253 1224 2297 metropolitico
1267 2253 1336 2285 iure
1376 2252 1527 2292 subsunt,
1562 2256 1722 2295 perpetuo
1764 2254 1774 2278 ἐ

987 2317 1212 2350 segregamus,
1246 2305 1432 2345 dividimus,
1467 2314 1656 2348 separamus
1692 2310 1724 2338 et

988 2360 1267 2398 dismembramus‚
1284 2358 1422 2400 illasque
1440 2368 1553 2391 omnes
1568 2362 1600 2390 et
1613 2358 1723 2400 singu·
1753 2358 1754 2361 ’

1023 2439 1033 2464 1
1056 2436 1169 2464 Videtur
1186 2436 1331 2471 legendum
1356 2436 1458 2464 votivis
1481 2435 1650 2464 successibus
1673 2443 1722 2471 pro
1748 2440 1750 2445 ’

986 2479 1087 2506 votivis
1105 2478 1313 2505 successoribus
1331 2480 1369 2511 (n.
1390 2478 1438 2510 T.).

1021 2522 1037 2549 2
1052 2521 1144 2557 Aptius
1159 2521 1218 2557 lege
1233 2521 1414 2557 coqnoverint
1432 2521 1472 2557 (a.
1488 2521 1538 2556 τ.).

1686 1894 1757 1918 30¹
