2111 3157
11 175 60 202 Αιι.
75 174 104 201 C.
128 173 193 200 tu88

193 227 382 264 procurator
412 232 476 255 non
512 227 642 266 potest,
668 222 741 255 facit
776 223 928 255 sacerdos

191 275 244 318 qui
271 277 416 320 sequitur
440 277 471 309 in
497 276 611 310 eodem
638 277 752 310 choro.

233 338 308 362 xxti.
335 329 526 363 Procurator
556 340 686 372 semper
716 329 864 362 ascendit
894 329 926 361 in

191 381 309 424 vigiliis
335 382 492 416 festorum
519 382 661 426 capituli,
685 382 791 425 quoad
816 392 927 415 mona-

190 434 270 467 chos
295 440 327 468 et
349 445 534 468 conversos.
570 436 748 478 Antequam
780 445 856 468 vcro
892 435 925 467 in

188 487 365 530 praedictis
382 487 502 530 vigiliis
519 488 681 528 ascendat,
696 488 839 531 loquitur
853 498 925 520 cum

189 539 377 582 coquinario
394 550 401 572 ε
439 540 589 582 providet
624 540 663 572 de
695 540 835 583 coquina
865 550 923 573 seu

188 592 333 635 pitantia,
350 603 433 636 quae
449 593 501 626 die
526 593 664 625 crastina
688 592 838 625 fratribus
861 603 921 636 ap-

188 650 340 688 ponatur.
367 645 472 678 Semel
490 646 528 678 ad
547 646 652 678 minus
670 645 702 678 in
720 645 924 679 hebdomada

187 697 333 731 ascendit
349 708 485 738 sursum,
502 698 526 730 si
545 704 662 741 potest.

227 758 315 783 xxm.
335 749 543 782 Hebdomada
560 749 592 782 in
605 749 711 783 Ramis
728 751 919 791 Palmarum,

184 801 264 835 feria
281 805 404 845 quarta,
421 802 521 835 altare
535 802 747 846 discooperit,
759 809 789 836 et
806 811 919 847 postea

183 854 222 888 ad
239 854 370 888 domum
388 855 588 898 superiorem
607 856 774 897 ascendit;
798 856 830 889 in
848 857 919 889 sah-

183 908 258 941 bato
275 917 464 941 reversurus
477 908 516 941 ad
532 909 769 952 disponendum
785 911 916 943 domum

183 960 368 993 inferiorem
386 965 416 993 et
434 961 649 1005 operiendum
675 963 788 995 altare.
814 962 919 1001 Quan-

182 1012 365 1056 documque
382 1019 488 1046 autem
506 1014 652 1057 superius
670 1020 728 1055 est,
751 1020 859 1058 potest
882 1015 918 1047 si-

181 1070 233 1098 cut
247 1066 346 1098 ceteri
364 1065 482 1098 intrare
497 1066 665 1099 ecclesiam
680 1068 712 1100 in
726 1074 894 1101 conventu.

222 1127 308 1151 xxiv.
334 1118 411 1151 Cum
430 1129 555 1151 sursum
575 1120 729 1159 ascendit,
747 1120 828 1153 facta
846 1131 918 1154 ora·
937 1139 939 1147 ·

181 1171 267 1205 tione
291 1172 330 1205 ad
349 1173 529 1213 ecclesiam,
549 1173 587 1205 ad
606 1173 749 1216 priorem
770 1168 867 1213 venit,
886 1180 917 1206 et

181 1225 395 1268 postmodum,
414 1236 485 1258 cum
510 1226 627 1268 placet,
648 1237 706 1270 per
730 1228 829 1260 cellas
856 1227 916 1260 fra-

180 1282 242 1311 tres
259 1288 430 1311 conversos
448 1279 553 1311 visitat
569 1290 576 1311 :
603 1285 675 1322 post
694 1290 844 1323 vesperas
861 1291 916 1313 au-

180 1335 243 1363 tem
266 1341 441 1374 nunquam,
462 1338 533 1364 ante
551 1332 679 1365 missam
706 1333 829 1365 festivis
848 1334 915 1366 die-

179 1383 250 1424 bus,
276 1394 337 1417 nec
361 1385 393 1417 in
419 1385 565 1417 Adventu
595 1390 626 1417 et
650 1384 912 1428 Quadragesima,

176 1447 242 1471 non
274 1437 372 1471 debet
403 1438 580 1471 monachos
610 1437 738 1471 visitare
770 1439 840 1472 sine
869 1440 910 1472 li-

177 1490 306 1523 nentia:
332 1491 371 1524 ad
401 1491 518 1524 ostium
545 1496 653 1524 tamen
680 1497 790 1535 potest
813 1503 914 1536 pauca

176 1543 275 1577 verba
299 1544 403 1587 loqui.

220 1607 293 1630 xxv.
310 1597 420 1630 Priore
438 1598 582 1637 absente,
596 1599 645 1631 vel
664 1599 688 1631 si
708 1609 772 1633 non
791 1604 910 1642 potest,

177 1655 369 1694 procurator
394 1651 425 1683 in
451 1651 545 1683 domo
572 1651 717 1684 inferiori
736 1652 914 1686 communi-

178 1708 230 1736 cat
262 1713 439 1737 conversos
471 1709 503 1736 et
534 1704 671 1737 donatos
705 1704 861 1742 infirmos,
883 1711 913 1738 et

177 1766 289 1791 eorum
306 1757 419 1800 recipit
435 1757 666 1797 confessiones,
685 1768 807 1801 eosque
823 1758 913 1791 inun-

178 1810 233 1853 git,
247 1809 274 1843 si
300 1815 405 1844 tamen
423 1811 575 1843 sacerdos
594 1811 699 1844 fuerit.
715 1811 840 1854 Corpus
860 1823 913 1844 au-

179 1867 243 1896 tem
267 1862 393 1895 Domini
418 1868 526 1906 potest
554 1862 697 1896 infirmus
723 1863 869 1907 accipere
896 1875 912 1896 a

177 1916 435 1959 procuratore,si
455 1915 495 1948 sit
512 1916 682 1957 diaconus3
701 1917 787 1960 quod
807 1922 912 1950 tamen

178 1978 244 2002 non
265 1969 363 2002 debet
386 1968 465 2009 lieri,
491 1969 551 2001 nisi
576 1969 616 2002 sit
640 1969 671 2001 in
697 1972 839 2002 extrema
862 1980 914 2002 ne-

179 2021 351 2062 cessitate,
378 2027 410 2055 et
437 2022 462 2054 si
495 2023 602 2055 nullus
632 2022 780 2055 sacerdos
807 2023 911 2063 adest,

180 2074 234 2119 qui
254 2075 316 2108 hoc
340 2075 445 2108 faciat.
472 2074 541 2107 Hoc
557 2074 663 2117 ipsum
688 2075 727 2107 de
747 2085 914 2108 mercena-

154 2165 157 2168 ,
179 2127 236 2160 riis
261 2127 409 2168 dicimus,
430 2127 525 2160 etiam
550 2127 658 2170 priore
685 2133 859 2171 praesente
884 2133 915 2161 et

180 2180 326 2213 iubente.

224 2228 307 2267 xxvi.
334 2233 368 2266 ln
389 2233 440 2266 die
470 2232 588 2266 Natalis
607 2233 743 2273 Domini,
772 2233 913 2268 Paschae

180 2292 213 2320 et
228 2286 448 2326 Pentecostes,
461 2292 533 2318 ante
550 2286 734 2329 capitulum,
748 2287 916 2320 descendit

179 2343 375 2383 procurator
392 2338 539 2378 inferius,
559 2349 631 2372 cum
650 2338 750 2372 frater
766 2340 815 2372 vel
833 2340 913 2373 alius

180 2398 229 2425 est
244 2392 530 2426 communicandus
546 2403 554 2431 ;
573 2397 667 2435 atque
685 2397 792 2435 potest
808 2392 840 2426 in
859 2394 915 2426 do-

180 2455 233 2479 mo
249 2445 395 2478 inferiori
410 2445 524 2477 missas
538 2444 661 2477 debitas
675 2445 820 2486 reddere,
834 2446 916 2479 sicut

779 173 991 199 INNOCENTIL'S
1015 175 1044 198 Nl
1071 175 1118 198 PP-

971 221 1046 254 lton]
1065 222 1097 255 in
1116 222 1211 256 domo
1236 222 1381 256 inferiori
1408 223 1560 256 fratribus
1585 225 1706 267 capitu-

970 275 1033 307 lum
1061 281 1156 316 tenet,
1183 286 1301 320 eosque
1319 276 1451 320 corrigit
1476 280 1506 310 et
1530 278 1706 321 reprehen-

970 327 1026 359 dit.
1047 328 1261 362 Mereenarios
1286 329 1382 362 etiam
1408 329 1573 373 corrigere
1599 336 1631 364 et
1655 342 1705 365 re-

969 381 1174 423 prehendere
1198 381 1306 415 debet.

1011 443 1106 467 xxvii.
1136 434 1181 466 Ad
1201 435 1350 468 eumdem
1380 436 1523 479 pertinet
1551 437 1704 471 festivita-

969 489 1026 523 tes,
1046 485 1166 519 ieiunia
1190 487 1350 521 Ecclesiae
1375 494 1407 522 et
1430 490 1569 531 Ordinis,
1589 502 1702 533 preces

967 537 1130 579 fratribus,
1150 540 1204 582 qui
1224 541 1339 573 diebus
1370 542 1488 574 festivis
1507 553 1572 576 non
1589 554 1701 576 ascen-

967 589 1045 622 dunt
1062 591 1099 623 ad
1121 592 1248 625 domum
1266 594 1480 636 superiorem,
1498 601 1573 638 post
1587 606 1700 640 vespe-

966 652 1015 674 ras
1045 643 1202 686 intimare,
1222 650 1253 678 et
1283 645 1447 686 fratribus,
1467 647 1520 690 qui
1551 658 1615 680 non
1644 649 1700 682 ad-

964 700 1048 733 sunt,
1065 696 1126 729 hoc
1145 696 1251 739 ipsum
1271 687 1374 731 ‘debet
1393 710 1452 741 pet·
1475 700 1699 743 coquinarium

964 746 1166 790 significare:
1200 751 1424 792 procuratoris
1456 758 1506 785 est
1536 753 1569 785 in
1600 754 1698 788 domo

963 798 1109 833 inferiori
1135 802 1263 844 pulsare
1284 803 1322 835 ad
1341 802 1492 837 Primam.

1005 862 1110 885 xxvm.
1132 851 1265 891 Quando
1291 855 1414 898 aliquid
1439 857 1623 892 inordinate
1647 859 1697 892 vet

961 905 1066 938 minus
1088 906 1226 939 discrete
1251 907 1319 941 sieri
1343 909 1429 942 videt
1454 909 1586 951 ibidem,
1609 911 1697 944 illico

962 957 1056 990 debet
1069 959 1321 1002 reprehendere,
1335 961 1440 1001 etille,
1453 962 1505 1005 qui
1521 964 1699 1006 repreben-

961 1010 1055 1049 ditur,
1082 1018 1278 1054 prostratus,
1304 1014 1412 1047 statim
1443 1014 1540 1048 debet
1571 1016 1698 1050 veniam

959 1066 1136 1106 postulare.

1001 1127 1083 1151 xxix.
1102 1118 1134 1150 ln
1154 1119 1235 1152 festo
1252 1119 1480 1162 Dedicationis,
1496 1132 1567 1155 cum
1583 1122 1695 1156 fratres

960 1169 1164 1204 thurificandi
1182 1177 1264 1212 sunt,
1280 1173 1481 1208 thuribulum
1499 1185 1571 1208 cum
1590 1176 1696 1210 incen-

959 1224 1056 1261 so,ad
1076 1235 1252 1258 conversos
1273 1226 1504 1262 thurificandos
1517 1229 1566 1261 vel
1585 1229 1697 1273 hospi-

959 1280 1015 1315 tes,
1029 1277 1053 1308 si
1065 1277 1182 1317 adsint,
1193 1284 1264 1320 post
1283 1279 1556 1314 thurificationem
1573 1282 1694 1322 altaris,

958 1329 1054 1360 tradit
1072 1330 1273 1373 coquinario,
1291 1333 1350 1372 vel,
1369 1332 1395 1365 si
1415 1333 1519 1373 deest,
1536 1334 1695 1377 antiquio-

957 1382 995 1414 ri.
1023 1382 1069 1415 Ad
1097 1393 1248 1426 vesperas
1274 1390 1440 1429 utrasque,
1465 1388 1638 1420 matutinas
1663 1393 1695 1421 et

957 1434 1096 1475 missam,
1128 1437 1280 1470 candelas
1307 1439 1475 1472 accendit:
1501 1439 1526 1472 si
1553 1440 1604 1473 die
1626 1451 1679 1473 cra

956 1487 1038 1520 stina
1053 1488 1094 1521 sit
1108 1489 1223 1524 festum
1238 1490 1381 1533 capituli,
1396 1497 1568 1536 antequam
1587 1504 1682 1529 ascen

957 1540 1020 1579 dat,
1038 1541 1116 1575 dicit
1134 1552 1246 1576 omnes
1265 1543 1363 1576 boras
1381 1545 1413 1576 in
1433 1545 1581 1578 ecclesia.

999 1604 1066 1627 xxx.
1103 1594 1239 1638 Propter
1271 1596 1385 1629 festum
1414 1597 1630 1632 Dedicationis
1662 1605 1694 1633 et

956 1646 1178 1690 Reliquiarum
1215 1650 1373 1682 ecclesiae
1400 1650 1576 1691 inferioris,
1603 1652 1693 1695 prior

956 1706 985 1733 et
1004 1706 1192 1743 procurator
1210 1702 1367 1736 ieiunium
1385 1714 1450 1736 non
1469 1704 1663 1748 infringunt.

998 1764 1081 1787 xxxi.
1109 1754 1228 1798 Greges
1253 1756 1344 1789 annis
1376 1757 1522 1800 singulis,
1547 1769 1620 1791 cum
1645 1769 1692 1791 va-

956 1807 1036 1840 dunt
1061 1808 1099 1840 ad
1119 1808 1336 1851 hyemandum
1361 1814 1394 1842 et
1414 1820 1483 1843 cum
1508 1811 1655 1852 redeunt,
1674 1822 1692 1845 a

954 1865 1165 1903 procuratore
1190 1867 1416 1895 numerentur.

999 1923 1019 1946 ι.
1046 1913 1187 1956 Singulis
1215 1914 1329 1948 diebus
1344 1915 1525 1958 dominicis,
1542 1918 1593 1951 vel
1621 1918 1691 1950 sab-
1727 1923 1852 1944 Cfflrvss-

1726 1949 1755 1970 Da
1769 1951 1882 1970 consenta-

955 1966 1030 1998 bato
1055 1967 1275 2009 praecedenti,
1300 1975 1353 2001 aut
1377 1970 1477 2002 semel
1511 1970 1550 2004 ad
1582 1970 1688 2002 minus
1700 1981 1725 2006 τις
1750 1979 1769 1996 a
1792 1982 1882 1998 eommu-

1700 2008 1770 2024 mono.

956 2019 987 2051 in
1012 2020 1198 2062 septimana,
1224 2025 1256 2053 et
1280 2021 1464 2064 praecipuis
1497 2022 1595 2062 festis,
1627 2032 1692 2055 mo-

956 2073 1051 2106 nachi
1066 2083 1128 2106 non
1147 2074 1360 2115 celebrantes,
1376 2080 1438 2108 tam
1454 2076 1578 2116 novitii,
1595 2086 1689 2119 quam

956 2126 1102 2170 professi,
1134 2127 1347 2160 confiteantur
1374 2128 1484 2171 priori,
1506 2130 1555 2162 vel
1583 2130 1622 2164 ab
1650 2139 1690 2162 eo

957 2179 1128 2222 deputatis.
1151 2179 1286 2223 Propter
1311 2181 1373 2214 hoc
1398 2186 1506 2214 tamen
1531 2187 1595 2215 n'on
1616 2192 1692 2225 pro-

957 2233 1121 2273 hibemus,
1148 2233 1224 2276 quin
1245 2233 1323 2266 alias
1339 2244 1437 2277 super
1454 2234 1692 2268 hebdomadam

956 2285 1102 2318 confiteri
1127 2286 1251 2328 possint
1275 2286 1306 2318 in
1332 2286 1487 2330 capitulo,
1521 2287 1571 2320 vel
1596 2287 1635 2320 dc
1660 2287 1693 2320 li-

956 2339 1061 2373 centia
1080 2339 1199 2382 prioris
1221 2339 1252 2372 in
1278 2339 1368 2372 cellis

1000 2404 1033 2426 11.
1049 2392 1254 2426 Celebrantes
1278 2403 1352 2425 vero
1371 2394 1507 2427 multum
1523 2393 1693 2427 hortamur

956 2440 989 2478 ut
1007 2445 1246 2478 confessionem
1264 2447 1528 2482 sacramentalem
1547 2447 1693 2491 frequen-

182 2499 332 2542 etprior,
353 2498 495 2541 exceptis
520 2498 626 2530 missis
651 2498 861 2531 anniversarii
883 2504 913 2532 et
957 2503 1037 2531 tent.
1060 2499 1196 2542 Propter
1228 2498 1291 2532 hoc
1323 2499 1407 2534 enim
1441 2499 1586 2543 quotidie
1618 2505 1692 2544 post

181 2550 354 2592 tricenarii,
373 2561 454 2595 quae
482 2550 630 2594 superius
659 2550 751 2585 reddi
780 2551 912 2587 debent.

958 2552 1093 2585 Primam
1115 2553 1278 2596 pulsamus
1295 2563 1355 2596 pro
1371 2553 1629 2587 confessionibus
1647 2553 1692 2587 fa-

1608 164 1671 200 813
1717 177 1764 203 An.
1782 178 1808 203 c.
1834 179 1898 207 msa
