2111 3157
0 227 46 254 An.
59 224 90 253 C.
114 221 180 252 ¹679

184 273 261 306 dicti
300 273 413 316 viginti
451 274 519 307 dies
557 275 692 317 negocia
727 273 912 307 huiusmodi

183 327 367 359 nullatenus
407 328 566 370 expediri,
614 328 743 360 eosdem
786 332 913 359 exteros

182 379 297 411 fratres
332 379 544 413 Discalceatos
576 379 762 412 huiusmodi
787 390 803 411 e
829 379 913 411 dicta

183 433 271 465 curia
294 434 430 476 migrare
456 439 487 466 et
506 434 545 466 ad
570 444 642 466 suas
666 432 848 476 provincias
866 443 913 465 re-

183 486 274 528 gredi
291 491 389 526 curet,
403 486 493 518 firma
506 490 692 518 remanente
710 495 808 527 penes
826 495 912 516 eum-

184 538 256 570 dem
295 538 436 580 priorem
476 538 685 579 negociorum
724 536 911 569 huiusmodi

183 591 456 634 expediendorum
467 596 498 623 et
509 595 617 622 exacte
632 589 912 622 sollicitandorum

183 646 279 683 cura3
305 645 343 675 ad
368 653 464 686 quem
495 642 642 675 effectum
667 642 751 675 idem
776 642 912 674 Ioannes

182 696 330 728 minister
365 695 527 738 generalis
562 695 594 727 in
630 695 744 728 virtute
784 701 912 728 sanctae

182 749 385 781 obedientiae
422 754 454 781 et
484 749 620 792 Spiritus
646 748 752 781 Sancti
777 748 914 781 iniunxit

182 801 287 833 eidem
312 801 490 842 guardiano
516 806 550 833 ut
574 801 766 844 praemissas
785 801 914 833 ordina-

183 851 287 886 tiones
313 858 345 885 et
368 854 518 885 mandata
549 852 817 886 irremissibiliter
841 862 914 884 exe-

182 911 318 950 quatur,
345 906 462 938 exteris
489 911 592 938 autem
623 906 774 938 fratribus
800 905 915 938 Discal-

181 960 278 992 ccatis
305 958 491 991 huiusmodi
520 964 555 990 ut
575 958 751 1001 guardiano
769 959 912 992 eiusdem

181 1016 358 1044 conventus
383 1011 414 1044 S.
441 1011 559 1053 AEgidii
587 1022 674 1044 nune
699 1017 730 1044 et
754 1022 811 1054 pro
837 1017 915 1044 tem-

181 1074 260 1107 pore
285 1063 459 1103 existenti,
495 1064 540 1096 uti
578 1074 690 1096 eorum
714 1065 858 1106 praelato
883 1069 915 1096 et

181 1117 414 1156 commissario,
432 1117 464 1149 in
485 1117 632 1149 omnibus
659 1121 691 1149 et
715 1116 850 1159 singulis
869 1117 915 1149 di-

182 1174 265 1202 ctam
290 1169 537 1212 dispositionem
562 1170 835 1202 concernentibus
861 1180 916 1212 pa-

182 1227 275 1254 reant
298 1227 330 1254 et
354 1221 517 1260 obediant,
543 1232 579 1254 ae
604 1221 738 1264 insuper
762 1221 915 1253 obedien-

182 1274 268 1314 tiam,
305 1284 430 1306 necnon
468 1274 619 1306 mandata
650 1284 667 1306 a
699 1274 816 1306 dilecto
847 1273 913 1306 filio

181 1327 326 1359 ministro
351 1327 540 1369 provinciali
565 1326 712 1359 eiusdem
730 1326 914 1369 provinciae

182 1391 241 1423 pro
265 1379 352 1412 illius
376 1379 461 1412 bono
480 1379 636 1421 regimine
655 1384 814 1417 emanata,
834 1389 914 1421 quae

181 1432 256 1471 illis,
281 1432 334 1464 ubi
361 1431 501 1474 primum
526 1432 565 1464 ad
589 1437 783 1464 conventum
809 1442 916 1474 perve-

160 1486 298 1523 Jnerint,
330 1485 487 1517 notificari
524 1485 678 1525 debeant,
720 1485 913 1525 observent·‚

181 1538 347 1581 voluitque
384 1538 468 1570 idem
507 1537 653 1570 minister
692 1537 852 1580 generalis
883 1543 917 1569 ut

182 1590 295 1623 fratres
320 1590 506 1622 Discalccati
532 1590 633 1623 exteri
667 1590 743 1622 dicti
775 1589 914 1630 Ordinis,

183 1643 236 1686 qui
264 1644 302 1676 ad
328 1643 473 1676 eamdem
507 1643 629 1675 curiam
654 1643 819 1683 accedunt,
854 1654 916 1676 nec

183 1696 221 1728 ad
247 1702 438 1728 conventum
463 1696 494 1728 S.
522 1695 682 1728 Francisci
704 1695 779 1728 dicti
804 1695 915 1738 oppidi

182 1747 309 1781 Ordinis
335 1748 521 1781 huiusmodi
553 1758 612 1781 nec
643 1748 681 1780 ad
707 1758 916 1791 personarum

181 1802 396 1834 saecularium
432 1801 543 1834 domos
583 1801 740 1834 divertere
777 1812 837 1834 nec
871 1801 915 1834 ibi

181 1861 326 1897 pernoctl
348 1865 355 1872 ’
409 1856 569 1888 ullatenus
604 1855 750 1898 possint,
787 1856 843 1888 sed
883 1855 915 1887 in

182 1907 304 1940 eisdem
363 1919 387 1940 s.
416 1908 532 1950 :Egidii
565 1913 596 1941 et
621 1908 814 1941 Bernardini
840 1919 916 1940 con-

180 1961 329 1993 ventibus
345 1960 538 1994 commorari
557 1966 737 2001 teneantur,
763 1962 915 2004 quodque

182 2024 242 2047 nee
266 2024 324 2056 per
349 2024 382 2046 se
408 2024 469 2046 nec
500 2024 558 2056 per
590 2013 818 2056 interpositam
843 2025 915 2057 per-

182 2077 296 2099 sonam
311 2066 449 2099 cuiusvis
461 2067 588 2109 generis
602 2068 824 2110 eleemosynas
839 2078 917 2110 quo-

182 2130 246 2162 quo
271 2119 366 2151 modo
398 2129 555 2162 quaerere
591 2120 744 2159 audeant,
780 2119 842 2152 nisi
880 2131 915 2153 re

182 2171 272 2214 prius
287 2171 391 2204 eidem
408 2171 583 2213 guardiano
597 2177 772 2204 conventus
788 2172 818 2204 S.
836 2172 916 2215 AEgi-

183 2223 226 2256 dii
253 2223 438 2256 huiusmodi
457 2223 701 2263 communicata,
723 2229 754 2257 et
782 2224 916 2257 obtenta

184 2276 326 2319 desuper
355 2277 395 2308 ab
428 2277 543 2309 eodem
578 2275 720 2309 lieentia.
758 2276 801 2310 Ne
840 2289 914 2310 vero

182 2329 345 2372 praefatae
371 2328 590 2362 ordinationes
612 2335 643 2361 et
667 2334 783 2362 statuta
803 2341 820 2362 a
838 2342 916 2373 quo-

185 2392 280 2424 quam
313 2381 389 2414 dicti
419 2381 547 2414 Ordinis
586 2382 754 2425 superiore
786 2384 914 2416 alterari

183 2433 332 2476 possint,
356 2434 450 2466 nobis
469 2439 642 2476 propterea
660 2434 733 2467 dicti
752 2445 916 2477 exponen-

183 2491 232 2518 tes
259 2486 426 2519 humiliter
446 2486 621 2529 supplicari
639 2486 785 2519 fecerunt
811 2492 845 2520 ut
862 2488 915 2521 illa

143 2585 146 2587 ‚
183 2539 437 2573 confirmationis
462 2545 591 2573 nostrae
622 2541 802 2583 patrocinio
829 2552 915 2574 eom-

776 225 988 250 INNOCENTU'S
1011 226 1042 250 XI
1067 222 1116 250 PP.

136 2592 139 2595 ’
182 2592 307 2626 munire
332 2591 371 2626 de
394 2592 594 2634 benignitate
612 2593 786 2627 anostolica
807 2593 915 2631 diena—
935 2615 936 2625 1

957 284 1076 307 remur.
1103 273 1166 307 Nos
1190 273 1296 317 igitur,
1322 272 1454 307 eosdem
1488 277 1688 315 exponentes

956 326 1149 368 specialibus
1175 326 1336 359 favoribus
1357 331 1387 359 et
1407 325 1517 368 gratiis
1535 324 1689 367 prosequi

956 380 1111 418 volentes,
1131 384 1162 411 et
1177 389 1290 412 eorum
1306 379 1486 421 singulares
1501 388 1658 420 personas
1672 388 1690 409 a

956 431 1122 473 quibusvis
1138 431 1488 471 excommunicationis,
1506 430 1692 473 suspensio-

956 483 1005 516 nis
1038 488 1070 516 et
1094 484 1268 524 interdicti,
1296 484 1433 527 aliisque
1462 483 1690 516 ecclesiasticis

956 537 1145 577 sententiis,
1183 538 1327 570 censuri:-r
1354 543 1386 570 et
1419 537 1549 581 poenis,
1573 547 1590 569 a
1619 536 1690 569 iure

955 590 1004 621 vel
1037 589 1074 621 ab
1105 589 1238 621 homine
1258 616 1265 628 ,
1300 589 1411 632 quavis
1447 589 1616 621 occasione
1641 590 1690 621 vel

956 643 1049 674 causa
1069 642 1155 681 latis,
1183 642 1208 673 si
1234 641 1349 684 quibus
1375 642 1622 684 quomodolibet
1648 641 1692 673 in-

957 694 1094 727 nodatae
1119 694 1268 733 existunt,
1294 694 1333 726 ad
1359 694 1506 726 effectum
1536 704 1693 736 praesen-

959 747 1035 779 tium
1061 747 1227 779 dumtaxat
1262 747 1540 789 consequendum,
1576 746 1693 778 harum

958 800 1041 832 serie
1068 800 1272 832 absolventes
1298 804 1329 831 et
1354 799 1519 831 absolutas
1533 799 1602 831 sore
1621 809 1694 831 cen-

958 857 1079 893 sentes,
1104 852 1291 884 huiusmodi
1317 851 1613 894 supplicationibus
1645 851 1694 882 in·

959 905 1090 944 clinati,
1133 909 1251 937 statuta
1286 910 1318 937 et
1354 904 1577 937 ordinationes
1617 903 1693 935 dicti

959 958 1088 991 Ioannis
1107 958 1246 1001 ministri
1264 957 1438 1000 generalis,
1457 957 1600 1000 praefata
1619 967 1695 999 apo-

959 1010 1070 1043 stolica
1094 1010 1296 1050 auctoritate,
1322 1015 1436 1042 tenore
1462 1010 1693 1052 praesentium,

960 1063 1187 1096 confirmamus
1227 1069 1258 1095 et
1297 1063 1523 1106 approbamus,
1562 1062 1692 1105 illisque

959 1115 1156 1148 inviolabilis
1180 1115 1376 1158 apostolicae
1409 1115 1569 1147 firmitatis
1596 1115 1696 1147 robur

960 1169 1147 1207 adiicimus,
1180 1179 1215 1200 ac
1244 1178 1356 1201 omnes
1393 1173 1425 1201 et
1450 1168 1597 1209 singulos
1631 1174 1694 1200 tam

960 1221 1038 1253 iuris
1063 1232 1158 1264 quam
1184 1221 1254 1253 facti
1279 1221 1481 1263 quantumvis
1503 1220 1697 1253 substantia-

960 1274 1005 1306 les
1031 1279 1062 1305 et
1086 1274 1240 1306 formales
1272 1273 1429 1312 defectus,
1461 1273 1486 1305 si
1512 1273 1565 1315 qui
1603 1273 1718 1305 desu-’

959 1336 1017 1369 per
1035 1325 1283 1368 quomodolibet
1302 1325 1545 1364 intervenerint,
1568 1327 1697 1368 supple-

959 1389 1045 1410 mus:
1070 1378 1259 1410 mandantes
1284 1383 1460 1420 propterea
1489 1378 1639 1410 omnibus
1665 1383 1697 1410 et

959 1431 1095 1473 singulis
1138 1430 1212 1463 dicti
1248 1431 1376 1463 Ordinis
1413 1436 1445 1463 et.
1480 1436 1696 1463 conventuum

960 1483 1145 1516 huiusmodi
1164 1483 1400 1526 superioribus,
1418 1494 1621 1526 quocumque
1640 1494 1698 1516 no-

959 1536 1044 1569 mine
1071 1536 1276 1579 nuncupatis,
1302 1547 1389 1568 nunc
1413 1541 1444 1568 ot
1469 1546 1527 1579 pro
1546 1541 1696 1579 tempore
1716 1565 1718 1569 ,

960 1589 1182 1628 existentibus,
1201 1589 1233 1620 in
1254 1589 1370 1621 virtute
1388 1594 1516 1621 sanetae
1542 1589 1698 1621 obedien-

961 1642 1035 1682 tiae,
1062 1652 1098 1674 ac
1123 1642 1183 1674 sub
1215 1642 1566 1681 excommunicationis,
1592 1642 1697 1674 vocis-

961 1705 1022 1738 que
1065 1694 1185 1727 activae
1227 1699 1258 1727 et
1296 1694 1443 1737 passivae
1488 1706 1525 1726 ac
1564 1704 1696 1727 suorum

960 1747 1139 1781 officiorum
1170 1748 1369 1791 privationis,
1404 1747 1540 1790 aliisque
1574 1748 1698 1780 arbitrii

960 1800 1061 1833 nostri
1087 1800 1219 1844 poenis,
1248 1810 1286 1833 eo
1312 1800 1382 1843 ipso
1407 1802 1528 1843 absque
1555 1801 1618 1833 alia
1644 1801 1697 1834 de-

960 1854 1135 1886 claratione
1161 1853 1373 1893 incurrendis,
1398 1858 1434 1885 ut.
1458 1854 1620 1896 praefatae
1647 1864 1698 1886 or-

960 1906 1145 1939 dinationes
1171 1911 1204 1938 et
1227 1911 1346 1939 statuta
1371 1912 1479 1939 exacte
1498 1912 1529 1939 et
1550 1912 1697 1939 accurate

959 1960 1144 1999 observent,
1171 1964 1202 1992 et
1226 1960 1264 1992 ab
1289 1959 1359 1992 aliis
1384 1959 1551 1992 observari
1581 1966 1698 1992 curent

960 2017 992 2045 et
1026 2011 1159 2052 faciant·,
1197 2023 1233 2044 ac
1269 2012 1482 2045 decernentes
1507 2018 1697 2055 praesentes

960 2065 1082 2098 litteras
1107 2065 1227 2098 validas
1252 2076 1379 2108 semper
1405 2071 1437 2097 et
1461 2071 1619 2108 perpetuo
1646 2065 1699 2097 tir-

960 2128 1026 2150 mas
1053 2123 1085 2151 et
1109 2118 1254 2150 efficaces
1278 2118 1411 2151 existere
1437 2124 1468 2150 et
1490 2118 1571 2158 fore,
1606 2129 1698 2151 suos-

960 2182 1023 2214 que
1049 2170 1212 2213 plenarios
1233 2176 1263 2203 et
1280 2170 1422 2213 integros
1440 2170 1570 2203 etl‘ectus
1589 2171 1696 2204 sortiri

961 2230 991 2257 et
1015 2224 1172 2265 obtinere,
1193 2235 1230 2256 ac
1253 2224 1291 2257 ab
1317 2224 1467 2257 omnibus
1492 2229 1523 2257 et
1548 2225 1695 2267 singulis,

960 2287 1042 2319 quos
1066 2277 1140 2310 illae
1165 2283 1365 2310 concernunt
1389 2283 1420 2310 et
1444 2283 1645 2310 concernent
1664 2278 1696 2311 in

960 2331 1111 2370 futurum,
1129 2329 1360 2362 inviolabiliter
1377 2335 1410 2362 et
1429 2330 1619 2364 inconcusse
1641 2332 1697 2364 ob—

960 2382 1081 2414 servari
1107 2382 1243 2422 debere,
1270 2381 1459 2425 irritumque
1486 2388 1517 2415 et
1541 2383 1648 2423 inane,
1668 2383 1695 2415 si

960 2435 1035 2478 quid
1061 2445 1153 2467 secus
1179 2445 1277 2477 super
1302 2435 1353 2467 liis
1379 2445 1396 2467 a
1421 2446 1594 2478 quoquam,
1619 2447 1696 2479 qua-

960 2490 1005 2520 vis
1030 2487 1233 2527 auctoritate,
1259 2487 1399 2520 scienter
1423 2489 1472 2520 vel
1497 2488 1694 2530 ignoranter,

959 2540 1132 2582 eontigerit
1178 2540 1340 2572 attentari.
1384 2540 1453 2574 Non
1493 2541 1696 2575 obstantibus

959 2592 1242 2627 constitutionibus
1268 2598 1299 2625 et
1330 2593 1589 2627 ordinationiluis
1619 2605 1696 2639 apo-

1566 203 1650 247 ”187
1696 222 1746 249 An.
1764 221 1791 248 c.
1817 222 1879 249 lew
