2111 3157
3 260 9 266 .
29 240 56 265 C.
80 234 144 263 ¹678

742 213 954 238 INNOCENth's
975 214 1005 237 Ἦ
1030 214 1078 237 ΡΡ.

169 264 222 298 lati
255 263 392 307 praefati
428 273 494 297 non
527 267 678 307 poterant
716 261 897 295 executioni

168 317 320 350 mandare
346 327 458 349 eorum
483 317 569 349 bona
594 321 626 348 et
649 314 701 358 pia
725 313 895 353 desideria,

168 369 291 403 tametsi
308 370 336 401 id
352 369 486 402 omnino
501 367 717 400 necessarium
731 365 823 399 esset¹
838 376 897 408 pro

168 421 347 454 directione
381 427 411 454 et
435 421 579 464 profectu
611 418 767 462 spirituali
801 417 900 450 dicto-

169 484 238 505 rum
259 473 496 515 religiosorum,
512 477 544 504 et
556 482 621 504 non
635 471 704 503 sine
719 469 806 513 gravi
821 479 897 512 que-

168 526 306 558 rimonia
331 531 426 568 atque
456 525 569 558 dolore
585 524 737 556 videbant
754 522 814 555 sibi
833 532 898 555 non

168 578 265 611 licere
290 578 504 610 conventibus
528 582 559 609 et
575 577 654 610 locis
677 577 715 609 de
736 575 898 618 religiosis

167 630 360 672 opportunis
384 629 565 672 providere,
591 628 815 671 scandalisque
844 638 898 660 an-

167 693 233 714 sam
259 682 458 724 praecidere,
483 692 564 719 curn,
582 681 660 724 ipsis
685 691 737 713 res
761 681 792 712 iu
818 680 898 713 ordi-

168 745 243 767 nem
280 735 437 767 reducere
474 740 506 767 et
540 743 804 776 unumquemque
839 743 897 765 suo

166 787 238 820 loco
264 787 461 819 constituere
488 787 719 829 satagentibus,
744 786 836 818 multi
862 796 897 818 ex

168 840 260 872 dictis
278 839 440 881 religiosis
454 844 700 882 praesentarent
716 838 793 881 ipsis
807 849 900 881 prae-

166 891 239 924 latis
258 892 493 934 assignationes
507 890 813 923 conventualitatum
831 901 899 932 per-

168 950 345 986 petuarum,
366 954 499 986 quarum
526 943 650 986 aliquae
668 943 748 976 Sede
770 943 900 985 Aposto-

167 996 229 1028 lica
253 1006 431 1035 concessae,
451 996 532 1028 aliae
555 1006 570 1027 a
588 995 739 1037 magistro
758 996 898 1036 generali

169 1049 243 1081 dicti
268 1048 396 1080 Ordinis
421 1050 527 1080 secuta
547 1048 690 1081 eiusdem
710 1048 801 1080 Sedis
827 1058 901 1080 con-

169 1100 361 1139 firmatione,
376 1106 407 1133 et
419 1101 500 1133 aliae
518 1101 557 1132 ab
572 1106 775 1132 antecessore
792 1100 899 1143 priore

169 1153 358 1196 provinciali
383 1153 571 1195 provinciae
589 1153 752 1195 praefatae
770 1162 902 1185 conces-

170 1215 245 1245 sae,
269 1216 305 1237 ac
329 1216 345 1238 a
379 1205 461 1237 dicta
490 1204 571 1237 Sede
604 1205 755 1247 illiusque
789 1205 901 1236 nuntio

170 1258 202 1289 in
230 1268 330 1300 regno
359 1258 574 1299 Portugalliae
600 1257 762 1290 residente
788 1256 903 1290 confir-

170 1316 275 1343 matae
306 1310 536 1352 reperiantur3
574 1314 628 1349 et,
660 1310 736 1342 licet
766 1309 902 1342 intentio

171 1362 419 1396 concedentium
450 1362 684 1404 assignationes
717 1362 902 1395 huiusmodi

172 1415 342 1448 admodum
368 1420 477 1447 sancta
514 1419 545 1446 et
569 1420 655 1447 recta
685 1414 799 1446 suisset
829 1424 903 1457 pro-

172 1474 246 1511 pter
279 1478 392 1500 causas
425 1468 601 1509 allegatas,
639 1467 700 1500 hae
725 1472 834 1499 tamen
872 1473 905 1498 ut

173 1520 347 1564 plurimum
369 1520 498 1552 tictitiae
528 1530 564 1552 ac
581 1520 745 1557 coloratae
764 1525 795 1552 et
811 1520 902 1552 valde

172 1574 261 1606 leves
285 1578 399 1612 erant,
426 1572 502 1615 quia
526 1583 600 1605 vero
626 1578 699 1605 ante
725 1573 905 1605 concessio-

173 1636 248 1658 nem
272 1625 458 1658 liuiusmodi
484 1625 738 1667 assignationum
757 1636 821 1657 non
840 1625 905 1658 sue-

174 1684 223 1710 rat
242 1677 400 1721 requisita
416 1678 601 1710 informatio
620 1678 756 1721 praelati
774 1678 904 1710 actualis

174 1731 227 1773 qui
253 1731 368 1763 merita
393 1735 425 1762 et
449 1730 607 1762 demerita
642 1741 772 1762 suorum
797 1730 906 1762 subdi-

176 1788 278 1815 torum
297 1782 414 1815 melius
432 1783 521 1814 novit
536 1788 566 1815 et
583 1794 600 1815 a
614 1783 702 1814 cuius
720 1783 906 1816 obedientia

175 1835 295 1868 subditi
320 1834 381 1878 ipsi
414 1835 475 1868 hac
505 1835 630 1868 ratione
656 1846 688 1867 se
713 1835 906 1868 subtrahere

175 1889 323 1929 student;
364 1888 441 1920 inde
481 1888 740 1931 consequebatur
777 1893 811 1920 ut
840 1899 906 1921 non

173 1947 283 1985 posset
301 1942 481 1984 praelatus,
506 1940 629 1973 etiamsi
650 1941 681 1973 id
702 1942 808 1983 vellet,
834 1952 907 1984 pro-

940 260 1017 293 bent
1034 260 1130 303 aliqui
1149 260 1305 303 religiosi,
1328 260 1379 304 qui
1400 260 1669 303 opportuniorem

941 313 972 344 in
998 313 1121 356 magnis
1146 313 1326 346 civitatibus
1358 313 1559 345 occasionem
1593 322 1655 344 arri

941 366 1035 407 piunt
1058 371 1088 398 et
1113 366 1311 399 licentiosius
1335 365 1463 408 vivunt)
1494 373 1672 397 commora-

941 418 1060 449 bantur
1097 418 1243 460 religiosi
1285 428 1388 461 usque
1424 418 1462 450 ad
1500 428 1670 450 munerum

942 470 1199 513 vigintiquinque
1217 482 1287 504 eum
1306 470 1580 514 assignationibus
1597 480 1672 503 con-

942 523 1183 556 ventualitatum
1209 530 1440 567 perpetuarum
1473 523 1670 564 huiusmodi,

942 585 1115 618 earumque
1141 577 1254 619 clypeo
1279 576 1494 608 abutebantur
1511 576 1548 608 ad
1567 576 1674 608 viven-

942 627 972 658 di
994 627 1167 667 licentiam,
1193 628 1256 670 qui,
1283 628 1306 660 si
1333 638 1386 661 eas
1410 638 1473 661 non
1500 629 1672 669 haberent,

944 679 1059 712 timore
1086 681 1272 713 mutationis
1303 687 1463 724 tamquam
1498 681 1608 715 fraeno
1633 682 1673 715 ab

942 732 1135 764 inordinatis
1153 743 1264 766 eorum
1279 734 1423 766 moribus
1442 736 1673 775 coecercnun·;

943 790 984 822 et,
1001 785 1077 816 licet
1094 785 1192 828 aliqui
1214 796 1323 818 eorum
1341 787 1531 819 scaudalose
1550 797 1612 819 non
1631 787 1676 819 vi-

943 842 1066 876 verent,
1092 838 1135 870 ita
1156 843 1265 870 tamen
1290 839 1368 871 levis
1386 845 1417 871 et
1434 839 1580 872 modicae
1604 850 1678 872 con·

943 889 1149 922 siderationis
1174 891 1279 924 suerat
1314 902 1409 924 causa
1437 903 1496 934 per
1527 903 1582 925 eos
1618 903 1677 935 pro

943 941 1129 974 obtinendis
1167 943 1260 975 dictis
1294 944 1569 986 assigtuitionibus
1601 946 1678 978 alle-

944 999 1037 1035 gata,
1067 1001 1106 1027 ut-
1137 995 1283 1038 iniquum
1320 997 1486 1029 videretur
1520 998 1678 1040 privatam

944 1048 1214 1087 commoditatem,
1235 1060 1251 1081 a
1268 1059 1329 1091 qua
1346 1049 1422 1082 boni
1446 1050 1579 1093 verique
1605 1050 1680 1082 reli-

945 1099 1027 1141 giosi
1058 1101 1219 1143 segregati
1252 1111 1320 1134 esse
1346 1102 1488 1142 debent,
1519 1102 1679 1145 praeferri

945 1161 980 1183 ac
1004 1152 1228 1194 praeiudicare
1253 1154 1340 1186 bono
1366 1155 1526 1187 communi
1553 1155 1681 1197 religio-

947 1204 995 1235 nis
1019 1209 1050 1236 et
1073 1205 1208 1237 aliorum
1233 1206 1396 1246 fidelium,
1424 1218 1559 1250 quorum
1584 1208 1680 1240 saluti

947 1257 1132 1290 incumbere
1165 1258 1347 1299 deberent;
1382 1260 1456 1302 quia
1488 1271 1564 1293 vero
1598 1261 1681 1293 eius—

947 1309 1034 1341 modi
1065 1309 1300 1352 assignationes
1325 1312 1504 1345 ordinarias
1529 1314 1681 1346 solebant

948 1361 1095 1394 obtinere
1120 1373 1179 1405 pro
1204 1364 1287 1396 dicta
1309 1365 1435 1398 civitate
1453 1365 1682 1409 Ulyssiponen-

947 1415 985 1454 si,
1010 1414 1041 1447 id
1067 1415 1153 1448 dicto
1178 1417 1348 1449 conventui
1367 1418 1579 1451 intolerabile
1610 1429 1680 1461 gra-

949 1477 1075 1507 vamen,
1100 1469 1185 1501 ultra
1210 1469 1296 1502 dieta
1321 1470 1601 1509 inconvenientia,
1626 1472 1681 1503 ad-

948 1520 1092 1561 ferebat,
1120 1531 1191 1553 cum
1224 1523 1390 1565 ceteroqui
1423 1523 1508 1555 idem
1541 1534 1683 1556 conven-

949 1577 997 1603 tus
1023 1583 1087 1604 non
1113 1578 1198 1605 esset
1222 1573 1396 1606 instructus
1427 1575 1589 1618 religiosis
1621 1576 1680 1607 sibi

948 1625 1150 1665 necessariis,
1166 1631 1197 1658 et
1217 1627 1380 1669 praefatus
1398 1637 1548 1660 numerus
1569 1628 1681 1670 viginti

949 1677 1092 1720 quinque
1118 1684 1284 1712 constaret
1309 1680 1375 1712 sere
1402 1691 1438 1712 ex
1464 1680 1613 1713 omnibus
1638 1692 1682 1714 re-

949 1729 1073 1771 ligiosis
1098 1730 1267 1764 inutilibus
1291 1732 1353 1774 ipsi
1375 1733 1555 1773 conventui,
1575 1744 1610 1766 ae
1627 1744 1683 1777 pa-

949 1792 1018 1814 rum
1044 1783 1171 1816 idoneis
1197 1785 1235 1816 ad
1260 1786 1496 1827 procurandam
1520 1786 1552 1818 in
1577 1788 1683 1830 ampla

948 1834 1002 1867 illa
1020 1835 1147 1868 civitate
1165 1837 1299 1869 salutem
1322 1838 1515 1878 animarum;
1535 1840 1681 1882 quinimo

950 1888 1200 1930 reperiebantur
1224 1889 1256 1921 in
1288 1891 1399 1923 eadem
1432 1891 1596 1934 provincia
1629 1892 1681 1925 alii

950 1941 1105 1984 religiosi,
1132 1943 1186 1986 qui
1211 1944 1325 1976 eodem
1354 1945 1450 1977 modo
1483 1944 1587 1977 officia
1610 1956 1684 1988 per-

1590 199 1631 234 89
1676 210 1728 236 An.
1744 208 1772 236 C.
1796 208 1865 238 1673

175 1994 312 2028 vinciam
329 2004 416 2026 suam
434 1993 578 2036 perfecte
597 1993 798 2035 gubernare:

52 2054 164 2075 mma-1³
219 2047 257 2079 Et
283 2047 314 2078 in
343 2047 456 2079 eadem
489 2047 691 2090 expositione
719 2047 904 2087 subiuncto,

0 2086 165 2154 ἷῑιὲἶὲῖῗὲἓνῗὲξ
177 2100 262 2143 quod
287 2105 363 2132 tunc
388 2100 545 2142 temporis
562 2099 595 2132 in
613 2106 773 2133 conventu
804 2101 907 2133 §.Do-

0 2158 148 2186 ¹¹y³⁵ii>0neu⁵i.
176 2152 285 2185 minici
325 2151 461 2184 civitatis
499 2151 758 2195 Ulyssiponensis
795 2153 906 2196 (quae

176 2210 224 2238 est
247 2204 400 2248 primaria
424 2203 500 2237 dicti
520 2204 622 2247 regni,
641 2203 673 2237 in
691 2215 752 2248 qua
772 2206 906 2248 proinde

177 2260 294 2301 degere
327 2258 446 2291 debent
474 2257 627 2291 meliores
658 2259 906 2292 concionatores

177 2317 208 2345 et
232 2311 433 2350 confessarii,
451 2311 490 2343 ad
511 2311 575 2343 hoc
592 2316 627 2343 ut
643 2312 819 2354 apostolico
837 2313 906 2344 zelo

177 2363 301 2396 divinae
327 2363 500 2396 maiestatis
524 2363 675 2404 offensas,
702 2375 783 2407 quae
805 2365 835 2396 in
857 2375 907 2397 cu-

177 2416 234 2449 riis
271 2421 302 2449 et
336 2416 465 2459 populis
492 2416 689 2456 numerosis,
725 2417 826 2460 qualis
861 2423 908 2450 cst

177 2470 317 2513 populus
330 2469 606 2512 L'lyssiponensis,
622 2469 774 2502 committi
789 2472 905 2510 solent,

177 2522 337 2564 impedire
363 2526 516 2564 satagant,
539 2528 571 2554 et
588 2523 672 2555 unde
693 2523 833 2555 amoveri
855 2523 909 2556 de-

214 2584 226 2610 1
244 2582 313 2611 Edit.
328 2583 408 2610 Μαίη.
425 2583 488 2615 legit
504 2592 561 2610 esse
577 2592 624 2619 pro
641 2586 708 2611 essct
724 2584 762 2619 (n.
779 2584 825 2618 T.).

950 1999 1047 2037 petua
1071 1995 1291 2036 obtinuerant,
1318 2007 1354 2029 ex
1383 1999 1484 2041 eaque
1516 1998 1683 2041 perpetui-

951 2052 1012 2079 tate
1031 2048 1143 2080 eadem
1162 2048 1424 2082 inconvenientia
1444 2051 1680 2094 sequebantur:

994 2100 1134 2144 ideoque
1166 2112 1225 2144 pro
1262 2107 1353 2145 parte
1390 2103 1548 2136 dictorum
1586 2112 1877 2159 expo-mssslv'fioslffiiffi

950 2153 1096 2186 nentium
1128 2160 1328 2187 memoratae
1359 2156 1573 2189 cardinalium
1602 2157 1734 2197 Con-‘1¹3⁰
1754 2166 1876 2199 ,unnim-‚³0

951 2206 1154 2247 gregationi,
1197 2207 1291 2239 etiam
1330 2208 1462 2241 nomine
1497 2193 1878 2253 provinciaesifi‘?s¹iffii'.¹fffss¹1iiii'¹iz
1915 2209 1917 2211 ’

950 2259 1145 2301 praedictae,
1165 2259 1358 2302 supplicato,
1376 2265 1411 2293 ut
1428 2261 1588 2296 eiusmodi
1607 2243 1820 2295 con-'iifiiisfflum
1836 2244 1877 2264 ⁰¹³-

950 2312 1211 2344 ventualitatibus
1234 2318 1265 2345 et
1290 2313 1402 2346 osliciis
1427 2316 1594 2358 perpetuis
1620 2319 1682 2348 tam

950 2364 981 2396 iu
1013 2364 1098 2397 dieto
1132 2371 1293 2398 conventu
1330 2366 1360 2399 S.
1395 2367 1554 2401 Dominici
1592 2368 1683 2412 Ulys-

950 2417 1113 2460 siponensi
1155 2429 1249 2461 quam
1284 2419 1316 2451 in
1355 2420 1482 2463 reliqua
1520 2421 1683 2463 provincia

952 2471 1139 2503 huiusmodi
1165 2476 1299 2504 eatenus
1318 2474 1479 2506 concessis
1500 2474 1681 2516 derogaret,

952 2524 1000 2556 vel
1025 2523 1193 2557 ordinaret
1220 2529 1254 2556 ut
1286 2532 1479 2568 procurator
1504 2528 1683 2569 prm-incia-

952 2577 990 2610 tis
1015 2588 1086 2609 cum
1113 2577 1248 2611 consilio
1268 2579 1528 2621 gravissfflnruzu
1553 2583 1682 2614 fratrum
